4090 6460
344 446 455 505 305

344 558 620 615 credimus
644 564 700 613 et
723 555 951 612 dicimus
978 554 1143 609 Deum
1170 552 1226 608 in
1250 553 1314 608 iis
1339 566 1458 623 quae
1478 550 1701 618 creavit,
1733 548 1936 605 indesi-

347 658 545 706 nenter
574 648 807 719 operari.
835 646 1018 717 Neque
1040 646 1181 700 enim
1220 654 1467 715 tanquam
1492 640 1785 697 substantia
1820 638 1937 710 ejus

345 742 427 796 sic
468 741 522 795 in
567 739 661 795 tllo
705 754 910 806 sumus,
942 736 1389 808 quemadmodum
1413 735 1613 790 dictum
1660 742 1761 798 est,
1794 732 1937 802 quod

346 832 543 887 habeat
570 832 733 885 vitam
764 831 815 885 in
856 830 1144 900 semetipso
1170 827 1346 897 (Joan.
1375 842 1430 894 ν,
1456 826 1550 898 26)
1576 844 1587 879 :
1621 825 1717 881 sed
1754 825 1935 894 utique

342 940 466 995 cum
500 923 644 978 aliud
674 924 841 977 simus
868 937 1026 993 quam
1064 922 1199 990 ipse,
1228 934 1331 975 non
1358 919 1428 974 ob
1456 917 1597 973 aliud
1637 918 1689 971 in
1721 916 1814 971 illo
1840 930 1933 971 su-

342 1031 485 1079 mus,
522 1017 623 1070 nisi
654 1016 777 1085 quia
808 1014 861 1069 id
890 1024 1163 1084 operatur,
1196 1021 1250 1067 et
1278 1012 1381 1067 hoc
1400 1021 1481 1066 est
1502 1023 1636 1079 opus
1664 1009 1797 1077 ejus,
1827 1022 1933 1078 quo

340 1108 582 1162 ccutinet
608 1108 806 1173 omnia,
848 1114 903 1161 et
930 1120 1035 1175 quo
1061 1103 1175 1173 ejus
1213 1103 1461 1173 sapientia
1500 1100 1744 1171 pertendit
1778 1115 1809 1151 a
1832 1099 1935 1168 ﬁne

338 1215 499 1267 usque
517 1198 585 1251 ad
609 1198 761 1267 ﬁnem
786 1197 1004 1267 fortiter,
1031 1205 1076 1249 et
1101 1193 1321 1263 disponit
1356 1193 1524 1247 omnia
1561 1192 1812 1256 suaviter;
1837 1205 1934 1259 per

339 1304 501 1359 quam
524 1287 925 1357 dispositionem
955 1287 1008 1339 in
1034 1284 1123 1339 illo
1150 1284 1377 1348 vivimus,
1406 1291 1452 1336 et
1477 1298 1749 1349 movemur,
1774 1290 1818 1335 et
1840 1297 1930 1334 su-

337 1397 470 1433 mus.
509 1379 661 1434 Unde
699 1379 965 1449 colligitur
995 1376 1137 1448 quod
1176 1377 1221 1430 si
1265 1376 1367 1431 hoc
1394 1391 1527 1444 opus
1566 1390 1719 1429 suum
1765 1374 1929 1429 rebus

338 1474 693 1538 subtraxerit,
733 1487 830 1526 nec
859 1471 1119 1536 vivemus,
1161 1484 1260 1523 nec
1290 1469 1642 1533 movebimur,
1684 1483 1784 1523 nec
1826 1467 1932 1522 eri-

333 1578 477 1617 mus.
507 1561 688 1617 Claret
716 1563 875 1632 igitur
902 1576 969 1615 ne
1003 1576 1111 1614 uno
1137 1559 1351 1629 quidem
1386 1559 1475 1614 die
1499 1573 1738 1613 cessasse
1761 1558 1928 1613 Deum

333 1655 403 1708 ab
428 1669 591 1723 Opere
618 1652 834 1724 regendi
859 1668 977 1722 qua:
1005 1651 1225 1717 creavit,
1259 1666 1325 1705 ne
1352 1660 1527 1703 motus
1553 1664 1680 1703 suos
1710 1659 1925 1703 natura-

332 1746 413 1799 les
441 1745 636 1815 quibus
661 1752 888 1815 aguntur
911 1753 1068 1813 atque
1093 1751 1424 1812 vegetantur,
1448 1750 1506 1795 ut
1528 1740 1745 1794 omnino
1776 1750 1929 1794 natu-

330 1855 407 1893 ηε
437 1839 566 1903 sint,
598 1847 652 1893 et
694 1838 745 1892 in
774 1852 840 1893 eo
878 1836 1019 1908 quod
1050 1844 1171 1889 sunt
1203 1850 1299 1905 pro
1339 1849 1437 1888 suo
1474 1849 1695 1905 qureque
1732 1848 1927 1904 genere

328 1940 604 1997 maneant,
637 1930 777 1985 illico
797 1930 1119 1995 amitterent,
1150 1937 1205 1983 et
1231 1942 1351 1984 esse
1374 1927 1568 1994 aliquid
1599 1927 1814 1981 omnino
1835 1927 1930 1982 de-

330 2025 591 2090 sinerent,
637 2024 680 2077 si
727 2024 806 2079 eis
854 2024 1257 2078 subtraheretur
1294 2034 1471 2076 motus
1513 2022 1601 2077 ille
1640 2020 1926 2090 Sapientiae

328 2116 448 2181 Dei,
472 2130 581 2185 quo
607 2115 840 2185 disponit
867 2114 1045 2169 omnia
1075 2113 1327 2169 suaviter.
1357 2113 1691 2183 QuaprOpter
1718 2115 1796 2169 sic
1830 2129 1922 2169 ac-

325 2207 558 2275 cipimus
593 2206 761 2260 Deum
795 2206 1123 2276 requievisse
1151 2205 1219 2259 ab
1255 2204 1506 2259 omnibus
1531 2204 1782 2274 operibus
1809 2206 1925 2261 suis

325 2313 447 2367 quae
486 2296 630 2362 fecit,
680 2306 735 2350 ut
772 2296 883 2365 jam
929 2311 1121 2351 novam
1173 2304 1414 2350 naturam
1458 2295 1679 2350 ulterius
1725 2298 1924 2352 nullam

324 2388 614 2452 conderet;
639 2401 744 2440 non
775 2396 829 2440 ut
851 2402 914 2442 ea
936 2403 1055 2457 qua:
1079 2387 1408 2454 condiderat,
1439 2388 1715 2443 continere
1745 2398 1799 2444 et
1824 2406 1924 2460 gu-

325 2481 559 2535 bernare
573 2487 828 2535 cessaret.
859 2478 1012 2535 Unde
1041 2489 1095 2535 et
1120 2479 1250 2535 illud
1272 2494 1458 2535 verum
1486 2488 1587 2548 est,
1609 2480 1751 2550 quod
1770 2482 1823 2535 in
1843 2498 1925 2537 se-

322 2573 486 2643 ptimo
516 2572 599 2626 die
636 2573 874 2643 requievit
901 2571 1085 2640 Deus;
1132 2582 1187 2628 et
1224 2572 1374 2640 illud,
1407 2573 1549 2644 quod
1592 2590 1752 2644 usque
1790 2592 1926 2630 nunc

322 2676 588 2737 operatur.

375 2756 603 2813 CAPUT
641 2755 778 2812 Xlll.
801 2785 871 2797 --
886 2757 965 2813 De
986 2758 1195 2813 Sabbati
1215 2759 1572 2814 observatione.
1596 2758 1874 2814 Sabbatum

949 2852 1299 2905 christianum.
1868 2908 1873 2913 ,

395 2939 488 2995 24.
532 2941 601 2995 Et
626 2956 787 3014 opera
818 2942 1033 3013 quidem
1070 2943 1185 3011 ejus
1212 2942 1452 2997 videmus
1477 2943 1654 3009 bona;
1688 2944 1921 3013 quietem

322 3048 459 3087 vero
479 3034 593 3103 ejus
615 3045 736 3104 post
764 3037 900 3089 bona
918 3051 1080 3105 opera
1112 3044 1293 3090 nostra
1313 3035 1630 3090 videbimus.
1662 3036 1743 3090 0b
1762 3051 1923 3106 quam

321 3125 732 3194 signiﬁcandam
770 3127 1044 3181 mandavit
1085 3126 1310 3181 Hebrteo
1348 3128 1547 3197 populo
1586 3144 1749 3183 unum
1779 3129 1921 3183 diem

319 3219 719 3272 observandum
762 3218 957 3289 (Exod.
1001 3235 1114 3284 xx,
1164 3219 1225 3291 8)
1252 3238 1265 3274 :
1293 3220 1433 3289 quod
1483 3229 1590 3274 tam
1636 3222 1924 3277 carnaliter

319 3313 569 3381 agebant,
600 3323 657 3366 ut
677 3328 741 3365 co
762 3312 844 3366 die
873 3312 1095 3366 Salutem
1119 3322 1357 3368 nostram
1382 3313 1662 3367 Dominum
1684 3312 1922 3369 videntes

322 3406 534 3471 operari
558 3405 991 3470 criminarentur,
1017 3419 1078 3457 ac
1100 3406 1142 3457 si
1169 3404 1247 3458 eis
1273 3404 1339 3459 de
1359 3420 1521 3475 opere
1550 3405 1719 3459 Patris
1735 3406 1923 3460 rectis-

321 3496 461 3549 sime
488 3496 861 3565 responderet,
890 3512 1008 3550 cum
1033 3512 1140 3566 quo
1177 3504 1230 3551 et
1255 3498 1367 3566 ipse
1392 3498 1715 3566 cperabatur
1746 3514 1920 3567 aequa-

319 3586 467 3649 liter,
493 3602 601 3640 non
623 3588 792 3640 solum
814 3596 1071 3641 creatura:
1094 3587 1355 3642 universae
1377 3589 1916 3655 administrationem,

319 3678 611 3733 sedetiam
642 3680 808 3748 ipsam
838 3690 1071 3733 nostram
1103 3682 1350 3735 salutem.
1373 3681 1489 3736 Jam
1520 3698 1647 3737 vero
1680 3692 1920 3752 tempore

317 3772 507 3841 gralize
550 3771 821 3837 revelatze,
866 3772 1168 3826 observatio
1207 3772 1293 3825 illa
1336 3772 1563 3837 sabbati,
1607 3789 1725 3843 quae
1765 3775 1919 3828 unius

318 3863 427 3919 diei
452 3865 735 3920 vacatione
762 3864 1106 3935 figurabatur,
1146 3865 1321 3919 ablata
1348 3875 1431 3920 est
1449 3866 1516 3920 ab
1546 3866 1919 3921 observatione

319 3954 584 4008 fidelium.
615 3955 669 4008 ln
688 3970 747 4008 ea
775 3956 968 4024 quippe
984 3955 1150 4026 gratia
1180 3965 1489 4025 perpetuum
1517 3957 1917 4026 sabbatumjam

316 4046 596 4112 observat,
640 4049 730 4115 qui
767 4062 861 4115 spe
904 4048 1090 4101 futurae
1137 4049 1329 4117 quietis
1368 4058 1621 4118 operatur
1663 4050 1917 4120 quidquid

317 4140 447 4193 boni
479 4148 751 4208 operatur,
783 4156 881 4195 nec
910 4141 961 4193 in
993 4141 1121 4209 ipsis
1150 4141 1301 4195 bonis
1328 4143 1579 4210 operibus
1610 4144 1739 4210 suis,
1764 4145 1917 4213 quasi

318 4234 528 4287 habens
580 4234 777 4287 bonum
826 4234 966 4304 quod
1024 4250 1127 4288 non
1178 4235 1464 4304 acceperit,
1519 4236 1812 4305 gloriatur:
1844 4238 1914 4291 ita

316 4324 465 4379 enim
499 4333 751 4393 tanquam
794 4326 933 4379 diem
971 4326 1196 4388 sabbati,
1226 4325 1329 4380 hoc
1358 4336 1439 4381 est
1472 4327 1759 4383 Dominicu:
1801 4344 1918 4384 ces-

317 4416 546 4469 sationis
576 4416 631 4469 in
657 4416 943 4484 sepultura,
973 4418 1269 4486 suscipiens
1299 4428 1457 4488 atque
1488 4419 1785 4489 intelligens
1811 4422 1915 4475 Ba-

317 4508 503 4579 ptismi
552 4518 976 4577 sacramentum,
1033 4510 1256 4580 quiescit
1303 4526 1333 4565 a
1384 4513 1623 4581 pristinis
1663 4515 1915 4584 operibus

319 4601 471 4663 suis;
498 4610 554 4653 ut
581 4601 689 4670 jam
717 4602 768 4655 in
796 4604 1031 4657 novitate
1057 4604 1177 4657 vita:
1210 4604 1488 4659 ambulans
1530 4604 1702 4678 (Rom.
1729 4623 1803 4674 vt,
1834 4608 1912 4680 4),

320 4692 491 4745 Deum
530 4693 581 4745 in
615 4708 675 4748 se
697 4694 904 4763 operari
932 4704 1237 4764 cognoscat,
1266 4696 1353 4765 qui
1381 4684 1535 4749 simul
1557 4705 1609 4750 et
1638 4707 1910 4767 operatur,

319 4794 376 4837 et
398 4784 646 4854 quiescit,
674 4794 729 4839 et
763 4795 1020 4840 creatura:
1057 4786 1299 4856 pra-hens
1328 4804 1615 4858 congruam
1645 4791 1913 4860 guberna-

268 4954 271 4957 Α
322 4878 545 4943 tionem,
580 4888 635 4933 et
663 4880 803 4949 apud
845 4895 903 4935 se
930 4880 1129 4936 habens
1170 4892 1421 4937 aeternam
1449 4886 1910 4955 tranquillitatem.

319 4968 410 5023 CA
420 4969 550 5025 PUT
565 4969 881 5026 XiV.—Cur
893 4970 1030 5025 Deus
1044 4974 1206 5026 sancti
1208 4974 1431 5041 ﬁcaverit
1444 4976 1575 5030 diem
1587 4978 1764 5043 quietis
1781 4994 1909 5034 sua.

394 5062 483 5117 25.
527 5062 765 5132 Denique
800 5064 913 5132 ipse
957 5078 1053 5117 nec
1092 5080 1211 5118 cum
1258 5065 1457 5121 creavit
1500 5066 1761 5135 defessus,
1812 5085 1913 5125 nec

317 5168 442 5207 cum
469 5155 700 5208 cessavit
720 5154 949 5209 refectus
974 5164 1081 5219 est;
1112 5156 1204 5210 sed
1232 5171 1328 5211 nos
1360 5158 1526 5213 voluit
1553 5174 1647 5229 per
1670 5159 1912 5231 Scriptu-

316 5260 433 5299 ram
456 5262 612 5300 suam
637 5245 702 5300 ad
734 5246 929 5316 quietis
949 5247 1218 5302 exhortari
1243 5248 1585 5317 desiderium,
1618 5251 1912 5309 intimando

316 5338 476 5392 nobis
514 5353 636 5392 eum
680 5337 822 5392 diem
860 5353 917 5392 se
956 5338 1335 5407 sanctificasse,
1378 5341 1431 5395 in
1466 5357 1570 5411 quo
1610 5343 1810 5412 quievit
1844 5344 1910 5400 ab

315 5430 573 5484 omnibus
604 5429 854 5499 operibus
892 5430 1023 5485 suis.
1068 5430 1199 5485 Nam
1243 5446 1504 5502 nusquam
1543 5435 1778 5489 omnium
1816 5450 1907 5491 sex

316 5524 527 5578 dierum
551 5524 744 5593 quibus
762 5531 943 5579 creata
964 5533 1089 5578 sunt
1114 5525 1312 5591 omnia,
1344 5524 1535 5595 legitur
1558 5527 1756 5597 aliquid
1782 5543 1907 5584 san-

316 5618 609 5683 ctilicasse,
638 5631 739 5673 nec
756 5625 880 5673 ante
910 5618 1051 5687 ipsos
1076 5632 1165 5672 sex
1188 5618 1303 5672 dies
1327 5618 1413 5673 ubi
1439 5620 1692 5689 scriptum
1716 5630 1816 5687 est,
1841 5620 1910 5677 In

317 5709 574 5779 principio
598 5709 714 5779 fecit
749 5709 889 5765 Deus
914 5710 1091 5764 calum
1118 5721 1163 5763 et
1190 5720 1373 5765 terram
1396 5709 1544 5782 (Gen.
1576 5728 1614 5779 ι,
1646 5714 1724 5782 1),
1754 5713 1906 5769 addi-

317 5807 434 5853 tum
461 5811 566 5866 est,
596 5800 664 5857 Et
688 5801 1038 5862 sanctificavit
1069 5818 1081 5855 :
1112 5801 1205 5857 sed
1231 5802 1371 5857 diem
1402 5803 1581 5870 istum,
1614 5804 1667 5858 in
1689 5819 1793 5874 quo
1816 5818 1905 5860 re-

314 5884 526 5963 quievit
555 5890 625 5949 ab
662 5893 911 5950 omnibus
945 5894 1200 5965 operibus
1241 5895 1354 5952 suis
1389 5910 1509 5966 quae
1545 5895 1689 5965 fecit,
1738 5896 1907 5953 voluit

1694 437 1901 493 LIBER
1935 432 2282 505 QUARTUS.

3462 437 3625 503 ,506

2046 546 2401 616 sanctificare,
2452 557 2701 619 tanquam
2744 557 2799 604 et
2835 548 2974 620 apud
3015 549 3210 619 ipsum,
3258 548 3348 619 qui
3385 548 3517 605 nihil
3566 553 3618 609 in

2042 656 2204 711 opere
2231 655 2328 695 suo
2369 640 2593 704 laborat,
2632 641 2749 710 plus
2785 641 2934 710 quies
2962 654 3120 711 quam
3156 638 3395 710 operatio
3424 640 3615 695 valeat.

2041 733 2154 787 Hoc
2182 732 2396 803 quidem
2424 734 2477 788 in
2507 732 2808 787 hominibus
2834 732 3176 803 Evangelium
3206 732 3358 787 nobis
3386 733 3615 800 intimat,

2042 824 2131 879 ubi
2178 826 2422 880 Salvator
2458 834 2639 882 noster
2682 826 2954 881 meliorem
3004 836 3203 895 partem
3249 825 3375 881 dicit
3417 826 3616 895 Mariae,

2040 917 2182 987 quod
2207 918 2400 972 sedens
2428 918 2492 972 ad
2516 918 2678 987 pedes
2698 920 2813 988 ejus
2832 917 3193 987 requiescebat
3216 918 3267 971 in
3289 918 3452 973 verbo
3478 918 3615 989 ejus,

2039 1024 2196 1078 quam
2218 1008 2452 1074 Marthae,
2474 1011 2715 1080 quamvis
2742 1019 2959 1080 propter
2983 1009 3291 1079 obsequium
3321 1024 3426 1079 quo
3442 1010 3491 1065 ei
3519 1012 3619 1065 mi-
3664 1082 3669 1085 _

2038 1102 2296 1155 nistrabat
2323 1103 2461 1157 circa
2504 1103 2664 1156 multa
2692 1112 2980 1173 occupatae,
3022 1110 3077 1158 et
3109 1103 3233 1158 licet
3257 1102 3454 1158 bonum
3482 1118 3618 1174 opus

2037 1194 2307 1263 operantis
2345 1192 2493 1259 (Luc.
2531 1210 2588 1261 x,
2616 1194 2830 1266 59-4'2).
2865 1194 3061 1250 Verum
3106 1194 3207 1250 hoc
3249 1195 3301 1249 in
3338 1195 3447 1250 Deo
3484 1210 3617 1265 quo-

2036 1286 2196 1341 modo
2222 1287 2290 1341 sit
2322 1287 2399 1343 vel
2430 1288 2770 1359 intelligatur,
2802 1287 3018 1344 difficile
3046 1288 3241 1343 dictum
3272 1298 3373 1355 εει,
3400 1289 3616 1344 etiamsi

2035 1383 2267 1452 cogitatu
2292 1384 2675 1452 aliquantulum
2697 1383 2881 1453 attingi
2913 1390 3105 1453 potest,
3138 1398 3234 1437 cur
3260 1383 3397 1437 Deus
3424 1383 3621 1437 sancti-

2035 1474 2271 1531 ficaverit
2303 1477 2441 1533 diem
2469 1478 2662 1547 quietis
2692 1492 2822 1539 suae,
2850 1476 2937 1547 qui
2966 1476 3167 1532 nullum
3210 1475 3619 1531 sanctiﬁcaverit

2034 1570 2210 1638 operis
2240 1570 2341 1636 sui,
2368 1586 2467 1624 nec
2497 1575 2669 1639 ipsum
2707 1578 2915 1624 sextum
2949 1584 3055 1639 quo
3082 1576 3137 1624 et
3164 1568 3436 1624 hominem
3470 1569 3611 1634 fecit,

2033 1669 2088 1716 et
2102 1671 2290 1716 cuncta
2320 1662 2561 1731 perfecit.
2599 1663 2675 1716 Ac
2700 1663 2926 1732 primum
2962 1664 3135 1731 ipsum
3163 1663 3494 1731 requiescere
3520 1661 3613 1717 Dei

2032 1754 2186 1821 quale
2213 1753 2300 1816 sit,
2342 1754 2492 1823 cujus
2520 1753 2766 1807 humana:
2790 1753 2983 1807 mentis
3011 1752 3150 1806 acies
3178 1752 3389 1821 assequi
3411 1750 3618 1821 potest?

2032 1841 2182 1909 Quod
2203 1853 2377 1899 tamen
2402 1845 2502 1899 nisi
2527 1853 2689 1911 esset,
2721 1844 2823 1899 hoc
2849 1844 3067 1897 omnino
3094 1843 3191 1897 ista
3210 1841 3479 1911 Scriptura
3512 1857 3616 1896 non

2032 1944 2276 2003 poneret.
2305 1935 2484 1990 Dicam
2516 1951 2642 1989 sane
2666 1935 2806 2005 quod
2839 1935 3028 1999 sentio,
3056 1933 3170 1987 haec
3195 1933 3298 1987 duo
3326 1933 3616 1986 indubitata

2034 2026 2388 2095 prteloquens,
2418 2041 2517 2080 nec
2553 2026 2739 2090 Deum,
2774 2024 2919 2078 velut
2944 2033 3061 2093 post
3082 2023 3313 2077 laborem
3344 2023 3615 2077 desidera-

2032 2124 2216 2171 tumve
2237 2117 2433 2187 negotii
2459 2116 2538 2170 sui
2566 2116 2746 2181 finem,
2773 2116 3046 2184 temporali
3073 2114 3301 2184 quadam
3322 2114 3505 2184 requie
3526 2113 3619 2168 de-

2034 2206 2321 2273 lectatum;
2353 2223 2451 2261 nec
2493 2207 2589 2261 bas
2632 2207 2858 2261 Litteras
2896 2207 3209 2260 auctoritate
3246 2214 3390 2259 tanta
3427 2206 3619 2261 merito

2032 2300 2431 2369 praeminentes,
2462 2298 2654 2353 frustra
2688 2298 2921 2368 falsoque
2950 2298 3155 2352 dixisse
3199 2298 3338 2367 quod
3381 2297 3521 2352 Deus
3551 2297 3618 2351 ab

2031 2392 2280 2446 omnibus
2319 2392 2569 2461 operibus
2599 2391 2710 2445 suis
2743 2408 2860 2461 quae
2890 2389 3035 2457 fecit,
3079 2390 3134 2444 in
3164 2390 3392 2460 septimo
3416 2389 3504 2443 die
3532 2404 3619 2444 re-

2031 2482 2315 2552 quieverit,
2342 2497 2511 2551 eaque
2547 2497 2707 2536 causa
2742 2481 2987 2535 eumdem
3016 2480 3154 2535 diem
3193 2480 3617 2535 sanctiﬁcaverit.

2065 2572 2294 2629 CAPUT
2317 2572 2432 2628 XV.
2462 2604 2533 2613 —
2554 2573 2780 2627 Solvitur
2821 2572 3026 2643 quaestio
3046 2573 3277 2643 superius
3303 2572 3580 2643 proposita.

2102 2667 2191 2722 26.
2233 2667 2498 2723 Nimirum
2536 2684 2664 2738 ergo
2716 2670 2835 2738 quia
2892 2669 3074 2723 vitium
3114 2677 3196 2723 est
3236 2676 3291 2724 et
3335 2669 3617 2723 inﬁrmitas

2030 2759 2244 2826 animat,
2276 2760 2346 2813 ita
2378 2761 2488 2815 suis
2511 2761 2762 2830 operibus
2802 2760 3086 2827 delectari,
3118 2770 3176 2815 ut
3225 2761 3401 2831 potius
3428 2761 3480 2813 in
3510 2761 3622 2830 eis,

2030 2865 2189 2920 quam
2218 2851 2269 2905 in
2298 2866 2356 2906 se
2385 2852 2688 2922 requiescat
2715 2852 2780 2906 ab
2819 2852 2925 2917 eis;
2956 2868 3075 2906 cum
3108 2853 3291 2922 procul
3316 2852 3479 2907 dubio
3507 2868 3622 2910 me-

2030 2946 2133 3001 lius
2162 2945 2362 3016 aliquid
2407 2947 2457 3000 in
2495 2946 2582 3000 illa
2622 2947 2691 3000 sit
2718 2961 2822 3015 quo
2851 2961 2912 3001 ea
2940 2944 3075 3000 facta
3121 2954 3265 3013 sunt,
3307 2962 3464 3017 quam
3501 2947 3617 3016 ipsa

2029 3053 2149 3107 quae
2198 3036 2337 3091 facta
2385 3046 2508 3091 sunt
2552 3056 2564 3090 :
2601 3037 2898 3091 insinuatur
2950 3038 3103 3092 nobis
3156 3039 3296 3092 Deus
3342 3053 3440 3110 per
3486 3038 3623 3092 hanc

2032 3130 2383 3202 Scripturam,
2414 3147 2515 3200 qua
2547 3132 2739 3187 dicitur
2768 3133 3091 3202 requievisse
3129 3132 3195 3187 ab
3230 3133 3475 3187 omnibus
3496 3148 3624 3202 ορε-

2028 3224 2177 3279 ribus
2222 3225 2333 3279 suis
2359 3240 2477 3294 quae
2507 3222 2653 3289 fecit,
2695 3226 2841 3278 nullo
2888 3240 3049 3293 Opere
3076 3239 3174 3279 suo
3203 3226 3279 3279 sic
3304 3224 3617 3291 delectatus,

2027 3315 2181 3385 quasi
2211 3314 2438 3369 faciendi
2469 3316 2586 3383 ejus
2639 3316 2875 3386 eguerit,
2925 3316 3008 3369 vel
3056 3316 3229 3370 minor
3259 3316 3466 3390 futurus
3520 3316 3625 3374 nisi

2028 3404 2267 3469 fecisset,
2326 3407 2409 3459 vel
2458 3408 2663 3461 beatior
2705 3423 2824 3461 cum
2858 3407 3085 3461 fecisset.
3115 3408 3246 3474 Quia
3276 3408 3416 3462 enim
3443 3424 3509 3463 ex
3534 3408 3625 3463 illo

2028 3499 2100 3551 ita
2131 3506 2213 3551 est
2247 3498 2503 3567 quidquid
2557 3514 2621 3551 ex
2670 3499 2759 3551 illo
2802 3510 2899 3559 est,
2934 3506 2989 3551 ut
3016 3498 3065 3553 ei
3116 3497 3306 3552 debeat
3345 3498 3489 3568 quod
3516 3507 3620 3565 est,

2028 3590 2141 3659 ipse
2168 3600 2345 3643 autem
2376 3589 2505 3641 nulli
2533 3588 2673 3657 quod
2704 3605 2772 3641 ex
2800 3589 2913 3657 ipso
2928 3598 3028 3653 est,
3048 3586 3243 3643 debeat
3270 3588 3411 3658 quod
3434 3588 3621 3643 beatus

2030 3691 2141 3747 est;
2199 3697 2257 3737 se
2289 3682 2446 3736 rebus
2476 3696 2609 3751 quas
2654 3680 2778 3734 fecit
2834 3680 3099 3751 diligendo
3147 3682 3477 3752 praeposuit:
3512 3698 3616 3736 non

2026 3774 2366 3830 sanctificans
2388 3773 2527 3827 diem
2559 3788 2663 3843 quo
2688 3788 2751 3827 ea
2773 3771 3009 3826 facienda
3034 3771 3318 3838 inchoavit,
3344 3789 3442 3827 nec
3474 3774 3618 3827 illum

2025 3881 2132 3936 quo
2158 3882 2221 3921 ea
2255 3864 2497 3935 perfecit,
2527 3880 2595 3918 ne
2618 3864 2722 3918 illis
2737 3864 2821 3919 vel
2842 3862 3098 3919 faciendis
3122 3864 3209 3919 vel
3234 3862 3385 3919 factis
3406 3874 3619 3919 auctum

2025 3956 2140 4026 ejus
2172 3956 2423 4026 gaudium
2469 3955 2771 4020 videretur;
2825 3955 2920 4009 sed
2971 3970 3093 4009 eum
3132 3971 3238 4025 quo
3284 3956 3352 4010 ab
3397 3956 3527 4025 ipsis
3562 3957 3616 4011 in

2024 4049 2204 4117 seipso
2234 4048 2515 4117 requievit.
2548 4047 2616 4100 Et
2640 4047 2754 4117 ipse
2779 4047 2989 4115 quidem
3014 4063 3283 4117 nunquam
3312 4048 3410 4102 ista
3437 4049 3618 4118 requie

2023 4140 2226 4206 caruit,
2265 4140 2358 4193 sed
2387 4139 2541 4194 nobis
2569 4155 2685 4193 eam
2716 4144 2813 4209 per
2859 4139 2999 4193 diem
3040 4141 3322 4209 septimum
3346 4140 3613 4195 ostendit:

2024 4229 2149 4284 hinc
2177 4231 2335 4283 etiam
2357 4230 2659 4299 significans
2690 4246 2795 4283 non
2826 4230 3025 4301 percipi
3055 4231 3292 4299 requiem
3334 4247 3481 4285 suam
3515 4233 3616 4287 nisi

2022 4339 2053 4377 a
2078 4322 2343 4392 perfectis,
2386 4338 2504 4377 cum
2544 4322 2611 4377 ad
2657 4339 2774 4378 eam
2822 4323 3165 4376 intimandum
3203 4340 3305 4377 non
3343 4324 3617 4393 deputavit

2024 4415 2187 4479 diem,
2218 4415 2319 4469 nisi
2345 4417 2431 4484 qui
2466 4414 2843 4483 perfectionem
2883 4430 3058 4469 rerum
3088 4415 3322 4468 omnium
3353 4417 3613 4484 sequeba-

2021 4515 2128 4561 tur.
2146 4506 2277 4561 Nam
2302 4508 2391 4576 qui
2406 4522 2619 4576 semper
2642 4516 2725 4561 est
2744 4507 2974 4576 quietus,
3001 4515 3125 4561 tunc
3149 4507 3301 4562 nobis
3328 4508 3608 4578 requievit,

2019 4614 2140 4653 cum
2172 4614 2230 4653 se
2260 4598 2587 4667 requievisse
2611 4598 2943 4652 monstravit.

2090 4687 2318 4744 CAPUT
2352 4686 2567 4742 XVl.—-
2593 4689 2688 4742 Dei
2712 4690 2902 4759 requies
2924 4690 2986 4744 ab
3007 4692 3238 4762 operibus
3258 4693 3360 4748 suis
3382 4692 3438 4749 in
3462 4711 3539 4749 se-
3634 4684 3645 4721 θ

2664 4781 2819 4850 ptimo
2849 4780 2950 4835 die.
3634 4763 3644 4811 Τ

2088 4874 2178 4928 27.
2237 4872 2369 4928 illud
2428 4888 2640 4944 quoque
2695 4874 3073 4929 attendendum
3126 4884 3250 4942 est,
3314 4878 3453 4947 quod
3515 4878 3608 4934 Dei
3638 4854 3661 4949 Γ

2018 4965 2277 5036 requiem,
2309 4980 2411 5036 qua
2454 4964 2521 5020 de
2568 4964 2745 5035 seipso
2791 4965 2977 5020 beatus
3014 4976 3115 5033 est,
3152 4968 3305 5023 nobis
3346 4969 3607 5024 insinuari
3636 4966 3651 4983 '

2017 5060 2335 5131 oportebat,
2383 5067 2439 5113 ut
2490 5058 2847 5130 intelligamus
2892 5061 3160 5131 quomodo
3196 5061 3400 5115 dicatur
3442 5062 3603 5117 etiam

2017 5155 2351 5225 requiescere
2387 5153 2439 5207 in
2490 5152 2684 5219 nobis;
2739 5153 2880 5224 quod
2926 5169 3030 5208 non
3085 5154 3312 5223 dicitur,
3344 5155 3448 5209 nisi
3482 5170 3602 5210 cum

2017 5250 2071 5303 in
2117 5264 2175 5303 se
2214 5251 2451 5318 requiem
2500 5256 2713 5317 praestat
2754 5258 2807 5303 et
2849 5247 3021 5303 nobis.
3055 5248 3284 5318 Requies
3325 5249 3486 5318 igitur
3512 5249 3606 5305 Dci

2016 5352 2159 5398 recte
2189 5341 2600 5411 intelligentibus
2626 5355 2687 5395 ea
2712 5348 2795 5395 est
2812 5383 2825 5405 ,
2860 5356 2961 5410 qua
2983 5340 3177 5395 nullius
3198 5340 3395 5410 indiget
3421 5340 3563 5395 bono
3589 5358 3603 5393 :

2016 5442 2069 5489 et
2094 5434 2213 5487 ideo
2239 5442 2382 5487 certa
2412 5441 2466 5486 ct
2496 5432 2649 5486 nobis
2680 5432 2733 5486 in
2779 5432 2871 5487 illo
2898 5442 2999 5499 est,
3031 5432 3151 5501 quia
3195 5442 3249 5486 et
3294 5448 3394 5486 nos
3432 5433 3605 5489 beati-

2015 5526 2237 5582 ﬁcamur
2283 5524 2421 5579 bono
2461 5524 2602 5595 quod
2648 5524 2763 5594 ipse
2815 5533 2915 5587 est,
2949 5539 3053 5579 non
3108 5524 3222 5593 ipse
3275 5523 3415 5580 bono
3461 5526 3605 5596 quod

2015 5635 2115 5676 nos
2159 5635 2363 5675 sumus.
2404 5619 2537 5675 Nam
2580 5627 2634 5674 et
2660 5634 2759 5674 nos
2799 5618 3008 5689 aliquod
3041 5618 3240 5673 bonum
3268 5618 3336 5673 ab
3370 5619 3463 5674 illo
3510 5634 3605 5673 su-

2014 5728 2162 5779 mus,
2196 5713 2284 5782 qui
2318 5711 2442 5766 fecit
2470 5712 2646 5766 omnia
2686 5711 2823 5766 bona
2853 5710 3032 5774 valde,
3071 5711 3125 5766 in
3167 5710 3358 5781 quibus
3396 5712 3519 5766 fecit
3546 5720 3602 5767 et

2014 5821 2133 5861 nos.
2173 5807 2341 5861 Porro
2371 5807 2473 5862 alia
2516 5819 2605 5861 res
2640 5805 2777 5860 bona
2824 5812 3018 5876 praeter
3067 5805 3239 5875 ipsum
3288 5805 3431 5859 nulla
3488 5814 3592 5873 est,

2014 5912 2173 5967 quam
2202 5898 2313 5968 ipse
2338 5914 2442 5953 non
2474 5897 2630 5965 fecit;
2658 5912 2720 5953 ac
2746 5912 2843 5969 per
2884 5898 2985 5955 hoc
3008 5899 3156 5956 nullo
3182 5907 3374 5972 praeter
3400 5914 3462 5955 se
3489 5898 3598 5953 alio
