  <div class='ocr_page' id='page_1' title='image "/cluster/home/n/w/nwhite01/storage/ocr_20150623/34/hvd.32044015706310/160.png"; bbox 0 0 4090 6452; ppageno 0'>
   <div class='ocr_carea' id='block_1_1' title="bbox 267 5784 291 5812">
    <p class='ocr_par' dir='ltr' id='par_1_1' title="bbox 267 5784 291 5812">
     <span class='ocr_line' id='line_1_1' title="bbox 267 5784 291 5812; baseline 0 -2"><span class='ocrx_word' id='word_1_1' title='bbox 267 5784 291 5812; x_wconf 58' lang='grc' dir='ltr'>ὦ</span> 
     </span>
    </p>
   </div>
   <div class='ocr_carea' id='block_1_2' title="bbox 312 346 419 405">
    <p class='ocr_par' dir='ltr' id='par_1_2' title="bbox 312 346 419 405">
     <span class='ocr_line' id='line_1_2' title="bbox 312 346 419 405; baseline 0 0"><span class='ocrx_word' id='word_1_2' title='bbox 312 346 419 405; x_wconf 80' lang='lat'><strong>509</strong></span> 
     </span>
    </p>
   </div>
   <div class='ocr_carea' id='block_1_3' title="bbox 312 442 1903 531">
    <p class='ocr_par' dir='ltr' id='par_1_3' title="bbox 312 442 1903 531">
     <span class='ocr_line' id='line_1_3' title="bbox 312 442 1903 531; baseline -0.017 -10"><span class='ocrx_word' id='word_1_3' title='bbox 312 461 468 521; x_wconf 90' lang='lat' dir='ltr'><strong>Unde</strong></span> <span class='ocrx_word' id='word_1_4' title='bbox 498 454 829 531; x_wconf 85' lang='lat' dir='ltr'><strong>probabilius</strong></span> <span class='ocrx_word' id='word_1_5' title='bbox 860 459 944 509; x_wconf 86' lang='lat' dir='ltr'><strong>est</strong></span> <span class='ocrx_word' id='word_1_6' title='bbox 975 450 1109 507; x_wconf 84' lang='lat' dir='ltr'><strong>istos</strong></span> <span class='ocrx_word' id='word_1_7' title='bbox 1147 446 1362 520; x_wconf 80' lang='lat' dir='ltr'><strong>quidem</strong></span> <span class='ocrx_word' id='word_1_8' title='bbox 1389 452 1588 517; x_wconf 79' lang='lat' dir='ltr'><strong>septem</strong></span> <span class='ocrx_word' id='word_1_9' title='bbox 1621 443 1755 510; x_wconf 87' lang='lat' dir='ltr'><strong>dies,</strong></span> <span class='ocrx_word' id='word_1_10' title='bbox 1781 442 1903 496; x_wconf 92' lang='lat' dir='ltr'><strong>illo—</strong></span> 
     </span>
    </p>
   </div>
   <div class='ocr_carea' id='block_1_4' title="bbox 310 537 1905 625">
    <p class='ocr_par' dir='ltr' id='par_1_4' title="bbox 310 537 1905 625">
     <span class='ocr_line' id='line_1_4' title="bbox 310 537 1905 625; baseline -0.014 -13"><span class='ocrx_word' id='word_1_11' title='bbox 310 571 433 613; x_wconf 90' lang='lat' dir='ltr'><strong>rum</strong></span> <span class='ocrx_word' id='word_1_12' title='bbox 459 551 766 609; x_wconf 84' lang='lat' dir='ltr'><strong>nominibus</strong></span> <span class='ocrx_word' id='word_1_13' title='bbox 794 554 853 604; x_wconf 88' lang='lat' dir='ltr'><strong>et</strong></span> <span class='ocrx_word' id='word_1_14' title='bbox 875 559 1130 609; x_wconf 89' lang='lat' dir='ltr'><strong>numero,</strong></span> <span class='ocrx_word' id='word_1_15' title='bbox 1162 542 1297 625; x_wconf 84' lang='lat' dir='ltr'><strong>alios</strong></span> <span class='ocrx_word' id='word_1_16' title='bbox 1330 548 1488 611; x_wconf 85' lang='lat' dir='ltr'><strong>atque</strong></span> <span class='ocrx_word' id='word_1_17' title='bbox 1530 537 1662 593; x_wconf 81' lang='lat' dir='ltr'><strong>alios</strong></span> <span class='ocrx_word' id='word_1_18' title='bbox 1691 537 1905 592; x_wconf 77' lang='lat' dir='ltr'><strong>sibimet</strong></span> 
     </span>
    </p>
   </div>
   <div class='ocr_carea' id='block_1_5' title="bbox 311 629 1903 706">
    <p class='ocr_par' dir='ltr' id='par_1_5' title="bbox 311 629 1903 706">
     <span class='ocr_line' id='line_1_5' title="bbox 311 629 1903 706; baseline -0.014 -1"><span class='ocrx_word' id='word_1_19' title='bbox 311 646 673 705; x_wconf 73' lang='lat' dir='ltr'><strong>succedentes</strong></span> <span class='ocrx_word' id='word_1_20' title='bbox 707 638 974 698; x_wconf 82' lang='lat' dir='ltr'><strong>currendo</strong></span> <span class='ocrx_word' id='word_1_21' title='bbox 1014 634 1327 706; x_wconf 82' lang='lat' dir='ltr'><strong>temporalia</strong></span> <span class='ocrx_word' id='word_1_22' title='bbox 1378 646 1632 703; x_wconf 79' lang='lat' dir='ltr'><strong>peragere</strong></span> <span class='ocrx_word' id='word_1_23' title='bbox 1686 629 1852 699; x_wconf 90' lang='lat' dir='ltr'><strong>spatia</strong></span> <span class='ocrx_word' id='word_1_24' title='bbox 1888 646 1903 683; x_wconf 91' lang='lat'><strong>:</strong></span> 
     </span>
    </p>
   </div>
   <div class='ocr_carea' id='block_1_6' title="bbox 312 722 1904 806">
    <p class='ocr_par' dir='ltr' id='par_1_6' title="bbox 312 722 1904 806">
     <span class='ocr_line' id='line_1_6' title="bbox 312 722 1904 806; baseline -0.014 -9"><span class='ocrx_word' id='word_1_25' title='bbox 312 742 436 797; x_wconf 81' lang='lat' dir='ltr'><strong>illos</strong></span> <span class='ocrx_word' id='word_1_26' title='bbox 486 746 661 793; x_wconf 87' lang='lat' dir='ltr'><strong>autem</strong></span> <span class='ocrx_word' id='word_1_27' title='bbox 716 734 920 806; x_wconf 85' lang='lat' dir='ltr'><strong>primos</strong></span> <span class='ocrx_word' id='word_1_28' title='bbox 958 745 1051 786; x_wconf 75' lang='lat' dir='ltr'><strong>sex</strong></span> <span class='ocrx_word' id='word_1_29' title='bbox 1092 728 1206 784; x_wconf 88' lang='lat' dir='ltr'><strong>dies</strong></span> <span class='ocrx_word' id='word_1_30' title='bbox 1248 727 1529 796; x_wconf 62' lang='lat' dir='ltr'><strong>inetiperta</strong></span> <span class='ocrx_word' id='word_1_31' title='bbox 1555 722 1712 778; x_wconf 91' lang='lat' dir='ltr'><strong>nobis</strong></span> <span class='ocrx_word' id='word_1_32' title='bbox 1745 729 1904 791; x_wconf 89' lang='lat' dir='ltr'><strong>atque</strong></span> 
     </span>
    </p>
   </div>
   <div class='ocr_carea' id='block_1_7' title="bbox 313 814 1907 900">
    <p class='ocr_par' dir='ltr' id='par_1_7' title="bbox 313 814 1907 900">
     <span class='ocr_line' id='line_1_7' title="bbox 313 814 1907 900; baseline -0.014 -11"><span class='ocrx_word' id='word_1_33' title='bbox 313 834 569 889; x_wconf 78' lang='lat' dir='ltr'><strong>inusitata</strong></span> <span class='ocrx_word' id='word_1_34' title='bbox 600 828 780 900; x_wconf 82' lang='lat' dir='ltr'><strong>specie</strong></span> <span class='ocrx_word' id='word_1_35' title='bbox 808 826 863 882; x_wconf 86' lang='lat' dir='ltr'><strong>in</strong></span> <span class='ocrx_word' id='word_1_36' title='bbox 889 825 1018 897; x_wconf 83' lang='lat' dir='ltr'><strong>ipsis</strong></span> <span class='ocrx_word' id='word_1_37' title='bbox 1046 837 1227 878; x_wconf 88' lang='lat' dir='ltr'><strong>rerum</strong></span> <span class='ocrx_word' id='word_1_38' title='bbox 1252 818 1646 877; x_wconf 84' lang='lat' dir='ltr'><strong>conditionibus</strong></span> <span class='ocrx_word' id='word_1_39' title='bbox 1670 814 1907 887; x_wconf 86' lang='lat' dir='ltr'><strong>explica-</strong></span> 
     </span>
    </p>
   </div>
   <div class='ocr_carea' id='block_1_8' title="bbox 314 907 1907 993">
    <p class='ocr_par' dir='ltr' id='par_1_8' title="bbox 314 907 1907 993">
     <span class='ocr_line' id='line_1_8' title="bbox 314 907 1907 993; baseline -0.014 -10"><span class='ocrx_word' id='word_1_40' title='bbox 314 938 399 984; x_wconf 89' lang='lat' dir='ltr'><strong>tos</strong></span> <span class='ocrx_word' id='word_1_41' title='bbox 425 944 440 993; x_wconf 89' lang='lat'><strong>;</strong></span> <span class='ocrx_word' id='word_1_42' title='bbox 482 926 536 978; x_wconf 89' lang='lat' dir='ltr'><strong>in</strong></span> <span class='ocrx_word' id='word_1_43' title='bbox 566 920 760 993; x_wconf 87' lang='lat' dir='ltr'><strong>quibus</strong></span> <span class='ocrx_word' id='word_1_44' title='bbox 786 927 840 975; x_wconf 92' lang='lat' dir='ltr'><strong>et</strong></span> <span class='ocrx_word' id='word_1_45' title='bbox 872 932 1093 989; x_wconf 88' lang='lat' dir='ltr'><strong>vespera</strong></span> <span class='ocrx_word' id='word_1_46' title='bbox 1122 924 1175 971; x_wconf 91' lang='lat' dir='ltr'><strong>et</strong></span> <span class='ocrx_word' id='word_1_47' title='bbox 1200 928 1356 968; x_wconf 88' lang='lat' dir='ltr'><strong>mane</strong></span> <span class='ocrx_word' id='word_1_48' title='bbox 1386 913 1522 966; x_wconf 88' lang='lat' dir='ltr'><strong>sicut</strong></span> <span class='ocrx_word' id='word_1_49' title='bbox 1570 910 1684 981; x_wconf 88' lang='lat' dir='ltr'><strong>ipsa</strong></span> <span class='ocrx_word' id='word_1_50' title='bbox 1718 907 1805 962; x_wconf 81' lang='lat' dir='ltr'><strong>lux</strong></span> <span class='ocrx_word' id='word_1_51' title='bbox 1855 914 1907 961; x_wconf 89' lang='lat' dir='ltr'><strong>et</strong></span> 
     </span>
    </p>
   </div>
   <div class='ocr_carea' id='block_1_9' title="bbox 310 1000 1906 1079">
    <p class='ocr_par' dir='ltr' id='par_1_9' title="bbox 310 1000 1906 1079">
     <span class='ocr_line' id='line_1_9' title="bbox 310 1000 1906 1079; baseline -0.015 -4"><span class='ocrx_word' id='word_1_52' title='bbox 310 1019 573 1079; x_wconf 65' lang='lat' dir='ltr'><strong>tenebras,</strong></span> <span class='ocrx_word' id='word_1_53' title='bbox 606 1015 659 1070; x_wconf 93' lang='lat' dir='ltr'><strong>id</strong></span> <span class='ocrx_word' id='word_1_54' title='bbox 678 1021 761 1069; x_wconf 85' lang='lat' dir='ltr'><strong>est</strong></span> <span class='ocrx_word' id='word_1_55' title='bbox 780 1012 898 1068; x_wconf 88' lang='lat' dir='ltr'><strong>dies</strong></span> <span class='ocrx_word' id='word_1_56' title='bbox 928 1020 991 1065; x_wconf 89' lang='lat' dir='ltr'><strong>et</strong></span> <span class='ocrx_word' id='word_1_57' title='bbox 1026 1024 1148 1076; x_wconf 78' lang='lat' dir='ltr'><strong>nox,</strong></span> <span class='ocrx_word' id='word_1_58' title='bbox 1196 1022 1307 1063; x_wconf 85' lang='lat' dir='ltr'><strong>non</strong></span> <span class='ocrx_word' id='word_1_59' title='bbox 1346 1020 1464 1061; x_wconf 87' lang='lat' dir='ltr'><strong>eam</strong></span> <span class='ocrx_word' id='word_1_60' title='bbox 1490 1000 1906 1057; x_wconf 86' lang='lat' dir='ltr'><strong>vicissitudinem</strong></span> 
     </span>
    </p>
   </div>
   <div class='ocr_carea' id='block_1_10' title="bbox 312 1093 1902 1183">
    <p class='ocr_par' dir='ltr' id='par_1_10' title="bbox 312 1093 1902 1183">
     <span class='ocr_line' id='line_1_10' title="bbox 312 1093 1902 1183; baseline -0.014 -17"><span class='ocrx_word' id='word_1_61' title='bbox 312 1113 681 1183; x_wconf 64' lang='lat' dir='ltr'><strong>prtebuerunt,</strong></span> <span class='ocrx_word' id='word_1_62' title='bbox 725 1120 882 1176; x_wconf 90' lang='lat' dir='ltr'><strong>quam</strong></span> <span class='ocrx_word' id='word_1_63' title='bbox 914 1102 1155 1174; x_wconf 83' lang='lat' dir='ltr'><strong>praebent</strong></span> <span class='ocrx_word' id='word_1_64' title='bbox 1202 1100 1289 1155; x_wconf 86' lang='lat' dir='ltr'><strong>isti</strong></span> <span class='ocrx_word' id='word_1_65' title='bbox 1315 1113 1412 1169; x_wconf 89' lang='lat' dir='ltr'><strong>per</strong></span> <span class='ocrx_word' id='word_1_66' title='bbox 1446 1095 1573 1151; x_wconf 90' lang='lat' dir='ltr'><strong>solis</strong></span> <span class='ocrx_word' id='word_1_67' title='bbox 1603 1093 1857 1149; x_wconf 85' lang='lat' dir='ltr'><strong>circuitus</strong></span> <span class='ocrx_word' id='word_1_68' title='bbox 1891 1109 1902 1144; x_wconf 93' lang='lat'>:</span> 
     </span>
    </p>
   </div>
   <div class='ocr_carea' id='block_1_11' title="bbox 313 1186 1908 1279">
    <p class='ocr_par' dir='ltr' id='par_1_11' title="bbox 313 1186 1908 1279">
     <span class='ocr_line' id='line_1_11' title="bbox 313 1186 1908 1279; baseline -0.01 -26"><span class='ocrx_word' id='word_1_69' title='bbox 313 1204 458 1276; x_wconf 80' lang='lat' dir='ltr'><strong>quod</strong></span> <span class='ocrx_word' id='word_1_70' title='bbox 480 1206 625 1257; x_wconf 84' lang='lat' dir='ltr'><strong>certe</strong></span> <span class='ocrx_word' id='word_1_71' title='bbox 648 1200 711 1254; x_wconf 75' lang='lat' dir='ltr'><strong>tit}</strong></span> <span class='ocrx_word' id='word_1_72' title='bbox 738 1200 839 1253; x_wconf 87' lang='lat' dir='ltr'><strong>illis</strong></span> <span class='ocrx_word' id='word_1_73' title='bbox 869 1186 1211 1279; x_wconf 64' lang='lat' dir='ltr'><strong>tribusfateri</strong></span> <span class='ocrx_word' id='word_1_74' title='bbox 1243 1192 1503 1262; x_wconf 78' lang='lat' dir='ltr'><strong>cogimur,</strong></span> <span class='ocrx_word' id='word_1_75' title='bbox 1525 1188 1754 1258; x_wconf 89' lang='lat' dir='ltr'><strong>quiante</strong></span> <span class='ocrx_word' id='word_1_76' title='bbox 1780 1199 1908 1239; x_wconf 85' lang='lat' dir='ltr'><strong>con-</strong></span> 
     </span>
    </p>
   </div>
   <div class='ocr_carea' id='block_1_12' title="bbox 312 1284 1806 1369">
    <p class='ocr_par' dir='ltr' id='par_1_12' title="bbox 312 1284 1806 1369">
     <span class='ocr_line' id='line_1_12' title="bbox 312 1284 1806 1369; baseline -0.015 -13"><span class='ocrx_word' id='word_1_77' title='bbox 312 1302 421 1356; x_wconf 70' lang='lat' dir='ltr'><strong>dita</strong></span> <span class='ocrx_word' id='word_1_78' title='bbox 452 1296 734 1353; x_wconf 86' lang='lat' dir='ltr'><strong>luminaria</strong></span> <span class='ocrx_word' id='word_1_79' title='bbox 766 1288 1166 1349; x_wconf 89' lang='lat' dir='ltr'><strong>commemorati</strong></span> <span class='ocrx_word' id='word_1_80' title='bbox 1194 1297 1349 1369; x_wconf 82' lang='lat' dir='ltr'><strong>atque</strong></span> <span class='ocrx_word' id='word_1_81' title='bbox 1380 1284 1641 1339; x_wconf 91' lang='lat' dir='ltr'><strong>numerati</strong></span> <span class='ocrx_word' id='word_1_82' title='bbox 1664 1288 1806 1335; x_wconf 90' lang='lat' dir='ltr'><strong>sunt.</strong></span> 
     </span>
    </p>
   </div>
   <div class='ocr_carea' id='block_1_13' title="bbox 381 1380 1910 1461">
    <p class='ocr_par' dir='ltr' id='par_1_13' title="bbox 381 1380 1910 1461">
     <span class='ocr_line' id='line_1_13' title="bbox 381 1380 1910 1461; baseline -0.015 -10"><span class='ocrx_word' id='word_1_83' title='bbox 381 1396 474 1452; x_wconf 65' lang='lat' dir='ltr'><strong>5i.</strong></span> <span class='ocrx_word' id='word_1_84' title='bbox 521 1397 597 1448; x_wconf 72' lang='lat' dir='ltr'><strong>Ac</strong></span> <span class='ocrx_word' id='word_1_85' title='bbox 644 1408 738 1461; x_wconf 87' lang='lat' dir='ltr'><strong>per</strong></span> <span class='ocrx_word' id='word_1_86' title='bbox 779 1390 879 1443; x_wconf 90' lang='lat' dir='ltr'><strong>hoc</strong></span> <span class='ocrx_word' id='word_1_87' title='bbox 922 1386 1323 1457; x_wconf 80' lang='lat' dir='ltr'><strong>qualiscumque</strong></span> <span class='ocrx_word' id='word_1_88' title='bbox 1372 1381 1427 1435; x_wconf 91' lang='lat' dir='ltr'><strong>in</strong></span> <span class='ocrx_word' id='word_1_89' title='bbox 1464 1380 1544 1435; x_wconf 90' lang='lat' dir='ltr'><strong>eis</strong></span> <span class='ocrx_word' id='word_1_90' title='bbox 1594 1391 1814 1445; x_wconf 80' lang='lat' dir='ltr'><strong>veSpera</strong></span> <span class='ocrx_word' id='word_1_91' title='bbox 1857 1382 1910 1429; x_wconf 89' lang='lat' dir='ltr'><strong>et</strong></span> 
     </span>
    </p>
   </div>
   <div class='ocr_carea' id='block_1_14' title="bbox 310 1472 1909 1553">
    <p class='ocr_par' dir='ltr' id='par_1_14' title="bbox 310 1472 1909 1553">
     <span class='ocr_line' id='line_1_14' title="bbox 310 1472 1909 1553; baseline -0.014 -10"><span class='ocrx_word' id='word_1_92' title='bbox 310 1504 474 1543; x_wconf 88' lang='lat' dir='ltr'><strong>mane</strong></span> <span class='ocrx_word' id='word_1_93' title='bbox 527 1484 723 1548; x_wconf 79' lang='lat' dir='ltr'><strong>fuerit,</strong></span> <span class='ocrx_word' id='word_1_94' title='bbox 754 1482 899 1538; x_wconf 90' lang='lat' dir='ltr'><strong>nullo</strong></span> <span class='ocrx_word' id='word_1_95' title='bbox 928 1479 1085 1539; x_wconf 84' lang='lat' dir='ltr'><strong>modo</strong></span> <span class='ocrx_word' id='word_1_96' title='bbox 1130 1486 1306 1531; x_wconf 90' lang='lat' dir='ltr'><strong>tamen</strong></span> <span class='ocrx_word' id='word_1_97' title='bbox 1338 1472 1660 1553; x_wconf 86' lang='lat' dir='ltr'><strong>opinandum</strong></span> <span class='ocrx_word' id='word_1_98' title='bbox 1713 1478 1813 1537; x_wconf 88' lang='lat' dir='ltr'><strong>est,</strong></span> <span class='ocrx_word' id='word_1_99' title='bbox 1844 1482 1909 1522; x_wconf 91' lang='lat' dir='ltr'><strong>eo</strong></span> 
     </span>
    </p>
   </div>
   <div class='ocr_carea' id='block_1_15' title="bbox 311 1562 1907 1657">
    <p class='ocr_par' dir='ltr' id='par_1_15' title="bbox 311 1562 1907 1657">
     <span class='ocr_line' id='line_1_15' title="bbox 311 1562 1907 1657; baseline -0.013 -22"><span class='ocrx_word' id='word_1_100' title='bbox 311 1596 474 1636; x_wconf 89' lang='lat' dir='ltr'><strong>mane</strong></span> <span class='ocrx_word' id='word_1_101' title='bbox 494 1578 637 1657; x_wconf 77' lang='lat' dir='ltr'><strong>quod</strong></span> <span class='ocrx_word' id='word_1_102' title='bbox 668 1583 787 1647; x_wconf 86' lang='lat' dir='ltr'><strong>post</strong></span> <span class='ocrx_word' id='word_1_103' title='bbox 812 1575 944 1629; x_wconf 72' lang='lat' dir='ltr'><strong>sexti</strong></span> <span class='ocrx_word' id='word_1_104' title='bbox 972 1572 1076 1627; x_wconf 88' lang='lat' dir='ltr'><strong>diei</strong></span> <span class='ocrx_word' id='word_1_105' title='bbox 1104 1584 1382 1641; x_wconf 88' lang='lat' dir='ltr'><strong>vesperam</strong></span> <span class='ocrx_word' id='word_1_106' title='bbox 1437 1568 1630 1620; x_wconf 82' lang='lat' dir='ltr'><strong>factum</strong></span> <span class='ocrx_word' id='word_1_107' title='bbox 1670 1570 1769 1628; x_wconf 90' lang='lat' dir='ltr'><strong>est,</strong></span> <span class='ocrx_word' id='word_1_108' title='bbox 1805 1562 1907 1615; x_wconf 90' lang='lat' dir='ltr'><strong>ini-</strong></span> 
     </span>
    </p>
   </div>
   <div class='ocr_carea' id='block_1_16' title="bbox 312 1654 1909 1739">
    <p class='ocr_par' dir='ltr' id='par_1_16' title="bbox 312 1654 1909 1739">
     <span class='ocr_line' id='line_1_16' title="bbox 312 1654 1909 1739; baseline -0.011 -12"><span class='ocrx_word' id='word_1_109' title='bbox 312 1674 447 1727; x_wconf 88' lang='lat' dir='ltr'><strong>tium</strong></span> <span class='ocrx_word' id='word_1_110' title='bbox 501 1654 773 1739; x_wconf 82' lang='lat' dir='ltr'><strong>aeccpisse</strong></span> <span class='ocrx_word' id='word_1_111' title='bbox 816 1665 1053 1737; x_wconf 82' lang='lat' dir='ltr'><strong>requiem</strong></span> <span class='ocrx_word' id='word_1_112' title='bbox 1082 1663 1207 1729; x_wconf 90' lang='lat' dir='ltr'><strong>Dei;</strong></span> <span class='ocrx_word' id='word_1_113' title='bbox 1244 1677 1313 1715; x_wconf 90' lang='lat' dir='ltr'><strong>ne</strong></span> <span class='ocrx_word' id='word_1_114' title='bbox 1354 1658 1644 1728; x_wconf 80' lang='lat' dir='ltr'><strong>temporale</strong></span> <span class='ocrx_word' id='word_1_115' title='bbox 1694 1654 1909 1725; x_wconf 79' lang='lat' dir='ltr'><strong>aliquod</strong></span> 
     </span>
    </p>
   </div>
   <div class='ocr_carea' id='block_1_17' title="bbox 313 1744 1917 1820">
    <p class='ocr_par' dir='ltr' id='par_1_17' title="bbox 313 1744 1917 1820">
     <span class='ocr_line' id='line_1_17' title="bbox 313 1744 1917 1820; baseline -0.01 -1"><span class='ocrx_word' id='word_1_116' title='bbox 313 1766 517 1820; x_wconf 81' lang='lat' dir='ltr'><strong>bonum</strong></span> <span class='ocrx_word' id='word_1_117' title='bbox 564 1744 947 1818; x_wconf 73' lang='lat' dir='ltr'><strong>illimternitati</strong></span> <span class='ocrx_word' id='word_1_118' title='bbox 999 1768 1051 1813; x_wconf 92' lang='lat' dir='ltr'><strong>et</strong></span> <span class='ocrx_word' id='word_1_119' title='bbox 1082 1751 1602 1815; x_wconf 87' lang='lat' dir='ltr'><strong>incommutabilitati</strong></span> <span class='ocrx_word' id='word_1_120' title='bbox 1650 1749 1917 1809; x_wconf 80' lang='lat' dir='ltr'><strong>accidisse</strong></span> 
     </span>
    </p>
   </div>
   <div class='ocr_carea' id='block_1_18' title="bbox 315 1843 1909 1921">
    <p class='ocr_par' dir='ltr' id='par_1_18' title="bbox 315 1843 1909 1921">
     <span class='ocr_line' id='line_1_18' title="bbox 315 1843 1909 1921; baseline -0.008 -12"><span class='ocrx_word' id='word_1_121' title='bbox 315 1859 557 1911; x_wconf 81' lang='lat' dir='ltr'><strong>vanitate</strong></span> <span class='ocrx_word' id='word_1_122' title='bbox 589 1854 867 1911; x_wconf 85' lang='lat' dir='ltr'><strong>temeraria</strong></span> <span class='ocrx_word' id='word_1_123' title='bbox 898 1851 1265 1921; x_wconf 81' lang='lat' dir='ltr'><strong>suspicemur:</strong></span> <span class='ocrx_word' id='word_1_124' title='bbox 1299 1846 1391 1900; x_wconf 89' lang='lat' dir='ltr'><strong>sed</strong></span> <span class='ocrx_word' id='word_1_125' title='bbox 1417 1846 1559 1898; x_wconf 91' lang='lat' dir='ltr'><strong>illam</strong></span> <span class='ocrx_word' id='word_1_126' title='bbox 1586 1843 1799 1913; x_wconf 86' lang='lat' dir='ltr'><strong>quidem</strong></span> <span class='ocrx_word' id='word_1_127' title='bbox 1831 1857 1909 1897; x_wconf 85' lang='lat' dir='ltr'><strong>re-</strong></span> 
     </span>
    </p>
   </div>
   <div class='ocr_carea' id='block_1_19' title="bbox 312 1933 1907 2018">
    <p class='ocr_par' dir='ltr' id='par_1_19' title="bbox 312 1933 1907 2018">
     <span class='ocr_line' id='line_1_19' title="bbox 312 1933 1907 2018; baseline -0.009 -17"><span class='ocrx_word' id='word_1_128' title='bbox 312 1950 495 2018; x_wconf 81' lang='lat' dir='ltr'><strong>quiem</strong></span> <span class='ocrx_word' id='word_1_129' title='bbox 530 1947 645 2010; x_wconf 87' lang='lat' dir='ltr'><strong>Dei,</strong></span> <span class='ocrx_word' id='word_1_130' title='bbox 678 1946 850 2015; x_wconf 88' lang='lat' dir='ltr'><strong>quain</strong></span> <span class='ocrx_word' id='word_1_131' title='bbox 878 1943 1053 2012; x_wconf 85' lang='lat' dir='ltr'><strong>seipse</strong></span> <span class='ocrx_word' id='word_1_132' title='bbox 1082 1938 1382 2009; x_wconf 83' lang='lat' dir='ltr'><strong>requiescit,</strong></span> <span class='ocrx_word' id='word_1_133' title='bbox 1411 1951 1582 2005; x_wconf 81' lang='lat' dir='ltr'><strong>eoque</strong></span> <span class='ocrx_word' id='word_1_134' title='bbox 1611 1933 1752 1988; x_wconf 89' lang='lat' dir='ltr'><strong>bono</strong></span> <span class='ocrx_word' id='word_1_135' title='bbox 1781 1935 1907 1988; x_wconf 85' lang='lat' dir='ltr'><strong>bea-</strong></span> 
     </span>
    </p>
   </div>
   <div class='ocr_carea' id='block_1_20' title="bbox 312 2018 1910 2117">
    <p class='ocr_par' dir='ltr' id='par_1_20' title="bbox 312 2018 1910 2117">
     <span class='ocr_line' id='line_1_20' title="bbox 312 2018 1910 2117; baseline -0.011 -20"><span class='ocrx_word' id='word_1_136' title='bbox 312 2051 403 2097; x_wconf 91' lang='lat' dir='ltr'><strong>tus</strong></span> <span class='ocrx_word' id='word_1_137' title='bbox 432 2048 516 2095; x_wconf 89' lang='lat' dir='ltr'><strong>est</strong></span> <span class='ocrx_word' id='word_1_138' title='bbox 548 2038 689 2117; x_wconf 86' lang='lat' dir='ltr'><strong>quod</strong></span> <span class='ocrx_word' id='word_1_139' title='bbox 713 2018 825 2107; x_wconf 87' lang='lat' dir='ltr'><strong>ipse</strong></span> <span class='ocrx_word' id='word_1_140' title='bbox 851 2036 949 2090; x_wconf 88' lang='lat' dir='ltr'><strong>sibi</strong></span> <span class='ocrx_word' id='word_1_141' title='bbox 976 2043 1077 2101; x_wconf 89' lang='lat' dir='ltr'><strong>est,</strong></span> <span class='ocrx_word' id='word_1_142' title='bbox 1108 2048 1207 2087; x_wconf 89' lang='lat' dir='ltr'><strong>nec</strong></span> <span class='ocrx_word' id='word_1_143' title='bbox 1238 2031 1453 2093; x_wconf 82' lang='lat' dir='ltr'><strong>initium</strong></span> <span class='ocrx_word' id='word_1_144' title='bbox 1475 2030 1646 2091; x_wconf 85' lang='lat' dir='ltr'><strong>eidem</strong></span> <span class='ocrx_word' id='word_1_145' title='bbox 1679 2028 1777 2099; x_wconf 80' lang='lat' dir='ltr'><strong>ipsi</strong></span> <span class='ocrx_word' id='word_1_146' title='bbox 1816 2026 1910 2091; x_wconf 76' lang='lat' dir='ltr'><strong>lia-</strong></span> 
     </span>
    </p>
   </div>
   <div class='ocr_carea' id='block_1_21' title="bbox 310 2128 1919 2193">
    <p class='ocr_par' dir='ltr' id='par_1_21' title="bbox 310 2128 1919 2193">
     <span class='ocr_line' id='line_1_21' title="bbox 310 2128 1919 2193; baseline -0.012 -2"><span class='ocrx_word' id='word_1_147' title='bbox 310 2136 445 2191; x_wconf 85' lang='lat' dir='ltr'><strong>bere</strong></span> <span class='ocrx_word' id='word_1_148' title='bbox 497 2148 601 2189; x_wconf 90' lang='lat' dir='ltr'><strong>nec</strong></span> <span class='ocrx_word' id='word_1_149' title='bbox 656 2129 973 2193; x_wconf 81' lang='lat' dir='ltr'><strong>terminum;</strong></span> <span class='ocrx_word' id='word_1_150' title='bbox 1016 2135 1397 2182; x_wconf 76' lang='lat' dir='ltr'><strong>consummata)</strong></span> <span class='ocrx_word' id='word_1_151' title='bbox 1441 2131 1614 2178; x_wconf 90' lang='lat' dir='ltr'><strong>autem</strong></span> <span class='ocrx_word' id='word_1_152' title='bbox 1651 2128 1919 2185; x_wconf 64' lang='lat' dir='ltr'><strong>creaturm</strong></span> 
     </span>
    </p>
   </div>
   <div class='ocr_carea' id='block_1_22' title="bbox 315 2214 1907 2291">
    <p class='ocr_par' dir='ltr' id='par_1_22' title="bbox 315 2214 1907 2291">
     <span class='ocr_line' id='line_1_22' title="bbox 315 2214 1907 2291; baseline -0.011 -7"><span class='ocrx_word' id='word_1_153' title='bbox 315 2228 526 2283; x_wconf 85' lang='lat' dir='ltr'><strong>habere</strong></span> <span class='ocrx_word' id='word_1_154' title='bbox 574 2225 804 2290; x_wconf 85' lang='lat' dir='ltr'><strong>initium,</strong></span> <span class='ocrx_word' id='word_1_155' title='bbox 830 2220 1070 2277; x_wconf 88' lang='lat' dir='ltr'><strong>eamdem</strong></span> <span class='ocrx_word' id='word_1_156' title='bbox 1101 2221 1341 2290; x_wconf 89' lang='lat' dir='ltr'><strong>requiem</strong></span> <span class='ocrx_word' id='word_1_157' title='bbox 1372 2217 1487 2272; x_wconf 77' lang='lat' dir='ltr'><strong>Dei.</strong></span> <span class='ocrx_word' id='word_1_158' title='bbox 1528 2215 1791 2291; x_wconf 86' lang='lat' dir='ltr'><strong>Quoniam</strong></span> <span class='ocrx_word' id='word_1_159' title='bbox 1832 2214 1907 2275; x_wconf 93' lang='lat' dir='ltr'><strong>rei</strong></span> 
     </span>
    </p>
   </div>
   <div class='ocr_carea' id='block_1_23' title="bbox 310 2310 1909 2393">
    <p class='ocr_par' dir='ltr' id='par_1_23' title="bbox 310 2310 1909 2393">
     <span class='ocr_line' id='line_1_23' title="bbox 310 2310 1909 2393; baseline -0.008 -16"><span class='ocrx_word' id='word_1_160' title='bbox 310 2322 579 2393; x_wconf 86' lang='lat' dir='ltr'><strong>cujusque</strong></span> <span class='ocrx_word' id='word_1_161' title='bbox 608 2316 883 2389; x_wconf 75' lang='lat' dir='ltr'><strong>perfectio,</strong></span> <span class='ocrx_word' id='word_1_162' title='bbox 916 2331 1020 2369; x_wconf 92' lang='lat' dir='ltr'><strong>non</strong></span> <span class='ocrx_word' id='word_1_163' title='bbox 1058 2323 1162 2368; x_wconf 83' lang='lat' dir='ltr'><strong>tam</strong></span> <span class='ocrx_word' id='word_1_164' title='bbox 1192 2313 1251 2369; x_wconf 50' lang='lat' dir='ltr'><strong>in,</strong></span> <span class='ocrx_word' id='word_1_165' title='bbox 1298 2313 1545 2368; x_wconf 85' lang='lat' dir='ltr'><strong>universo</strong></span> <span class='ocrx_word' id='word_1_166' title='bbox 1593 2310 1743 2380; x_wconf 85' lang='lat' dir='ltr'><strong>cujus</strong></span> <span class='ocrx_word' id='word_1_167' title='bbox 1786 2323 1909 2389; x_wconf 80' lang='lat' dir='ltr'><strong>pars</strong></span> 
     </span>
    </p>
   </div>
   <div class='ocr_carea' id='block_1_24' title="bbox 314 2404 1907 2485">
    <p class='ocr_par' dir='ltr' id='par_1_24' title="bbox 314 2404 1907 2485">
     <span class='ocr_line' id='line_1_24' title="bbox 314 2404 1907 2485; baseline -0.009 -15"><span class='ocrx_word' id='word_1_168' title='bbox 314 2424 423 2481; x_wconf 85' lang='lat' dir='ltr'><strong>est,</strong></span> <span class='ocrx_word' id='word_1_169' title='bbox 454 2429 616 2485; x_wconf 87' lang='lat' dir='ltr'><strong>quam</strong></span> <span class='ocrx_word' id='word_1_170' title='bbox 645 2412 697 2466; x_wconf 89' lang='lat' dir='ltr'><strong>in</strong></span> <span class='ocrx_word' id='word_1_171' title='bbox 726 2426 790 2467; x_wconf 87' lang='lat' dir='ltr'><strong>eo</strong></span> <span class='ocrx_word' id='word_1_172' title='bbox 818 2425 847 2464; x_wconf 91' lang='lat' dir='ltr'><strong>a</strong></span> <span class='ocrx_word' id='word_1_173' title='bbox 870 2425 976 2479; x_wconf 85' lang='lat' dir='ltr'><strong>quo</strong></span> <span class='ocrx_word' id='word_1_174' title='bbox 1004 2415 1106 2476; x_wconf 87' lang='lat' dir='ltr'><strong>est,</strong></span> <span class='ocrx_word' id='word_1_175' title='bbox 1137 2408 1188 2461; x_wconf 90' lang='lat' dir='ltr'><strong>in</strong></span> <span class='ocrx_word' id='word_1_176' title='bbox 1234 2422 1339 2477; x_wconf 91' lang='lat' dir='ltr'><strong>quo</strong></span> <span class='ocrx_word' id='word_1_177' title='bbox 1383 2414 1437 2460; x_wconf 91' lang='lat' dir='ltr'><strong>et</strong></span> <span class='ocrx_word' id='word_1_178' title='bbox 1476 2405 1649 2485; x_wconf 75' lang='lat' dir='ltr'><strong>ipsum</strong></span> <span class='ocrx_word' id='word_1_179' title='bbox 1690 2404 1907 2457; x_wconf 82' lang='lat' dir='ltr'><strong>univcr-</strong></span> 
     </span>
    </p>
   </div>
   <div class='ocr_carea' id='block_1_25' title="bbox 314 2482 1907 2576">
    <p class='ocr_par' dir='ltr' id='par_1_25' title="bbox 314 2482 1907 2576">
     <span class='ocr_line' id='line_1_25' title="bbox 314 2482 1907 2576; baseline -0.011 -12"><span class='ocrx_word' id='word_1_180' title='bbox 314 2525 438 2564; x_wconf 90' lang='lat' dir='ltr'><strong>sum</strong></span> <span class='ocrx_word' id='word_1_181' title='bbox 464 2482 687 2576; x_wconf 76' lang='lat' dir='ltr'><strong>est,pro_</strong></span> <span class='ocrx_word' id='word_1_182' title='bbox 710 2505 790 2565; x_wconf 86' lang='lat' dir='ltr'><strong>sui</strong></span> <span class='ocrx_word' id='word_1_183' title='bbox 810 2502 1022 2575; x_wconf 72' lang='lat' dir='ltr'><strong>generis</strong></span> <span class='ocrx_word' id='word_1_184' title='bbox 1038 2500 1251 2556; x_wconf 90' lang='lat' dir='ltr'><strong>modulo</strong></span> <span class='ocrx_word' id='word_1_185' title='bbox 1273 2482 1535 2561; x_wconf 82' lang='lat' dir='ltr'><strong>stabilitur</strong></span> <span class='ocrx_word' id='word_1_186' title='bbox 1566 2482 1619 2551; x_wconf 70' lang='lat' dir='ltr'><strong>u&#39;t</strong></span> <span class='ocrx_word' id='word_1_187' title='bbox 1649 2496 1907 2567; x_wconf 86' lang='lat' dir='ltr'><strong>quiescat,</strong></span> 
     </span>
    </p>
   </div>
   <div class='ocr_carea' id='block_1_26' title="bbox 314 2582 1912 2665">
    <p class='ocr_par' dir='ltr' id='par_1_26' title="bbox 314 2582 1912 2665">
     <span class='ocr_line' id='line_1_26' title="bbox 314 2582 1912 2665; baseline -0.009 -9"><span class='ocrx_word' id='word_1_188' title='bbox 314 2602 369 2656; x_wconf 94' lang='lat' dir='ltr'><strong>id</strong></span> <span class='ocrx_word' id='word_1_189' title='bbox 393 2609 501 2665; x_wconf 86' lang='lat' dir='ltr'><strong>est,</strong></span> <span class='ocrx_word' id='word_1_190' title='bbox 557 2609 612 2654; x_wconf 90' lang='lat' dir='ltr'><strong>ut</strong></span> <span class='ocrx_word' id='word_1_191' title='bbox 646 2598 728 2655; x_wconf 86' lang='lat' dir='ltr'><strong>sui</strong></span> <span class='ocrx_word' id='word_1_192' title='bbox 763 2582 1017 2651; x_wconf 85' lang='lat' dir='ltr'><strong>momenti</strong></span> <span class='ocrx_word' id='word_1_193' title='bbox 1060 2593 1298 2650; x_wconf 89' lang='lat' dir='ltr'><strong>ordinem</strong></span> <span class='ocrx_word' id='word_1_194' title='bbox 1331 2600 1527 2655; x_wconf 82' lang='lat' dir='ltr'><strong>teneat.</strong></span> <span class='ocrx_word' id='word_1_195' title='bbox 1562 2591 1641 2646; x_wconf 87' lang='lat' dir='ltr'><strong>Ac</strong></span> <span class='ocrx_word' id='word_1_196' title='bbox 1689 2606 1783 2660; x_wconf 88' lang='lat' dir='ltr'><strong>per</strong></span> <span class='ocrx_word' id='word_1_197' title='bbox 1810 2589 1912 2642; x_wconf 87' lang='lat' dir='ltr'><strong>hoc</strong></span> 
     </span>
    </p>
   </div>
   <div class='ocr_carea' id='block_1_27' title="bbox 312 2688 1911 2766">
    <p class='ocr_par' dir='ltr' id='par_1_27' title="bbox 312 2688 1911 2766">
     <span class='ocr_line' id='line_1_27' title="bbox 312 2688 1911 2766; baseline -0.007 -16"><span class='ocrx_word' id='word_1_198' title='bbox 312 2698 433 2766; x_wconf 86' lang='lat' dir='ltr'><strong>ipsa</strong></span> <span class='ocrx_word' id='word_1_199' title='bbox 466 2694 783 2759; x_wconf 74' lang='lat' dir='ltr'><strong>universitas</strong></span> <span class='ocrx_word' id='word_1_200' title='bbox 822 2690 1103 2759; x_wconf 67' lang='lat' dir='ltr'><strong>creatura),</strong></span> <span class='ocrx_word' id='word_1_201' title='bbox 1157 2706 1281 2760; x_wconf 63' lang='lat' dir='ltr'><strong>qua;</strong></span> <span class='ocrx_word' id='word_1_202' title='bbox 1314 2704 1407 2751; x_wconf 77' lang='lat' dir='ltr'><strong>sex</strong></span> <span class='ocrx_word' id='word_1_203' title='bbox 1438 2688 1623 2747; x_wconf 84' lang='lat' dir='ltr'><strong>diebus</strong></span> <span class='ocrx_word' id='word_1_204' title='bbox 1660 2699 1911 2741; x_wconf 88' lang='lat' dir='ltr'><strong>consum-</strong></span> 
     </span>
    </p>
   </div>
   <div class='ocr_carea' id='block_1_28' title="bbox 312 2779 1912 2855">
    <p class='ocr_par' dir='ltr' id='par_1_28' title="bbox 312 2779 1912 2855">
     <span class='ocr_line' id='line_1_28' title="bbox 312 2779 1912 2855; baseline -0.007 -10"><span class='ocrx_word' id='word_1_205' title='bbox 312 2799 461 2845; x_wconf 86' lang='lat' dir='ltr'><strong>mata</strong></span> <span class='ocrx_word' id='word_1_206' title='bbox 488 2795 592 2855; x_wconf 89' lang='lat' dir='ltr'><strong>est,</strong></span> <span class='ocrx_word' id='word_1_207' title='bbox 624 2786 767 2849; x_wconf 78' lang='lat' dir='ltr'><strong>aliud</strong></span> <span class='ocrx_word' id='word_1_208' title='bbox 784 2787 948 2853; x_wconf 76' lang='lat' dir='ltr'><strong>habet</strong></span> <span class='ocrx_word' id='word_1_209' title='bbox 966 2786 1017 2851; x_wconf 82' lang='lat' dir='ltr'><strong>in</strong></span> <span class='ocrx_word' id='word_1_210' title='bbox 1044 2799 1136 2841; x_wconf 89' lang='lat' dir='ltr'><strong>sua</strong></span> <span class='ocrx_word' id='word_1_211' title='bbox 1164 2792 1357 2853; x_wconf 78' lang='lat' dir='ltr'><strong>natura.</strong></span> <span class='ocrx_word' id='word_1_212' title='bbox 1378 2784 1417 2850; x_wconf 63' lang='grc' dir='ltr'><strong>ιε,</strong></span> <span class='ocrx_word' id='word_1_213' title='bbox 1449 2780 1596 2845; x_wconf 70' lang='lat' dir='ltr'><strong>aliud</strong></span> <span class='ocrx_word' id='word_1_214' title='bbox 1627 2780 1679 2835; x_wconf 91' lang='lat' dir='ltr'><strong>in</strong></span> <span class='ocrx_word' id='word_1_215' title='bbox 1724 2779 1912 2843; x_wconf 78' lang='lat' dir='ltr'><strong>ordine</strong></span> 
     </span>
    </p>
   </div>
   <div class='ocr_carea' id='block_1_29' title="bbox 313 2870 1915 2951">
    <p class='ocr_par' dir='ltr' id='par_1_29' title="bbox 313 2870 1915 2951">
     <span class='ocr_line' id='line_1_29' title="bbox 313 2870 1915 2951; baseline -0.007 -16"><span class='ocrx_word' id='word_1_216' title='bbox 313 2896 425 2951; x_wconf 88' lang='lat' dir='ltr'><strong>quo</strong></span> <span class='ocrx_word' id='word_1_217' title='bbox 456 2882 512 2935; x_wconf 90' lang='lat' dir='ltr'><strong>in</strong></span> <span class='ocrx_word' id='word_1_218' title='bbox 540 2880 646 2939; x_wconf 85' lang='lat' dir='ltr'><strong>Deo</strong></span> <span class='ocrx_word' id='word_1_219' title='bbox 675 2887 777 2945; x_wconf 88' lang='lat' dir='ltr'><strong>est,</strong></span> <span class='ocrx_word' id='word_1_220' title='bbox 806 2893 912 2943; x_wconf 84' lang='lat' dir='ltr'><strong>non</strong></span> <span class='ocrx_word' id='word_1_221' title='bbox 956 2877 1093 2941; x_wconf 67' lang='lat' dir='ltr'><strong>sicut</strong></span> <span class='ocrx_word' id='word_1_222' title='bbox 1118 2876 1299 2945; x_wconf 62' lang='lat' dir='ltr'><strong>Deus,</strong></span> <span class='ocrx_word' id='word_1_223' title='bbox 1328 2874 1426 2939; x_wconf 76' lang='lat' dir='ltr'><strong>sed</strong></span> <span class='ocrx_word' id='word_1_224' title='bbox 1450 2883 1627 2939; x_wconf 61' lang='lat' dir='ltr'><strong>tamen</strong></span> <span class='ocrx_word' id='word_1_225' title='bbox 1672 2872 1741 2929; x_wconf 84' lang='lat' dir='ltr'><strong>ita</strong></span> <span class='ocrx_word' id='word_1_226' title='bbox 1774 2880 1832 2925; x_wconf 81' lang='lat' dir='ltr'><strong>ut</strong></span> <span class='ocrx_word' id='word_1_227' title='bbox 1860 2870 1915 2939; x_wconf 69' lang='lat' dir='ltr'><strong>ei,</strong></span> 
     </span>
    </p>
   </div>
   <div class='ocr_carea' id='block_1_30' title="bbox 311 2962 1917 3043">
    <p class='ocr_par' dir='ltr' id='par_1_30' title="bbox 311 2962 1917 3043">
     <span class='ocr_line' id='line_1_30' title="bbox 311 2962 1917 3043; baseline -0.006 -17"><span class='ocrx_word' id='word_1_228' title='bbox 311 2973 473 3043; x_wconf 85' lang='lat' dir='ltr'><strong>quies</strong></span> <span class='ocrx_word' id='word_1_229' title='bbox 502 2969 731 3040; x_wconf 66' lang='lat' dir='ltr'><strong>propria:</strong></span> <span class='ocrx_word' id='word_1_230' title='bbox 756 2967 1057 3033; x_wconf 80' lang='lat' dir='ltr'><strong>stabilitatis</strong></span> <span class='ocrx_word' id='word_1_231' title='bbox 1083 2981 1190 3022; x_wconf 92' lang='lat' dir='ltr'><strong>non</strong></span> <span class='ocrx_word' id='word_1_232' title='bbox 1217 2966 1311 3034; x_wconf 69' lang='lat' dir='ltr'><strong>sit,</strong></span> <span class='ocrx_word' id='word_1_233' title='bbox 1338 2966 1445 3033; x_wconf 76' lang='lat' dir='ltr'><strong>nisi</strong></span> <span class='ocrx_word' id='word_1_234' title='bbox 1464 2964 1521 3031; x_wconf 78' lang='lat' dir='ltr'><strong>in</strong></span> <span class='ocrx_word' id='word_1_235' title='bbox 1546 2965 1687 3029; x_wconf 81' lang='lat' dir='ltr'><strong>illius</strong></span> <span class='ocrx_word' id='word_1_236' title='bbox 1729 2962 1917 3032; x_wconf 80' lang='lat' dir='ltr'><strong>quiete</strong></span> 
     </span>
    </p>
   </div>
   <div class='ocr_carea' id='block_1_31' title="bbox 311 3056 1913 3137">
    <p class='ocr_par' dir='ltr' id='par_1_31' title="bbox 311 3056 1913 3137">
     <span class='ocr_line' id='line_1_31' title="bbox 311 3056 1913 3137; baseline 0.001 -20"><span class='ocrx_word' id='word_1_237' title='bbox 311 3064 409 3134; x_wconf 88' lang='lat' dir='ltr'><strong>qui</strong></span> <span class='ocrx_word' id='word_1_238' title='bbox 439 3062 568 3127; x_wconf 81' lang='lat' dir='ltr'><strong>nihil</strong></span> <span class='ocrx_word' id='word_1_239' title='bbox 598 3070 795 3132; x_wconf 82' lang='lat' dir='ltr'><strong>praeter</strong></span> <span class='ocrx_word' id='word_1_240' title='bbox 820 3076 879 3116; x_wconf 90' lang='lat' dir='ltr'><strong>se</strong></span> <span class='ocrx_word' id='word_1_241' title='bbox 901 3058 1469 3137; x_wconf 52' lang='lat' dir='ltr'><strong>appetiuquoadepto,</strong></span> <span class='ocrx_word' id='word_1_242' title='bbox 1488 3057 1812 3126; x_wconf 57' lang='lat' dir='ltr'><strong>requiescatr.</strong></span> <span class='ocrx_word' id='word_1_243' title='bbox 1845 3056 1913 3121; x_wconf 64' lang='grc' dir='ltr'>Ει</span> 
     </span>
    </p>
   </div>
   <div class='ocr_carea' id='block_1_32' title="bbox 312 3152 1913 3226">
    <p class='ocr_par' dir='ltr' id='par_1_32' title="bbox 312 3152 1913 3226">
     <span class='ocr_line' id='line_1_32' title="bbox 312 3152 1913 3226; baseline -0.006 -14"><span class='ocrx_word' id='word_1_244' title='bbox 312 3158 443 3214; x_wconf 89' lang='lat' dir='ltr'><strong>ideo</strong></span> <span class='ocrx_word' id='word_1_245' title='bbox 469 3156 598 3212; x_wconf 92' lang='lat' dir='ltr'><strong>dum</strong></span> <span class='ocrx_word' id='word_1_246' title='bbox 630 3157 743 3226; x_wconf 88' lang='lat' dir='ltr'><strong>ipse</strong></span> <span class='ocrx_word' id='word_1_247' title='bbox 760 3162 939 3219; x_wconf 77' lang='lat' dir='ltr'><strong>manet</strong></span> <span class='ocrx_word' id='word_1_248' title='bbox 964 3155 1015 3211; x_wconf 84' lang='lat' dir='ltr'><strong>in</strong></span> <span class='ocrx_word' id='word_1_249' title='bbox 1035 3169 1111 3217; x_wconf 78' lang='lat' dir='ltr'><strong>se,</strong></span> <span class='ocrx_word' id='word_1_250' title='bbox 1137 3152 1395 3225; x_wconf 67' lang='lat' dir='ltr'><strong>quidquid</strong></span> <span class='ocrx_word' id='word_1_251' title='bbox 1421 3168 1486 3208; x_wconf 86' lang='lat' dir='ltr'><strong>ex</strong></span> <span class='ocrx_word' id='word_1_252' title='bbox 1515 3152 1606 3217; x_wconf 87' lang='lat' dir='ltr'><strong>illo</strong></span> <span class='ocrx_word' id='word_1_253' title='bbox 1635 3158 1717 3208; x_wconf 83' lang='lat' dir='ltr'><strong>est</strong></span> <span class='ocrx_word' id='word_1_254' title='bbox 1739 3159 1913 3209; x_wconf 49' lang='lat' dir='ltr'><strong>retere</strong></span> 
     </span>
    </p>
   </div>
   <div class='ocr_carea' id='block_1_33' title="bbox 314 3246 1913 3321">
    <p class='ocr_par' dir='ltr' id='par_1_33' title="bbox 314 3246 1913 3321">
     <span class='ocr_line' id='line_1_33' title="bbox 314 3246 1913 3321; baseline 0.001 -18"><span class='ocrx_word' id='word_1_255' title='bbox 314 3260 447 3321; x_wconf 89' lang='lat' dir='ltr'><strong>quet</strong></span> <span class='ocrx_word' id='word_1_256' title='bbox 471 3250 662 3319; x_wconf 78' lang='lat' dir='ltr'><strong>adse;</strong></span> <span class='ocrx_word' id='word_1_257' title='bbox 710 3257 768 3304; x_wconf 90' lang='lat' dir='ltr'><strong>ut</strong></span> <span class='ocrx_word' id='word_1_258' title='bbox 806 3248 987 3315; x_wconf 71' lang='lat' dir='ltr'><strong>omnis</strong></span> <span class='ocrx_word' id='word_1_259' title='bbox 1008 3256 1253 3305; x_wconf 83' lang='lat' dir='ltr'><strong>creatura</strong></span> <span class='ocrx_word' id='word_1_260' title='bbox 1281 3248 1335 3300; x_wconf 91' lang='lat' dir='ltr'><strong>in</strong></span> <span class='ocrx_word' id='word_1_261' title='bbox 1377 3261 1439 3311; x_wconf 31' lang='lat' dir='ltr'><strong>se,</strong></span> <span class='ocrx_word' id='word_1_262' title='bbox 1470 3246 1667 3311; x_wconf 70' lang='lat' dir='ltr'><strong>habeat</strong></span> <span class='ocrx_word' id='word_1_263' title='bbox 1708 3254 1913 3307; x_wconf 72' lang='lat' dir='ltr'><strong>naturae</strong></span> 
     </span>
    </p>
   </div>
   <div class='ocr_carea' id='block_1_34' title="bbox 312 3338 1907 3411">
    <p class='ocr_par' dir='ltr' id='par_1_34' title="bbox 312 3338 1907 3411">
     <span class='ocr_line' id='line_1_34' title="bbox 312 3338 1907 3411; baseline -0.003 -14"><span class='ocrx_word' id='word_1_264' title='bbox 312 3358 428 3397; x_wconf 71' lang='lat' dir='ltr'><strong>sua:</strong></span> <span class='ocrx_word' id='word_1_265' title='bbox 461 3342 770 3408; x_wconf 88' lang='lat' dir='ltr'><strong>terminum,</strong></span> <span class='ocrx_word' id='word_1_266' title='bbox 792 3356 897 3411; x_wconf 91' lang='lat' dir='ltr'><strong>quo</strong></span> <span class='ocrx_word' id='word_1_267' title='bbox 920 3356 1026 3395; x_wconf 88' lang='lat' dir='ltr'><strong>non</strong></span> <span class='ocrx_word' id='word_1_268' title='bbox 1051 3340 1121 3395; x_wconf 82' lang='lat' dir='ltr'><strong>sit</strong></span> <span class='ocrx_word' id='word_1_269' title='bbox 1154 3339 1297 3409; x_wconf 82' lang='lat' dir='ltr'><strong>quod</strong></span> <span class='ocrx_word' id='word_1_270' title='bbox 1326 3340 1445 3408; x_wconf 73' lang='lat' dir='ltr'><strong>ipse</strong></span> <span class='ocrx_word' id='word_1_271' title='bbox 1465 3347 1583 3403; x_wconf 79' lang='lat' dir='ltr'><strong>est;</strong></span> <span class='ocrx_word' id='word_1_272' title='bbox 1610 3339 1660 3392; x_wconf 87' lang='lat' dir='ltr'><strong>in</strong></span> <span class='ocrx_word' id='word_1_273' title='bbox 1692 3338 1782 3393; x_wconf 91' lang='lat' dir='ltr'><strong>illo</strong></span> <span class='ocrx_word' id='word_1_274' title='bbox 1810 3353 1907 3397; x_wconf 74' lang='lat' dir='ltr'><strong>att-</strong></span> 
     </span>
    </p>
   </div>
   <div class='ocr_carea' id='block_1_35' title="bbox 312 3428 1913 3511">
    <p class='ocr_par' dir='ltr' id='par_1_35' title="bbox 312 3428 1913 3511">
     <span class='ocr_line' id='line_1_35' title="bbox 312 3428 1913 3511; baseline -0.009 -6"><span class='ocrx_word' id='word_1_275' title='bbox 312 3444 426 3490; x_wconf 74' lang='lat' dir='ltr'><strong>tcm</strong></span> <span class='ocrx_word' id='word_1_276' title='bbox 447 3434 646 3511; x_wconf 53' lang='lat' dir='ltr'><strong>athletis</strong></span> <span class='ocrx_word' id='word_1_277' title='bbox 674 3435 873 3503; x_wconf 62' lang='lat' dir='ltr'><strong>tot:qu</strong></span> <span class='ocrx_word' id='word_1_278' title='bbox 888 3449 991 3505; x_wconf 69' lang='lat' dir='ltr'><strong>sue</strong></span> <span class='ocrx_word' id='word_1_279' title='bbox 1012 3440 1190 3499; x_wconf 62' lang='lat' dir='ltr'><strong>servet</strong></span> <span class='ocrx_word' id='word_1_280' title='bbox 1219 3430 1363 3501; x_wconf 75' lang='lat' dir='ltr'><strong>quod</strong></span> <span class='ocrx_word' id='word_1_281' title='bbox 1380 3428 1748 3500; x_wconf 17' lang='lat' dir='ltr'><strong>immersae</strong></span> <span class='ocrx_word' id='word_1_282' title='bbox 1768 3428 1913 3500; x_wconf 68' lang='lat' dir='ltr'><strong>quod</strong></span> 
     </span>
    </p>
   </div>
   <div class='ocr_carea' id='block_1_36' title="bbox 310 3519 1935 3611">
    <p class='ocr_par' dir='ltr' id='par_1_36' title="bbox 310 3519 1935 3611">
     <span class='ocr_line' id='line_1_36' title="bbox 310 3519 1935 3611; baseline -0.006 -28"><span class='ocrx_word' id='word_1_283' title='bbox 310 3543 425 3585; x_wconf 87' lang='lat' dir='ltr'><strong>non</strong></span> <span class='ocrx_word' id='word_1_284' title='bbox 455 3527 672 3611; x_wconf 73' lang='lat' dir='ltr'><strong>proprie</strong></span> <span class='ocrx_word' id='word_1_285' title='bbox 711 3525 937 3581; x_wconf 61' lang='lat' dir='ltr'><strong>dixerim</strong></span> <span class='ocrx_word' id='word_1_286' title='bbox 969 3526 1172 3591; x_wconf 81' lang='lat' dir='ltr'><strong>locum;</strong></span> <span class='ocrx_word' id='word_1_287' title='bbox 1222 3538 1351 3579; x_wconf 86' lang='lat' dir='ltr'><strong>nam</strong></span> <span class='ocrx_word' id='word_1_288' title='bbox 1380 3523 1592 3591; x_wconf 78' lang='lat' dir='ltr'><strong>proprie</strong></span> <span class='ocrx_word' id='word_1_289' title='bbox 1634 3520 1826 3579; x_wconf 86' lang='lat' dir='ltr'><strong>dicitur</strong></span> <span class='ocrx_word' id='word_1_290' title='bbox 1854 3519 1935 3573; x_wconf 54' lang='lat' dir='ltr'><strong>in&#39;</strong></span> 
     </span>
    </p>
   </div>
   <div class='ocr_carea' id='block_1_37' title="bbox 310 3613 1906 3692">
    <p class='ocr_par' dir='ltr' id='par_1_37' title="bbox 310 3613 1906 3692">
     <span class='ocr_line' id='line_1_37' title="bbox 310 3613 1906 3692; baseline -0.004 -19"><span class='ocrx_word' id='word_1_291' title='bbox 310 3620 503 3689; x_wconf 84' lang='lat' dir='ltr'><strong>spatiis</strong></span> <span class='ocrx_word' id='word_1_292' title='bbox 530 3636 650 3690; x_wconf 71' lang='lat' dir='ltr'><strong>qum</strong></span> <span class='ocrx_word' id='word_1_293' title='bbox 681 3617 994 3692; x_wconf 80' lang='lat' dir='ltr'><strong>corppribus</strong></span> <span class='ocrx_word' id='word_1_294' title='bbox 1023 3626 1350 3687; x_wconf 70' lang='lat' dir='ltr'><strong>occupantur</strong></span> <span class='ocrx_word' id='word_1_295' title='bbox 1379 3632 1397 3668; x_wconf 69' lang='grc' dir='ltr'><strong>ι</strong></span> <span class='ocrx_word' id='word_1_296' title='bbox 1426 3614 1527 3679; x_wconf 78' lang='lat' dir='ltr'><strong>sed</strong></span> <span class='ocrx_word' id='word_1_297' title='bbox 1564 3614 1684 3683; x_wconf 74' lang='lat' dir='ltr'><strong>quia</strong></span> <span class='ocrx_word' id='word_1_298' title='bbox 1711 3622 1766 3669; x_wconf 90' lang='lat' dir='ltr'><strong>et</strong></span> <span class='ocrx_word' id='word_1_299' title='bbox 1792 3613 1906 3683; x_wconf 84' lang='lat' dir='ltr'><strong>ipsa</strong></span> 
     </span>
    </p>
   </div>
   <div class='ocr_carea' id='block_1_38' title="bbox 311 3692 1908 3782">
    <p class='ocr_par' dir='ltr' id='par_1_38' title="bbox 311 3692 1908 3782">
     <span class='ocr_line' id='line_1_38' title="bbox 311 3692 1908 3782; baseline -0.004 -16"><span class='ocrx_word' id='word_1_300' title='bbox 311 3726 547 3782; x_wconf 73' lang='lat' dir='ltr'><strong>corpora</strong></span> <span class='ocrx_word' id='word_1_301' title='bbox 573 3727 680 3779; x_wconf 80' lang='lat' dir='ltr'><strong>non</strong></span> <span class='ocrx_word' id='word_1_302' title='bbox 710 3709 1001 3775; x_wconf 77' lang='lat' dir='ltr'><strong>manentia</strong></span> <span class='ocrx_word' id='word_1_303' title='bbox 1044 3710 1201 3775; x_wconf 73' lang='lat' dir='ltr'><strong>loco,</strong></span> <span class='ocrx_word' id='word_1_304' title='bbox 1244 3707 1345 3769; x_wconf 87' lang='lat' dir='ltr'><strong>nisi</strong></span> <span class='ocrx_word' id='word_1_305' title='bbox 1375 3722 1480 3777; x_wconf 69' lang='lat' dir='ltr'><strong>quo</strong></span> <span class='ocrx_word' id='word_1_306' title='bbox 1527 3706 1610 3762; x_wconf 88' lang='lat' dir='ltr'><strong>sui</strong></span> <span class='ocrx_word' id='word_1_307' title='bbox 1656 3692 1908 3775; x_wconf 81' lang='lat' dir='ltr'><strong>ponderis</strong></span> 
     </span>
    </p>
   </div>
   <div class='ocr_carea' id='block_1_39' title="bbox 312 3801 1905 3876">
    <p class='ocr_par' dir='ltr' id='par_1_39' title="bbox 312 3801 1905 3876">
     <span class='ocr_line' id='line_1_39' title="bbox 312 3801 1905 3876; baseline 0.008 -17"><span class='ocrx_word' id='word_1_308' title='bbox 312 3814 579 3876; x_wconf 64' lang='lat' dir='ltr'><strong>tanquam</strong></span> <span class='ocrx_word' id='word_1_309' title='bbox 601 3805 837 3874; x_wconf 71' lang='lat' dir='ltr'><strong>appetitu</strong></span> <span class='ocrx_word' id='word_1_310' title='bbox 860 3803 1277 3873; x_wconf 46' lang='lat' dir='ltr'><strong>perveniente!</strong></span> <span class='ocrx_word' id='word_1_311' title='bbox 1299 3816 1367 3859; x_wconf 72' lang='grc' dir='ltr'><strong>ϐο</strong></span> <span class='ocrx_word' id='word_1_312' title='bbox 1393 3811 1670 3869; x_wconf 62' lang='lat' dir='ltr'><strong>comperto</strong></span> <span class='ocrx_word' id='word_1_313' title='bbox 1690 3801 1905 3871; x_wconf 56' lang='lat' dir='ltr'><strong>restio:</strong></span> 
     </span>
    </p>
   </div>
   <div class='ocr_carea' id='block_1_40' title="bbox 308 3892 1909 3966">
    <p class='ocr_par' dir='ltr' id='par_1_40' title="bbox 308 3892 1909 3966">
     <span class='ocr_line' id='line_1_40' title="bbox 308 3892 1909 3966; baseline -0.004 -13"><span class='ocrx_word' id='word_1_314' title='bbox 308 3908 502 3963; x_wconf 83' lang='lat' dir='ltr'><strong>scant;</strong></span> <span class='ocrx_word' id='word_1_315' title='bbox 527 3896 775 3965; x_wconf 58' lang='lat' dir='ltr'><strong>Mennim</strong></span> <span class='ocrx_word' id='word_1_316' title='bbox 801 3898 1221 3966; x_wconf 57' lang='lat' dir='ltr'><strong>incongruenter»</strong></span> <span class='ocrx_word' id='word_1_317' title='bbox 1233 3909 1267 3947; x_wconf 84' lang='lat' dir='ltr'><strong>a</strong></span> <span class='ocrx_word' id='word_1_318' title='bbox 1279 3893 1646 3963; x_wconf 68' lang='lat' dir='ltr'><strong>corporalibus</strong></span> <span class='ocrx_word' id='word_1_319' title='bbox 1662 3892 1734 3955; x_wconf 69' lang='lat' dir='ltr'><strong>ad</strong></span> <span class='ocrx_word' id='word_1_320' title='bbox 1750 3893 1909 3962; x_wconf 46' lang='lat' dir='ltr'><strong>spiris</strong></span> 
     </span>
    </p>
   </div>
   <div class='ocr_carea' id='block_1_41' title="bbox 308 3986 1907 4057">
    <p class='ocr_par' dir='ltr' id='par_1_41' title="bbox 308 3986 1907 4057">
     <span class='ocr_line' id='line_1_41' title="bbox 308 3986 1907 4057; baseline -0.003 -14"><span class='ocrx_word' id='word_1_321' title='bbox 308 3990 478 4044; x_wconf 87' lang='lat' dir='ltr'><strong>tualia</strong></span> <span class='ocrx_word' id='word_1_322' title='bbox 514 3990 741 4055; x_wconf 68' lang='lat' dir='ltr'><strong>verbum</strong></span> <span class='ocrx_word' id='word_1_323' title='bbox 780 3988 1117 4057; x_wconf 72' lang='lat' dir='ltr'><strong>transfertur,</strong></span> <span class='ocrx_word' id='word_1_324' title='bbox 1148 3996 1207 4043; x_wconf 86' lang='lat' dir='ltr'><strong>ut</strong></span> <span class='ocrx_word' id='word_1_325' title='bbox 1229 3986 1435 4045; x_wconf 76' lang='lat' dir='ltr'><strong>dicatur</strong></span> <span class='ocrx_word' id='word_1_326' title='bbox 1454 3986 1623 4050; x_wconf 78' lang='lat' dir='ltr'><strong>locus,</strong></span> <span class='ocrx_word' id='word_1_327' title='bbox 1654 3999 1780 4049; x_wconf 72' lang='lat' dir='ltr'><strong>cum</strong></span> <span class='ocrx_word' id='word_1_328' title='bbox 1818 3998 1907 4041; x_wconf 90' lang='lat' dir='ltr'><strong>res</strong></span> 
     </span>
    </p>
   </div>
   <div class='ocr_carea' id='block_1_42' title="bbox 308 4082 949 4152">
    <p class='ocr_par' dir='ltr' id='par_1_42' title="bbox 308 4082 949 4152">
     <span class='ocr_line' id='line_1_42' title="bbox 308 4082 949 4152; baseline -0.002 -15"><span class='ocrx_word' id='word_1_329' title='bbox 308 4083 431 4152; x_wconf 80' lang='lat' dir='ltr'><strong>ipsa</strong></span> <span class='ocrx_word' id='word_1_330' title='bbox 456 4083 750 4152; x_wconf 68' lang='lat' dir='ltr'><strong>plurimum</strong></span> <span class='ocrx_word' id='word_1_331' title='bbox 771 4082 949 4140; x_wconf 77' lang='lat' dir='ltr'><strong>distet.</strong></span> 
     </span>
    </p>
   </div>
   <div class='ocr_carea' id='block_1_43' title="bbox 386 4169 1906 4245">
    <p class='ocr_par' dir='ltr' id='par_1_43' title="bbox 386 4169 1906 4245">
     <span class='ocr_line' id='line_1_43' title="bbox 386 4169 1906 4245; baseline -0.004 -16"><span class='ocrx_word' id='word_1_332' title='bbox 386 4174 475 4229; x_wconf 77' lang='lat'><strong>35.</strong></span> <span class='ocrx_word' id='word_1_333' title='bbox 510 4174 721 4228; x_wconf 89' lang='lat' dir='ltr'><strong>Initium</strong></span> <span class='ocrx_word' id='word_1_334' title='bbox 744 4188 872 4245; x_wconf 81' lang='lat' dir='ltr'><strong>ergo</strong></span> <span class='ocrx_word' id='word_1_335' title='bbox 917 4182 1179 4231; x_wconf 68' lang='lat' dir='ltr'><strong>creatum</strong></span> <span class='ocrx_word' id='word_1_336' title='bbox 1204 4172 1259 4231; x_wconf 73' lang='lat' dir='ltr'><strong>in</strong></span> <span class='ocrx_word' id='word_1_337' title='bbox 1298 4172 1475 4242; x_wconf 87' lang='lat' dir='ltr'><strong>quiete</strong></span> <span class='ocrx_word' id='word_1_338' title='bbox 1515 4169 1783 4226; x_wconf 88' lang='lat' dir='ltr'><strong>Creatoris</strong></span> <span class='ocrx_word' id='word_1_339' title='bbox 1814 4169 1906 4224; x_wconf 91' lang='lat' dir='ltr'><strong>illo</strong></span> 
     </span>
    </p>
   </div>
   <div class='ocr_carea' id='block_1_44' title="bbox 306 4262 1906 4337">
    <p class='ocr_par' dir='ltr' id='par_1_44' title="bbox 306 4262 1906 4337">
     <span class='ocr_line' id='line_1_44' title="bbox 306 4262 1906 4337; baseline -0.002 -16"><span class='ocrx_word' id='word_1_340' title='bbox 306 4282 474 4324; x_wconf 86' lang='lat' dir='ltr'><strong>mane</strong></span> <span class='ocrx_word' id='word_1_341' title='bbox 499 4266 857 4337; x_wconf 64' lang='lat' dir='ltr'><strong>signiltcatum</strong></span> <span class='ocrx_word' id='word_1_342' title='bbox 899 4266 1151 4332; x_wconf 75' lang='lat' dir='ltr'><strong>arbitror,</strong></span> <span class='ocrx_word' id='word_1_343' title='bbox 1178 4264 1321 4336; x_wconf 75' lang='lat' dir='ltr'><strong>quod</strong></span> <span class='ocrx_word' id='word_1_344' title='bbox 1342 4262 1540 4320; x_wconf 79' lang='lat' dir='ltr'><strong>factum</strong></span> <span class='ocrx_word' id='word_1_345' title='bbox 1556 4270 1640 4321; x_wconf 86' lang='lat' dir='ltr'><strong>est</strong></span> <span class='ocrx_word' id='word_1_346' title='bbox 1663 4270 1784 4332; x_wconf 87' lang='lat' dir='ltr'><strong>post</strong></span> <span class='ocrx_word' id='word_1_347' title='bbox 1811 4277 1906 4318; x_wconf 82' lang='lat' dir='ltr'><strong>ve-</strong></span> 
     </span>
    </p>
   </div>
   <div class='ocr_carea' id='block_1_45' title="bbox 307 4358 1902 4432">
    <p class='ocr_par' dir='ltr' id='par_1_45' title="bbox 307 4358 1902 4432">
     <span class='ocr_line' id='line_1_45' title="bbox 307 4358 1902 4432; baseline -0.001 -16"><span class='ocrx_word' id='word_1_348' title='bbox 307 4376 528 4432; x_wconf 84' lang='lat' dir='ltr'><strong>speram</strong></span> <span class='ocrx_word' id='word_1_349' title='bbox 557 4363 697 4418; x_wconf 75' lang='lat' dir='ltr'><strong>sexti</strong></span> <span class='ocrx_word' id='word_1_350' title='bbox 728 4362 835 4419; x_wconf 81' lang='lat' dir='ltr'><strong>diei</strong></span> <span class='ocrx_word' id='word_1_351' title='bbox 863 4378 883 4427; x_wconf 76' lang='lat'><strong>;</strong></span> <span class='ocrx_word' id='word_1_352' title='bbox 907 4376 1019 4431; x_wconf 69' lang='lat' dir='ltr'><strong>non</strong></span> <span class='ocrx_word' id='word_1_353' title='bbox 1038 4360 1185 4421; x_wconf 88' lang='lat' dir='ltr'><strong>enim</strong></span> <span class='ocrx_word' id='word_1_354' title='bbox 1202 4369 1383 4430; x_wconf 82' lang='lat' dir='ltr'><strong>posset</strong></span> <span class='ocrx_word' id='word_1_355' title='bbox 1406 4360 1463 4414; x_wconf 86' lang='lat' dir='ltr'><strong>in</strong></span> <span class='ocrx_word' id='word_1_356' title='bbox 1480 4359 1574 4414; x_wconf 85' lang='lat' dir='ltr'><strong>illo</strong></span> <span class='ocrx_word' id='word_1_357' title='bbox 1601 4359 1704 4415; x_wconf 87' lang='lat' dir='ltr'><strong>nisi</strong></span> <span class='ocrx_word' id='word_1_358' title='bbox 1724 4358 1902 4430; x_wconf 80' lang='lat' dir='ltr'><strong>perfe—</strong></span> 
     </span>
    </p>
   </div>
   <div class='ocr_carea' id='block_1_46' title="bbox 307 4445 1908 4523">
    <p class='ocr_par' dir='ltr' id='par_1_46' title="bbox 307 4445 1908 4523">
     <span class='ocr_line' id='line_1_46' title="bbox 307 4445 1908 4523; baseline -0.002 -15"><span class='ocrx_word' id='word_1_359' title='bbox 307 4462 399 4508; x_wconf 86' lang='lat' dir='ltr'><strong>cta</strong></span> <span class='ocrx_word' id='word_1_360' title='bbox 420 4453 754 4523; x_wconf 77' lang='lat' dir='ltr'><strong>requiescere</strong></span> <span class='ocrx_word' id='word_1_361' title='bbox 783 4472 796 4509; x_wconf 88' lang='lat'><strong>:</strong></span> <span class='ocrx_word' id='word_1_362' title='bbox 824 4445 1217 4523; x_wconf 66' lang='lat' dir='ltr'><strong>proindesexto</strong></span> <span class='ocrx_word' id='word_1_363' title='bbox 1234 4452 1321 4507; x_wconf 82' lang='lat' dir='ltr'><strong>die</strong></span> <span class='ocrx_word' id='word_1_364' title='bbox 1334 4452 1719 4509; x_wconf 68' lang='lat' dir='ltr'><strong>consummetis</strong></span> <span class='ocrx_word' id='word_1_365' title='bbox 1734 4452 1908 4521; x_wconf 84' lang='lat' dir='ltr'><strong>omni-</strong></span> 
     </span>
    </p>
   </div>
   <div class='ocr_carea' id='block_1_47' title="bbox 309 4542 1905 4615">
    <p class='ocr_par' dir='ltr' id='par_1_47' title="bbox 309 4542 1905 4615">
     <span class='ocr_line' id='line_1_47' title="bbox 309 4542 1905 4615; baseline -0.001 -16"><span class='ocrx_word' id='word_1_366' title='bbox 309 4544 439 4613; x_wconf 80' lang='lat' dir='ltr'><strong>bus,</strong></span> <span class='ocrx_word' id='word_1_367' title='bbox 464 4544 707 4615; x_wconf 85' lang='lat' dir='ltr'><strong>factaque</strong></span> <span class='ocrx_word' id='word_1_368' title='bbox 726 4559 973 4614; x_wconf 78' lang='lat' dir='ltr'><strong>vespera,</strong></span> <span class='ocrx_word' id='word_1_369' title='bbox 1002 4544 1197 4607; x_wconf 67' lang='lat' dir='ltr'><strong>Etenim</strong></span> <span class='ocrx_word' id='word_1_370' title='bbox 1228 4551 1311 4601; x_wconf 85' lang='lat' dir='ltr'><strong>est</strong></span> <span class='ocrx_word' id='word_1_371' title='bbox 1335 4551 1391 4600; x_wconf 87' lang='lat' dir='ltr'><strong>et</strong></span> <span class='ocrx_word' id='word_1_372' title='bbox 1416 4558 1591 4609; x_wconf 85' lang='lat' dir='ltr'><strong>mane,</strong></span> <span class='ocrx_word' id='word_1_373' title='bbox 1623 4558 1731 4612; x_wconf 88' lang='lat' dir='ltr'><strong>quo</strong></span> <span class='ocrx_word' id='word_1_374' title='bbox 1770 4542 1905 4601; x_wconf 79' lang='lat' dir='ltr'><strong>inci-</strong></span> 
     </span>
    </p>
   </div>
   <div class='ocr_carea' id='block_1_48' title="bbox 310 4634 1906 4708">
    <p class='ocr_par' dir='ltr' id='par_1_48' title="bbox 310 4634 1906 4708">
     <span class='ocr_line' id='line_1_48' title="bbox 310 4634 1906 4708; baseline 0 -19"><span class='ocrx_word' id='word_1_375' title='bbox 310 4644 470 4708; x_wconf 85' lang='lat' dir='ltr'><strong>peret</strong></span> <span class='ocrx_word' id='word_1_376' title='bbox 491 4648 859 4707; x_wconf 58' lang='lat' dir='ltr'><strong>consummata</strong></span> <span class='ocrx_word' id='word_1_377' title='bbox 887 4644 1135 4701; x_wconf 64' lang='lat' dir='ltr'><strong>creatura</strong></span> <span class='ocrx_word' id='word_1_378' title='bbox 1158 4638 1217 4695; x_wconf 76' lang='lat' dir='ltr'><strong>in</strong></span> <span class='ocrx_word' id='word_1_379' title='bbox 1236 4634 1334 4692; x_wconf 91' lang='lat' dir='ltr'><strong>illo</strong></span> <span class='ocrx_word' id='word_1_380' title='bbox 1360 4651 1395 4697; x_wconf 84' lang='lat' dir='ltr'><strong>a</strong></span> <span class='ocrx_word' id='word_1_381' title='bbox 1412 4651 1523 4706; x_wconf 89' lang='lat' dir='ltr'><strong>quo.</strong></span> <span class='ocrx_word' id='word_1_382' title='bbox 1547 4634 1686 4693; x_wconf 74' lang='lat' dir='ltr'><strong>facta</strong></span> <span class='ocrx_word' id='word_1_383' title='bbox 1711 4643 1795 4690; x_wconf 82' lang='lat' dir='ltr'><strong>est</strong></span> <span class='ocrx_word' id='word_1_384' title='bbox 1818 4650 1906 4693; x_wconf 85' lang='lat' dir='ltr'><strong>re-</strong></span> 
     </span>
    </p>
   </div>
   <div class='ocr_carea' id='block_1_49' title="bbox 313 4729 1903 4801">
    <p class='ocr_par' dir='ltr' id='par_1_49' title="bbox 313 4729 1903 4801">
     <span class='ocr_line' id='line_1_49' title="bbox 313 4729 1903 4801; baseline 0.001 -18"><span class='ocrx_word' id='word_1_385' title='bbox 313 4731 614 4801; x_wconf 76' lang='lat' dir='ltr'><strong>quiescere.</strong></span> <span class='ocrx_word' id='word_1_386' title='bbox 637 4730 755 4798; x_wconf 75' lang='lat' dir='ltr'><strong>Quo</strong></span> <span class='ocrx_word' id='word_1_387' title='bbox 777 4730 927 4793; x_wconf 67' lang='lat' dir='ltr'><strong>initio</strong></span> <span class='ocrx_word' id='word_1_388' title='bbox 959 4731 1131 4793; x_wconf 78' lang='lat' dir='ltr'><strong>Deum</strong></span> <span class='ocrx_word' id='word_1_389' title='bbox 1156 4730 1213 4787; x_wconf 68' lang='lat' dir='ltr'><strong>in.</strong></span> <span class='ocrx_word' id='word_1_390' title='bbox 1236 4730 1417 4799; x_wconf 81' lang='lat' dir='ltr'><strong>seipse.</strong></span> <span class='ocrx_word' id='word_1_391' title='bbox 1457 4729 1903 4799; x_wconf 59' lang='lat' dir='ltr'><strong>requiescam,</strong></span> 
     </span>
    </p>
   </div>
   <div class='ocr_carea' id='block_1_50' title="bbox 316 4820 1907 4892">
    <p class='ocr_par' dir='ltr' id='par_1_50' title="bbox 316 4820 1907 4892">
     <span class='ocr_line' id='line_1_50' title="bbox 316 4820 1907 4892; baseline 0.002 -18"><span class='ocrx_word' id='word_1_392' title='bbox 316 4821 409 4875; x_wconf 89' lang='lat' dir='ltr'><strong>ubi</strong></span> <span class='ocrx_word' id='word_1_393' title='bbox 432 4828 489 4885; x_wconf 75' lang='lat' dir='ltr'><strong>et</strong></span> <span class='ocrx_word' id='word_1_394' title='bbox 507 4822 622 4891; x_wconf 77' lang='lat' dir='ltr'><strong>ipsa</strong></span> <span class='ocrx_word' id='word_1_395' title='bbox 664 4822 1003 4891; x_wconf 69' lang='lat' dir='ltr'><strong>requiescere</strong></span> <span class='ocrx_word' id='word_1_396' title='bbox 1030 4830 1213 4892; x_wconf 77' lang='lat' dir='ltr'><strong>posset</strong></span> <span class='ocrx_word' id='word_1_397' title='bbox 1240 4821 1460 4888; x_wconf 80' lang='lat' dir='ltr'><strong>invenit,</strong></span> <span class='ocrx_word' id='word_1_398' title='bbox 1491 4827 1639 4875; x_wconf 82' lang='lat' dir='ltr'><strong>tanto</strong></span> <span class='ocrx_word' id='word_1_399' title='bbox 1666 4820 1907 4883; x_wconf 73' lang='lat' dir='ltr'><strong>stabilius</strong></span> 
     </span>
    </p>
   </div>
   <div class='ocr_carea' id='block_1_51' title="bbox 315 4912 1907 4983">
    <p class='ocr_par' dir='ltr' id='par_1_51' title="bbox 315 4912 1907 4983">
     <span class='ocr_line' id='line_1_51' title="bbox 315 4912 1907 4983; baseline 0.001 -17"><span class='ocrx_word' id='word_1_400' title='bbox 315 4922 481 4982; x_wconf 81' lang='lat' dir='ltr'><strong>atque</strong></span> <span class='ocrx_word' id='word_1_401' title='bbox 498 4913 723 4981; x_wconf 72' lang='lat' dir='ltr'><strong>ﬁrmius,</strong></span> <span class='ocrx_word' id='word_1_402' title='bbox 756 4921 956 4983; x_wconf 81' lang='lat' dir='ltr'><strong>quanto</strong></span> <span class='ocrx_word' id='word_1_403' title='bbox 982 4914 1095 4983; x_wconf 86' lang='lat' dir='ltr'><strong>ipsa</strong></span> <span class='ocrx_word' id='word_1_404' title='bbox 1121 4914 1283 4979; x_wconf 82' lang='lat' dir='ltr'><strong>illius,</strong></span> <span class='ocrx_word' id='word_1_405' title='bbox 1302 4927 1408 4967; x_wconf 91' lang='lat' dir='ltr'><strong>non</strong></span> <span class='ocrx_word' id='word_1_406' title='bbox 1441 4913 1537 4968; x_wconf 75' lang='lat' dir='ltr'><strong>ille</strong></span> <span class='ocrx_word' id='word_1_407' title='bbox 1575 4912 1731 4981; x_wconf 82' lang='lat' dir='ltr'><strong>hujus</strong></span> <span class='ocrx_word' id='word_1_408' title='bbox 1760 4912 1907 4982; x_wconf 76' lang='lat' dir='ltr'><strong>eguit</strong></span> 
     </span>
    </p>
   </div>
   <div class='ocr_carea' id='block_1_52' title="bbox 314 5004 1908 5076">
    <p class='ocr_par' dir='ltr' id='par_1_52' title="bbox 314 5004 1908 5076">
     <span class='ocr_line' id='line_1_52' title="bbox 314 5004 1908 5076; baseline 0.001 -18"><span class='ocrx_word' id='word_1_409' title='bbox 314 5004 382 5059; x_wconf 90' lang='lat' dir='ltr'><strong>ad</strong></span> <span class='ocrx_word' id='word_1_410' title='bbox 404 5005 645 5075; x_wconf 61' lang='lat' dir='ltr'><strong>quietem</strong></span> <span class='ocrx_word' id='word_1_411' title='bbox 669 5020 843 5068; x_wconf 81' lang='lat' dir='ltr'><strong>suam.</strong></span> <span class='ocrx_word' id='word_1_412' title='bbox 874 5004 983 5063; x_wconf 81' lang='lat' dir='ltr'><strong>Sed</strong></span> <span class='ocrx_word' id='word_1_413' title='bbox 1013 5007 1262 5076; x_wconf 77' lang='lat' dir='ltr'><strong>quoniam</strong></span> <span class='ocrx_word' id='word_1_414' title='bbox 1293 5006 1546 5076; x_wconf 84' lang='lat' dir='ltr'><strong>quidquid</strong></span> <span class='ocrx_word' id='word_1_415' title='bbox 1569 5008 1672 5061; x_wconf 83' lang='lat' dir='ltr'><strong>erit</strong></span> <span class='ocrx_word' id='word_1_416' title='bbox 1691 5006 1908 5068; x_wconf 81' lang='lat' dir='ltr'><strong>univer-</strong></span> 
     </span>
    </p>
   </div>
   <div class='ocr_carea' id='block_1_53' title="bbox 310 5096 1909 5167">
    <p class='ocr_par' dir='ltr' id='par_1_53' title="bbox 310 5096 1909 5167">
     <span class='ocr_line' id='line_1_53' title="bbox 310 5096 1909 5167; baseline 0.001 -17"><span class='ocrx_word' id='word_1_417' title='bbox 310 5110 373 5150; x_wconf 85' lang='lat' dir='ltr'><strong>sa</strong></span> <span class='ocrx_word' id='word_1_418' title='bbox 399 5104 647 5160; x_wconf 78' lang='lat' dir='ltr'><strong>creatura</strong></span> <span class='ocrx_word' id='word_1_419' title='bbox 673 5096 997 5166; x_wconf 70' lang='lat' dir='ltr'><strong>quibuslibet</strong></span> <span class='ocrx_word' id='word_1_420' title='bbox 1033 5097 1417 5155; x_wconf 76' lang='lat' dir='ltr'><strong>mutationibus</strong></span> <span class='ocrx_word' id='word_1_421' title='bbox 1438 5097 1570 5162; x_wconf 79' lang='lat' dir='ltr'><strong>suis,</strong></span> <span class='ocrx_word' id='word_1_422' title='bbox 1599 5113 1703 5151; x_wconf 87' lang='lat' dir='ltr'><strong>non</strong></span> <span class='ocrx_word' id='word_1_423' title='bbox 1725 5098 1909 5167; x_wconf 87' lang='lat' dir='ltr'><strong>utique</strong></span> 
     </span>
    </p>
   </div>
   <div class='ocr_carea' id='block_1_54' title="bbox 311 5188 1906 5257">
    <p class='ocr_par' dir='ltr' id='par_1_54' title="bbox 311 5188 1906 5257">
     <span class='ocr_line' id='line_1_54' title="bbox 311 5188 1906 5257; baseline 0.002 -14"><span class='ocrx_word' id='word_1_424' title='bbox 311 5188 447 5243; x_wconf 88' lang='lat' dir='ltr'><strong>nihil</strong></span> <span class='ocrx_word' id='word_1_425' title='bbox 475 5190 597 5252; x_wconf 86' lang='lat' dir='ltr'><strong>erit,</strong></span> <span class='ocrx_word' id='word_1_426' title='bbox 614 5188 741 5249; x_wconf 77' lang='lat' dir='ltr'><strong>ideo</strong></span> <span class='ocrx_word' id='word_1_427' title='bbox 754 5198 1003 5247; x_wconf 78' lang='lat' dir='ltr'><strong>creatura</strong></span> <span class='ocrx_word' id='word_1_428' title='bbox 1021 5190 1269 5245; x_wconf 83' lang='lat' dir='ltr'><strong>universa</strong></span> <span class='ocrx_word' id='word_1_429' title='bbox 1293 5190 1347 5243; x_wconf 83' lang='lat' dir='ltr'><strong>in</strong></span> <span class='ocrx_word' id='word_1_430' title='bbox 1363 5190 1617 5257; x_wconf 61' lang='lat' dir='ltr'><strong>Greqtore</strong></span> <span class='ocrx_word' id='word_1_431' title='bbox 1641 5205 1739 5245; x_wconf 89' lang='lat' dir='ltr'><strong>suo</strong></span> <span class='ocrx_word' id='word_1_432' title='bbox 1762 5206 1906 5245; x_wconf 86' lang='lat' dir='ltr'><strong>sem-</strong></span> 
     </span>
    </p>
   </div>
   <div class='ocr_carea' id='block_1_55' title="bbox 307 5280 1909 5350">
    <p class='ocr_par' dir='ltr' id='par_1_55' title="bbox 307 5280 1909 5350">
     <span class='ocr_line' id='line_1_55' title="bbox 307 5280 1909 5350; baseline 0.002 -16"><span class='ocrx_word' id='word_1_433' title='bbox 307 5296 411 5350; x_wconf 86' lang='lat' dir='ltr'><strong>per</strong></span> <span class='ocrx_word' id='word_1_434' title='bbox 441 5280 721 5346; x_wconf 83' lang='lat' dir='ltr'><strong>manebit;</strong></span> <span class='ocrx_word' id='word_1_435' title='bbox 752 5295 817 5345; x_wconf 78' lang='lat' dir='ltr'><strong>ac</strong></span> <span class='ocrx_word' id='word_1_436' title='bbox 836 5295 929 5349; x_wconf 70' lang='lat' dir='ltr'><strong>per</strong></span> <span class='ocrx_word' id='word_1_437' title='bbox 949 5281 1052 5337; x_wconf 86' lang='lat' dir='ltr'><strong>hoc</strong></span> <span class='ocrx_word' id='word_1_438' title='bbox 1070 5289 1192 5349; x_wconf 81' lang='lat' dir='ltr'><strong>post</strong></span> <span class='ocrx_word' id='word_1_439' title='bbox 1210 5280 1343 5339; x_wconf 77' lang='lat' dir='ltr'><strong>illud</strong></span> <span class='ocrx_word' id='word_1_440' title='bbox 1369 5296 1529 5341; x_wconf 79' lang='lat' dir='ltr'><strong>inane</strong></span> <span class='ocrx_word' id='word_1_441' title='bbox 1546 5282 1693 5339; x_wconf 79' lang='lat' dir='ltr'><strong>nulla</strong></span> <span class='ocrx_word' id='word_1_442' title='bbox 1714 5280 1909 5341; x_wconf 70' lang='lat' dir='ltr'><strong>demde</strong></span> 
     </span>
    </p>
   </div>
   <div class='ocr_carea' id='block_1_56' title="bbox 308 5371 679 5442">
    <p class='ocr_par' dir='ltr' id='par_1_56' title="bbox 308 5371 679 5442">
     <span class='ocr_line' id='line_1_56' title="bbox 308 5371 679 5442; baseline 0.005 -17"><span class='ocrx_word' id='word_1_443' title='bbox 308 5388 541 5442; x_wconf 84' lang='lat' dir='ltr'><strong>vespera</strong></span> <span class='ocrx_word' id='word_1_444' title='bbox 563 5371 679 5431; x_wconf 71' lang='lat' dir='ltr'><strong>fuit.</strong></span> 
     </span>
    </p>
   </div>
   <div class='ocr_carea' id='block_1_57' title="bbox 385 5464 1967 5540">
    <p class='ocr_par' dir='ltr' id='par_1_57' title="bbox 385 5464 1967 5540">
     <span class='ocr_line' id='line_1_57' title="bbox 385 5464 1967 5540; baseline 0.001 -21"><span class='ocrx_word' id='word_1_445' title='bbox 385 5464 476 5520; x_wconf 76' lang='lat'><strong>56.</strong></span> <span class='ocrx_word' id='word_1_446' title='bbox 505 5464 623 5523; x_wconf 79' lang='lat' dir='ltr'><strong>Hoc</strong></span> <span class='ocrx_word' id='word_1_447' title='bbox 635 5465 870 5537; x_wconf 68' lang='lat' dir='ltr'><strong>dime</strong></span> <span class='ocrx_word' id='word_1_448' title='bbox 882 5466 925 5533; x_wconf 74' lang='grc' dir='ltr'><strong><em>ἰ</em></strong></span> <span class='ocrx_word' id='word_1_449' title='bbox 939 5481 1036 5525; x_wconf 75' lang='lat' dir='ltr'><strong>cur</strong></span> <span class='ocrx_word' id='word_1_450' title='bbox 1055 5467 1314 5537; x_wconf 73' lang='lat' dir='ltr'><strong>septimus</strong></span> <span class='ocrx_word' id='word_1_451' title='bbox 1334 5466 1471 5533; x_wconf 70' lang='lat' dir='ltr'><strong>dies,</strong></span> <span class='ocrx_word' id='word_1_452' title='bbox 1496 5468 1557 5537; x_wconf 74' lang='lat' dir='ltr'><strong>in</strong></span> <span class='ocrx_word' id='word_1_453' title='bbox 1572 5483 1681 5538; x_wconf 82' lang='lat' dir='ltr'><strong>quo</strong></span> <span class='ocrx_word' id='word_1_454' title='bbox 1698 5469 1907 5540; x_wconf 83' lang='lat' dir='ltr'><strong>requie-</strong></span> <span class='ocrx_word' id='word_1_455' title='bbox 1966 5518 1967 5521; x_wconf 44' lang='grc' dir='ltr'><strong>η</strong></span> 
     </span>
    </p>
   </div>
   <div class='ocr_carea' id='block_1_58' title="bbox 307 5624 1912 5739">
    <p class='ocr_par' dir='ltr' id='par_1_58' title="bbox 307 5624 1912 5739">
     <span class='ocr_line' id='line_1_58' title="bbox 307 5624 1912 5739; baseline 0.015 -78"><span class='ocrx_word' id='word_1_456' title='bbox 307 5685 363 5738; x_wconf 56' lang='lat' dir='ltr'><strong>in</strong></span> <span class='ocrx_word' id='word_1_457' title='bbox 376 5626 778 5739; x_wconf 38' lang='lat' dir='ltr'><strong>:laqgutaqxiuor,</strong></span> <span class='ocrx_word' id='word_1_458' title='bbox 801 5630 1125 5697; x_wconf 64' lang='grc' dir='ltr'><strong>ωηδωηπαια</strong></span> <span class='ocrx_word' id='word_1_459' title='bbox 1137 5630 1207 5689; x_wconf 75' lang='lat' dir='ltr'><strong>est</strong></span> <span class='ocrx_word' id='word_1_460' title='bbox 1222 5624 1273 5678; x_wconf 79' lang='lat' dir='ltr'><strong>in</strong></span> <span class='ocrx_word' id='word_1_461' title='bbox 1294 5632 1468 5697; x_wconf 64' lang='lat' dir='ltr'><strong>natura</strong></span> <span class='ocrx_word' id='word_1_462' title='bbox 1485 5641 1591 5691; x_wconf 84' lang='lat' dir='ltr'><strong>sua,</strong></span> <span class='ocrx_word' id='word_1_463' title='bbox 1614 5629 1752 5683; x_wconf 78' lang='lat' dir='ltr'><strong>aliud</strong></span> <span class='ocrx_word' id='word_1_464' title='bbox 1774 5632 1912 5686; x_wconf 62' lang='lat' dir='ltr'><strong>liabet</strong></span> 
     </span>
    </p>
   </div>
   <div class='ocr_carea' id='block_1_59' title="bbox 377 5752 1909 5824">
    <p class='ocr_par' dir='ltr' id='par_1_59' title="bbox 377 5752 1909 5824">
     <span class='ocr_line' id='line_1_59' title="bbox 377 5752 1909 5824; baseline 0.008 -26"><span class='ocrx_word' id='word_1_465' title='bbox 377 5752 715 5824; x_wconf 49' lang='lat' dir='ltr'><strong>&#39;.i&#39;;t1lti!_iiO$t,</strong></span> <span class='ocrx_word' id='word_1_466' title='bbox 740 5752 975 5815; x_wconf 61' lang='lat' dir='ltr'><strong>dum</strong></span> <span class='ocrx_word' id='word_1_467' title='bbox 995 5752 1196 5816; x_wconf 76' lang='lat' dir='ltr'><strong>addunt,</strong></span> <span class='ocrx_word' id='word_1_468' title='bbox 1213 5752 1576 5819; x_wconf 71' lang='lat' dir='ltr'><strong>minthigatur</strong></span> <span class='ocrx_word' id='word_1_469' title='bbox 1593 5769 1612 5819; x_wconf 89' lang='lat'><strong>;</strong></span> <span class='ocrx_word' id='word_1_470' title='bbox 1628 5769 1740 5821; x_wconf 68' lang='lat' dir='ltr'><strong>qua:</strong></span> <span class='ocrx_word' id='word_1_471' title='bbox 1762 5762 1909 5811; x_wconf 84' lang='lat' dir='ltr'><strong>verba</strong></span> 
     </span>
    </p>
   </div>
   <div class='ocr_carea' id='block_1_60' title="bbox 312 5820 883 5877">
    <p class='ocr_par' dir='ltr' id='par_1_60' title="bbox 312 5820 883 5877">
     <span class='ocr_line' id='line_1_60' title="bbox 312 5820 883 5877; baseline 0.016 -14"><span class='ocrx_word' id='word_1_472' title='bbox 312 5820 544 5865; x_wconf 79' lang='lat' dir='ltr'><strong>onuttunt</strong></span> <span class='ocrx_word' id='word_1_473' title='bbox 562 5820 673 5864; x_wconf 77' lang='lat' dir='ltr'><strong>llss.</strong></span> <span class='ocrx_word' id='word_1_474' title='bbox 698 5827 883 5877; x_wconf 67' lang='lat' dir='ltr'><strong>emes-</strong></span> 
     </span>
    </p>
   </div>
   <div class='ocr_carea' id='block_1_61' title="bbox 1652 321 2233 401">
    <p class='ocr_par' dir='ltr' id='par_1_61' title="bbox 1652 321 2233 401">
     <span class='ocr_line' id='line_1_61' title="bbox 1652 321 2233 401; baseline -0.01 -20"><span class='ocrx_word' id='word_1_475' title='bbox 1652 324 1853 381; x_wconf 81' lang='lat' dir='ltr'><strong>LIBER</strong></span> <span class='ocrx_word' id='word_1_476' title='bbox 1892 321 2233 401; x_wconf 76' lang='lat' dir='ltr'><strong>QUARTUS.</strong></span> 
     </span>
    </p>
   </div>
   <div class='ocr_carea' id='block_1_62' title="bbox 3501 336 3605 394">
    <p class='ocr_par' dir='ltr' id='par_1_62' title="bbox 3501 336 3605 394">
     <span class='ocr_line' id='line_1_62' title="bbox 3501 336 3605 394; baseline 0.019 -2"><span class='ocrx_word' id='word_1_477' title='bbox 3501 336 3605 394; x_wconf 76' lang='grc'><strong>510</strong></span> 
     </span>
    </p>
   </div>
   <div class='ocr_carea' id='block_1_63' title="bbox 2008 440 3601 525">
    <p class='ocr_par' dir='ltr' id='par_1_63' title="bbox 2008 440 3601 525">
     <span class='ocr_line' id='line_1_63' title="bbox 2008 440 3601 525; baseline 0.011 -31"><span class='ocrx_word' id='word_1_478' title='bbox 2008 440 2084 495; x_wconf 85' lang='lat' dir='ltr'><strong>vit</strong></span> <span class='ocrx_word' id='word_1_479' title='bbox 2112 442 2246 496; x_wconf 82' lang='lat' dir='ltr'><strong>Deus</strong></span> <span class='ocrx_word' id='word_1_480' title='bbox 2268 443 2333 497; x_wconf 88' lang='lat' dir='ltr'><strong>ab</strong></span> <span class='ocrx_word' id='word_1_481' title='bbox 2350 446 2595 509; x_wconf 88' lang='lat' dir='ltr'><strong>omnibus</strong></span> <span class='ocrx_word' id='word_1_482' title='bbox 2616 449 2866 517; x_wconf 91' lang='lat' dir='ltr'><strong>operibus</strong></span> <span class='ocrx_word' id='word_1_483' title='bbox 2884 450 3010 516; x_wconf 89' lang='lat' dir='ltr'><strong>suis,</strong></span> <span class='ocrx_word' id='word_1_484' title='bbox 3040 468 3193 515; x_wconf 84' lang='lat' dir='ltr'><strong>mane</strong></span> <span class='ocrx_word' id='word_1_485' title='bbox 3211 454 3449 515; x_wconf 69' lang='lat' dir='ltr'><strong>habuerit</strong></span> <span class='ocrx_word' id='word_1_486' title='bbox 3479 469 3601 525; x_wconf 84' lang='lat' dir='ltr'><strong>post</strong></span> 
     </span>
    </p>
   </div>
   <div class='ocr_carea' id='block_1_64' title="bbox 2010 540 3366 612">
    <p class='ocr_par' dir='ltr' id='par_1_64' title="bbox 2010 540 3366 612">
     <span class='ocr_line' id='line_1_64' title="bbox 2010 540 3366 612; baseline 0.013 -26"><span class='ocrx_word' id='word_1_487' title='bbox 2010 550 2283 606; x_wconf 81' lang='lat' dir='ltr'><strong>vesperam</strong></span> <span class='ocrx_word' id='word_1_488' title='bbox 2313 540 2467 608; x_wconf 81' lang='lat' dir='ltr'><strong>sexti,</strong></span> <span class='ocrx_word' id='word_1_489' title='bbox 2497 556 2772 612; x_wconf 85' lang='lat' dir='ltr'><strong>veSperam</strong></span> <span class='ocrx_word' id='word_1_490' title='bbox 2802 560 2929 599; x_wconf 90' lang='lat' dir='ltr'><strong>vero</strong></span> <span class='ocrx_word' id='word_1_491' title='bbox 2969 560 3075 603; x_wconf 87' lang='lat' dir='ltr'><strong>non</strong></span> <span class='ocrx_word' id='word_1_492' title='bbox 3106 545 3366 603; x_wconf 87' lang='lat' dir='ltr'><strong>habuerit.</strong></span> 
     </span>
    </p>
   </div>
   <div class='ocr_carea' id='block_1_65' title="bbox 2008 618 3601 715">
    <p class='ocr_par' dir='ltr' id='par_1_65' title="bbox 2008 618 3601 715">
     <span class='ocr_line' id='line_1_65' title="bbox 2008 618 3601 715; baseline 0.009 -30"><span class='ocrx_word' id='word_1_493' title='bbox 2008 626 2237 687; x_wconf 80' lang='lat' dir='ltr'><strong>CAPUT</strong></span> <span class='ocrx_word' id='word_1_494' title='bbox 2274 630 2416 688; x_wconf 80' lang='lat' dir='ltr'><strong>XIX.</strong></span> <span class='ocrx_word' id='word_1_495' title='bbox 2444 666 2516 675; x_wconf 96' lang='lat'><strong><em>—</em></strong></span> <span class='ocrx_word' id='word_1_496' title='bbox 2540 634 2657 691; x_wconf 80' lang='lat' dir='ltr'><strong>Alia</strong></span> <span class='ocrx_word' id='word_1_497' title='bbox 2698 639 2828 692; x_wconf 79' lang='lat' dir='ltr'><strong>ratio</strong></span> <span class='ocrx_word' id='word_1_498' title='bbox 2872 656 2979 710; x_wconf 61' lang='lat' dir='ltr'><strong>qua,</strong></span> <span class='ocrx_word' id='word_1_499' title='bbox 3018 618 3313 713; x_wconf 65' lang='lat' dir='ltr'><strong>intelligitur</strong></span> <span class='ocrx_word' id='word_1_500' title='bbox 3357 643 3601 715; x_wconf 72' lang='lat' dir='ltr'><strong>septimus</strong></span> 
     </span>
    </p>
   </div>
   <div class='ocr_carea' id='block_1_66' title="bbox 2369 726 3282 806">
    <p class='ocr_par' dir='ltr' id='par_1_66' title="bbox 2369 726 3282 806">
     <span class='ocr_line' id='line_1_66' title="bbox 2369 726 3282 806; baseline 0.01 -27"><span class='ocrx_word' id='word_1_501' title='bbox 2369 726 2475 782; x_wconf 83' lang='lat' dir='ltr'><strong>dies</strong></span> <span class='ocrx_word' id='word_1_502' title='bbox 2500 728 2734 785; x_wconf 74' lang='lat' dir='ltr'><strong>habuisse</strong></span> <span class='ocrx_word' id='word_1_503' title='bbox 2752 747 2905 795; x_wconf 30' lang='lat' dir='ltr'><strong>mane,</strong></span> <span class='ocrx_word' id='word_1_504' title='bbox 2922 732 3028 791; x_wconf 72' lang='lat' dir='ltr'><strong>sine</strong></span> <span class='ocrx_word' id='word_1_505' title='bbox 3051 750 3282 806; x_wconf 82' lang='lat' dir='ltr'><strong>vespera.</strong></span> 
     </span>
    </p>
   </div>
   <div class='ocr_carea' id='block_1_67' title="bbox 2082 816 3596 902">
    <p class='ocr_par' dir='ltr' id='par_1_67' title="bbox 2082 816 3596 902">
     <span class='ocr_line' id='line_1_67' title="bbox 2082 816 3596 902; baseline 0.013 -31"><span class='ocrx_word' id='word_1_506' title='bbox 2082 816 2181 873; x_wconf 86' lang='lat' dir='ltr'><strong>Est</strong></span> <span class='ocrx_word' id='word_1_507' title='bbox 2204 818 2343 875; x_wconf 87' lang='lat' dir='ltr'><strong>aliud</strong></span> <span class='ocrx_word' id='word_1_508' title='bbox 2372 821 2509 891; x_wconf 88' lang='lat' dir='ltr'><strong>quod</strong></span> <span class='ocrx_word' id='word_1_509' title='bbox 2540 823 2605 879; x_wconf 89' lang='lat' dir='ltr'><strong>de</strong></span> <span class='ocrx_word' id='word_1_510' title='bbox 2637 825 2735 880; x_wconf 90' lang='lat' dir='ltr'><strong>hac</strong></span> <span class='ocrx_word' id='word_1_511' title='bbox 2763 842 2821 882; x_wconf 90' lang='lat' dir='ltr'><strong>re</strong></span> <span class='ocrx_word' id='word_1_512' title='bbox 2854 827 3023 899; x_wconf 80' lang='lat' dir='ltr'><strong>magis</strong></span> <span class='ocrx_word' id='word_1_513' title='bbox 3048 830 3262 900; x_wconf 88' lang='lat' dir='ltr'><strong>proprie</strong></span> <span class='ocrx_word' id='word_1_514' title='bbox 3292 838 3450 902; x_wconf 86' lang='lat' dir='ltr'><strong>atque</strong></span> <span class='ocrx_word' id='word_1_515' title='bbox 3478 846 3596 889; x_wconf 80' lang='lat' dir='ltr'><strong>me-</strong></span> 
     </span>
    </p>
   </div>
   <div class='ocr_carea' id='block_1_68' title="bbox 2012 908 3601 996">
    <p class='ocr_par' dir='ltr' id='par_1_68' title="bbox 2012 908 3601 996">
     <span class='ocr_line' id='line_1_68' title="bbox 2012 908 3601 996; baseline 0.009 -32"><span class='ocrx_word' id='word_1_516' title='bbox 2012 908 2113 965; x_wconf 90' lang='lat' dir='ltr'><strong>lius</strong></span> <span class='ocrx_word' id='word_1_517' title='bbox 2141 912 2324 989; x_wconf 88' lang='lat' dir='ltr'><strong>possit,</strong></span> <span class='ocrx_word' id='word_1_518' title='bbox 2353 923 2608 985; x_wconf 87' lang='lat' dir='ltr'><strong>quantum</strong></span> <span class='ocrx_word' id='word_1_519' title='bbox 2639 918 2905 986; x_wconf 84' lang='lat' dir='ltr'><strong>existimo,</strong></span> <span class='ocrx_word' id='word_1_520' title='bbox 2934 920 3173 992; x_wconf 84' lang='lat' dir='ltr'><strong>intelligi,</strong></span> <span class='ocrx_word' id='word_1_521' title='bbox 3197 923 3297 987; x_wconf 78' lang='lat' dir='ltr'><strong>sed</strong></span> <span class='ocrx_word' id='word_1_522' title='bbox 3329 923 3601 996; x_wconf 82' lang='lat' dir='ltr'><strong>aliquanto</strong></span> 
     </span>
    </p>
   </div>
   <div class='ocr_carea' id='block_1_69' title="bbox 2012 1002 3603 1085">
    <p class='ocr_par' dir='ltr' id='par_1_69' title="bbox 2012 1002 3603 1085">
     <span class='ocr_line' id='line_1_69' title="bbox 2012 1002 3603 1085; baseline 0.008 -26"><span class='ocrx_word' id='word_1_523' title='bbox 2012 1002 2279 1065; x_wconf 74' lang='lat' dir='ltr'><strong>difﬁcilius</strong></span> <span class='ocrx_word' id='word_1_524' title='bbox 2310 1008 2607 1079; x_wconf 74' lang='lat' dir='ltr'><strong>explicari;</strong></span> <span class='ocrx_word' id='word_1_525' title='bbox 2632 1020 2693 1075; x_wconf 60' lang='lat' dir='ltr'><strong>ut,</strong></span> <span class='ocrx_word' id='word_1_526' title='bbox 2729 1029 2835 1077; x_wconf 87' lang='lat' dir='ltr'><strong>non</strong></span> <span class='ocrx_word' id='word_1_527' title='bbox 2875 1025 3157 1085; x_wconf 77' lang='lat' dir='ltr'><strong>creaturze,</strong></span> <span class='ocrx_word' id='word_1_528' title='bbox 3182 1016 3275 1073; x_wconf 88' lang='lat' dir='ltr'><strong>sed</strong></span> <span class='ocrx_word' id='word_1_529' title='bbox 3310 1018 3475 1079; x_wconf 72' lang='lat' dir='ltr'><strong>etiam</strong></span> <span class='ocrx_word' id='word_1_530' title='bbox 3501 1016 3603 1073; x_wconf 87' lang='lat' dir='ltr'><strong>sibi</strong></span> 
     </span>
    </p>
   </div>
   <div class='ocr_carea' id='block_1_70' title="bbox 2013 1099 3607 1179">
    <p class='ocr_par' dir='ltr' id='par_1_70' title="bbox 2013 1099 3607 1179">
     <span class='ocr_line' id='line_1_70' title="bbox 2013 1099 3607 1179; baseline 0.009 -29"><span class='ocrx_word' id='word_1_531' title='bbox 2013 1099 2222 1168; x_wconf 85' lang='lat' dir='ltr'><strong>requies</strong></span> <span class='ocrx_word' id='word_1_532' title='bbox 2251 1100 2341 1154; x_wconf 85' lang='lat' dir='ltr'><strong>Dei</strong></span> <span class='ocrx_word' id='word_1_533' title='bbox 2374 1103 2600 1172; x_wconf 88' lang='lat' dir='ltr'><strong>septimo</strong></span> <span class='ocrx_word' id='word_1_534' title='bbox 2634 1104 2752 1167; x_wconf 56' lang='lat' dir='ltr'><strong>die,‘</strong></span> <span class='ocrx_word' id='word_1_535' title='bbox 2786 1121 2941 1169; x_wconf 87' lang='lat' dir='ltr'><strong>mane</strong></span> <span class='ocrx_word' id='word_1_536' title='bbox 2962 1108 3333 1163; x_wconf 82' lang='lat' dir='ltr'><strong>liabueritsine</strong></span> <span class='ocrx_word' id='word_1_537' title='bbox 3354 1124 3607 1179; x_wconf 66' lang='lat' dir='ltr'><strong>vespera.</strong></span> 
     </span>
    </p>
   </div>
   <div class='ocr_carea' id='block_1_71' title="bbox 2014 1187 3601 1269">
    <p class='ocr_par' dir='ltr' id='par_1_71' title="bbox 2014 1187 3601 1269">
     <span class='ocr_line' id='line_1_71' title="bbox 2014 1187 3601 1269; baseline 0.009 -28"><span class='ocrx_word' id='word_1_538' title='bbox 2014 1187 2065 1242; x_wconf 90' lang='lat' dir='ltr'><strong>id</strong></span> <span class='ocrx_word' id='word_1_539' title='bbox 2087 1198 2166 1243; x_wconf 88' lang='lat' dir='ltr'><strong>est</strong></span> <span class='ocrx_word' id='word_1_540' title='bbox 2190 1190 2391 1245; x_wconf 85' lang='lat' dir='ltr'><strong>initium</strong></span> <span class='ocrx_word' id='word_1_541' title='bbox 2423 1194 2545 1257; x_wconf 23' lang='lat' dir='ltr'><strong>sine,</strong></span> <span class='ocrx_word' id='word_1_542' title='bbox 2568 1196 2890 1259; x_wconf 58' lang='lat' dir='ltr'><strong>termino.,Si</strong></span> <span class='ocrx_word' id='word_1_543' title='bbox 2909 1198 3055 1255; x_wconf 25' lang='lat' dir='ltr'><strong>enim,</strong></span> <span class='ocrx_word' id='word_1_544' title='bbox 3076 1200 3146 1254; x_wconf 83' lang='lat' dir='ltr'><strong>ita</strong></span> <span class='ocrx_word' id='word_1_545' title='bbox 3169 1201 3463 1269; x_wconf 67' lang='lat' dir='ltr'><strong>diceretur,</strong></span> <span class='ocrx_word' id='word_1_546' title='bbox 3493 1202 3601 1255; x_wconf 79' lang='lat' dir='ltr'><strong>Re—</strong></span> 
     </span>
    </p>
   </div>
   <div class='ocr_carea' id='block_1_72' title="bbox 2013 1283 3606 1360">
    <p class='ocr_par' dir='ltr' id='par_1_72' title="bbox 2013 1283 3606 1360">
     <span class='ocr_line' id='line_1_72' title="bbox 2013 1283 3606 1360; baseline 0.012 -26"><span class='ocrx_word' id='word_1_547' title='bbox 2013 1283 2211 1352; x_wconf 78' lang='lat' dir='ltr'><strong>quievit</strong></span> <span class='ocrx_word' id='word_1_548' title='bbox 2242 1283 2377 1339; x_wconf 88' lang='lat' dir='ltr'><strong>Deus</strong></span> <span class='ocrx_word' id='word_1_549' title='bbox 2401 1285 2451 1339; x_wconf 91' lang='lat' dir='ltr'><strong>in</strong></span> <span class='ocrx_word' id='word_1_550' title='bbox 2475 1286 2561 1341; x_wconf 85' lang='lat' dir='ltr'><strong>die</strong></span> <span class='ocrx_word' id='word_1_551' title='bbox 2589 1289 2835 1358; x_wconf 87' lang='lat' dir='ltr'><strong>septimo,</strong></span> <span class='ocrx_word' id='word_1_552' title='bbox 2865 1306 2963 1346; x_wconf 89' lang='lat' dir='ltr'><strong>nec</strong></span> <span class='ocrx_word' id='word_1_553' title='bbox 2997 1292 3302 1360; x_wconf 82' lang='lat' dir='ltr'><strong>adderetur,</strong></span> <span class='ocrx_word' id='word_1_554' title='bbox 3334 1293 3413 1347; x_wconf 78' lang='lat' dir='ltr'><strong>Ab</strong></span> <span class='ocrx_word' id='word_1_555' title='bbox 3430 1295 3606 1355; x_wconf 75' lang='lat' dir='ltr'><strong>omni—</strong></span> 
     </span>
    </p>
   </div>
   <div class='ocr_carea' id='block_1_73' title="bbox 2014 1370 3592 1454">
    <p class='ocr_par' dir='ltr' id='par_1_73' title="bbox 2014 1370 3592 1454">
     <span class='ocr_line' id='line_1_73' title="bbox 2014 1370 3592 1454; baseline 0.01 -29"><span class='ocrx_word' id='word_1_556' title='bbox 2014 1370 2113 1426; x_wconf 89' lang='lat' dir='ltr'><strong>bus</strong></span> <span class='ocrx_word' id='word_1_557' title='bbox 2147 1374 2394 1444; x_wconf 84' lang='lat' dir='ltr'><strong>operibus</strong></span> <span class='ocrx_word' id='word_1_558' title='bbox 2412 1376 2523 1431; x_wconf 85' lang='lat' dir='ltr'><strong>suis</strong></span> <span class='ocrx_word' id='word_1_559' title='bbox 2548 1393 2664 1448; x_wconf 73' lang='lat' dir='ltr'><strong>qum</strong></span> <span class='ocrx_word' id='word_1_560' title='bbox 2696 1380 2839 1446; x_wconf 82' lang='lat' dir='ltr'><strong>fecit,</strong></span> <span class='ocrx_word' id='word_1_561' title='bbox 2868 1380 3061 1441; x_wconf 72' lang='lat' dir='ltr'><strong>frustra</strong></span> <span class='ocrx_word' id='word_1_562' title='bbox 3084 1382 3249 1452; x_wconf 85' lang='lat' dir='ltr'><strong>hujus</strong></span> <span class='ocrx_word' id='word_1_563' title='bbox 3265 1384 3457 1454; x_wconf 81' lang='lat' dir='ltr'><strong>quietis</strong></span> <span class='ocrx_word' id='word_1_564' title='bbox 3489 1385 3592 1439; x_wconf 89' lang='lat' dir='ltr'><strong>ini-</strong></span> 
     </span>
    </p>
   </div>
   <div class='ocr_carea' id='block_1_74' title="bbox 2013 1464 3597 1546">
    <p class='ocr_par' dir='ltr' id='par_1_74' title="bbox 2013 1464 3597 1546">
     <span class='ocr_line' id='line_1_74' title="bbox 2013 1464 3597 1546; baseline 0.011 -29"><span class='ocrx_word' id='word_1_565' title='bbox 2013 1464 2144 1519; x_wconf 77' lang='lat' dir='ltr'><strong>tium</strong></span> <span class='ocrx_word' id='word_1_566' title='bbox 2175 1483 2556 1536; x_wconf 64' lang='lat' dir='ltr'><strong>quarreremus.</strong></span> <span class='ocrx_word' id='word_1_567' title='bbox 2577 1470 2690 1525; x_wconf 88' lang='lat' dir='ltr'><strong>Non</strong></span> <span class='ocrx_word' id='word_1_568' title='bbox 2716 1474 2856 1527; x_wconf 86' lang='lat' dir='ltr'><strong>enim</strong></span> <span class='ocrx_word' id='word_1_569' title='bbox 2882 1474 3061 1545; x_wconf 87' lang='lat' dir='ltr'><strong>incipit</strong></span> <span class='ocrx_word' id='word_1_570' title='bbox 3084 1476 3597 1546; x_wconf 86' lang='lat' dir='ltr'><strong>Deusrequiesccre,</strong></span> 
     </span>
    </p>
   </div>
   <div class='ocr_carea' id='block_1_75' title="bbox 2014 1557 3599 1641">
    <p class='ocr_par' dir='ltr' id='par_1_75' title="bbox 2014 1557 3599 1641">
     <span class='ocr_line' id='line_1_75' title="bbox 2014 1557 3599 1641; baseline 0.011 -31"><span class='ocrx_word' id='word_1_571' title='bbox 2014 1557 2163 1641; x_wconf 81' lang='lat' dir='ltr'><strong>cujus</strong></span> <span class='ocrx_word' id='word_1_572' title='bbox 2193 1561 2404 1631; x_wconf 87' lang='lat' dir='ltr'><strong>requies</strong></span> <span class='ocrx_word' id='word_1_573' title='bbox 2430 1563 2544 1619; x_wconf 90' lang='lat' dir='ltr'><strong>sine</strong></span> <span class='ocrx_word' id='word_1_574' title='bbox 2568 1564 2745 1633; x_wconf 90' lang='lat' dir='ltr'><strong>initio,</strong></span> <span class='ocrx_word' id='word_1_575' title='bbox 2768 1568 2883 1622; x_wconf 87' lang='lat' dir='ltr'><strong>sine</strong></span> <span class='ocrx_word' id='word_1_576' title='bbox 2902 1567 3123 1625; x_wconf 86' lang='lat' dir='ltr'><strong>termino</strong></span> <span class='ocrx_word' id='word_1_577' title='bbox 3150 1570 3471 1639; x_wconf 85' lang='lat' dir='ltr'><strong>sempiterna</strong></span> <span class='ocrx_word' id='word_1_578' title='bbox 3498 1582 3599 1627; x_wconf 88' lang='lat' dir='ltr'><strong>est.</strong></span> 
     </span>
    </p>
   </div>
   <div class='ocr_carea' id='block_1_76' title="bbox 2015 1648 3601 1731">
    <p class='ocr_par' dir='ltr' id='par_1_76' title="bbox 2015 1648 3601 1731">
     <span class='ocr_line' id='line_1_76' title="bbox 2015 1648 3601 1731; baseline 0.011 -29"><span class='ocrx_word' id='word_1_579' title='bbox 2015 1648 2119 1704; x_wconf 91' lang='lat' dir='ltr'><strong>Sed</strong></span> <span class='ocrx_word' id='word_1_580' title='bbox 2150 1654 2396 1721; x_wconf 90' lang='lat' dir='ltr'><strong>quoniam</strong></span> <span class='ocrx_word' id='word_1_581' title='bbox 2420 1656 2485 1708; x_wconf 87' lang='lat' dir='ltr'><strong>ab</strong></span> <span class='ocrx_word' id='word_1_582' title='bbox 2515 1659 2759 1712; x_wconf 83' lang='lat' dir='ltr'><strong>omnibus</strong></span> <span class='ocrx_word' id='word_1_583' title='bbox 2786 1660 3037 1727; x_wconf 87' lang='lat' dir='ltr'><strong>operibus</strong></span> <span class='ocrx_word' id='word_1_584' title='bbox 3066 1661 3172 1715; x_wconf 86' lang='lat' dir='ltr'><strong>suis</strong></span> <span class='ocrx_word' id='word_1_585' title='bbox 3200 1679 3315 1731; x_wconf 65' lang='grc' dir='ltr'><strong>(μω)</strong></span> <span class='ocrx_word' id='word_1_586' title='bbox 3345 1663 3485 1729; x_wconf 88' lang='lat' dir='ltr'><strong>fecit,</strong></span> <span class='ocrx_word' id='word_1_587' title='bbox 3515 1666 3601 1727; x_wconf 32' lang='lat' dir='ltr'><strong>eis,</strong></span> 
     </span>
    </p>
   </div>
   <div class='ocr_carea' id='block_1_77' title="bbox 2014 1745 3607 1823">
    <p class='ocr_par' dir='ltr' id='par_1_77' title="bbox 2014 1745 3607 1823">
     <span class='ocr_line' id='line_1_77' title="bbox 2014 1745 3607 1823; baseline 0.01 -28"><span class='ocrx_word' id='word_1_588' title='bbox 2014 1757 2118 1797; x_wconf 90' lang='lat' dir='ltr'><strong>non</strong></span> <span class='ocrx_word' id='word_1_589' title='bbox 2142 1745 2365 1814; x_wconf 71' lang='lat' dir='ltr'><strong>egendo,</strong></span> <span class='ocrx_word' id='word_1_590' title='bbox 2386 1749 2666 1818; x_wconf 87' lang='lat' dir='ltr'><strong>requievit,</strong></span> <span class='ocrx_word' id='word_1_591' title='bbox 2695 1750 3006 1822; x_wconf 82' lang='lat' dir='ltr'><strong>intelligitur</strong></span> <span class='ocrx_word' id='word_1_592' title='bbox 3032 1753 3242 1822; x_wconf 84' lang='lat' dir='ltr'><strong>requies</strong></span> <span class='ocrx_word' id='word_1_593' title='bbox 3262 1755 3485 1823; x_wconf 78' lang='lat' dir='ltr'><strong>quidem.</strong></span> <span class='ocrx_word' id='word_1_594' title='bbox 3508 1756 3607 1811; x_wconf 87' lang='lat' dir='ltr'><strong>Dei-</strong></span> 
     </span>
    </p>
   </div>
   <div class='ocr_carea' id='block_1_78' title="bbox 2014 1840 3604 1915">
    <p class='ocr_par' dir='ltr' id='par_1_78' title="bbox 2014 1840 3604 1915">
     <span class='ocr_line' id='line_1_78' title="bbox 2014 1840 3604 1915; baseline 0.008 -28"><span class='ocrx_word' id='word_1_595' title='bbox 2014 1850 2113 1889; x_wconf 90' lang='lat' dir='ltr'><strong>nec</strong></span> <span class='ocrx_word' id='word_1_596' title='bbox 2134 1845 2304 1915; x_wconf 77' lang='lat' dir='ltr'><strong>empta</strong></span> <span class='ocrx_word' id='word_1_597' title='bbox 2326 1853 2425 1893; x_wconf 90' lang='lat' dir='ltr'><strong>nec</strong></span> <span class='ocrx_word' id='word_1_598' title='bbox 2446 1840 2724 1895; x_wconf 88' lang='lat' dir='ltr'><strong>terminata</strong></span> <span class='ocrx_word' id='word_1_599' title='bbox 2745 1859 2758 1904; x_wconf 91' lang='lat'><strong>;</strong></span> <span class='ocrx_word' id='word_1_600' title='bbox 2777 1842 2989 1913; x_wconf 89' lang='lat' dir='ltr'><strong>requies</strong></span> <span class='ocrx_word' id='word_1_601' title='bbox 3011 1852 3187 1897; x_wconf 88' lang='lat' dir='ltr'><strong>autem</strong></span> <span class='ocrx_word' id='word_1_602' title='bbox 3211 1845 3324 1912; x_wconf 76' lang='lat' dir='ltr'><strong>ejus</strong></span> <span class='ocrx_word' id='word_1_603' title='bbox 3347 1845 3412 1899; x_wconf 84' lang='lat' dir='ltr'><strong>ab</strong></span> <span class='ocrx_word' id='word_1_604' title='bbox 3431 1848 3604 1907; x_wconf 84' lang='lat' dir='ltr'><strong>omni.-</strong></span> 
     </span>
    </p>
   </div>
   <div class='ocr_carea' id='block_1_79' title="bbox 2012 1926 3605 2008">
    <p class='ocr_par' dir='ltr' id='par_1_79' title="bbox 2012 1926 3605 2008">
     <span class='ocr_line' id='line_1_79' title="bbox 2012 1926 3605 2008; baseline 0.008 -28"><span class='ocrx_word' id='word_1_605' title='bbox 2012 1926 2111 1980; x_wconf 86' lang='lat' dir='ltr'><strong>bus</strong></span> <span class='ocrx_word' id='word_1_606' title='bbox 2139 1928 2388 2003; x_wconf 72' lang='lat' dir='ltr'><strong>Operibns</strong></span> <span class='ocrx_word' id='word_1_607' title='bbox 2420 1930 2531 1985; x_wconf 86' lang='lat' dir='ltr'><strong>suis</strong></span> <span class='ocrx_word' id='word_1_608' title='bbox 2577 1948 2695 2002; x_wconf 63' lang='lat' dir='ltr'><strong>quae</strong></span> <span class='ocrx_word' id='word_1_609' title='bbox 2726 1932 2873 2000; x_wconf 81' lang='lat' dir='ltr'><strong>fecit,</strong></span> <span class='ocrx_word' id='word_1_610' title='bbox 2902 1950 2968 1989; x_wconf 76' lang='lat' dir='ltr'><strong>ex</strong></span> <span class='ocrx_word' id='word_1_611' title='bbox 3008 1950 3072 1991; x_wconf 87' lang='lat' dir='ltr'><strong>eo</strong></span> <span class='ocrx_word' id='word_1_612' title='bbox 3098 1945 3271 2005; x_wconf 85' lang='lat' dir='ltr'><strong>coepta</strong></span> <span class='ocrx_word' id='word_1_613' title='bbox 3301 1944 3471 1992; x_wconf 81' lang='lat' dir='ltr'><strong>estex</strong></span> <span class='ocrx_word' id='word_1_614' title='bbox 3497 1953 3605 2008; x_wconf 90' lang='lat' dir='ltr'><strong>quo</strong></span> 
     </span>
    </p>
   </div>
   <div class='ocr_carea' id='block_1_80' title="bbox 2014 2018 3607 2101">
    <p class='ocr_par' dir='ltr' id='par_1_80' title="bbox 2014 2018 3607 2101">
     <span class='ocr_line' id='line_1_80' title="bbox 2014 2018 3607 2101; baseline 0.011 -31"><span class='ocrx_word' id='word_1_615' title='bbox 2014 2018 2099 2072; x_wconf 88' lang='lat' dir='ltr'><strong>illa</strong></span> <span class='ocrx_word' id='word_1_616' title='bbox 2130 2021 2368 2089; x_wconf 79' lang='lat' dir='ltr'><strong>perfecit.</strong></span> <span class='ocrx_word' id='word_1_617' title='bbox 2402 2022 2585 2097; x_wconf 81' lang='lat' dir='ltr'><strong>Neque</strong></span> <span class='ocrx_word' id='word_1_618' title='bbox 2623 2026 2769 2081; x_wconf 28' lang='lat' dir='ltr'><strong>enim,</strong></span> <span class='ocrx_word' id='word_1_619' title='bbox 2812 2027 3062 2096; x_wconf 83' lang='lat' dir='ltr'><strong>Operibus</strong></span> <span class='ocrx_word' id='word_1_620' title='bbox 3089 2030 3199 2091; x_wconf 84' lang='lat' dir='ltr'><strong>suis</strong></span> <span class='ocrx_word' id='word_1_621' title='bbox 3239 2045 3343 2085; x_wconf 89' lang='lat' dir='ltr'><strong>non</strong></span> <span class='ocrx_word' id='word_1_622' title='bbox 3398 2031 3607 2101; x_wconf 82' lang='lat' dir='ltr'><strong>egendo</strong></span> 
     </span>
    </p>
   </div>
   <div class='ocr_carea' id='block_1_81' title="bbox 2013 2113 3595 2193">
    <p class='ocr_par' dir='ltr' id='par_1_81' title="bbox 2013 2113 3595 2193">
     <span class='ocr_line' id='line_1_81' title="bbox 2013 2113 3595 2193; baseline 0.008 -29"><span class='ocrx_word' id='word_1_623' title='bbox 2013 2113 2382 2183; x_wconf 76' lang='lat' dir='ltr'><strong>requievissct,</strong></span> <span class='ocrx_word' id='word_1_624' title='bbox 2412 2117 2558 2185; x_wconf 90' lang='lat' dir='ltr'><strong>prius</strong></span> <span class='ocrx_word' id='word_1_625' title='bbox 2581 2133 2739 2187; x_wconf 84' lang='lat' dir='ltr'><strong>quam</strong></span> <span class='ocrx_word' id='word_1_626' title='bbox 2766 2129 2967 2186; x_wconf 88' lang='lat' dir='ltr'><strong>essent,</strong></span> <span class='ocrx_word' id='word_1_627' title='bbox 2996 2121 3197 2191; x_wconf 29' lang='lat' dir='ltr'><strong>quibus,</strong></span> <span class='ocrx_word' id='word_1_628' title='bbox 3218 2138 3316 2187; x_wconf 70' lang='lat' dir='ltr'><strong>nec</strong></span> <span class='ocrx_word' id='word_1_629' title='bbox 3344 2124 3595 2193; x_wconf 75' lang='lat' dir='ltr'><strong>perfectis</strong></span> 
     </span>
    </p>
   </div>
   <div class='ocr_carea' id='block_1_82' title="bbox 2013 2204 3585 2287">
    <p class='ocr_par' dir='ltr' id='par_1_82' title="bbox 2013 2204 3585 2287">
     <span class='ocr_line' id='line_1_82' title="bbox 2013 2204 3585 2287; baseline 0.009 -30"><span class='ocrx_word' id='word_1_630' title='bbox 2013 2204 2274 2275; x_wconf 77' lang='lat' dir='ltr'><strong>eguisset;</strong></span> <span class='ocrx_word' id='word_1_631' title='bbox 2307 2216 2360 2262; x_wconf 91' lang='lat' dir='ltr'><strong>et</strong></span> <span class='ocrx_word' id='word_1_632' title='bbox 2387 2210 2506 2279; x_wconf 88' lang='lat' dir='ltr'><strong>quia</strong></span> <span class='ocrx_word' id='word_1_633' title='bbox 2531 2210 2607 2275; x_wconf 70' lang='lat' dir='ltr'><strong>eis</strong></span> <span class='ocrx_word' id='word_1_634' title='bbox 2632 2212 2855 2277; x_wconf 85' lang='lat' dir='ltr'><strong>omnino</strong></span> <span class='ocrx_word' id='word_1_635' title='bbox 2876 2229 3146 2285; x_wconf 75' lang='lat' dir='ltr'><strong>nunquam</strong></span> <span class='ocrx_word' id='word_1_636' title='bbox 3166 2218 3328 2287; x_wconf 76' lang='lat' dir='ltr'><strong>eguit,</strong></span> <span class='ocrx_word' id='word_1_637' title='bbox 3359 2233 3459 2281; x_wconf 78' lang='lat' dir='ltr'><strong>nec</strong></span> <span class='ocrx_word' id='word_1_638' title='bbox 3486 2219 3585 2279; x_wconf 82' lang='lat' dir='ltr'><strong>ista</strong></span> 
     </span>
    </p>
   </div>
   <div class='ocr_carea' id='block_1_83' title="bbox 2014 2295 3603 2381">
    <p class='ocr_par' dir='ltr' id='par_1_83' title="bbox 2014 2295 3603 2381">
     <span class='ocr_line' id='line_1_83' title="bbox 2014 2295 3603 2381; baseline 0.011 -33"><span class='ocrx_word' id='word_1_639' title='bbox 2014 2295 2285 2353; x_wconf 75' lang='lat' dir='ltr'><strong>beatitudo</strong></span> <span class='ocrx_word' id='word_1_640' title='bbox 2311 2316 2413 2370; x_wconf 90' lang='lat' dir='ltr'><strong>qua</strong></span> <span class='ocrx_word' id='word_1_641' title='bbox 2440 2316 2545 2355; x_wconf 92' lang='lat' dir='ltr'><strong>non</strong></span> <span class='ocrx_word' id='word_1_642' title='bbox 2573 2304 2661 2363; x_wconf 73' lang='lat' dir='ltr'><strong>eis,</strong></span> <span class='ocrx_word' id='word_1_643' title='bbox 2679 2311 2817 2375; x_wconf 77' lang='lat' dir='ltr'><strong>eget,</strong></span> <span class='ocrx_word' id='word_1_644' title='bbox 2851 2316 3098 2375; x_wconf 83' lang='lat' dir='ltr'><strong>tanquam</strong></span> <span class='ocrx_word' id='word_1_645' title='bbox 3127 2309 3455 2377; x_wconf 67' lang='lat' dir='ltr'><strong>proﬁciendi)</strong></span> <span class='ocrx_word' id='word_1_646' title='bbox 3476 2326 3603 2381; x_wconf 49' lang='lat' dir='ltr'><strong>pere</strong></span> 
     </span>
    </p>
   </div>
   <div class='ocr_carea' id='block_1_84' title="bbox 2017 2389 3487 2470">
    <p class='ocr_par' dir='ltr' id='par_1_84' title="bbox 2017 2389 3487 2470">
     <span class='ocr_line' id='line_1_84' title="bbox 2017 2389 3487 2470; baseline 0.011 -29"><span class='ocrx_word' id='word_1_647' title='bbox 2017 2389 2242 2459; x_wconf 85' lang='lat' dir='ltr'><strong>ﬁcietur,</strong></span> <span class='ocrx_word' id='word_1_648' title='bbox 2272 2393 2391 2448; x_wconf 88' lang='lat' dir='ltr'><strong>ideo</strong></span> <span class='ocrx_word' id='word_1_649' title='bbox 2421 2395 2648 2462; x_wconf 89' lang='lat' dir='ltr'><strong>septimo</strong></span> <span class='ocrx_word' id='word_1_650' title='bbox 2674 2397 2776 2455; x_wconf 89' lang='lat' dir='ltr'><strong>diei</strong></span> <span class='ocrx_word' id='word_1_651' title='bbox 2808 2400 2954 2455; x_wconf 86' lang='lat' dir='ltr'><strong>nulla</strong></span> <span class='ocrx_word' id='word_1_652' title='bbox 2987 2416 3216 2470; x_wconf 74' lang='lat' dir='ltr'><strong>vespera</strong></span> <span class='ocrx_word' id='word_1_653' title='bbox 3240 2404 3487 2467; x_wconf 77' lang='lat' dir='ltr'><strong>accessit.</strong></span> 
     </span>
    </p>
   </div>
   <div class='ocr_carea' id='block_1_85' title="bbox 2191 2483 3420 2561">
    <p class='ocr_par' dir='ltr' id='par_1_85' title="bbox 2191 2483 3420 2561">
     <span class='ocr_line' id='line_1_85' title="bbox 2191 2483 3420 2561; baseline 0.007 -23"><span class='ocrx_word' id='word_1_654' title='bbox 2191 2483 2419 2545; x_wconf 84' lang='lat' dir='ltr'><strong>CAPUT</strong></span> <span class='ocrx_word' id='word_1_655' title='bbox 2460 2486 2577 2543; x_wconf 79' lang='lat' dir='ltr'><strong>XX.</strong></span> <span class='ocrx_word' id='word_1_656' title='bbox 2605 2518 2676 2527; x_wconf 98' lang='lat'><strong>—</strong></span> <span class='ocrx_word' id='word_1_657' title='bbox 2697 2488 2817 2545; x_wconf 82' lang='lat' dir='ltr'><strong>Dies</strong></span> <span class='ocrx_word' id='word_1_658' title='bbox 2842 2492 3083 2561; x_wconf 76' lang='lat' dir='ltr'><strong>septimus</strong></span> <span class='ocrx_word' id='word_1_659' title='bbox 3112 2510 3177 2546; x_wconf 81' lang='lat' dir='ltr'><strong>an</strong></span> <span class='ocrx_word' id='word_1_660' title='bbox 3204 2505 3420 2557; x_wconf 71' lang='lat' dir='ltr'><strong>creatus.</strong></span> 
     </span>
    </p>
   </div>
   <div class='ocr_carea' id='block_1_86' title="bbox 2086 2574 3603 2652">
    <p class='ocr_par' dir='ltr' id='par_1_86' title="bbox 2086 2574 3603 2652">
     <span class='ocr_line' id='line_1_86' title="bbox 2086 2574 3603 2652; baseline 0.009 -23"><span class='ocrx_word' id='word_1_661' title='bbox 2086 2574 2173 2629; x_wconf 82' lang='grc'><strong>57.</strong></span> <span class='ocrx_word' id='word_1_662' title='bbox 2208 2574 2313 2635; x_wconf 88' lang='lat' dir='ltr'><strong>Sed</strong></span> <span class='ocrx_word' id='word_1_663' title='bbox 2346 2576 2501 2644; x_wconf 65' lang='lat' dir='ltr'><strong>plane</strong></span> <span class='ocrx_word' id='word_1_664' title='bbox 2527 2580 2687 2647; x_wconf 77' lang='lat' dir='ltr'><strong>qn:eri</strong></span> <span class='ocrx_word' id='word_1_665' title='bbox 2723 2590 2915 2648; x_wconf 81' lang='lat' dir='ltr'><strong>potest,</strong></span> <span class='ocrx_word' id='word_1_666' title='bbox 2933 2582 3197 2652; x_wconf 73' lang='lat' dir='ltr'><strong>dignaque</strong></span> <span class='ocrx_word' id='word_1_667' title='bbox 3217 2586 3603 2643; x_wconf 83' lang='lat' dir='ltr'><strong>consideratio-</strong></span> 
     </span>
    </p>
   </div>
   <div class='ocr_carea' id='block_1_87' title="bbox 2016 2671 3601 2749">
    <p class='ocr_par' dir='ltr' id='par_1_87' title="bbox 2016 2671 3601 2749">
     <span class='ocr_line' id='line_1_87' title="bbox 2016 2671 3601 2749; baseline 0.009 -28"><span class='ocrx_word' id='word_1_668' title='bbox 2016 2683 2081 2723; x_wconf 89' lang='lat' dir='ltr'><strong>ne</strong></span> <span class='ocrx_word' id='word_1_669' title='bbox 2102 2678 2300 2736; x_wconf 87' lang='lat' dir='ltr'><strong>movet,</strong></span> <span class='ocrx_word' id='word_1_670' title='bbox 2331 2671 2599 2743; x_wconf 73' lang='lat' dir='ltr'><strong>quomodo</strong></span> <span class='ocrx_word' id='word_1_671' title='bbox 2620 2671 2945 2743; x_wconf 82' lang='lat' dir='ltr'><strong>intelligatur</strong></span> <span class='ocrx_word' id='word_1_672' title='bbox 2970 2676 3029 2731; x_wconf 84' lang='lat' dir='ltr'><strong>in.</strong></span> <span class='ocrx_word' id='word_1_673' title='bbox 3046 2677 3227 2746; x_wconf 87' lang='lat' dir='ltr'><strong>seipso</strong></span> <span class='ocrx_word' id='word_1_674' title='bbox 3241 2679 3377 2735; x_wconf 81' lang='lat' dir='ltr'><strong>Deus</strong></span> <span class='ocrx_word' id='word_1_675' title='bbox 3396 2681 3601 2749; x_wconf 84' lang='lat' dir='ltr'><strong>requie-</strong></span> 
     </span>
    </p>
   </div>
   <div class='ocr_carea' id='block_1_88' title="bbox 2015 2761 3602 2838">
    <p class='ocr_par' dir='ltr' id='par_1_88' title="bbox 2015 2761 3602 2838">
     <span class='ocr_line' id='line_1_88' title="bbox 2015 2761 3602 2838; baseline 0.008 -25"><span class='ocrx_word' id='word_1_676' title='bbox 2015 2761 2155 2817; x_wconf 88' lang='lat' dir='ltr'><strong>visse</strong></span> <span class='ocrx_word' id='word_1_677' title='bbox 2180 2762 2247 2816; x_wconf 88' lang='lat' dir='ltr'><strong>ab</strong></span> <span class='ocrx_word' id='word_1_678' title='bbox 2278 2763 2524 2819; x_wconf 84' lang='lat' dir='ltr'><strong>omnibus</strong></span> <span class='ocrx_word' id='word_1_679' title='bbox 2553 2766 2800 2833; x_wconf 82' lang='lat' dir='ltr'><strong>operibus</strong></span> <span class='ocrx_word' id='word_1_680' title='bbox 2825 2768 2935 2833; x_wconf 73' lang='lat' dir='ltr'><strong>suis</strong></span> <span class='ocrx_word' id='word_1_681' title='bbox 2978 2785 3097 2838; x_wconf 81' lang='lat' dir='ltr'><strong>quae</strong></span> <span class='ocrx_word' id='word_1_682' title='bbox 3133 2768 3285 2837; x_wconf 77' lang='lat' dir='ltr'><strong>fecit;</strong></span> <span class='ocrx_word' id='word_1_683' title='bbox 3314 2786 3441 2829; x_wconf 77' lang='lat' dir='ltr'><strong>cum</strong></span> <span class='ocrx_word' id='word_1_684' title='bbox 3466 2773 3602 2826; x_wconf 83' lang='lat' dir='ltr'><strong>scri-</strong></span> 
     </span>
    </p>
   </div>
   <div class='ocr_carea' id='block_1_89' title="bbox 2014 2852 3603 2929">
    <p class='ocr_par' dir='ltr' id='par_1_89' title="bbox 2014 2852 3603 2929">
     <span class='ocr_line' id='line_1_89' title="bbox 2014 2852 3603 2929; baseline 0.005 -20"><span class='ocrx_word' id='word_1_685' title='bbox 2014 2861 2162 2922; x_wconf 86' lang='lat' dir='ltr'><strong>ptum</strong></span> <span class='ocrx_word' id='word_1_686' title='bbox 2195 2852 2283 2916; x_wconf 84' lang='lat' dir='ltr'><strong>sit,</strong></span> <span class='ocrx_word' id='word_1_687' title='bbox 2313 2852 2379 2909; x_wconf 83' lang='lat' dir='ltr'><strong>Et</strong></span> <span class='ocrx_word' id='word_1_688' title='bbox 2415 2855 2657 2925; x_wconf 78' lang='lat' dir='ltr'><strong>requievit</strong></span> <span class='ocrx_word' id='word_1_689' title='bbox 2692 2855 2834 2917; x_wconf 75' lang='lat' dir='ltr'><strong>Deus</strong></span> <span class='ocrx_word' id='word_1_690' title='bbox 2858 2857 2911 2910; x_wconf 80' lang='lat' dir='ltr'><strong>in</strong></span> <span class='ocrx_word' id='word_1_691' title='bbox 2938 2858 3018 2915; x_wconf 84' lang='lat' dir='ltr'><strong>die</strong></span> <span class='ocrx_word' id='word_1_692' title='bbox 3060 2860 3291 2929; x_wconf 68' lang='lat' dir='ltr'><strong>septimo.</strong></span> <span class='ocrx_word' id='word_1_693' title='bbox 3316 2860 3431 2917; x_wconf 85' lang='lat' dir='ltr'><strong>Non</strong></span> <span class='ocrx_word' id='word_1_694' title='bbox 3458 2863 3603 2925; x_wconf 85' lang='lat' dir='ltr'><strong>enim</strong></span> 
     </span>
    </p>
   </div>
   <div class='ocr_carea' id='block_1_90' title="bbox 2014 2945 3604 3022">
    <p class='ocr_par' dir='ltr' id='par_1_90' title="bbox 2014 2945 3604 3022">
     <span class='ocr_line' id='line_1_90' title="bbox 2014 2945 3604 3022; baseline 0.006 -23"><span class='ocrx_word' id='word_1_695' title='bbox 2014 2945 2212 3007; x_wconf 89' lang='lat' dir='ltr'><strong>dictum</strong></span> <span class='ocrx_word' id='word_1_696' title='bbox 2262 2955 2362 3012; x_wconf 90' lang='lat' dir='ltr'><strong>est,</strong></span> <span class='ocrx_word' id='word_1_697' title='bbox 2396 2946 2449 3000; x_wconf 91' lang='lat' dir='ltr'><strong>ln</strong></span> <span class='ocrx_word' id='word_1_698' title='bbox 2478 2948 2688 3017; x_wconf 87' lang='lat' dir='ltr'><strong>seipso;</strong></span> <span class='ocrx_word' id='word_1_699' title='bbox 2718 2949 2833 3017; x_wconf 87' lang='lat' dir='ltr'><strong>sed,</strong></span> <span class='ocrx_word' id='word_1_700' title='bbox 2888 2951 2941 3009; x_wconf 81' lang='lat' dir='ltr'><strong>in</strong></span> <span class='ocrx_word' id='word_1_701' title='bbox 2970 2952 3051 3004; x_wconf 76' lang='lat' dir='ltr'><strong>die</strong></span> <span class='ocrx_word' id='word_1_702' title='bbox 3080 2952 3311 3022; x_wconf 78' lang='lat' dir='ltr'><strong>septimo.</strong></span> <span class='ocrx_word' id='word_1_703' title='bbox 3359 2954 3497 3022; x_wconf 83' lang='lat' dir='ltr'><strong>Quid</strong></span> <span class='ocrx_word' id='word_1_704' title='bbox 3520 2964 3604 3012; x_wconf 85' lang='lat' dir='ltr'><strong>est</strong></span> 
     </span>
    </p>
   </div>
   <div class='ocr_carea' id='block_1_91' title="bbox 2016 3038 3607 3115">
    <p class='ocr_par' dir='ltr' id='par_1_91' title="bbox 2016 3038 3607 3115">
     <span class='ocr_line' id='line_1_91' title="bbox 2016 3038 3607 3115; baseline 0.006 -24"><span class='ocrx_word' id='word_1_705' title='bbox 2016 3053 2143 3108; x_wconf 81' lang='lat' dir='ltr'><strong>ergo</strong></span> <span class='ocrx_word' id='word_1_706' title='bbox 2174 3038 2288 3097; x_wconf 87' lang='lat' dir='ltr'><strong>dies</strong></span> <span class='ocrx_word' id='word_1_707' title='bbox 2331 3040 2633 3107; x_wconf 88' lang='lat' dir='ltr'><strong>septimus?</strong></span> <span class='ocrx_word' id='word_1_708' title='bbox 2663 3050 2841 3109; x_wconf 84' lang='lat' dir='ltr'><strong>utrum</strong></span> <span class='ocrx_word' id='word_1_709' title='bbox 2885 3051 3130 3107; x_wconf 82' lang='lat' dir='ltr'><strong>creatura</strong></span> <span class='ocrx_word' id='word_1_710' title='bbox 3173 3053 3257 3109; x_wconf 88' lang='lat' dir='ltr'><strong>est</strong></span> <span class='ocrx_word' id='word_1_711' title='bbox 3308 3045 3503 3115; x_wconf 76' lang='lat' dir='ltr'><strong>aliqua,</strong></span> <span class='ocrx_word' id='word_1_712' title='bbox 3535 3062 3607 3100; x_wconf 77' lang='lat' dir='ltr'><strong>an.</strong></span> 
     </span>
    </p>
   </div>
   <div class='ocr_carea' id='block_1_92' title="bbox 2014 3131 3603 3208">
    <p class='ocr_par' dir='ltr' id='par_1_92' title="bbox 2014 3131 3603 3208">
     <span class='ocr_line' id='line_1_92' title="bbox 2014 3131 3603 3208; baseline 0.006 -26"><span class='ocrx_word' id='word_1_713' title='bbox 2014 3131 2272 3199; x_wconf 83' lang='lat' dir='ltr'><strong>temporis</strong></span> <span class='ocrx_word' id='word_1_714' title='bbox 2323 3132 2693 3195; x_wconf 83' lang='lat' dir='ltr'><strong>tantummodo</strong></span> <span class='ocrx_word' id='word_1_715' title='bbox 2718 3133 2992 3202; x_wconf 76' lang='lat' dir='ltr'><strong>spatium?</strong></span> <span class='ocrx_word' id='word_1_716' title='bbox 3020 3135 3135 3197; x_wconf 74' lang='lat' dir='ltr'><strong>Sed</strong></span> <span class='ocrx_word' id='word_1_717' title='bbox 3156 3136 3315 3193; x_wconf 82' lang='lat' dir='ltr'><strong>etiam</strong></span> <span class='ocrx_word' id='word_1_718' title='bbox 3346 3137 3603 3208; x_wconf 75' lang='lat' dir='ltr'><strong>temporis</strong></span> 
     </span>
    </p>
   </div>
   <div class='ocr_carea' id='block_1_93' title="bbox 2014 3222 3603 3299">
    <p class='ocr_par' dir='ltr' id='par_1_93' title="bbox 2014 3222 3603 3299">
     <span class='ocr_line' id='line_1_93' title="bbox 2014 3222 3603 3299; baseline 0.006 -24"><span class='ocrx_word' id='word_1_719' title='bbox 2014 3222 2240 3290; x_wconf 84' lang='lat' dir='ltr'><strong>spatium</strong></span> <span class='ocrx_word' id='word_1_720' title='bbox 2271 3232 2529 3278; x_wconf 83' lang='lat' dir='ltr'><strong>creaturae</strong></span> <span class='ocrx_word' id='word_1_721' title='bbox 2563 3226 2843 3299; x_wconf 79' lang='lat' dir='ltr'><strong>temporali</strong></span> <span class='ocrx_word' id='word_1_722' title='bbox 2881 3238 3221 3285; x_wconf 79' lang='lat' dir='ltr'><strong>concreatum</strong></span> <span class='ocrx_word' id='word_1_723' title='bbox 3262 3238 3373 3295; x_wconf 73' lang='lat' dir='ltr'><strong>est;</strong></span> <span class='ocrx_word' id='word_1_724' title='bbox 3404 3243 3467 3284; x_wconf 91' lang='lat' dir='ltr'><strong>ac</strong></span> <span class='ocrx_word' id='word_1_725' title='bbox 3510 3244 3603 3299; x_wconf 89' lang='lat' dir='ltr'><strong>per</strong></span> 
     </span>
    </p>
   </div>
   <div class='ocr_carea' id='block_1_94' title="bbox 2014 3312 3605 3390">
    <p class='ocr_par' dir='ltr' id='par_1_94' title="bbox 2014 3312 3605 3390">
     <span class='ocr_line' id='line_1_94' title="bbox 2014 3312 3605 3390; baseline 0.007 -26"><span class='ocrx_word' id='word_1_726' title='bbox 2014 3312 2115 3370; x_wconf 87' lang='lat' dir='ltr'><strong>hoc</strong></span> <span class='ocrx_word' id='word_1_727' title='bbox 2141 3321 2195 3371; x_wconf 85' lang='lat' dir='ltr'><strong>et</strong></span> <span class='ocrx_word' id='word_1_728' title='bbox 2224 3314 2393 3384; x_wconf 83' lang='lat' dir='ltr'><strong>ipsum</strong></span> <span class='ocrx_word' id='word_1_729' title='bbox 2422 3315 2536 3369; x_wconf 87' lang='lat' dir='ltr'><strong>sine</strong></span> <span class='ocrx_word' id='word_1_730' title='bbox 2585 3316 2755 3383; x_wconf 70' lang='lat' dir='ltr'><strong>dubio</strong></span> <span class='ocrx_word' id='word_1_731' title='bbox 2789 3325 3035 3381; x_wconf 80' lang='lat' dir='ltr'><strong>creatura</strong></span> <span class='ocrx_word' id='word_1_732' title='bbox 3084 3328 3183 3375; x_wconf 89' lang='lat' dir='ltr'><strong>est.</strong></span> <span class='ocrx_word' id='word_1_733' title='bbox 3234 3319 3419 3390; x_wconf 71' lang='lat' dir='ltr'><strong>Neun</strong></span> <span class='ocrx_word' id='word_1_734' title='bbox 3458 3321 3605 3383; x_wconf 83' lang='lat' dir='ltr'><strong>enim</strong></span> 
     </span>
    </p>
   </div>
   <div class='ocr_carea' id='block_1_95' title="bbox 2016 3404 3601 3482">
    <p class='ocr_par' dir='ltr' id='par_1_95' title="bbox 2016 3404 3601 3482">
     <span class='ocr_line' id='line_1_95' title="bbox 2016 3404 3601 3482; baseline 0.006 -25"><span class='ocrx_word' id='word_1_735' title='bbox 2016 3404 2118 3458; x_wconf 89' lang='lat' dir='ltr'><strong>ulla</strong></span> <span class='ocrx_word' id='word_1_736' title='bbox 2148 3414 2391 3474; x_wconf 84' lang='lat' dir='ltr'><strong>tempora</strong></span> <span class='ocrx_word' id='word_1_737' title='bbox 2414 3406 2493 3463; x_wconf 89' lang='lat' dir='ltr'><strong>vel</strong></span> <span class='ocrx_word' id='word_1_738' title='bbox 2534 3415 2681 3475; x_wconf 82' lang='lat' dir='ltr'><strong>sunt,</strong></span> <span class='ocrx_word' id='word_1_739' title='bbox 2710 3409 2795 3467; x_wconf 89' lang='lat' dir='ltr'><strong>vel</strong></span> <span class='ocrx_word' id='word_1_740' title='bbox 2842 3424 2969 3477; x_wconf 79' lang='lat' dir='ltr'><strong>esse</strong></span> <span class='ocrx_word' id='word_1_741' title='bbox 2991 3418 3297 3479; x_wconf 79' lang='lat' dir='ltr'><strong>potuerunt,</strong></span> <span class='ocrx_word' id='word_1_742' title='bbox 3338 3413 3419 3469; x_wconf 86' lang='lat' dir='ltr'><strong>vel</strong></span> <span class='ocrx_word' id='word_1_743' title='bbox 3450 3422 3601 3482; x_wconf 88' lang='lat' dir='ltr'><strong>pote-</strong></span> 
     </span>
    </p>
   </div>
   <div class='ocr_carea' id='block_1_96' title="bbox 2014 3499 3604 3573">
    <p class='ocr_par' dir='ltr' id='par_1_96' title="bbox 2014 3499 3604 3573">
     <span class='ocr_line' id='line_1_96' title="bbox 2014 3499 3604 3573; baseline 0.006 -24"><span class='ocrx_word' id='word_1_744' title='bbox 2014 3505 2156 3560; x_wconf 89' lang='lat' dir='ltr'><strong>runt,</strong></span> <span class='ocrx_word' id='word_1_745' title='bbox 2206 3513 2430 3567; x_wconf 78' lang='lat' dir='ltr'><strong>quorum</strong></span> <span class='ocrx_word' id='word_1_746' title='bbox 2475 3499 2614 3565; x_wconf 73' lang='lat' dir='ltr'><strong>Deus</strong></span> <span class='ocrx_word' id='word_1_747' title='bbox 2665 3514 2777 3569; x_wconf 76' lang='lat' dir='ltr'><strong>non</strong></span> <span class='ocrx_word' id='word_1_748' title='bbox 2816 3501 2893 3565; x_wconf 85' lang='lat' dir='ltr'><strong>sit</strong></span> <span class='ocrx_word' id='word_1_749' title='bbox 2928 3512 3175 3561; x_wconf 82' lang='lat' dir='ltr'><strong>creator:</strong></span> <span class='ocrx_word' id='word_1_750' title='bbox 3204 3519 3268 3558; x_wconf 88' lang='lat' dir='ltr'><strong>ac</strong></span> <span class='ocrx_word' id='word_1_751' title='bbox 3296 3520 3390 3573; x_wconf 84' lang='lat' dir='ltr'><strong>per</strong></span> <span class='ocrx_word' id='word_1_752' title='bbox 3417 3504 3518 3561; x_wconf 82' lang='lat' dir='ltr'><strong>hoc</strong></span> <span class='ocrx_word' id='word_1_753' title='bbox 3549 3513 3604 3560; x_wconf 88' lang='lat' dir='ltr'><strong>et</strong></span> 
     </span>
    </p>
   </div>
   <div class='ocr_carea' id='block_1_97' title="bbox 2014 3588 3596 3665">
    <p class='ocr_par' dir='ltr' id='par_1_97' title="bbox 2014 3588 3596 3665">
     <span class='ocr_line' id='line_1_97' title="bbox 2014 3588 3596 3665; baseline 0.004 -23"><span class='ocrx_word' id='word_1_754' title='bbox 2014 3588 2173 3657; x_wconf 78' lang='lat' dir='ltr'><strong>istum</strong></span> <span class='ocrx_word' id='word_1_755' title='bbox 2203 3590 2487 3658; x_wconf 76' lang='lat' dir='ltr'><strong>septimum</strong></span> <span class='ocrx_word' id='word_1_756' title='bbox 2510 3591 2674 3659; x_wconf 80' lang='lat' dir='ltr'><strong>diem,</strong></span> <span class='ocrx_word' id='word_1_757' title='bbox 2701 3594 2747 3663; x_wconf 83' lang='lat' dir='ltr'><strong>si</strong></span> <span class='ocrx_word' id='word_1_758' title='bbox 2769 3601 2976 3663; x_wconf 82' lang='lat' dir='ltr'><strong>tempus</strong></span> <span class='ocrx_word' id='word_1_759' title='bbox 2993 3603 3094 3660; x_wconf 81' lang='lat' dir='ltr'><strong>est,</strong></span> <span class='ocrx_word' id='word_1_760' title='bbox 3118 3596 3239 3665; x_wconf 82' lang='lat' dir='ltr'><strong>quis</strong></span> <span class='ocrx_word' id='word_1_761' title='bbox 3263 3597 3483 3663; x_wconf 82' lang='lat' dir='ltr'><strong>creavit,</strong></span> <span class='ocrx_word' id='word_1_762' title='bbox 3514 3596 3596 3649; x_wconf 88' lang='lat' dir='ltr'><strong>ni-</strong></span> 
     </span>
    </p>
   </div>
   <div class='ocr_carea' id='block_1_98' title="bbox 2011 3682 3598 3754">
    <p class='ocr_par' dir='ltr' id='par_1_98' title="bbox 2011 3682 3598 3754">
     <span class='ocr_line' id='line_1_98' title="bbox 2011 3682 3598 3754; baseline 0.006 -19"><span class='ocrx_word' id='word_1_763' title='bbox 2011 3682 2055 3735; x_wconf 91' lang='lat' dir='ltr'><strong>si</strong></span> <span class='ocrx_word' id='word_1_764' title='bbox 2085 3683 2321 3737; x_wconf 87' lang='lat' dir='ltr'><strong>omnium</strong></span> <span class='ocrx_word' id='word_1_765' title='bbox 2353 3691 2650 3754; x_wconf 70' lang='lat' dir='ltr'><strong>temporum</strong></span> <span class='ocrx_word' id='word_1_766' title='bbox 2688 3687 2939 3743; x_wconf 84' lang='lat' dir='ltr'><strong>creator?</strong></span> <span class='ocrx_word' id='word_1_767' title='bbox 2965 3686 3069 3753; x_wconf 75' lang='lat' dir='ltr'><strong>Sed</strong></span> <span class='ocrx_word' id='word_1_768' title='bbox 3108 3688 3184 3753; x_wconf 66' lang='lat' dir='ltr'><strong>illi</strong></span> <span class='ocrx_word' id='word_1_769' title='bbox 3215 3704 3309 3743; x_wconf 84' lang='lat' dir='ltr'><strong>sex</strong></span> <span class='ocrx_word' id='word_1_770' title='bbox 3337 3689 3454 3744; x_wconf 90' lang='lat' dir='ltr'><strong>dies</strong></span> <span class='ocrx_word' id='word_1_771' title='bbox 3477 3705 3598 3746; x_wconf 87' lang='lat' dir='ltr'><strong>cum</strong></span> 
     </span>
    </p>
   </div>
   <div class='ocr_carea' id='block_1_99' title="bbox 2011 3774 3602 3853">
    <p class='ocr_par' dir='ltr' id='par_1_99' title="bbox 2011 3774 3602 3853">
     <span class='ocr_line' id='line_1_99' title="bbox 2011 3774 3602 3853; baseline 0.008 -29"><span class='ocrx_word' id='word_1_772' title='bbox 2011 3774 2204 3842; x_wconf 84' lang='lat' dir='ltr'><strong>quibus</strong></span> <span class='ocrx_word' id='word_1_773' title='bbox 2232 3774 2321 3833; x_wconf 88' lang='lat' dir='ltr'><strong>vel</strong></span> <span class='ocrx_word' id='word_1_774' title='bbox 2350 3775 2407 3841; x_wconf 39' lang='lat' dir='ltr'><strong>in,</strong></span> <span class='ocrx_word' id='word_1_775' title='bbox 2452 3776 2645 3845; x_wconf 86' lang='lat' dir='ltr'><strong>quibus</strong></span> <span class='ocrx_word' id='word_1_776' title='bbox 2684 3780 2949 3834; x_wconf 84' lang='lat' dir='ltr'><strong>creaturis</strong></span> <span class='ocrx_word' id='word_1_777' title='bbox 2990 3781 3157 3835; x_wconf 80' lang='lat' dir='ltr'><strong>creati</strong></span> <span class='ocrx_word' id='word_1_778' title='bbox 3200 3781 3326 3846; x_wconf 89' lang='lat' dir='ltr'><strong>sint,</strong></span> <span class='ocrx_word' id='word_1_779' title='bbox 3356 3782 3602 3853; x_wconf 87' lang='lat' dir='ltr'><strong>superior</strong></span> 
     </span>
    </p>
   </div>
   <div class='ocr_carea' id='block_1_100' title="bbox 2012 3864 3599 3939">
    <p class='ocr_par' dir='ltr' id='par_1_100' title="bbox 2012 3864 3599 3939">
     <span class='ocr_line' id='line_1_100' title="bbox 2012 3864 3599 3939; baseline 0.008 -20"><span class='ocrx_word' id='word_1_780' title='bbox 2012 3864 2305 3937; x_wconf 67' lang='lat' dir='ltr'><strong>Scriptura;</strong></span> <span class='ocrx_word' id='word_1_781' title='bbox 2328 3876 2525 3937; x_wconf 60' lang='lat' dir='ltr'><strong>sanetae</strong></span> <span class='ocrx_word' id='word_1_782' title='bbox 2550 3884 2729 3924; x_wconf 89' lang='lat' dir='ltr'><strong>sermo</strong></span> <span class='ocrx_word' id='word_1_783' title='bbox 2763 3871 2979 3933; x_wconf 84' lang='lat' dir='ltr'><strong>indicat.</strong></span> <span class='ocrx_word' id='word_1_784' title='bbox 3008 3873 3275 3939; x_wconf 78' lang='lat' dir='ltr'><strong>Quocirca</strong></span> <span class='ocrx_word' id='word_1_785' title='bbox 3301 3875 3356 3930; x_wconf 91' lang='lat' dir='ltr'><strong>in</strong></span> <span class='ocrx_word' id='word_1_786' title='bbox 3378 3876 3461 3932; x_wconf 89' lang='lat' dir='ltr'><strong>his</strong></span> <span class='ocrx_word' id='word_1_787' title='bbox 3480 3876 3599 3932; x_wconf 89' lang='lat' dir='ltr'><strong>die-</strong></span> 
     </span>
    </p>
   </div>
   <div class='ocr_carea' id='block_1_101' title="bbox 2012 3957 3602 4037">
    <p class='ocr_par' dir='ltr' id='par_1_101' title="bbox 2012 3957 3602 4037">
     <span class='ocr_line' id='line_1_101' title="bbox 2012 3957 3602 4037; baseline 0.008 -25"><span class='ocrx_word' id='word_1_788' title='bbox 2012 3957 2118 4019; x_wconf 82' lang='lat' dir='ltr'><strong>bus</strong></span> <span class='ocrx_word' id='word_1_789' title='bbox 2136 3966 2371 4029; x_wconf 63' lang='lat' dir='ltr'><strong>septem,</strong></span> <span class='ocrx_word' id='word_1_790' title='bbox 2393 3976 2619 4030; x_wconf 87' lang='lat' dir='ltr'><strong>quorum</strong></span> <span class='ocrx_word' id='word_1_791' title='bbox 2671 3962 2885 4031; x_wconf 25' lang='lat' dir='ltr'><strong>species,</strong></span> <span class='ocrx_word' id='word_1_792' title='bbox 2919 3972 3043 4023; x_wconf 69' lang='lat' dir='ltr'><strong>[tota</strong></span> <span class='ocrx_word' id='word_1_793' title='bbox 3092 3965 3247 4021; x_wconf 83' lang='lat' dir='ltr'><strong>nobis</strong></span> <span class='ocrx_word' id='word_1_794' title='bbox 3292 3974 3392 4033; x_wconf 90' lang='lat' dir='ltr'><strong>est,</strong></span> <span class='ocrx_word' id='word_1_795' title='bbox 3425 3967 3515 4037; x_wconf 88' lang='lat' dir='ltr'><strong>qui</strong></span> <span class='ocrx_word' id='word_1_796' title='bbox 3542 3983 3602 4025; x_wconf 86' lang='lat' dir='ltr'><strong>re</strong></span> 
     </span>
    </p>
   </div>
   <div class='ocr_carea' id='block_1_102' title="bbox 2011 4051 3589 4123">
    <p class='ocr_par' dir='ltr' id='par_1_102' title="bbox 2011 4051 3589 4123">
     <span class='ocr_line' id='line_1_102' title="bbox 2011 4051 3589 4123; baseline 0.011 -21"><span class='ocrx_word' id='word_1_797' title='bbox 2011 4051 2230 4121; x_wconf 82' lang='lat' dir='ltr'><strong>quidem</strong></span> <span class='ocrx_word' id='word_1_798' title='bbox 2258 4054 2375 4123; x_wconf 78' lang='lat' dir='ltr'><strong>ipsa</strong></span> <span class='ocrx_word' id='word_1_799' title='bbox 2401 4063 2745 4123; x_wconf 66' lang='lat' dir='ltr'><strong>praetereunt,</strong></span> <span class='ocrx_word' id='word_1_800' title='bbox 2774 4056 2871 4112; x_wconf 84' lang='lat' dir='ltr'><strong>sed</strong></span> <span class='ocrx_word' id='word_1_801' title='bbox 2897 4058 3017 4119; x_wconf 75' lang='lat' dir='ltr'><strong>aliis</strong></span> <span class='ocrx_word' id='word_1_802' title='bbox 3044 4059 3457 4117; x_wconf 75' lang='lat' dir='ltr'><strong>succedentibus</strong></span> <span class='ocrx_word' id='word_1_803' title='bbox 3486 4077 3589 4119; x_wconf 75' lang='lat' dir='ltr'><strong>no-</strong></span> 
     </span>
    </p>
   </div>
   <div class='ocr_carea' id='block_1_103' title="bbox 2011 4146 3598 4216">
    <p class='ocr_par' dir='ltr' id='par_1_103' title="bbox 2011 4146 3598 4216">
     <span class='ocr_line' id='line_1_103' title="bbox 2011 4146 3598 4216; baseline 0.008 -19"><span class='ocrx_word' id='word_1_804' title='bbox 2011 4146 2155 4205; x_wconf 80' lang='lat' dir='ltr'><strong>mina</strong></span> <span class='ocrx_word' id='word_1_805' title='bbox 2186 4161 2281 4211; x_wconf 76' lang='lat' dir='ltr'><strong>sua</strong></span> <span class='ocrx_word' id='word_1_806' title='bbox 2309 4147 2701 4216; x_wconf 82' lang='lat' dir='ltr'><strong>quodammodo</strong></span> <span class='ocrx_word' id='word_1_807' title='bbox 2744 4149 2977 4216; x_wconf 77' lang='lat' dir='ltr'><strong>tradunt,</strong></span> <span class='ocrx_word' id='word_1_808' title='bbox 3008 4159 3066 4206; x_wconf 84' lang='lat' dir='ltr'><strong>ut</strong></span> <span class='ocrx_word' id='word_1_809' title='bbox 3114 4151 3199 4209; x_wconf 84' lang='lat' dir='ltr'><strong>illi</strong></span> <span class='ocrx_word' id='word_1_810' title='bbox 3234 4168 3331 4209; x_wconf 75' lang='lat' dir='ltr'><strong>sex</strong></span> <span class='ocrx_word' id='word_1_811' title='bbox 3356 4152 3472 4209; x_wconf 80' lang='lat' dir='ltr'><strong>dies</strong></span> <span class='ocrx_word' id='word_1_812' title='bbox 3502 4169 3598 4210; x_wconf 76' lang='lat' dir='ltr'><strong>no-</strong></span> 
     </span>
    </p>
   </div>
   <div class='ocr_carea' id='block_1_104' title="bbox 2010 4239 3598 4314">
    <p class='ocr_par' dir='ltr' id='par_1_104' title="bbox 2010 4239 3598 4314">
     <span class='ocr_line' id='line_1_104' title="bbox 2010 4239 3598 4314; baseline 0.006 -21"><span class='ocrx_word' id='word_1_813' title='bbox 2010 4239 2314 4307; x_wconf 86' lang='lat' dir='ltr'><strong>minentur;</strong></span> <span class='ocrx_word' id='word_1_814' title='bbox 2345 4244 2591 4303; x_wconf 73' lang='lat' dir='ltr'><strong>uovimus</strong></span> <span class='ocrx_word' id='word_1_815' title='bbox 2614 4256 2803 4301; x_wconf 83' lang='lat' dir='ltr'><strong>eorum</strong></span> <span class='ocrx_word' id='word_1_816' title='bbox 2828 4244 2981 4312; x_wconf 75' lang='lat' dir='ltr'><strong>primi</strong></span> <span class='ocrx_word' id='word_1_817' title='bbox 3012 4246 3227 4314; x_wconf 79' lang='lat' dir='ltr'><strong>quando</strong></span> <span class='ocrx_word' id='word_1_818' title='bbox 3243 4246 3409 4301; x_wconf 85' lang='lat' dir='ltr'><strong>creati</strong></span> <span class='ocrx_word' id='word_1_819' title='bbox 3437 4255 3559 4302; x_wconf 88' lang='lat' dir='ltr'><strong>sunt</strong></span> <span class='ocrx_word' id='word_1_820' title='bbox 3584 4265 3598 4302; x_wconf 91' lang='lat'><strong>:</strong></span> 
     </span>
    </p>
   </div>
   <div class='ocr_carea' id='block_1_105' title="bbox 2011 4334 3593 4410">
    <p class='ocr_par' dir='ltr' id='par_1_105' title="bbox 2011 4334 3593 4410">
     <span class='ocr_line' id='line_1_105' title="bbox 2011 4334 3593 4410; baseline 0.006 -24"><span class='ocrx_word' id='word_1_821' title='bbox 2011 4334 2295 4402; x_wconf 85' lang='lat' dir='ltr'><strong>septimum</strong></span> <span class='ocrx_word' id='word_1_822' title='bbox 2322 4342 2495 4392; x_wconf 81' lang='lat' dir='ltr'><strong>autem</strong></span> <span class='ocrx_word' id='word_1_823' title='bbox 2524 4335 2686 4401; x_wconf 71' lang='lat' dir='ltr'><strong>diem,</strong></span> <span class='ocrx_word' id='word_1_824' title='bbox 2716 4337 2803 4405; x_wconf 87' lang='lat' dir='ltr'><strong>qui</strong></span> <span class='ocrx_word' id='word_1_825' title='bbox 2834 4338 3047 4393; x_wconf 77' lang='lat' dir='ltr'><strong>nomine</strong></span> <span class='ocrx_word' id='word_1_826' title='bbox 3081 4338 3289 4399; x_wconf 83' lang='lat' dir='ltr'><strong>sabbati</strong></span> <span class='ocrx_word' id='word_1_827' title='bbox 3313 4355 3593 4410; x_wconf 77' lang='lat' dir='ltr'><strong>nuncupa-</strong></span> 
     </span>
    </p>
   </div>
   <div class='ocr_carea' id='block_1_106' title="bbox 2012 4425 3597 4507">
    <p class='ocr_par' dir='ltr' id='par_1_106' title="bbox 2012 4425 3597 4507">
     <span class='ocr_line' id='line_1_106' title="bbox 2012 4425 3597 4507; baseline 0.005 -29"><span class='ocrx_word' id='word_1_828' title='bbox 2012 4432 2119 4491; x_wconf 91' lang='lat' dir='ltr'><strong>tur,</strong></span> <span class='ocrx_word' id='word_1_829' title='bbox 2143 4425 2359 4495; x_wconf 85' lang='lat' dir='ltr'><strong>quando</strong></span> <span class='ocrx_word' id='word_1_830' title='bbox 2408 4427 2545 4491; x_wconf 77' lang='lat' dir='ltr'><strong>Deus</strong></span> <span class='ocrx_word' id='word_1_831' title='bbox 2573 4427 2854 4494; x_wconf 50' lang='lat' dir='ltr'><strong>oraverit,</strong></span> <span class='ocrx_word' id='word_1_832' title='bbox 2905 4443 3013 4482; x_wconf 92' lang='lat' dir='ltr'><strong>non</strong></span> <span class='ocrx_word' id='word_1_833' title='bbox 3064 4428 3433 4507; x_wconf 50' lang='lat' dir='ltr'><strong>videmus..ln</strong></span> <span class='ocrx_word' id='word_1_834' title='bbox 3477 4431 3597 4500; x_wconf 88' lang='lat' dir='ltr'><strong>ipso</strong></span> 
     </span>
    </p>
   </div>
   <div class='ocr_carea' id='block_1_107' title="bbox 2010 4517 3591 4591">
    <p class='ocr_par' dir='ltr' id='par_1_107' title="bbox 2010 4517 3591 4591">
     <span class='ocr_line' id='line_1_107' title="bbox 2010 4517 3591 4591; baseline 0.006 -21"><span class='ocrx_word' id='word_1_835' title='bbox 2010 4519 2208 4587; x_wconf 83' lang='lat' dir='ltr'><strong>quippe</strong></span> <span class='ocrx_word' id='word_1_836' title='bbox 2227 4517 2313 4572; x_wconf 90' lang='lat' dir='ltr'><strong>die</strong></span> <span class='ocrx_word' id='word_1_837' title='bbox 2340 4532 2449 4577; x_wconf 82' lang='lat' dir='ltr'><strong>non</strong></span> <span class='ocrx_word' id='word_1_838' title='bbox 2472 4518 2593 4577; x_wconf 78' lang='lat' dir='ltr'><strong>fecit</strong></span> <span class='ocrx_word' id='word_1_839' title='bbox 2618 4518 2836 4587; x_wconf 82' lang='lat' dir='ltr'><strong>aliquid,</strong></span> <span class='ocrx_word' id='word_1_840' title='bbox 2862 4520 2969 4579; x_wconf 80' lang='lat' dir='ltr'><strong>imo</strong></span> <span class='ocrx_word' id='word_1_841' title='bbox 3010 4520 3081 4575; x_wconf 85' lang='lat' dir='ltr'><strong>ab</strong></span> <span class='ocrx_word' id='word_1_842' title='bbox 3098 4520 3181 4583; x_wconf 79' lang='lat' dir='ltr'><strong>eis</strong></span> <span class='ocrx_word' id='word_1_843' title='bbox 3206 4536 3325 4591; x_wconf 85' lang='lat' dir='ltr'><strong>quae</strong></span> <span class='ocrx_word' id='word_1_844' title='bbox 3354 4536 3449 4579; x_wconf 83' lang='lat' dir='ltr'><strong>sex</strong></span> <span class='ocrx_word' id='word_1_845' title='bbox 3474 4521 3591 4579; x_wconf 87' lang='lat' dir='ltr'><strong>die-</strong></span> 
     </span>
    </p>
   </div>
   <div class='ocr_carea' id='block_1_108' title="bbox 2013 4611 3601 4683">
    <p class='ocr_par' dir='ltr' id='par_1_108' title="bbox 2013 4611 3601 4683">
     <span class='ocr_line' id='line_1_108' title="bbox 2013 4611 3601 4683; baseline 0.002 -15"><span class='ocrx_word' id='word_1_846' title='bbox 2013 4613 2113 4671; x_wconf 90' lang='lat' dir='ltr'><strong>bus</strong></span> <span class='ocrx_word' id='word_1_847' title='bbox 2144 4611 2366 4677; x_wconf 78' lang='lat' dir='ltr'><strong>fecerat,</strong></span> <span class='ocrx_word' id='word_1_848' title='bbox 2396 4612 2453 4665; x_wconf 85' lang='lat' dir='ltr'><strong>in</strong></span> <span class='ocrx_word' id='word_1_849' title='bbox 2490 4611 2681 4668; x_wconf 87' lang='lat' dir='ltr'><strong>eodem</strong></span> <span class='ocrx_word' id='word_1_850' title='bbox 2730 4612 2965 4681; x_wconf 78' lang='lat' dir='ltr'><strong>septimo</strong></span> <span class='ocrx_word' id='word_1_851' title='bbox 3009 4614 3287 4683; x_wconf 84' lang='lat' dir='ltr'><strong>requievit.</strong></span> <span class='ocrx_word' id='word_1_852' title='bbox 3321 4615 3601 4681; x_wconf 77' lang='lat' dir='ltr'><strong>Quomodo</strong></span> 
     </span>
    </p>
   </div>
   <div class='ocr_carea' id='block_1_109' title="bbox 2011 4705 3599 4780">
    <p class='ocr_par' dir='ltr' id='par_1_109' title="bbox 2011 4705 3599 4780">
     <span class='ocr_line' id='line_1_109' title="bbox 2011 4705 3599 4780; baseline 0.002 -18"><span class='ocrx_word' id='word_1_853' title='bbox 2011 4722 2138 4777; x_wconf 68' lang='lat' dir='ltr'><strong>ergo</strong></span> <span class='ocrx_word' id='word_1_854' title='bbox 2166 4706 2429 4776; x_wconf 84' lang='lat' dir='ltr'><strong>requievit</strong></span> <span class='ocrx_word' id='word_1_855' title='bbox 2453 4705 2505 4759; x_wconf 90' lang='lat' dir='ltr'><strong>in</strong></span> <span class='ocrx_word' id='word_1_856' title='bbox 2536 4706 2801 4775; x_wconf 78' lang='lat' dir='ltr'><strong>diequem</strong></span> <span class='ocrx_word' id='word_1_857' title='bbox 2844 4722 2951 4761; x_wconf 89' lang='lat' dir='ltr'><strong>non</strong></span> <span class='ocrx_word' id='word_1_858' title='bbox 2982 4707 3225 4762; x_wconf 85' lang='lat' dir='ltr'><strong>creavit?</strong></span> <span class='ocrx_word' id='word_1_859' title='bbox 3253 4710 3599 4780; x_wconf 88' lang='lat' dir='ltr'><strong>Autquomo-</strong></span> 
     </span>
    </p>
   </div>
   <div class='ocr_carea' id='block_1_110' title="bbox 2011 4798 3598 4870">
    <p class='ocr_par' dir='ltr' id='par_1_110' title="bbox 2011 4798 3598 4870">
     <span class='ocr_line' id='line_1_110' title="bbox 2011 4798 3598 4870; baseline 0.005 -19"><span class='ocrx_word' id='word_1_860' title='bbox 2011 4800 2079 4853; x_wconf 82' lang='grc'><strong>(10</strong></span> <span class='ocrx_word' id='word_1_861' title='bbox 2104 4815 2225 4854; x_wconf 91' lang='lat' dir='ltr'><strong>eum</strong></span> <span class='ocrx_word' id='word_1_862' title='bbox 2256 4807 2375 4870; x_wconf 89' lang='lat' dir='ltr'><strong>post</strong></span> <span class='ocrx_word' id='word_1_863' title='bbox 2404 4814 2497 4853; x_wconf 81' lang='lat' dir='ltr'><strong>sex</strong></span> <span class='ocrx_word' id='word_1_864' title='bbox 2527 4798 2638 4853; x_wconf 89' lang='lat' dir='ltr'><strong>dies</strong></span> <span class='ocrx_word' id='word_1_865' title='bbox 2659 4800 2911 4854; x_wconf 88' lang='lat' dir='ltr'><strong>continuo</strong></span> <span class='ocrx_word' id='word_1_866' title='bbox 2936 4802 3157 4866; x_wconf 90' lang='lat' dir='ltr'><strong>creavit,</strong></span> <span class='ocrx_word' id='word_1_867' title='bbox 3179 4817 3300 4861; x_wconf 82' lang='lat' dir='ltr'><strong>cum</strong></span> <span class='ocrx_word' id='word_1_868' title='bbox 3327 4812 3478 4858; x_wconf 80' lang='lat' dir='ltr'><strong>sexto</strong></span> <span class='ocrx_word' id='word_1_869' title='bbox 3509 4804 3598 4859; x_wconf 84' lang='lat' dir='ltr'><strong>die</strong></span> 
     </span>
    </p>
   </div>
   <div class='ocr_carea' id='block_1_111' title="bbox 2011 4892 3602 4968">
    <p class='ocr_par' dir='ltr' id='par_1_111' title="bbox 2011 4892 3602 4968">
     <span class='ocr_line' id='line_1_111' title="bbox 2011 4892 3602 4968; baseline 0.004 -21"><span class='ocrx_word' id='word_1_870' title='bbox 2011 4892 2461 4947; x_wconf 84' lang='lat' dir='ltr'><strong>consummaverit</strong></span> <span class='ocrx_word' id='word_1_871' title='bbox 2491 4892 2666 4946; x_wconf 86' lang='lat' dir='ltr'><strong>omnia</strong></span> <span class='ocrx_word' id='word_1_872' title='bbox 2693 4908 2812 4962; x_wconf 67' lang='lat' dir='ltr'><strong>quae</strong></span> <span class='ocrx_word' id='word_1_873' title='bbox 2864 4896 3084 4962; x_wconf 82' lang='lat' dir='ltr'><strong>creavit,</strong></span> <span class='ocrx_word' id='word_1_874' title='bbox 3144 4912 3242 4952; x_wconf 90' lang='lat' dir='ltr'><strong>nec</strong></span> <span class='ocrx_word' id='word_1_875' title='bbox 3285 4898 3483 4968; x_wconf 83' lang='lat' dir='ltr'><strong>aliquid</strong></span> <span class='ocrx_word' id='word_1_876' title='bbox 3517 4913 3602 4953; x_wconf 87' lang='lat' dir='ltr'><strong>se-</strong></span> 
     </span>
    </p>
   </div>
   <div class='ocr_carea' id='block_1_112' title="bbox 2012 4984 3600 5058">
    <p class='ocr_par' dir='ltr' id='par_1_112' title="bbox 2012 4984 3600 5058">
     <span class='ocr_line' id='line_1_112' title="bbox 2012 4984 3600 5058; baseline 0.004 -18"><span class='ocrx_word' id='word_1_877' title='bbox 2012 4986 2177 5056; x_wconf 87' lang='lat' dir='ltr'><strong>ptimo</strong></span> <span class='ocrx_word' id='word_1_878' title='bbox 2223 4984 2311 5041; x_wconf 92' lang='lat' dir='ltr'><strong>die</strong></span> <span class='ocrx_word' id='word_1_879' title='bbox 2356 4986 2635 5053; x_wconf 84' lang='lat' dir='ltr'><strong>creaverit,</strong></span> <span class='ocrx_word' id='word_1_880' title='bbox 2667 4986 2761 5041; x_wconf 89' lang='lat' dir='ltr'><strong>sed</strong></span> <span class='ocrx_word' id='word_1_881' title='bbox 2815 4987 2870 5041; x_wconf 89' lang='lat' dir='ltr'><strong>in</strong></span> <span class='ocrx_word' id='word_1_882' title='bbox 2899 5002 2965 5043; x_wconf 87' lang='lat' dir='ltr'><strong>eo</strong></span> <span class='ocrx_word' id='word_1_883' title='bbox 3013 4990 3187 5058; x_wconf 89' lang='lat' dir='ltr'><strong>potius</strong></span> <span class='ocrx_word' id='word_1_884' title='bbox 3238 4990 3307 5045; x_wconf 84' lang='lat' dir='ltr'><strong>ab</strong></span> <span class='ocrx_word' id='word_1_885' title='bbox 3354 4991 3600 5047; x_wconf 87' lang='lat' dir='ltr'><strong>omnibus</strong></span> 
     </span>
    </p>
   </div>
   <div class='ocr_carea' id='block_1_113' title="bbox 2012 5080 3598 5151">
    <p class='ocr_par' dir='ltr' id='par_1_113' title="bbox 2012 5080 3598 5151">
     <span class='ocr_line' id='line_1_113' title="bbox 2012 5080 3598 5151; baseline 0.003 -17"><span class='ocrx_word' id='word_1_886' title='bbox 2012 5096 2129 5151; x_wconf 69' lang='lat' dir='ltr'><strong>quin</strong></span> <span class='ocrx_word' id='word_1_887' title='bbox 2163 5088 2451 5147; x_wconf 82' lang='lat' dir='ltr'><strong>creaverat,</strong></span> <span class='ocrx_word' id='word_1_888' title='bbox 2511 5080 2978 5151; x_wconf 75' lang='lat' dir='ltr'><strong>requieveritiAn</strong></span> <span class='ocrx_word' id='word_1_889' title='bbox 3030 5098 3192 5137; x_wconf 90' lang='lat' dir='ltr'><strong>unum</strong></span> <span class='ocrx_word' id='word_1_890' title='bbox 3232 5085 3598 5139; x_wconf 86' lang='lat' dir='ltr'><strong>tantummodo</strong></span> 
     </span>
    </p>
   </div>
   <div class='ocr_carea' id='block_1_114' title="bbox 2013 5173 3595 5248">
    <p class='ocr_par' dir='ltr' id='par_1_114' title="bbox 2013 5173 3595 5248">
     <span class='ocr_line' id='line_1_114' title="bbox 2013 5173 3595 5248; baseline 0.003 -21"><span class='ocrx_word' id='word_1_891' title='bbox 2013 5173 2152 5228; x_wconf 89' lang='lat' dir='ltr'><strong>diem</strong></span> <span class='ocrx_word' id='word_1_892' title='bbox 2214 5175 2414 5228; x_wconf 89' lang='lat' dir='ltr'><strong>creavit</strong></span> <span class='ocrx_word' id='word_1_893' title='bbox 2468 5174 2640 5241; x_wconf 90' lang='lat' dir='ltr'><strong>Deus,</strong></span> <span class='ocrx_word' id='word_1_894' title='bbox 2670 5183 2728 5228; x_wconf 92' lang='lat' dir='ltr'><strong>ut</strong></span> <span class='ocrx_word' id='word_1_895' title='bbox 2770 5174 2887 5243; x_wconf 84' lang='lat' dir='ltr'><strong>ejus</strong></span> <span class='ocrx_word' id='word_1_896' title='bbox 2940 5176 3258 5245; x_wconf 86' lang='lat' dir='ltr'><strong>repetitione</strong></span> <span class='ocrx_word' id='word_1_897' title='bbox 3298 5176 3470 5241; x_wconf 91' lang='lat' dir='ltr'><strong>multi,</strong></span> <span class='ocrx_word' id='word_1_898' title='bbox 3503 5176 3595 5248; x_wconf 88' lang='lat' dir='ltr'><strong>qui</strong></span> 
     </span>
    </p>
   </div>
   <div class='ocr_carea' id='block_1_115' title="bbox 2012 5264 3582 5338">
    <p class='ocr_par' dir='ltr' id='par_1_115' title="bbox 2012 5264 3582 5338">
     <span class='ocr_line' id='line_1_115' title="bbox 2012 5264 3582 5338; baseline 0.003 -19"><span class='ocrx_word' id='word_1_899' title='bbox 2012 5264 2261 5319; x_wconf 86' lang='lat' dir='ltr'><strong>dicuntur</strong></span> <span class='ocrx_word' id='word_1_900' title='bbox 2322 5265 2468 5329; x_wconf 86' lang='lat' dir='ltr'><strong>dies,</strong></span> <span class='ocrx_word' id='word_1_901' title='bbox 2523 5267 2858 5335; x_wconf 80' lang='lat' dir='ltr'><strong>praeterirent</strong></span> <span class='ocrx_word' id='word_1_902' title='bbox 2908 5275 3071 5338; x_wconf 86' lang='lat' dir='ltr'><strong>atque</strong></span> <span class='ocrx_word' id='word_1_903' title='bbox 3123 5277 3582 5335; x_wconf 86' lang='lat' dir='ltr'><strong>transcurrerent;</strong></span> 
     </span>
    </p>
   </div>
   <div class='ocr_carea' id='block_1_116' title="bbox 2013 5358 3599 5429">
    <p class='ocr_par' dir='ltr' id='par_1_116' title="bbox 2013 5358 3599 5429">
     <span class='ocr_line' id='line_1_116' title="bbox 2013 5358 3599 5429; baseline 0.005 -19"><span class='ocrx_word' id='word_1_904' title='bbox 2013 5371 2117 5411; x_wconf 84' lang='lat' dir='ltr'><strong>nec</strong></span> <span class='ocrx_word' id='word_1_905' title='bbox 2140 5371 2274 5426; x_wconf 85' lang='lat' dir='ltr'><strong>opus</strong></span> <span class='ocrx_word' id='word_1_906' title='bbox 2314 5366 2429 5410; x_wconf 89' lang='lat' dir='ltr'><strong>erat</strong></span> <span class='ocrx_word' id='word_1_907' title='bbox 2461 5365 2520 5410; x_wconf 91' lang='lat' dir='ltr'><strong>ut</strong></span> <span class='ocrx_word' id='word_1_908' title='bbox 2548 5358 2834 5428; x_wconf 88' lang='lat' dir='ltr'><strong>septimum</strong></span> <span class='ocrx_word' id='word_1_909' title='bbox 2878 5358 3021 5414; x_wconf 87' lang='lat' dir='ltr'><strong>diem</strong></span> <span class='ocrx_word' id='word_1_910' title='bbox 3047 5370 3274 5427; x_wconf 87' lang='lat' dir='ltr'><strong>crearet,</strong></span> <span class='ocrx_word' id='word_1_911' title='bbox 3308 5360 3430 5429; x_wconf 87' lang='lat' dir='ltr'><strong>quia</strong></span> <span class='ocrx_word' id='word_1_912' title='bbox 3453 5360 3599 5418; x_wconf 75' lang='lat' dir='ltr'><strong>illius</strong></span> 
     </span>
    </p>
   </div>
   <div class='ocr_carea' id='block_1_117' title="bbox 2013 5450 3594 5524">
    <p class='ocr_par' dir='ltr' id='par_1_117' title="bbox 2013 5450 3594 5524">
     <span class='ocr_line' id='line_1_117' title="bbox 2013 5450 3594 5524; baseline 0.005 -23"><span class='ocrx_word' id='word_1_913' title='bbox 2013 5463 2172 5518; x_wconf 90' lang='lat' dir='ltr'><strong>quem</strong></span> <span class='ocrx_word' id='word_1_914' title='bbox 2195 5456 2489 5514; x_wconf 81' lang='lat' dir='ltr'><strong>creaverat,</strong></span> <span class='ocrx_word' id='word_1_915' title='bbox 2520 5450 2745 5519; x_wconf 87' lang='lat' dir='ltr'><strong>septima</strong></span> <span class='ocrx_word' id='word_1_916' title='bbox 2772 5451 3020 5521; x_wconf 88' lang='lat' dir='ltr'><strong>repetitio</strong></span> <span class='ocrx_word' id='word_1_917' title='bbox 3050 5451 3191 5506; x_wconf 90' lang='lat' dir='ltr'><strong>hunc</strong></span> <span class='ocrx_word' id='word_1_918' title='bbox 3219 5451 3399 5524; x_wconf 85' lang='lat' dir='ltr'><strong>utique</strong></span> <span class='ocrx_word' id='word_1_919' title='bbox 3430 5452 3594 5509; x_wconf 80' lang='lat' dir='ltr'><strong>facie-</strong></span> 
     </span>
    </p>
   </div>
   <div class='ocr_carea' id='block_1_118' title="bbox 2013 5540 3603 5614">
    <p class='ocr_par' dir='ltr' id='par_1_118' title="bbox 2013 5540 3603 5614">
     <span class='ocr_line' id='line_1_118' title="bbox 2013 5540 3603 5614; baseline 0.004 -19"><span class='ocrx_word' id='word_1_920' title='bbox 2013 5540 2149 5595; x_wconf 74' lang='lat' dir='ltr'><strong>bat?</strong></span> <span class='ocrx_word' id='word_1_921' title='bbox 2177 5540 2376 5597; x_wconf 83' lang='lat' dir='ltr'><strong>Lucem</strong></span> <span class='ocrx_word' id='word_1_922' title='bbox 2425 5540 2619 5612; x_wconf 87' lang='lat' dir='ltr'><strong>quippe</strong></span> <span class='ocrx_word' id='word_1_923' title='bbox 2662 5543 2732 5600; x_wconf 90' lang='lat' dir='ltr'><strong>de</strong></span> <span class='ocrx_word' id='word_1_924' title='bbox 2758 5560 2861 5614; x_wconf 87' lang='lat' dir='ltr'><strong>qua</strong></span> <span class='ocrx_word' id='word_1_925' title='bbox 2917 5545 3172 5614; x_wconf 86' lang='lat' dir='ltr'><strong>scriptum</strong></span> <span class='ocrx_word' id='word_1_926' title='bbox 3204 5554 3305 5612; x_wconf 87' lang='lat' dir='ltr'><strong>est,</strong></span> <span class='ocrx_word' id='word_1_927' title='bbox 3360 5546 3429 5601; x_wconf 78' lang='lat' dir='ltr'><strong>Et</strong></span> <span class='ocrx_word' id='word_1_928' title='bbox 3474 5548 3603 5602; x_wconf 75' lang='lat' dir='ltr'><strong>dixit</strong></span> 
     </span>
    </p>
   </div>
   <div class='ocr_carea' id='block_1_119' title="bbox 2012 5763 3608 5889">
    <p class='ocr_par' dir='ltr' id='par_1_119' title="bbox 2012 5763 3608 5889">
     <span class='ocr_line' id='line_1_119' title="bbox 2012 5763 3608 5889; baseline 0.005 -77"><span class='ocrx_word' id='word_1_929' title='bbox 2012 5763 2391 5889; x_wconf 39' lang='lat' dir='ltr'><strong>agi-At</strong></span> <span class='ocrx_word' id='word_1_930' title='bbox 2409 5766 2595 5828; x_wconf 79' lang='lat' dir='ltr'><strong>excusi,</strong></span> <span class='ocrx_word' id='word_1_931' title='bbox 2614 5764 2938 5828; x_wconf 68' lang='lat' dir='ltr'><strong>praetermissa</strong></span> <span class='ocrx_word' id='word_1_932' title='bbox 2950 5776 3074 5816; x_wconf 81' lang='lat' dir='ltr'><strong>voce</strong></span> <span class='ocrx_word' id='word_1_933' title='bbox 3088 5766 3200 5829; x_wconf 81' lang='lat' dir='ltr'><strong>Dei,</strong></span> <span class='ocrx_word' id='word_1_934' title='bbox 3218 5766 3399 5830; x_wconf 85' lang='lat' dir='ltr'><strong>ferunt,</strong></span> <span class='ocrx_word' id='word_1_935' title='bbox 3421 5768 3608 5833; x_wconf 57' lang='lat' dir='ltr'><strong>requies</strong></span> 
     </span>
    </p>
   </div>
  </div>
