4090 6474
460 380 596 448 δυ’

457 505 618 573 Deus,
645 504 769 567 Fiat
787 506 918 575 tua;
940 515 988 564 et
1010 507 1147 580 facta
1182 516 1255 562 est
1283 507 1370 563 tua:
1390 507 1408 580 (
1428 505 1553 562 Gen.
1583 523 1622 575 ι,
1649 508 1685 563 5
1711 507 1754 578 ),
1783 507 2037 565 discrevit

459 614 490 654 a
523 597 777 666 tenebris,
829 614 1054 672 eamque
1090 601 1298 658 vocavit
1323 599 1483 666 diem,
1517 609 1572 654 et
1601 600 1848 656 tenebras
1873 616 2034 658 voca-

459 691 534 744 vit
564 703 796 747 noctem.
819 689 970 748 Tune
992 691 1170 763 itaque
1199 693 1337 746 Deus
1359 689 1500 746 diem
1527 691 1674 756 fecit,
1697 691 1850 762 cujus
1875 708 2032 763 repe-

457 783 694 839 titionem
716 783 984 854 Scriptura
999 783 1228 853 appellat
1241 781 1529 838 secundum
1551 781 1714 850 diem,
1729 783 1922 840 deinde
1939 793 2037 839 ter-

458 877 609 939 tium,
632 883 865 947 etusque
891 875 956 930 ad
969 883 1315 946 sextum,quo
1333 875 1718 930 consummavit
1741 876 1879 931 Deus
1906 891 2034 945 ope-

458 985 517 1024 ra
545 984 638 1024 sua
675 985 689 1023 :
729 978 890 1040 atque
915 968 1036 1024 inde
1053 968 1190 1023 illius
1213 968 1320 1024 diei
1345 968 1588 1040 primitus
1612 969 1774 1025 creati
1803 970 2030 1040 septima

457 1060 702 1130 repetitio
729 1059 937 1131 septimi
964 1059 1067 1113 diei
1109 1073 1300 1114 nomen
1321 1060 1546 1129 accepit,
1571 1059 1627 1115 in
1651 1075 1755 1130 quo
1773 1059 2034 1131 requievit

456 1152 618 1208 Deus.
643 1154 717 1206 Ac
736 1167 828 1222 per
852 1150 954 1205 hoc
977 1151 1121 1206 nulla
1149 1158 1392 1206 creatura
1417 1160 1498 1206 est
1512 1151 1769 1221 septimus
1787 1150 1922 1216 dies,
1944 1151 2028 1205 ni-

454 1244 498 1299 si
520 1243 702 1299 eadem
724 1243 837 1313 ipsa
857 1241 1054 1311 septies
1076 1241 1308 1308 rediens,
1333 1258 1453 1312 quae
1472 1242 1684 1296 condita
1700 1241 2023 1313 est,quando

453 1334 657 1390 vocavit
688 1335 824 1388 Deus
845 1332 1014 1387 lucem
1043 1332 1206 1400 diem,
1231 1342 1286 1387 et
1307 1333 1550 1388 tenebras
1570 1333 1777 1388 vocavit
1797 1341 2028 1387 noctem.

453 1427 676 1483 CAPUT
713 1424 855 1481 XXI.
882 1453 957 1466 -—
978 1423 1058 1478 De
1096 1424 1205 1479 luce
1229 1441 1340 1495 quae
1372 1434 1486 1479 ante
1536 1425 1805 1478 luminaria
1830 1424 1925 1496 fuit
1965 1423 2033 1476 ad

831 1517 1221 1571 vicissitudinem
1245 1516 1347 1570 diei
1371 1525 1417 1570 et
1465 1517 1644 1570 noctis.

522 1607 610 1664 58.
632 1607 837 1664 Rursus
861 1625 988 1678 ergo
1015 1609 1079 1664 ad
1101 1624 1216 1664 eam
1239 1609 1582 1678 quaestionem
1629 1607 1933 1680 relabimur,
1964 1607 2033 1664 de

452 1715 552 1772 qua
584 1699 635 1753 in
667 1699 839 1770 primo
862 1700 995 1755 libro
1040 1700 1232 1754 exiisse
1275 1700 1624 1764 videbamur;
1653 1707 1711 1753 ut
1730 1699 1853 1754 item
1882 1714 2030 1768 quar-

451 1807 631 1847 ramus
661 1791 928 1862 quomodo
965 1791 1190 1846 circuire
1215 1791 1444 1860 potuerit
1463 1791 1548 1844 lux
1578 1790 1644 1844 ad
1678 1789 2030 1844 exhibendam

449 1885 694 1939 diurnam
719 1896 1134 1953 nocturnamque
1151 1882 1587 1948 vicissitudinem,
1617 1895 1724 1935 non
1745 1880 1917 1936 solum
1943 1894 2032 1935 an-

463 1987 672 2046 tequam
707 1975 828 2029 corli
859 1975 1159 2041 luminaria,
1205 1973 1297 2028 sed
1324 1981 1606 2042 antequam
1635 1973 1809 2041 ipsum
1836 1971 2028 2026 ccelum

451 2067 592 2138 quod
619 2069 1009 2121 firmamentum
1036 2065 1356 2136 appellatum
1381 2072 1483 2130 est,
1520 2064 1722 2118 factum
1742 2071 1904 2129 esset,
1933 2077 2029 2117 an-

451 2171 665 2232 tequam
697 2160 926 2230 denique
971 2159 1076 2213 ulla
1116 2159 1325 2228 species
1362 2166 1522 2212 terras
1564 2156 1648 2210 vel
1695 2155 1879 2221 maris,
1911 2170 2030 2223 quae

451 2257 729 2310 circuitum
761 2255 893 2311 lucis
940 2254 1261 2319 admitteret,
1291 2260 1545 2323 sequente
1589 2259 1742 2306 nocte
1769 2250 1909 2306 unde
1941 2250 2030 2304 illa

452 2350 748 2403 transisset.
773 2347 936 2415 Cujus
963 2346 1265 2416 qumstinnis
1287 2343 1598 2400 difﬁcultate
1621 2343 1904 2414 compulsi,
1927 2358 2027 2396 au-

453 2443 497 2496 si
528 2456 710 2496 sumus
749 2439 1194 2509 disceptationem
1226 2445 1460 2492 nostram
1487 2435 1636 2506 quasi
1663 2435 1727 2490 ad
1757 2434 1893 2488 hanc
1926 2441 2033 2487 ter-

452 2532 655 2586 minare
678 2529 1014 2592 sententiam,
1062 2535 1118 2582 ut
1154 2525 1454 2581 diceremus
1499 2525 1644 2579 illam
1685 2525 1859 2578 lucem
1909 2537 2029 2592 quae

452 2624 695 2695 primitus
722 2622 855 2679 facta
881 2629 984 2688 est,
1005 2618 1480 2675 conformationem
1505 2631 1624 2672 esse
1642 2624 1903 2672 creatura:
1924 2615 2032 2684 spi-

452 2715 689 2780 ritualis;
717 2723 925 2769 noctem
957 2726 1104 2774 vero,
1137 2709 1312 2764 adhuc
1353 2707 1680 2762 formandam
1711 2707 1764 2760 in
1809 2706 2031 2775 reliquis

453 2805 702 2876 cperibus
722 2820 897 2860 rerum
931 2803 1223 2866 materiem,
1257 2817 1374 2870 quae
1402 2800 1574 2854 fuerat
1605 2799 1865 2864 instituta,
1905 2813 2029 2852 cum

455 2899 507 2953 in
537 2896 793 2967 principio
819 2894 941 2949 fecit
979 2894 1120 2949 Deus
1167 2892 1360 2948 caelum
1409 2899 1465 2947 et
1497 2902 1709 2952 terram,
1748 2899 2030 2959 antequam

455 2992 617 3045 verbo
639 2989 834 3043 faceret
853 2986 1046 3042 diem’.
1077 2985 1181 3040 Sed
1201 2999 1340 3039 nunc
1364 2983 1467 3039 diei
1489 2983 1698 3053 septimi
1725 2982 2033 3037 considera-

457 3083 598 3136 tione
619 3078 948 3146 commoniti,
968 3077 1168 3132 facilius
1189 3087 1269 3131 est
1297 3086 1352 3130 ut
1371 3090 1469 3130 nos
1486 3076 1728 3144 ignorare
1745 3073 2026 3138 fateamur,

456 3174 595 3244 quod
623 3181 883 3227 remotum
915 3179 1045 3226 esta
1071 3169 1317 3226 sensibus
1359 3167 1574 3233 nostris,
1603 3181 1832 3236 quonam
1875 3165 2032 3219 modo

460 3267 551 3320 lux
573 3265 662 3320 illa
690 3279 808 3334 quae
852 3262 968 3317 dies
1017 3261 1279 3332 appellata
1306 3270 1410 3327 est,
1453 3261 1533 3314 vel
1561 3260 1779 3313 circuitu
1806 3273 1924 3324 suo,
1945 3258 2030 3312 vel

458 3341 885 3412 contractioneet
900 3354 1204 3419 emissione,
1228 3353 1272 3408 si
1287 3351 1576 3422 corporalis
1592 3361 1693 3418 est,
1716 3350 1858 3405 vices
1886 3350 2034 3405 diur-

458 3465 556 3504 nas
587 3458 974 3516 nocturnasque
997 3446 1276 3516 peregerit,
1295 3444 1376 3498 vel
1403 3445 1447 3498 si
1469 3443 1758 3513 spiritualis
1779 3452 1880 3509 est,
1906 3457 2035 3496 con-

459 3539 644 3594 dendis
677 3537 934 3593 creaturis
965 3537 1211 3591 omnibus
1237 3543 1553 3605 praesentata
1581 3535 1669 3602 sit,
1700 3549 1899 3604 suaque
1919 3534 2033 3604 ipsa

459 3630 738 3702 prmsentia
762 3628 922 3694 diem,
951 3637 1161 3683 noctem
1191 3641 1316 3680 vero
1345 3626 1608 3691 absentia,
1638 3639 1916 3695 vesperam
1939 3625 2037 3679 ini-

463 3726 536 3777 tio
558 3722 832 3786 absentiae,
858 3735 1012 3774 mane
1040 3719 1188 3774 initio
1216 3718 1511 3788 praesentiae
1539 3717 1759 3780 fecerit;
1791 3732 1946 3786 quam
1976 3726 2036 3772 ut

462 3815 514 3868 in
555 3830 613 3868 re
636 3822 815 3882 aperta
839 3820 1022 3866 contra
1053 3811 1244 3865 divina:
1265 3809 1552 3877 Scriptura:
1570 3808 1728 3862 verba
1753 3823 2032 3871 conemur,

463 3905 688 3960 dicendo
715 3902 854 3958 aliud
885 3917 1003 3957 esse
1028 3901 1169 3956 diem
1212 3900 1511 3970 septimum,
1547 3913 1703 3968 quam
1750 3899 1890 3952 illius
1928 3896 2036 3953 diei

463 4013 622 4068 quem
653 3994 776 4049 fecit
799 3995 938 4048 Deus
964 3992 1240 4061 septimam
1266 3990 1654 4059 repetitionem.
1675 3989 1923 4058 Alioquin
1945 3996 2038 4043 aut

466 4106 570 4149 non
595 4088 793 4145 creavit
823 4088 961 4142 Deus
987 4085 1266 4154 septimum
1305 4083 1468 4148 diem,
1497 4094 1588 4136 aut
1614 4082 1811 4152 aliquid
1837 4081 2040 4136 creavit

463 4190 588 4254 post
615 4181 732 4236 illos
761 4194 849 4233 sex
880 4179 1014 4243 dies,
1049 4176 1100 4231 id
1125 4185 1207 4231 est
1234 4177 1402 4244 ipsutn
1425 4173 1564 4228 diem
1588 4175 1904 4242 septimum;
1933 4172 2032 4226 fal-

466 4287 688 4343 sumque
715 4271 817 4326 erit
855 4269 992 4339 quod
1015 4269 1268 4336 scriptum
1297 4275 1396 4330 est,
1430 4265 1479 4318 in
1509 4274 1658 4318 sexto
1677 4264 1762 4318 die
1785 4278 2038 4317 consum-

466 4380 639 4420 masse
667 4363 840 4417 omnia
859 4376 1018 4430 Opera
1060 4374 1176 4425 sua,
1205 4366 1258 4412 et
1287 4357 1338 4410 in
1367 4357 1593 4425 septimo
1622 4354 1945 4424 requievisse
1971 4355 2038 4409 ab

468 4459 714 4514 omnibus
740 4454 989 4526 operibus
1026 4453 1155 4506 suis.
1184 4449 1335 4518 Quod
1364 4449 1542 4518 utique
1567 4447 1815 4517 quoniam
1845 4445 2035 4499 falsum

466 4568 585 4608 esse
614 4567 718 4605 non
743 4555 939 4620 potest,
962 4553 1126 4600 restat
1149 4551 1208 4598 ut
1237 4541 1511 4612 praesentia
1535 4539 1668 4594 lucis
1697 4539 1856 4602 illius,
1877 4553 2036 4607 quem

467 4642 610 4697 diem
639 4642 775 4696 Deus
802 4640 943 4703 fecit,
989 4652 1081 4706 per
1131 4634 1307 4688 omnia
1355 4647 1517 4702 opt-ra
1546 4631 1661 4699 ejus
1690 4629 1913 4698 repetita
1947 4627 2036 4693 sit,

468 4733 676 4804 quoties
693 4732 807 4785 dies
829 4728 1127 4782 nominatus
1143 4734 1242 4789 est,
1287 4731 1340 4778 et
1366 4723 1416 4776 in
1448 4723 1564 4791 ipso
1596 4719 1824 4790 septimo
1851 4717 1905 4773 in
1931 4730 2039 4788 quo

468 4821 728 4894 requievit
754 4819 820 4873 ab
845 4817 1091 4886 operibus
1118 4814 1244 4869 suis.

468 4911 691 4970 CAPUT
733 4908 892 4964 XXII.
917 4936 990 4946 —
1008 4905 1122 4960 Lua:
1149 4902 1424 4976 spiritualis
1451 4899 1701 4972 quomodo
1739 4897 1838 4951 diei
1860 4907 1907 4952 et
1945 4913 2040 4952 no-

687 5005 778 5059 ctis
808 4998 1195 5057 vicissitudinem
1221 4995 1502 5050 exhibuisse
1525 4991 1842 5062 intelligitur.

540 5099 628 5158 59.
657 5096 763 5154 Sed
787 5093 1035 5166 quoniam
1087 5091 1175 5144 lux
1223 5086 1536 5156 corporalis,
1575 5092 1859 5153 antequam
1889 5079 2042 5136 ﬁeret

465 5195 682 5258 celum,
707 5187 847 5259 quod
874 5187 1261 5240 firmamentum
1301 5187 1536 5242 vocatur,
1555 5178 1606 5230 in
1637 5190 1742 5247 quo
1767 5175 1928 5228 etiam
1957 5173 2040 5227 lu-

469 5286 690 5342 minaria
714 5282 848 5336 facta
865 5286 1006 5344 sunt,
1020 5291 1125 5348 quo
1148 5274 1368 5330 circuitu
1387 5272 1467 5326 vel
1484 5285 1589 5341 quo
1611 5283 1863 5340 processu
1879 5276 1934 5324 et
1952 5282 2041 5323 re-

469 5391 624 5433 cessu
654 5374 794 5429 vices
822 5369 927 5425 diei
958 5377 1012 5422 et
1059 5365 1230 5420 noctis
1273 5363 1523 5417 exhibere
1549 5359 1796 5431 potuerit,
1824 5373 1928 5413 non
1960 5359 2042 5413 in-

473 5470 749 5531 venimus;
782 5465 938 5519 istam
965 5459 1308 5530 qumstionem
1329 5455 1625 5523 relinquere
1645 5467 1751 5507 non
1779 5451 2038 5506 debemus

471 5563 584 5617 sine
610 5559 780 5627 aliqua
799 5564 993 5609 nostra:
1021 5548 1316 5620 prolatione
1341 5545 1651 5600 sententias:
1682 5552 1739 5597 ut
1761 5543 1806 5597 si
1834 5542 1923 5597 lux
1952 5541 2040 5596 illa

471 5668 588 5722 qua:
615 5648 861 5720 primitus
889 5651 1066 5697 creata
1085 5647 1186 5704 est,
1221 5653 1324 5691 non
1358 5634 1759 5722 corporalissed
1787 5632 2034 5703 spiritua-
2069 5654 2072 5657 ν

470 5717 536 5800 lis
556 5717 660 5807 est,
688 5742 822 5794 sicut
845 5745 966 5807 post
995 5731 1239 5787 tenebras
1283 5728 1416 5783 facta
1448 5734 1528 5782 est
1555 5717 1646 5782 ubi
1672 5725 1980 5796 intelligitur
2008 5740 2039 5780 a

534 5859 549 5889 ί
577 5854 696 5905 Editi
717 5851 895 5904 addunt
913 5843 1082 5909 hic,in
1107 5839 1479 5908 quorequievit;
1511 5838 1641 5902 quod
1669 5839 1978 5890 abestalss.

1379 394 1466 449 DE
1505 392 1748 450 GENESI
1785 393 1880 450 AD
1915 387 2284 467 LITTERAM,
2325 394 2384 453 S.
2425 395 2795 456 AUGUSTINI

3608 406 3714 462 512

2139 525 2233 566 sua
2259 511 2486 582 quadam
2515 511 2842 568 informitate
2859 511 2927 568 ad
2951 511 3262 571 Creatorem
3279 529 3537 573 conversa
3555 528 3718 590 atque

2139 600 2402 669 formata;
2434 604 2502 658 ita
2529 613 2583 659 et
2634 613 2752 674 post
2777 619 3052 674 vesperam
3090 605 3181 660 ﬁat
3225 622 3403 676 mane,
3430 625 3551 665 cum
3584 621 3704 682 post

2139 694 2490 762 cognitionem
2537 709 2647 749 suae
2673 695 2898 765 prepriaz
2925 703 3147 761 naturae,
3187 713 3290 768 qua
3321 713 3426 754 non
3463 709 3547 756 est
3576 700 3718 771 quod

2140 780 2301 848 Deus,
2333 785 2494 840 refert
2520 799 2579 840 se
2598 785 2665 840 ad
2697 785 3010 841 laudandam
3053 788 3244 856 lucem,
3267 790 3408 860 quod
3437 792 3548 861 ipse
3577 793 3717 850 Deus

2138 881 2238 940 est,
2270 874 2419 944 cujus
2447 877 2892 946 contemplatione
2918 877 3194 933 formatur.
3226 879 3294 934 Et
3332 882 3452 951 quia
3501 893 3717 940 caeteras

2137 973 2416 1033 creaturae,
2445 983 2564 1038 quae
2581 967 2715 1022 infra
2737 969 2904 1040 ipsam
2933 969 3084 1036 fiunt,
3115 970 3233 1026 sine
3269 973 3571 1042 cognitione
3597 974 3718 1044 ejus

2137 1073 2244 1113 non
2270 1061 2418 1127 ﬁunt,
2449 1071 2723 1131 propterea
2753 1063 3009 1117 nimirum
3032 1063 3172 1118 idem
3196 1064 3311 1120 dies
3337 1066 3532 1136 ubique
3556 1082 3718 1137 repe-

2137 1152 2283 1217 titur,
2315 1163 2372 1207 ut
2397 1153 2511 1223 ejus
2526 1155 2838 1224 repetitione
2866 1156 2992 1210 fiant
3022 1163 3099 1210 tot
3123 1156 3257 1223 dies,
3287 1158 3495 1228 quoties
3521 1159 3718 1214 distin-

2135 1250 2367 1310 guuntur
2389 1259 2566 1298 rerum
2591 1260 2784 1315 genera
2811 1253 3130 1314 creatamm,
3166 1248 3489 1316 perfectione
3509 1252 3713 1305 senarii

2136 1333 2342 1386 numeri
2371 1335 2701 1389 terminanda
2735 1352 2749 1388 :
2781 1344 2840 1390 ut
2878 1351 3101 1406 vespera
3130 1339 3283 1406 primi
3322 1339 3429 1394 diei
3457 1341 3525 1396 sit
3552 1343 3716 1398 etiam

2134 1421 2216 1475 sui
2242 1423 2472 1492 cognitio
2493 1425 2533 1491 ¹,
2557 1441 2664 1480 non
2680 1441 2738 1480 se
2754 1441 2872 1481 esse
2888 1429 3027 1496 quod
3052 1429 3188 1482 Deus
3206 1439 3290 1485 est
3309 1447 3325 1496 ;
3357 1447 3512 1488 mane
3536 1443 3716 1489 autem

2135 1523 2254 1582 post
2275 1513 2412 1569 hanc
2435 1531 2735 1585 vesperam,
2760 1533 2865 1588 quo
2891 1519 3228 1574 concluditur
3250 1520 3365 1577 dies
3385 1538 3541 1586 unus,
3559 1534 3613 1579 et
3640 1526 3718 1579 in-

2133 1603 2358 1658 choatur
2405 1607 2689 1674 secundus,
2731 1610 3008 1664 conversio
3060 1611 3129 1665 sit
3167 1611 3302 1681 ejus,
3345 1629 3446 1683 qua
3492 1615 3544 1669 id
3571 1616 3715 1686 quod

2139 1703 2315 1749 creata
2347 1707 2446 1762 est,
2477 1697 2543 1752 ad
2572 1698 2782 1754 laudem
2822 1699 3019 1755 referat
3047 1701 3336 1770 Creatoris,
3381 1714 3434 1760 et
3460 1708 3716 1776 percipiat

2133 1783 2200 1838 de
2226 1785 2396 1841 Verbo
2427 1788 2519 1844 Dei
2559 1791 2913 1860 cognitionem
2943 1802 3203 1848 creaturae
3222 1811 3340 1865 qua:
3379 1808 3502 1867 post
3542 1799 3714 1869 ipsam

2134 1877 2214 1944 ﬁt,
2247 1877 2347 1934 hoc
2371 1889 2452 1934 est
2490 1883 2813 1938 firmamenti
2844 1901 2858 1937 :
2890 1884 3032 1954 quod
3062 1886 3115 1939 in
3152 1885 3268 1954 ejus
3305 1889 3608 1958 cognitione
3655 1890 3716 1944 fit

2133 1970 2279 2038 prius
2303 1987 2427 2028 cum
2462 1973 2675 2041 dicitur,
2703 1974 2772 2029 Et
2791 1977 2863 2030 sic
2881 1986 2954 2031 est
2977 1981 3168 2048 factum
3189 1995 3209 2042 ;
3233 1979 3422 2035 deinde
3447 1981 3499 2034 in
3523 1991 3713 2035 natura

2133 2060 2296 2129 ipsius
2321 2063 2660 2133 firmamenti,
2689 2066 2830 2136 quod
2865 2053 3131 2136 conditur,
3164 2084 3286 2124 cum
3306 2070 3516 2126 additur
3544 2073 3708 2126 etiam

2132 2163 2336 2224 postea,
2357 2155 2467 2225 jam
2496 2156 2656 2220 dicto,
2680 2157 2747 2212 Et
2766 2159 2838 2212 sic
2866 2168 2936 2212 est
2960 2159 3175 2228 factum,
3209 2158 3277 2213 Et
3300 2160 3417 2230 fecit
3458 2160 3596 2216 Deus
3616 2163 3713 2231 ﬁr-

2133 2260 2459 2303 mamentum.
2482 2251 2681 2306 Deinde
2698 2250 2756 2306 ﬁt
2779 2265 2998 2320 veSpera
3028 2251 3168 2306 illius
3201 2253 3357 2319 lucis,
3384 2267 3506 2307 cum
3533 2255 3710 2324 ipsum

2136 2343 2550 2409 firmamentum,
2577 2359 2684 2398 non
2733 2343 2786 2398 in
2819 2344 2994 2398 Verbo
3039 2345 3135 2400 Dei
3161 2345 3300 2400 sicut
3336 2355 3480 2413 ante,
3529 2346 3625 2401 sed
3655 2347 3712 2403 in

2134 2434 2247 2502 ipsa
2295 2435 2410 2502 ejus
2454 2443 2641 2490 natura
2683 2435 2989 2505 cognoscit:
3019 2450 3136 2504 quae
3188 2436 3418 2507 cognitio
3460 2438 3710 2506 quoniam

2133 2524 2308 2578 minor
2337 2533 2439 2590 est,
2470 2533 2614 2580 recte
2652 2540 2888 2595 vesperae
2925 2526 3140 2581 nomine
3185 2526 3532 2598 significatur.
3580 2529 3712 2584 Post

2134 2629 2292 2684 quam
2318 2614 2376 2668 ﬁt
2401 2630 2576 2681 mane,
2608 2629 2714 2686 quo
2737 2617 3067 2671 concluditur
3087 2617 3350 2673 secundus
3375 2618 3515 2687 dies,
3547 2629 3600 2676 et
3616 2621 3706 2675 in-

2135 2704 2264 2774 cipit
2291 2707 2478 2760 tertius
2507 2723 2520 2759 :
2553 2707 2604 2759 in
2627 2722 2734 2776 quo
2757 2706 2935 2762 itidem
2975 2723 3130 2763 mane
3157 2711 3435 2764 conversio
3470 2708 3554 2766 es't
3574 2712 3713 2768 lucis

2136 2795 2315 2866 hujus,
2348 2797 2400 2851 id
2427 2806 2512 2852 est
2536 2797 2643 2853 diei
2684 2799 2841 2868 hujus
2880 2799 2944 2854 ad
3000 2799 3316 2856 laudandum
3351 2803 3538 2869 Deum,
3569 2805 3714 2874 quod

2134 2899 2386 2961 cperatus
2410 2891 2480 2945 sit
2503 2891 2917 2959 ﬁrmamentum,
2947 2901 3000 2947 et
3024 2893 3416 2964 percipiendam
3436 2895 3505 2952 de
3535 2896 3714 2953 Verbo

2135 2982 2252 3054 ejus
2303 2985 2657 3054 cognitionem
2695 2993 2973 3053 creatum,
3018 3003 3137 3057 qua:
3184 2989 3458 3044 condenda
3485 2998 3568 3045 est
3593 2999 3718 3060 post

2139 3074 2549 3130 firmamentum.
2573 3075 2652 3130 Ac
2681 3092 2775 3145 per
2799 3077 2900 3132 hoc
2927 3092 3047 3131 cum
3074 3077 3202 3132 dicit
3229 3074 3398 3145 Deus,
3425 3078 3713 3151 Congrege-

2139 3175 2221 3222 tur
2242 3184 2376 3238 aqua
2401 3183 2514 3237 quas
2535 3177 2607 3224 est
2629 3169 2721 3222 sub
2747 3169 2891 3235 caelo,
2920 3170 2975 3222 in
2995 3170 3338 3225 collectionem
3377 3188 3531 3225 unam
3552 3183 3597 3225 et
3619 3189 3688 3244 ap

2139 3268 2316 3330 pareat
2339 3260 2505 3328 arida,
2546 3262 2819 3331 cognoscit
2847 3261 2947 3316 ltoc
2993 3262 3076 3315 illa
3099 3261 3186 3316 lux
3211 3265 3265 3317 in
3285 3262 3462 3319 Verbo
3493 3265 3582 3320 Dei
3609 3280 3717 3335 quo

2137 3350 2190 3405 id
2208 3350 2398 3407 dicitur
2425 3368 2438 3416 ;
2471 3361 2526 3408 et
2553 3351 2674 3406 ideo
2696 3354 2949 3422 sequitur,
2981 3350 3049 3405 Et
3070 3353 3141 3406 sic
3159 3362 3230 3407 est
3249 3357 3460 3424 factum,
3487 3353 3594 3411 hoc
3635 3364 3719 3411 est

2140 3446 2193 3499 in
2215 3445 2332 3516 ejus
2359 3446 2659 3516 cognitione
2678 3461 2742 3500 ex
2764 3445 2940 3501 Verbo
2968 3445 3095 3500 Dei:
3128 3446 3320 3502 deinde
3344 3462 3464 3502 cum
3479 3446 3713 3513 additur,

2139 3537 2209 3590 Et
2232 3546 2532 3609 congregata
2551 3545 2624 3590 est
2643 3553 2792 3607 aqua,
2817 3545 2924 3591 etc.
2961 3537 2980 3606 (
3005 3535 3154 3603 Gen.,
3176 3553 3215 3604 ι,
3241 3537 3296 3604 9,
3324 3537 3434 3610 10),
3463 3552 3582 3593 cum
3603 3538 3714 3608 jam

2139 3629 2340 3684 dictum
2368 3636 2528 3694 esset,
2553 3627 2621 3681 Et
2643 3628 2714 3682 sic
2762 3631 2951 3699 factum
2995 3639 3087 3695 est,
3137 3628 3189 3682 in
3232 3643 3332 3684 suo
3380 3645 3574 3700 genere
3603 3631 3716 3699 ipsa

2141 3731 2380 3777 creatura
2400 3722 2491 3787 fit;
2519 3735 2636 3790 quae
2659 3720 2783 3775 item
2803 3735 2924 3774 cum
2947 3720 3000 3773 in
3025 3734 3122 3774 suo
3143 3735 3340 3790 genere
3363 3718 3505 3775 facta
3521 3735 3718 3792 cogno-

2143 3814 2312 3869 scitur
2342 3812 2410 3867 ab
2435 3827 2496 3866 ea
2521 3811 2658 3877 luce,
2689 3827 2807 3881 qua:
2844 3810 2955 3880 jam
2984 3810 3041 3864 in
3068 3809 3242 3865 Verbo
3269 3809 3365 3866 Dei
3417 3809 3716 3868 faciendam

2142 3911 2483 3974 cognoverat,
2517 3901 2576 3956 ﬁt
2598 3901 2756 3956 tertio
2775 3916 2998 3974 vespera
3029 3918 3042 3954 :
3064 3908 3120 3956 et
3138 3900 3262 3957 inde
3289 3900 3394 3956 hoc
3421 3900 3581 3956 modo
3604 3915 3714 3956 caa-

2146 4005 2257 4050 tera
2284 4009 2453 4064 usque
2478 3993 2546 4047 ad
2567 4007 2722 4047 mane
2742 4002 2863 4062 post
2891 4006 3165 4063 vesperam
3195 3991 3333 4046 sexti
3357 3991 3485 4046 diei.

2141 4083 2367 4142 CAPUT
2394 4081 2580 4137 XXIII.
2609 4111 2680 4123 -—
2702 4079 2934 4153 Cognitio
2961 4097 3132 4135 rerum
3177 4081 3230 4136 in
3265 4080 3413 4136 uerbo
3441 4079 3541 4136 Dei
3591 4091 3638 4136 et
3665 4082 3719 4136 in

2841 4173 3036 4245 seipsis.
3249 4182 3261 4191 '

2215 4270 2303 4328 40.
2359 4269 2579 4324 Multum
2633 4267 2828 4338 quippe
2880 4267 3102 4322 interest
3167 4265 3306 4322 inter
3359 4267 3719 4337 cognitionem

2141 4364 2220 4421 rei
2248 4363 2502 4435 cujusque
2529 4361 2582 4416 in
2616 4359 2791 4415 Verbo
2813 4357 2928 4426 Dei,
2949 4367 3005 4414 et
3021 4359 3373 4428 cognitionem
3398 4359 3514 4430 ejus
3539 4360 3591 4414 in
3621 4375 3720 4416 na-

2145 4469 2261 4515 tura
2288 4459 2431 4528 ejus:
2459 4465 2518 4512 ut
2555 4454 2682 4510 illud
2713 4453 2903 4509 merito
2921 4452 2989 4508 ad
3026 4453 3168 4508 diem
3196 4454 3478 4524 pertineat,
3527 4454 3629 4510 hoc
3652 4455 3719 4510 ad

2145 4565 2444 4622 vesperam.
2476 4548 2535 4603 1n
2563 4548 2962 4618 comparatione
2988 4547 3130 4601 enim
3156 4546 3292 4602 lucis
3319 4546 3463 4602 illius
3507 4563 3626 4619 quae
3665 4549 3718 4604 in

2147 4643 2320 4700 Verbo
2342 4643 2436 4697 Dei
2461 4641 2806 4711 conspicitur,
2837 4639 3010 4695 omnis
3035 4639 3266 4710 cognitio
3293 4655 3396 4710 qua
3425 4648 3720 4695 creaturam

2145 4734 2438 4806 quamlibet
2461 4733 2514 4788 in
2543 4731 2718 4802 seipsa
2748 4730 3012 4795 novimus,
3040 4744 3145 4784 non
3185 4729 3454 4785 immerito
3483 4745 3590 4786 nox
3614 4730 3721 4786 dici

2144 4836 2320 4898 potest
2349 4843 2364 4880 :
2389 4839 2508 4896 quae
2523 4836 2708 4879 rursus
2733 4829 2934 4876 tantum
2957 4819 3136 4876 differt
3152 4821 3220 4875 ab
3246 4835 3430 4876 errore
3459 4820 3544 4876 vel
3571 4822 3722 4890 igno-

2145 4918 2314 4974 rantia
2333 4931 2517 4972 eorum
2531 4915 2622 4985 qui
2634 4928 2733 4968 nec
2756 4913 2920 4982 ipsam
2940 4920 3234 4966 creaturam
3247 4912 3442 4981 sciunt,
3469 4913 3592 4967 utin
3604 4913 3720 4984 ejus

2145 5006 2542 5078 comparatione
2571 5019 2678 5059 non
2709 5005 2998 5073 incongrue
3020 5002 3226 5058 dicatur
3253 5001 3389 5058 dies.
3433 5002 3584 5060 Sicut
3607 5005 3721 5075 ipsa

2147 5104 2252 5158 vita
2279 5101 2510 5155 fidelium
2541 5112 2660 5167 quae
2687 5098 2744 5150 in
2784 5095 2886 5150 bac
2928 5109 3090 5150 carne
3107 5103 3266 5165 atque
3312 5095 3366 5149 in
3397 5095 3500 5151 hoc
3525 5096 3724 5152 saeculo

2149 5195 2376 5259 ducitur,
2419 5190 2471 5245 in
2492 5187 2885 5260 comparatione
2912 5185 3035 5240 vitae
3068 5184 3295 5240 infidelis
3338 5193 3497 5257 atque
3541 5188 3721 5256 impiae

2148 5309 2255 5348 non
2305 5285 2735 5345 irrationabiliter
2761 5284 2851 5338 lux
2905 5290 2960 5338 et
3008 5281 3123 5337 dies
3167 5281 3481 5352 appellatur,
3514 5281 3724 5337 dicente

2149 5382 2420 5456 Apostolo,
2450 5378 2642 5433 Fuistis
2691 5374 2962 5446 aliquando
3004 5372 3233 5438 tenebraz,
3267 5389 3400 5427 nunc
3428 5383 3595 5428 autem
3635 5374 3727 5428 lux

2147 5477 2202 5531 in
2234 5473 2451 5528 Domino
2499 5469 2714 5541 (Ephes.
2740 5467 2794 5534 ὅ,
2822 5465 2914 5532 8);
2962 5472 3016 5520 et
3043 5463 3203 5531 illud,
3235 5463 3544 5532 Abiiciamus
3570 5482 3728 5537 opera

2151 5566 2485 5630 tenebrarum,
2516 5571 2563 5617 et
2589 5559 2860 5615 induamus
2903 5573 2995 5612 nos
3022 5573 3163 5610 arma
3183 5555 3342 5621 lucis;
3391 5557 3522 5611 sicut
3553 5557 3608 5611 in
3645 5558 3728 5611 die

2153 5662 2353 5715 honeste
2397 5647 2705 5710 ambulemus
2759 5652 2933 5724 (Rom.
2960 5665 3084 5716 xm,
3118 5649 3204 5714 12,
3235 5649 3323 5719 15)
3357 5667 3371 5705 :
3403 5650 3491 5720 qui
3544 5658 3726 5706 tamen

2211 5775 2229 5806 ι
2251 5777 2398 5821 locus
2417 5768 2475 5818 ad
2498 5774 2604 5817 Mss.
2629 5762 2937 5822 emendatus;
2959 5761 3009 5809 in
3028 5771 3125 5823 quo
3144 5758 3330 5823 scilicet
3351 5760 3518 5823 excusi
3539 5760 3724 5812 habue-

2146 5817 2572 5896 ωηζὶῷὶιίὶὶοηε,
2594 5825 2835 5890 pauloque
2855 5817 2979 5885 post.
3001 5817 3309 5883 ctiwersioﬁt
3327 5821 3449 5882 dus.
