4090 6450
315 430 429 487 313

320 548 438 604 dies
466 542 570 599 nisi
598 555 781 599 rursus
804 540 857 594 in
882 534 1277 606 comparatione
1303 532 1443 587 illius
1457 530 1562 586 diei
1587 545 1692 601 quo
1719 545 1899 597 {equa-

320 642 403 697 les
426 636 644 708 Angelis
671 632 793 688 facti
808 629 1101 685 videbimus
1126 626 1291 679 Deum
1324 622 1476 678 sicuti
1499 630 1601 685 est,
1631 621 1743 690 ipse
1763 635 1899 690 quo-

320 745 424 800 que
452 742 557 782 nox
583 732 751 787 esset;
802 735 905 775 non
936 719 1020 773 hic
1062 715 1353 787 prophetiae
1372 715 1588 768 lucerna
1640 710 1904 779 indigere-

320 834 441 875 mus
473 837 485 871 :
519 816 663 871 unde
708 811 977 884 apostolus
1016 809 1207 863 Petrus
1256 804 1401 871 dicit,
1440 802 1692 857 Habemus
1719 803 1897 855 certio-

319 927 427 965 rem
457 905 802 979 propheticum
817 916 1115 963 sermonem,
1160 898 1240 950 cui
1269 895 1390 949 bene
1409 896 1572 967 facitis
1593 894 1901 949 intendentes

318 1001 449 1055 sicut
477 999 697 1052 lucerna
721 993 907 1049 lucenti
930 994 946 1023 ¹
970 992 1024 1045 in
1049 990 1256 1044 obscuro
1276 988 1404 1052 loco,
1434 984 1590 1039 donec
1627 985 1730 1038 dies
1760 985 1899 1038 luce-

318 1101 449 1153 scat,
501 1098 547 1143 et
595 1086 776 1158 lucifer
827 1084 1021 1138 oriatur
1073 1082 1126 1135 in
1144 1077 1375 1133 cordibus
1411 1077 1583 1131 vestris
1633 1074 1712 1147 (ll
1756 1074 1896 1128 Petr.

318 1198 356 1251 ι,
394 1182 505 1250 l9).

536 1265 762 1324 CAPUT
784 1263 973 1320 XXIV.
998 1290 1069 1303 —
1095 1260 1318 1317 Scientia
1363 1259 1686 1330 Angelorum.

390 1363 479 1417 Al.
522 1360 855 1429 Quapmpter
878 1370 996 1410 cum
1014 1354 1182 1407 sancti
1205 1351 1411 1421 Angeli,
1443 1350 1635 1420 quibus
1665 1356 1783 1417 post
1808 1362 1896 1403 re-

318 1455 704 1511 surrectionem
726 1448 1116 1519 corequabimur
1135 1444 1344 1517 (Matth.
1373 1458 1507 1508 xxu,
1528 1442 1637 1514 '50),
1669 1443 1713 1495 si
1759 1441 1896 1495 viam

318 1544 486 1618 (quod
517 1542 666 1597 nobis
686 1541 931 1595 Christus
948 1538 1113 1591 factus
1140 1534 1240 1606 est)
1264 1549 1429 1603 usque
1454 1534 1503 1586 in
1532 1531 1690 1587 finem
1713 1540 1898 1585 tenue-

316 1644 508 1702 rimus,
563 1650 775 1704 semper
802 1632 1017 1686 videant
1047 1630 1231 1683 faciem
1284 1628 1395 1692 Dei,
1452 1626 1730 1693 Verboque
1782 1624 1897 1692 ejus

317 1730 592 1799 unigenito
617 1727 751 1781 Filio
780 1725 915 1779 sicut
941 1722 1082 1776 Patri
1103 1720 1318 1790 aequalis
1348 1727 1427 1773 est
1458 1716 1814 1787 perfruantur,
1844 1715 1894 1769 in

315 1824 514 1893 quibus
558 1821 725 1890 prima
776 1818 1011 1873 omnium
1033 1822 1208 1869 creata
1252 1821 1333 1867 est
1382 1810 1669 1881 sapientia;
1714 1807 1895 1877 procul

314 1915 480 1969 dubio
504 1915 803 1967 universam
825 1917 1142 1972 creaturam,
1168 1908 1219 1959 in
1241 1920 1344 1973 qua
1374 1903 1471 1972 ipsi
1495 1909 1617 1955 sunt
1633 1900 1898 1969 principa-

316 2007 438 2061 liter
461 2004 679 2067 eonditi,
712 2003 763 2056 iu
790 2002 905 2071 ipso
933 1999 1104 2053 V'erbo
1122 1997 1213 2051 Dei
1236 1996 1380 2065 prius
1408 2002 1686 2056 noverunt,
1714 1992 1765 2045 in
1785 2004 1890 2060 quo

319 2106 448 2152 sunt
494 2096 754 2158 omnium,
806 2093 966 2148 etiam
1008 2106 1125 2161 qua:
1172 2087 1531 2157 temporaliter
1567 2085 1701 2139 facta
1747 2091 1890 2148 sunt,

313 2197 532 2242 ueterum
584 2188 840 2250 rationes,
875 2193 1120 2252 tanquam
1152 2182 1203 2234 in
1232 2195 1298 2235 eo
1325 2194 1417 2248 per
1443 2177 1585 2248 quod
1609 2177 1741 2230 facta
1771 2186 1895 2229 sunt

312 2279 492 2333 omnia
523 2296 537 2331 :
562 2292 626 2331 ac
640 2275 831 2330 deinde
859 2275 909 2328 in
929 2274 1039 2342 ipsa
1062 2280 1323 2333 creatura,
1354 2284 1510 2339 quam
1527 2269 1602 2323 sic
1630 2274 1895 2321 noverunt

313 2381 568 2439 tanquam
596 2366 729 2421 infra
770 2365 1141 2435 despicienles,
1164 2376 1387 2431 eamque
1417 2357 1707 2414 referentes
1734 2358 1801 2413 ad
1827 2357 1894 2411 il-

313 2463 417 2516 lius
445 2459 677 2523 laudem,
701 2458 754 2512 in
782 2457 930 2526 cujus
951 2454 1370 2510 incommutabili
1398 2453 1617 2506 veritate
1659 2451 1895 2505 rationes

311 2552 610 2609 secundum
633 2566 764 2622 quas
785 2550 918 2605 facta
947 2558 1048 2615 est,
1076 2547 1436 2617 principaliter
1465 2544 1661 2597 vident.
1699 2543 1774 2597 lbi
1805 2558 1894 2597 er-

310 2663 381 2716 go
411 2657 658 2715 tanquam
690 2659 786 2714 per
824 2642 987 2706 diem,
1027 2642 1165 2696 unde
1193 2649 1246 2694 et
1274 2637 1687 2693 concordissima
1717 2636 1894 2690 unitas

310 2754 499 2795 eorum
512 2736 750 2807 ejusdem
763 2736 997 2791 veritatis
1008 2732 1406 2805 participatione
1424 2730 1538 2785 dies
1554 2738 1635 2784 est
1654 2728 1894 2798 primitus

308 2838 552 2894 creatus;
576 2827 661 2882 hic
680 2837 855 2882 autem
878 2834 1122 2895 tanquam
1152 2839 1247 2892 per
1264 2837 1538 2892 vesperam
1574 2839 1587 2876 :
1617 2821 1710 2876 sed
1763 2835 1895 2875 con-

309 2920 462 2975 tinuo
493 2919 551 2974 lit
587 2932 739 2973 mane
768 2916 931 2987 (quod
963 2917 1013 2971 in
1041 2915 1287 2969 omnibus
1307 2930 1399 2969 sex
1428 2913 1616 2968 diebus
1649 2912 1891 2967 animad-

310 3011 451 3065 verti
502 3010 720 3079 potest),
764 3008 886 3078 quia
932 3022 1037 3061 non
1063 3013 1301 3061 remanet
1336 3004 1570 3073 angelica
1595 3004 1810 3057 scientia
1839 3004 1891 3058 in

309 3118 380 3158 eo
418 3102 561 3172 quod
582 3110 818 3157 creatum
854 3111 953 3161 est.
983 3100 1107 3169 quin
1156 3098 1256 3152 hoc
1308 3097 1559 3151 continuo
1602 3096 1797 3149 referat
1825 3094 1891 3149 ad

309 3195 428 3263 ejus
455 3194 665 3249 laudem
691 3202 847 3263 atque
874 3192 1184 3246 charitatem
1202 3192 1245 3257 ²,
1277 3190 1327 3243 in
1355 3205 1461 3259 quo
1488 3188 1539 3243 id
1562 3204 1664 3243 non
1696 3187 1889 3242 factum

308 3301 452 3351 esse,
485 3285 581 3341 sed
609 3284 901 3339 faciendum
930 3283 1093 3337 fuisse
1118 3283 1491 3352 cognoscitur;
1543 3282 1593 3335 in
1620 3296 1724 3350 qua
1753 3282 1891 3335 veri-

310 3388 421 3433 tate
446 3378 637 3431 stando
653 3378 765 3432 dies
791 3385 893 3431 est.
924 3376 1055 3430 Nam
1073 3377 1117 3429 si
1141 3375 1221 3429 vel
1240 3375 1305 3428 ad
1331 3376 1560 3442 seipsam
1587 3384 1769 3427 natura
1793 3389 1887 3427 an-

307 3471 479 3541 gelica
495 3477 911 3533 converteretur,
920 3466 1087 3537 seque
1100 3466 1325 3536 amplius
1340 3466 1711 3528 delectaretur,
1732 3481 1889 3535 quam

308 3562 404 3615 illo
428 3560 580 3629 cujus
594 3560 988 3629 participatione
1011 3559 1163 3613 beata
1181 3564 1297 3621 est;
1322 3556 1679 3610 intumescens
1705 3570 1890 3623 super-

306 3654 399 3708 hia
429 3653 663 3715 caderet,
697 3653 833 3707 sicut
856 3650 1134 3706 diabolus:
1167 3648 1234 3703 de
1265 3664 1370 3718 quo
1399 3664 1494 3701 suo
1523 3648 1638 3700 loco
1665 3647 1889 3716 loquen-

307 3747 439 3799 dum
470 3754 571 3811 est,
601 3760 721 3799 cum
763 3743 829 3797 de
856 3750 1107 3813 serpente
1132 3740 1359 3795 hominis
1390 3738 1669 3793 seductore
1713 3751 1889 3792 sermo

306 3836 525 3891 debitus
552 3834 893 3904 ﬂagitabitnr.

343 3925 574 3981 CAPUT
612 3924 777 3979 XXV.
799 3924 984 3977 —Cur
1010 3939 1097 3977 sea:
1121 3922 1291 3976 diebus
1320 3936 1419 3975 non
1458 3919 1674 3973 addatur
1719 3934 1844 3974 ηοω.

381 4017 471 4071 42.
513 4016 643 4084 Quia
672 4030 800 4086 ergo
816 4014 1001 4085 Angeli
1025 4021 1318 4068 creaturam
1346 4012 1395 4065 in
1417 4026 1477 4066 ea
1509 4012 1619 4079 ipsa
1646 4018 1886 4064 creatura

306 4110 391 4164 sic
414 4108 610 4175 sciunt,
637 4115 697 4162 ut
721 4108 769 4163 ei
798 4107 1031 4161 scientiae
1059 4106 1317 4159 electione
1344 4119 1404 4157 ac
1429 4102 1710 4157 dilectione
1748 4118 1885 4169 pl‘iB-

306 4210 515 4273 ponant
539 4202 677 4269 quod
703 4216 819 4255 eam
858 4201 1033 4255 sciunt
1082 4198 1131 4251 iu
1157 4197 1409 4263 Veritate,
1441 4212 1535 4264 per
1567 4210 1722 4264 quam
1752 4193 1885 4247 facta

306 4302 435 4347 sunt
454 4294 651 4357 omnia,
704 4291 983 4361 participes
1020 4289 1133 4358 ejus
1177 4287 1384 4351 effecti;
1420 4286 1538 4340 ideo
1577 4301 1673 4355 per
1700 4300 1885 4340 omnes

305 4401 405 4441 sex
445 4386 562 4439 dies
600 4398 703 4438 non
751 4384 1051 4437 nominatur
1096 4396 1219 4445 nox,
1246 4378 1341 4434 sed
1372 4386 1490 4447 post
1528 4392 1804 4447 vesperam
1832 4384 1888 4430 et

306 4491 469 4529 tuane
496 4475 609 4529 dies
634 4490 810 4529 unus:
843 4474 965 4527 item
995 4482 1115 4541 post
1162 4485 1435 4539 vesperam
1480 4476 1533 4523 et
1576 4482 1730 4521 mane
1772 4466 1885 4521 dies

306 4565 579 4622 secundus
599 4582 613 4629 ;
640 4564 831 4619 deinde
849 4572 964 4634 post
985 4576 1260 4631 vesperam
1280 4569 1337 4615 et
1360 4575 1513 4614 mane
1527 4559 1642 4613 dies
1670 4558 1879 4612 tertius:

310 4672 375 4709 ac
401 4657 480 4709 sic
505 4670 671 4726 usque
696 4656 747 4709 in
775 4670 929 4708 mane
953 4653 1087 4707 sexti
1108 4652 1233 4715 diei,
1253 4651 1391 4705 unde
1419 4650 1601 4718 incipit
1626 4650 1883 4718 septimus

306 4747 505 4817 quietis
521 4746 634 4811 Dei,
664 4746 902 4817 quamvis
945 4760 1067 4801 cum
1097 4744 1207 4797 suis
1256 4742 1517 4808 noctibus,
1550 4742 1662 4795 dies
1706 4750 1884 4795 tamen

308 4854 417 4892 non
444 4849 627 4893 noctes
654 4845 951 4891 narrantur.
979 4835 1127 4889 Tunc
1144 4833 1285 4889 enim
1314 4848 1415 4886 nox
1443 4831 1510 4885 ad
1549 4831 1688 4885 diem
1719 4831 1882 4899 perti-

308 4939 422 4994 net,
450 4943 555 4982 non
583 4927 697 4982 dies
721 4927 785 4981 ad
810 4934 1039 4991 noctem,
1062 4941 1182 4979 eum
1222 4925 1476 4978 sublimes
1500 4930 1556 4977 et
1578 4922 1745 4976 sancti
1774 4922 1883 4974 An-

305 5021 411 5090 geli
439 5019 492 5073 id
511 5020 651 5090 quod
671 5027 964 5073 creaturam
988 5017 1038 5071 in
1068 5017 1178 5087 ipsa
1205 5025 1447 5071 creatura
1477 5022 1758 5078 noverunt,
1793 5030 1882 5067 re-

305 5111 565 5166 feruntad
594 5111 729 5165 illius
762 5111 1018 5165 honorem
1040 5118 1094 5163 et
1138 5124 1395 5173 amorem,
1433 5108 1484 5161 in
1528 5121 1633 5176 quo
1659 5115 1885 5160 aeternas

306 5204 544 5258 rationes
566 5203 756 5272 quibus
779 5212 955 5258 creata
976 5208 1057 5256 est
1081 5200 1532 5269 contemplantur;
1563 5214 1727 5268 eaque
1753 5214 1884 5253 con-

304 5294 619 5350 cordissima
639 5294 1089 5363 contemplatione
1118 5300 1241 5345 sunt
1258 5307 1392 5345 unus
1416 5292 1547 5354 dies,
1572 5306 1729 5360 quem
1760 5290 1883 5346 fecit

305 5387 589 5451 Dominus,
611 5386 695 5439 cui
717 5385 1062 5454 conjungetur
1090 5382 1320 5438 Ecclesia
1359 5382 1426 5437 de
1456 5381 1555 5436 hac
1584 5383 1887 5452 peregrina-

305 5477 458 5533 tione
483 5477 726 5540 liberata,
753 5484 812 5529 ut
862 5484 916 5528 et
959 5489 1058 5530 nos
1085 5474 1410 5529 exsultemus
1448 5481 1502 5527 et
1535 5472 1886 5542 jucundemur

308 5571 365 5624 in
387 5585 453 5623 eo
483 5567 654 5639 (Psal.
681 5582 845 5632 cxvu,
864 5564 977 5636 24).

377 5682 393 5711 ι
412 5685 521 5727 Mss.
545 5677 787 5735 omittunt,
812 5674 1001 5726 lucenti.

374 5744 394 5774 ι
416 5747 466 5788 tn
491 5739 651 5797 editis,
674 5732 952 5799 eylsritatem.
978 5744 1027 5786 tn
1043 5736 1257 5799 quinque
1277 5741 1405 5799 Mss,
1422 5732 1706 5799 νεὶιωῖιωεζη
1726 5744 1743 5782 :
1766 5732 1889 5799 hanc

306 5802 577 5851 lectionem
596 5792 838 5850 conﬁrmat
858 5800 987 5862 quod
1008 5792 1215 5858 ru'rsun't,
1233 5811 1282 5847 n.
1308 5797 1369 5846 42
1384 5792 1574 5858 dicitur,
1598 5797 1807 5859 referunt
1819 5792 1885 5844 ad

303 5863 437 5915 illius
450 5863 687 5913 horrorem
704 5868 752 5913 et
772 5874 999 5912 amorem.

1661 414 1867 470 LIBER
1903 415 2249 484 QUARTUS.

3481 428 3588 487 δη

2122 530 2343 587 CAPUT
2370 529 2559 586 XXVI.
2601 561 2674 573 -—-
2704 532 2961 591 Numerus
2990 536 3182 590 dierum
3228 537 3476 609 quomodo

2616 629 2953 698 accipiendas.

2079 718 2167 772 45.
2199 716 2364 787 Hujus
2390 734 2516 791 ergo
2542 721 2667 788 diei,
2698 723 2848 791 cujus
2876 732 2929 776 et
2953 737 3173 792 vespera
3207 732 3265 778 et
3308 739 3463 781 mane
3490 740 3578 781 se-

2008 807 2239 862 cundum
2267 825 2426 879 supra
2474 812 2667 867 dictam
2705 815 2961 869 rationem
2988 815 3154 885 accipi
3181 825 3377 887 potest,
3430 829 3580 875 sexta

2014 900 2327 969 repetitione
2356 914 2715 958 consummata
2762 915 2844 960 est
2895 908 3136 962 universa
3182 920 3457 975 creatura;
3499 909 3579 965 Fa-

2006 999 2254 1061 ctumque
2278 1002 2359 1047 est
2386 1009 2558 1061 mane,
2585 1011 2691 1066 quo
2722 997 2959 1053 finiretur
2978 1008 3158 1053 sextus
3187 1000 3336 1066 dies;
3365 1010 3419 1057 et
3438 1002 3579 1059 unde

2007 1080 2262 1147 inciperet
2281 1084 2535 1152 septimus
2563 1101 2838 1155 vesperam
2872 1104 2975 1143 non
3002 1088 3295 1155 habiturus,
3337 1093 3457 1162 quia
3485 1093 3578 1149 Dei

2006 1172 2217 1241 requies
2243 1189 2346 1227 non
2373 1184 2454 1228 est
2474 1185 2713 1231 creatura
2747 1195 2759 1231 :
2788 1194 2906 1248 quae
2948 1194 3068 1234 cum
3107 1196 3201 1250 per
3224 1180 3337 1236 dies
3357 1194 3578 1238 ceteros

2005 1264 2341 1333 conderetur,
2367 1265 2518 1321 aliter
2544 1267 2593 1322 in
2611 1269 2785 1338 seipse
2804 1269 2937 1325 facta
2958 1273 3390 1342 cognoscebatur,
3414 1290 3572 1345 quam

2006 1353 2059 1407 in
2076 1354 2165 1408 illo
2182 1354 2233 1408 in
2252 1355 2400 1426 cujus
2420 1357 2637 1413 veritate
2663 1358 2899 1415 facienda
2919 1361 3213 1429 videbatur,
3226 1364 3375 1432 cujus
3392 1366 3575 1434 cogniv

2005 1445 2163 1499 tionis
2204 1448 2354 1515 quasi
2383 1447 2601 1503 decolor
2630 1451 2832 1518 species
2879 1468 3153 1522 vesperam
3184 1452 3427 1509 faciebat.
3456 1455 3575 1510 Non

2005 1536 2181 1607 itaque
2205 1538 2314 1606 jam
2344 1538 2511 1593 forma
2537 1540 2703 1609 ipsius
2730 1543 2907 1612 cperis
2933 1544 3066 1611 dies,
3114 1551 3183 1600 et'
3202 1547 3460 1601 terminus
3483 1562 3574 1602 ve-

2003 1642 2179 1697 spera,
2199 1635 2255 1682 et
2289 1630 2506 1684 alterius
2535 1633 2709 1701 operis
2739 1634 2945 1689 initium
2977 1651 3150 1702 mane,
3186 1636 3239 1690 in
3271 1637 3367 1691 hac
3397 1653 3575 1693 rerum

2003 1719 2331 1774 conditarum
2376 1723 2679 1779 narratione
2721 1724 2878 1781 debet
2919 1727 3170 1798 intelligi;
3221 1744 3287 1783 ne
3322 1744 3577 1801 cogamur

2001 1820 2186 1865 contra
2219 1810 2546 1880 Scripturam
2574 1815 2769 1882 dicere,
2811 1828 3004 1886 praeter
3027 1833 3123 1873 sex
3168 1819 3281 1875 dies
3308 1822 3574 1887 conditam

2002 1900 2106 1957 diei
2158 1906 2367 1973 septimi
2391 1916 2710 1972 creaturam,
2757 1917 2848 1962 aut
2887 1909 3057 1977 ipsum
3098 1909 3237 1964 diem
3291 1913 3573 1980 septimum

2001 1996 2198 2049 nullam
2226 2012 2343 2052 esse
2368 2008 2663 2053 creaturam
2695 2018 2707 2053 :
2741 1999 2835 2054 sed
2856 2000 2969 2054 dies
2994 2000 3080 2055 ille
3096 2018 3250 2072 quem
3267 2002 3387 2058 fecit
3414 2004 3572 2072 Deus,

2002 2102 2097 2156 per
2125 2103 2283 2157 opera
2316 2090 2428 2159 ejus
2463 2091 2574 2161 ipse
2603 2091 2879 2159 repetitur,
2907 2106 3009 2145 non
3040 2093 3262 2147 circuitu
3289 2096 3572 2163 corporali,

2002 2180 2095 2235 sed
2123 2180 2423 2250 cognitione
2446 2182 2725 2249 spirituali,
2758 2197 2877 2236 cum
2900 2184 3052 2238 beata
3080 2183 3167 2237 illa
3198 2184 3425 2239 societas
3467 2186 3577 2238 An-

2001 2274 2235 2342 gelorum
2268 2282 2322 2327 et
2352 2272 2596 2342 primitus
2626 2273 3013 2342 contemplatur
3046 2276 3097 2329 in
3126 2274 3299 2331 Verbo
3327 2276 3441 2342 Dei,
3468 2292 3576 2346 quo

2000 2363 2129 2418 dicit
2155 2365 2308 2429 Deus,
2336 2363 2487 2429 Fiat;
2511 2374 2667 2435 atque
2711 2366 2830 2421 ideo
2866 2367 3010 2437 prius
3037 2368 3087 2422 in
3126 2368 3242 2437 ejus
3275 2370 3575 2439 cognitione

2001 2456 2080 2522 fit,
2103 2470 2221 2510 cum
2248 2457 2459 2523 dicitur,
2482 2457 2544 2511 Et
2559 2458 2629 2513 sic
2643 2468 2716 2513 est
2731 2462 2917 2529 factum
2940 2468 3031 2522 ;et
3057 2471 3237 2529 postea
3265 2478 3375 2515 rem
3406 2463 3573 2531 ipsam

2001 2546 2215 2614 factam,
2244 2549 2298 2602 in
2326 2564 2386 2603 ea
2430 2549 2540 2618 ipsa
2566 2551 2855 2619 cognoscit,
2900 2551 3041 2620 quod
3084 2552 3406 2622 significatur
3437 2552 3571 2608 facta

1999 2655 2256 2709 vespera;
2288 2651 2341 2695 et
2369 2656 2484 2695 eam
2514 2641 2705 2696 deinde
2733 2643 3086 2713 cognitionem
3119 2645 3191 2699 rei
3223 2644 3376 2699 factae
3400 2646 3467 2699 ad
3504 2646 3573 2699 il-

2005 2731 2108 2785 lius
2136 2731 2374 2786 veritatis
2413 2732 2622 2786 laudem
2651 2732 2834 2799 refert,
2864 2734 2950 2788 ubi
2976 2735 3233 2788 rationem
3260 2735 3464 2790 viderat
3492 2734 3574 2791 fa-

1999 2822 2220 2886 ciendae,
2234 2821 2375 2892 quod
2393 2823 2717 2892 significatur
2735 2822 2871 2878 facto
2894 2840 3066 2879 mane.
3088 2825 3163 2879 Ac
3176 2826 3254 2880 sic
3274 2841 3369 2895 per
3386 2841 3573 2882 omnes

2000 2915 2118 2970 illos
2138 2916 2252 2970 dies
2283 2931 2418 2970 unus
2441 2924 2522 2969 est
2546 2916 2679 2982 dies,
2705 2933 2805 2972 non
2824 2918 3041 2972 istorum
3059 2918 3265 2974 dierum
3282 2930 3571 2974 consuetu-

1998 3009 2119 3062 dine
2146 3007 2537 3079 intelligendus,
2566 3025 2697 3079 quos
2712 3009 2951 3064 videmus
2972 3010 3100 3065 solis
3127 3010 3349 3064 circuitu
3392 3010 3570 3066 deter-

1998 3100 2186 3153 minari
2231 3110 2390 3169 atque
2433 3102 2733 3166 numerari;
2784 3100 2877 3155 sed
2906 3101 3007 3155 alio
3058 3101 3285 3171 quodam
3316 3102 3500 3167 modo,
3542 3118 3573 3156 a

1997 3205 2101 3260 quo
2121 3200 2175 3245 et
2200 3191 2271 3245 illi
2299 3200 2406 3245 tres
2435 3192 2567 3258 dies,
2596 3192 2684 3263 qui
2710 3200 2832 3247 ante
2860 3192 3216 3247 conditionem
3240 3193 3459 3247 istorum
3491 3192 3575 3247 lu-

1998 3284 2277 3337 minarium
2299 3284 2694 3337 commemorati
2719 3284 3167 3350 sunt,alieniesse
3195 3299 3301 3338 non
3330 3293 3571 3354 possunt.

1996 3372 2046 3425 Is
2072 3372 2211 3426 enim
2246 3373 2431 3427 modus
2462 3389 2566 3427 non
2590 3388 2755 3443 usque
2798 3373 2863 3427 ad
2905 3373 3043 3428 diem
3072 3382 3339 3442 quartum,
3367 3382 3425 3428 ut
3450 3373 3573 3429 inde

1991 3465 2100 3534 jam
2131 3466 2258 3519 istos
2278 3467 2498 3519 usitatos
2521 3466 2894 3535 cogitaremus,
2927 3465 3021 3519 sed
3060 3480 3226 3535 usque
3253 3464 3319 3519 ad
3362 3474 3570 3519 sextum

1996 3558 2385 3626 septimumque
2410 3556 2693 3627 perductus
2712 3562 2823 3622 est;
2850 3564 2910 3610 ut
2956 3556 3110 3625 longe
3135 3555 3289 3610 aliter
3308 3554 3572 3625 accipien-

1993 3647 2094 3702 dus
2121 3648 2188 3701 sit
2216 3647 2329 3701 dies
2358 3656 2409 3701 et
2437 3662 2560 3713 nox,
2586 3647 2719 3700 inter
2742 3662 2859 3716 quae
2886 3646 2992 3700 duo
3021 3646 3197 3700 divisit
3218 3646 3376 3712 Deus,
3400 3654 3453 3701 et
3472 3645 3571 3701 ali-

1995 3747 2075 3793 ter
2105 3738 2203 3792 iste
2227 3737 2339 3792 dies
2363 3746 2417 3791 et
2447 3754 2568 3804 uox,
2604 3738 2740 3790 inter
2770 3752 2886 3806 quae
2911 3736 3039 3790 dixit
3068 3745 3125 3789 ut
3152 3735 3387 3790 dividant
3410 3735 3567 3789 lumi-

1994 3831 2140 3884 naria
2169 3846 2287 3900 qua:
2317 3830 2537 3895 creavit,
2564 3844 2683 3883 cum
2710 3829 2801 3894 ait,
2846 3828 2913 3881 Et
2960 3827 3183 3881 dividant
3207 3828 3336 3881 inter
3367 3827 3498 3881 diem
3523 3836 3570 3881 et

1992 3932 2188 3976 noctem
2220 3921 2368 3994 (Gen.
2417 3938 2452 3987 I,
2482 3919 2589 3995 14).
2632 3921 2781 3975 Tunc
2807 3920 2946 3974 enim
2974 3920 3115 3975 hunc
3138 3920 3277 3974 diem
3310 3919 3565 3986 condidit,

1991 4031 2111 4072 cum
2132 4016 2371 4071 condidit
2395 4017 2581 4080 solem,
2611 4015 2761 4085 cujus
2777 4014 3057 4085 priesentia
3082 4013 3328 4069 eumdem
3353 4013 3567 4068 exhibet

1991 4108 2132 4162 diem
2158 4124 2171 4161 :
2202 4107 2291 4161 ille
2319 4116 2495 4161 autem
2522 4106 2637 4161 dies
2663 4107 2906 4176 primitus
2931 4104 3174 4160 conditus
3198 4104 3306 4173 jam
3335 4103 3565 4158 triduum

1992 4205 2284 4267 peregerat,
2312 4212 2431 4251 cum
2463 4197 2576 4251 haec
2596 4196 2872 4250 luminaria
2900 4196 3040 4250 illius
3066 4194 3170 4249 diei
3195 4206 3378 4264 quarta
3406 4208 3564 4264 repe-

1992 4290 2175 4343 titione
2199 4297 2373 4344 creata
2393 4297 2535 4343 sunt.

1988 4378 2210 4434 CAPUT
2250 4378 2461 4433 XXVII.
2496 4407 2570 4418 —
2597 4376 2778 4433 Usitati
2814 4377 2922 4431 dies
2948 4376 3271 4431 hebdomade
3304 4376 3451 4447 longe
3486 4374 3567 4429 di-

2332 4488 2507 4541 spares
2533 4480 2721 4540 septem
2754 4469 2926 4524 diebus
2963 4467 3228 4523 Geneseos.

2060 4566 2148 4620 44.
2190 4564 2521 4634 Quapropter
2548 4562 2687 4633 quod
2718 4563 2864 4617 illum
2881 4562 3021 4616 diem
3048 4561 3130 4616 vel
3160 4560 3278 4615 illos
3306 4560 3438 4627 dies,
3469 4563 3563 4632 qui

1990 4657 2107 4726 ejus
2126 4656 2440 4724 repetitione
2463 4654 2719 4709 numerati
2748 4661 2888 4717 sunt,
2913 4653 2965 4707 in
2985 4652 3083 4708 bac
3112 4660 3290 4707 nostra
3316 4652 3559 4709 mortali-

1991 4756 2097 4803 tate
2124 4756 2333 4803 terrena
2361 4746 2588 4815 experiri
2617 4760 2680 4801 ac
2704 4746 2904 4800 sentire
2956 4760 3060 4799 non
3094 4759 3393 4815 possumus,
3421 4754 3477 4801 et
3517 4746 3562 4802 si

1989 4840 2111 4909 quid
2138 4838 2203 4892 ad
2219 4854 2311 4892 eos
2342 4837 2709 4908 intelligendos
2729 4836 2909 4892 conari
2940 4852 3241 4907 possumus,
3270 4854 3375 4893 non
3405 4838 3564 4894 debe-

1992 4948 2108 4985 mus
2142 4931 2477 4985 temerariam
2505 4930 2833 5000 praecipitare
2862 4931 3196 4997 sententiam,
3228 4938 3472 5000 tanquam
3498 4929 3565 4984 de

1991 5022 2073 5076 bis
2120 5020 2261 5076 aliud
2315 5020 2498 5075 sentiri
2551 5021 2926 5091 congruentius
2980 5020 3401 5091 probabiliusque
3456 5035 3563 5076 non

1992 5115 2188 5183 possit;
2216 5114 2344 5168 istos
2394 5122 2596 5182 septem
2622 5113 2758 5177 dies,
2807 5113 2894 5183 qui
2922 5128 3018 5183 pro
3048 5112 3147 5168 illis
3181 5121 3341 5183 agunt
3361 5110 3564 5167 hebdo-

1991 5206 2221 5268 madam,
2244 5204 2397 5273 cujus
2418 5218 2575 5258 cursu
2596 5211 2649 5257 et
2674 5217 2891 5257 recursu
2922 5212 3154 5271 tempora
3184 5203 3482 5272 rapiuntur,
3510 5202 3563 5256 in

1990 5312 2090 5367 qua
2121 5296 2235 5350 dies
2253 5310 2391 5349 unus
2419 5302 2499 5348 est
2521 5308 2549 5346 a
2577 5294 2703 5347 solis
2734 5302 2850 5346 ortu
2879 5307 3047 5362 usque
3071 5292 3126 5345 in
3164 5300 3335 5345 ortum
3365 5291 3562 5347 circui-

1992 5397 2093 5453 tus,
2114 5389 2191 5443 sic
2219 5387 2433 5441 illorum
2463 5386 2630 5439 vicem
2660 5383 2940 5454 quamdam
2982 5383 3232 5438 exhibere
3259 5383 3557 5449 credamus,

1991 5489 2050 5534 ut
2077 5494 2180 5533 non
2215 5493 2309 5533 eos
2339 5477 2440 5533 illis
2470 5476 2691 5541 similes,
2716 5474 2809 5529 sed
2840 5475 3061 5529 multum
3092 5473 3321 5545 impares
3340 5474 3564 5531 minimo

1991 5570 2306 5625 dubitemus.
2368 5578 2377 5587 ‘

1992 5660 2218 5717 CAPUT
2256 5656 2491 5714 XXVIII.
2524 5654 2966 5726 —Interpretatio
3007 5655 3126 5709 data
3174 5654 3239 5710 de
3264 5656 3373 5711 luce
3396 5666 3444 5711 et
3480 5659 3561 5713 die

2098 5751 2349 5822 spirituali
2370 5766 2469 5803 non
2514 5747 2819 5802 existimetur
2846 5746 3121 5816 impropria
3147 5755 3191 5801 et
3216 5748 3451 5818 ﬁgurata.

1994 5890 2009 5898 ,
2063 5844 2152 5898 45.
2183 5842 2291 5897 Nec
2321 5841 2596 5911 quisquam
2641 5837 2940 5905 arbitretur,
2994 5836 3120 5893 illud
3146 5838 3286 5909 quod
3340 5838 3446 5894 dixi
3493 5839 3562 5895 de
