4090 6466
467 377 572 434 515

469 492 587 547 luce
612 489 892 561 spirituali,
910 495 964 544 et
990 488 1058 543 de
1083 487 1294 543 condito
1320 485 1405 540 die
1426 483 1695 553 Spirituali,
1726 489 1780 536 et
1803 480 2036 550 angelica

473 594 734 651 creatura,
766 583 905 638 etde
934 579 1377 650 contemplatione
1414 590 1568 646 quam
1602 573 1760 627 habet
1788 573 1840 626 in
1866 571 2043 626 Verbo

469 677 585 744 Dei,
629 685 682 731 et
723 677 790 730 de
823 675 1126 745 cognitione
1148 687 1248 742 qua
1288 670 1338 723 in
1384 667 1556 736 seipsa
1583 672 1822 720 creatura
1852 677 2044 742 Cogno-

469 769 653 834 scitur,
699 767 918 838 ejusque
968 764 1221 824 relatione
1249 759 1314 814 ad
1347 758 1554 813 Iaudem
1602 754 2044 812 incommutabilis

470 860 729 926 veritatis,
759 857 847 912 ubi
872 856 1020 929 prius
1047 853 1180 908 ratio
1201 851 1473 905 videbatur
1499 848 1578 904 rei
1606 845 1881 911 faciendae,
1927 861 2044 915 quae

471 952 674 1021 cognita
704 956 785 1004 est
815 948 979 1013 facta;
1003 944 1230 1016 nonjam
1262 943 1492 1014 proprie,
1513 941 1604 996 sed
1648 940 1797 1010 quasi
1826 939 2043 1010 ﬁgurate

471 1050 629 1110 atque
653 1040 932 1110 allegorice
959 1035 1245 1092 convenire
1273 1034 1337 1088 ad
1389 1031 1784 1103 intelligendum
1825 1030 1964 1108 diem
1993 1039 2044 1082 et

471 1145 746 1198 vesperam
799 1139 850 1185 ct
883 1143 1037 1183 mane
1067 1145 1078 1180 :
1110 1126 1203 1181 sed
1248 1126 1402 1179 aliter
1445 1125 1658 1195 quidem
1691 1138 1847 1192 quam
1871 1124 1920 1174 in
1948 1122 2045 1175 bac

472 1221 852 1278 consuetudine
899 1219 1218 1291 quotidiana:
1266 1218 1399 1272 lucis
1431 1217 1586 1286 hujus
1615 1225 1666 1270 ct
1716 1214 2043 1284 corporalis;

473 1331 577 1370 non
608 1323 782 1368 tamen
811 1321 1058 1383 tanquam
1076 1311 1160 1367 hic
1180 1312 1410 1382 proprie,
1437 1310 1505 1364 ibi
1531 1311 1766 1380 ﬁgurate.
1787 1308 1884 1363 Ubi
1904 1309 2044 1360 enim

473 1399 662 1460 melior
680 1413 733 1459 et
748 1404 942 1458 certior
966 1403 1054 1457 qu
1074 1445 1088 1470 ,
1123 1402 1194 1457 ibi
1217 1403 1392 1456 verior
1418 1402 1575 1455 etiam
1611 1401 1722 1454 dies
1757 1417 1770 1454 :
1803 1415 1896 1453 cur
1921 1412 2047 1468 ergo

472 1515 573 1553 non
599 1506 650 1552 et
677 1499 856 1552 verior
875 1512 1094 1565 vespera
1115 1503 1166 1550 et
1194 1496 1370 1550 verius
1403 1494 1598 1549 mane?
1629 1492 1757 1547 Nam
1786 1492 1829 1545 si
1855 1491 1905 1545 in
1934 1491 2048 1544 istis

471 1588 655 1641 diebus
679 1589 835 1643 habet
854 1588 1133 1657 quamdam
1158 1587 1560 1641 declinationem
1593 1600 1739 1639 suam
1759 1584 1850 1646 lux
1880 1583 1932 1636 in
1955 1597 2047 1636 oc-

471 1694 672 1742 casum,
703 1695 859 1748 quam
888 1694 1107 1749 vespere
1137 1679 1350 1734 nomine
1376 1691 1758 1746 nuncupamus,
1792 1685 1844 1730 et
1871 1674 1938 1729 ad
1963 1690 2050 1727 0r-

473 1779 582 1824 tmn
607 1771 794 1825 iterum
821 1770 1068 1834 reditum,
1107 1769 1244 1840 quod
1284 1785 1438 1822 mane
1476 1769 1732 1833 dicimus;
1781 1782 1875 1821 cur
1901 1777 1953 1821 et
1982 1767 2048 1820 il-

477 1863 543 1916 lic
595 1878 868 1931 vesperam
901 1879 1003 1916 non
1062 1862 1335 1928 dicamus,
1379 1877 1498 1915 cum
1543 1877 1572 1914 a
1612 1858 2052 1928 contemplatione

473 1953 737 2007 Creatoris
766 1963 1011 2008 creatura
1031 1952 1321 2021 despicitur
1347 1953 1386 2018 ¹,
1410 1960 1462 2005 et
1485 1966 1636 2004 mane
1659 1966 1775 2003 cum
1808 1966 1834 2001 a
1867 1951 2047 2018 cogni-

474 2041 615 2096 ti‘oue
641 2051 895 2096 creatura:
927 2041 976 2095 in
1005 2041 1211 2095 laudem
1238 2039 1503 2095 Creatoris
1523 2039 1850 2110 assurgitur?
1870 2038 2051 2108 Neque

475 2131 614 2184 enim
647 2138 700 2185 et
725 2130 964 2186 Christus
980 2131 1054 2185 sic
1083 2131 1273 2184 dicitur
1298 2131 1382 2184 lux
1429 2129 1607 2202 (.loan.
1634 2146 1745 2190 vut,
1778 2130 1882 2197 12),
1916 2144 2050 2200 quo-

475 2222 634 2276 modo
652 2221 841 2277 dicitur
863 2222 995 2292 lapis
1020 2223 1152 2291 (Act.
1183 2239 1252 2288 tv,
1282 2223 1398 2294 II);
1421 2222 1510 2275 sed
1537 2221 1656 2274 illud
1686 2221 1914 2290 proprie,
1951 2221 2053 2275 hoc

485 2313 665 2382 utique
689 2313 927 2382 ﬁgurate.
954 2314 1202 2382 Quisquis
1224 2328 1347 2382 ergo
1370 2328 1473 2365 non
1505 2327 1619 2365 eam
1647 2327 1800 2381 quam
1835 2327 1930 2380 pro
1959 2327 2055 2364 no-

477 2413 588 2460 stro
629 2405 842 2459 modulo
881 2405 963 2459 vel
1015 2405 1264 2476 indagare
1308 2404 1390 2458 vel
1421 2411 1603 2473 putare
1628 2403 1916 2472 potuimus,
1960 2403 2051 2456 sed

471 2497 626 2551 aliam
651 2498 870 2565 requirit
887 2497 938 2551 in
962 2497 1168 2551 illormn
1187 2497 1390 2550 dierum
1420 2495 1813 2549 enumeratione
1835 2504 2053 2548 senten-

479 2590 626 2655 tiam,
648 2604 765 2658 qua:
791 2603 897 2644 non
926 2589 975 2642 in
998 2589 1274 2658 prophetia
1306 2588 1540 2658 ﬁgurate,
1570 2588 1661 2642 sed
1690 2589 1739 2640 in
1771 2589 1868 2642 hac
1899 2604 2052 2642 erea-

476 2688 708 2734 turarum
736 2680 1041 2735 conditione
1065 2681 1277 2750 prOprie
1302 2681 1595 2750 meliusque
1623 2679 2050 2750 possitintelligi;

473 2779 690 2837 quaerat,
723 2779 777 2826 et
823 2771 1072 2825 divinitus
1097 2771 1304 2841 adjutus
1341 2755 1749 2825 inveniat.Fieri
1782 2772 1924 2826 enim
1947 2786 2052 2840 po-

474 2867 576 2915 test
596 2863 827 2916 utetiam
855 2878 952 2932 ego
977 2864 1134 2917 aliam
1183 2863 1266 2919 his
1314 2863 1505 2922 divina:
1559 2862 1844 2932 Scriptura:
1873 2865 2053 2934 verbis

476 2955 938 3024 congruentiorem
971 2954 1209 3009 fortassis
1252 2953 1534 3009 inveniam.
1564 2955 1744 3025 Neque
1793 2955 1934 3009 enim
1981 2956 2050 3010 ita

479 3045 615 3099 hanc
636 3046 916 3113 confirmo,
944 3055 999 3101 ut
1017 3048 1171 3100 aliam
1198 3063 1316 3117 qua:
1335 3047 1694 3116 prteponeuda
1725 3047 1813 3112 sit,
1831 3047 2054 3102 inveniri

477 3151 580 3189 non
613 3151 766 3204 posse
812 3136 1147 3203 centendam,
1196 3137 1330 3190 sicut
1373 3137 1630 3191 conﬁrmo
1680 3137 1916 3206 requiem
1962 3137 2053 3192 Dei

476 3227 804 3298 Scripturam
835 3238 1094 3296 sanetam,
1123 3245 1225 3286 non
1249 3231 1396 3300 quasi
1425 3237 1542 3300 post
1567 3230 1929 3286 lassitudinem
1973 3233 2054 3288 vel

478 3336 616 3374 curm
641 3321 956 3386 molestiam,
991 3321 1142 3376 nobis
1174 3323 1442 3376 insinuare
1470 3324 1719 3378 voluisse.

479 3412 701 3469 CAPUT
727 3412 920 3468 XXIX.
949 3444 1020 3455 -
1044 3412 1109 3468 1η
1136 3414 1361 3485 angelica
1389 3415 1669 3485 cognitione
1697 3415 1821 3481 dies,
1852 3433 2055 3494 vespera

1146 3515 1191 3560 et
1220 3523 1382 3560 mane.

551 3598 637 3652 46.
680 3596 1033 3664 Quamobrem
1065 3605 1239 3666 potest
1263 3598 1448 3668 aliquis
1488 3597 1709 3654 fortasse
1736 3614 1943 3654 mecum
1974 3599 2055 3654 di-

478 3687 734 3755 sputando
764 3694 988 3754 certare,
1017 3695 1072 3740 ut
1091 3687 1227 3742 dicat
1253 3689 1558 3742 sublimium
1586 3689 1846 3743 coelormn
1876 3691 2053 3762 Ange-

478 3776 558 3830 los
586 3792 688 3830 non
707 3777 1004 3831 alternatim
1030 3779 1288 3844 contueri,
1323 3777 1492 3847 primo
1513 3780 1746 3835 rationes
1786 3793 2059 3835 creatura-

479 3886 596 3924 rum
620 3870 1120 3925 incommutabiliter
1140 3871 1191 3924 in
1217 3869 1372 3924 Verbi
1407 3871 1494 3926 Dei
1517 3871 1931 3928 incommutabili
1967 3890 2056 3927 vc-

483 3963 659 4028 ritate,
687 3977 748 4016 ac
775 3962 967 4017 deinde
996 3964 1136 4032 ipsas
1155 3971 1443 4030 creaturas,
1463 3972 1513 4017 et
1531 3964 1686 4017 tertio
1706 3966 2057 4019 earumetiam

481 4054 531 4107 in
551 4053 738 4123 seipsis
757 4055 1106 4125 cognitionem
1120 4055 1183 4108 ad
1197 4055 1409 4110 Iaudem
1430 4055 1627 4111 referre
1650 4053 1945 4122 Creatoris;
1965 4057 2058 4112 sed

483 4161 662 4199 eorum
715 4155 944 4200 mentem
978 4147 1202 4210 mirabili
1235 4147 1488 4202 facilitate
1530 4147 1643 4201 hazc
1686 4149 1857 4202 omnia
1903 4150 2057 4204 simul

484 4255 660 4311 posse.
690 4239 952 4309 Numquid
987 4249 1163 4292 tamen
1187 4240 1346 4304 dicet,
1379 4248 1470 4294 aut
1500 4239 1541 4293 si
1569 4241 1844 4316 quisquam
1867 4241 2060 4297 dixerit

481 4331 771 4385 audiendus
793 4339 896 4397 est,
924 4330 1064 4384 illam
1091 4331 1362 4385 cmlestem
1407 4331 1460 4384 in
1488 4331 1805 4401 Angelorum
1829 4333 2057 4388 millibus

480 4421 764 4485 civitatem,
792 4430 880 4475 ant
907 4436 1008 4474 non
1037 4422 1381 4492 contemplari
1403 4421 1667 4477 Creatoris
1683 4423 2054 4492 :eternitatem,

487 4523 576 4566 aut
606 4512 1008 4567 mutabilitatem
1042 4513 1283 4584 ignorare
1305 4522 1578 4578 creaturae,
1603 4523 1691 4568 aut
1713 4530 1776 4569 ex
1803 4515 1916 4585 ejus
1929 4533 2059 4586 quo-

485 4619 586 4672 que
618 4602 861 4657 inferiore
895 4604 1119 4673 quadam
1144 4604 1440 4674 cognitione
1467 4621 1569 4658 non
1597 4605 1811 4659 laudare
1839 4604 2058 4660 Creato-

483 4697 638 4750 rem?
671 4697 832 4751 Simul
866 4697 967 4751 hoc
999 4706 1165 4752 totum
1205 4699 1428 4772 possint,
1471 4699 1628 4753 simul
1661 4699 1761 4752 hoc
1800 4709 1964 4754 totum
1984 4700 2059 4756 fa-

484 4788 652 4853 ciant;
685 4797 906 4857 possuut
926 4799 1096 4856 tamen
1121 4799 1172 4842 et
1202 4789 1415 4844 faciunt.
1450 4791 1614 4845 Simul
1641 4806 1766 4864 ergo
1795 4791 1988 4849 habent
2005 4803 2060 4849 et

486 4881 646 4947 diem,
680 4889 732 4935 et
755 4891 1115 4951 vesperam,et
1145 4899 1317 4937 mane.

483 4971 708 5028 CAPUT
745 4971 915 5028 XXX.
945 5004 1015 5014 —
1046 4972 1222 5027 Nihilo
1258 4974 1526 5043 ignobilior
1553 4977 1780 5048 angelica
1811 4979 2016 5034 scientia
2036 5022 2050 5046 ,

830 5065 942 5118 licet
967 5065 1018 5118 in
1043 5065 1136 5118 hac
1163 5066 1224 5119 sit
1249 5082 1451 5137 vespera
1477 5076 1523 5121 et
1552 5086 1715 5122 mane.

555 5159 642 5213 47.
673 5157 856 5238 Neque
882 5157 1020 5212 enim
1050 5157 1338 5212 verendum
1367 5167 1536 5215 estne
1563 5161 1695 5215 forte
1721 5162 1907 5234 quiest
1943 5162 2057 5216 ido-

485 5269 614 5308 neus
635 5252 743 5325 jam
789 5252 872 5305 illa
904 5252 1130 5318 sentire,
1178 5251 1296 5307 ideo
1335 5270 1437 5308 non
1481 5264 1626 5324 putet
1669 5255 1770 5310 hoc
1807 5257 1873 5312 ibi
1904 5272 2059 5328 posse

487 5345 621 5410 ﬁeri,
653 5345 771 5414 quia
803 5345 853 5398 in
884 5343 968 5399 bis
991 5344 1196 5409 diebus,
1222 5346 1310 5416 qui
1336 5347 1464 5400 solis
1493 5346 1647 5416 hujus
1675 5349 1894 5404 circuitu
1934 5365 2056 5418 per-

488 5443 731 5506 aguntur,
761 5435 873 5490 ﬁeri
913 5451 1018 5490 non
1063 5445 1255 5505 potest.
1289 5437 1355 5490 Et
1383 5436 1482 5494 hoc
1509 5437 1720 5507 quidem
1760 5454 1862 5494 non
1890 5427 2060 5509 potest

485 5525 684 5580 eisdem
735 5528 968 5596 partibus
1013 5537 1212 5582 terrae:
1244 5529 1544 5582 universum
1588 5538 1763 5584 autem
1806 5533 2056 5594 mundum

545 5641 562 5671 ³
605 5639 879 5706 Bigotianug
907 5641 1089 5706 codex,
1123 5637 1392 5704 dispicitur.
1439 5639 1540 5706 Alii,
1586 5639 1884 5704 despiciar;
1922 5648 2059 5706 quasi

480 5701 707 5766 deorsum
729 5701 970 5766 aspicitur,
991 5701 1784 5766 utifusurpaiiAugustinus,supra,
1821 5701 1872 5752 nQ
1904 5701 1981 5766 AI,
2009 5716 2058 5758 et

481 5762 565 5811 lib.
591 5763 637 5823 2,
663 5777 709 5812 n.
739 5765 830 5824 I7;
871 5775 921 5812 et
944 5761 1103 5824 \irgil.
1130 5761 1300 5812 Λιιὶρίιὶ
1337 5761 1420 5812 lib.
1450 5761 1495 5823 I,
1515 5779 1560 5813 v.
1591 5761 1716 5812 “228':

605 5825 886 5890 Despiciam
900 5839 1032 5876 mare
1052 5826 1328 5889 velivolum.
1352 5834 1607 5890 terrasque
1622 5828 1856 5890 iacentes.

1387 370 1473 424 DE
1513 366 1754 424 GENESI
1800 364 1889 420 AD
1923 359 2298 429 LITTERAM,
2337 363 2393 420 S.
2435 369 2798 427 AUGUSTINI

3620 343 3742 436 316.-

2151 482 2268 550 quis
2289 497 2395 537 non
2425 483 2621 552 videat,
2652 485 2694 537 si
2715 484 2987 541 attendere
3007 487 3152 555 velit,
3180 497 3233 544 et
3252 489 3390 546 diem
3413 489 3499 548 ubi
3519 494 3600 549 sol
3624 506 3723 561 est,

2150 584 2203 628 et
2233 586 2442 630 noctem
2465 576 2551 630 ubi
2574 596 2675 630 non
2707 586 2806 646 est,
2835 587 2887 632 et
2913 594 3185 650 vesperam
3216 582 3354 638 unde
3380 585 3638 655 discedit,
3672 598 3727 643 et

2151 679 2307 719 mane
2337 681 2440 735 quo
2479 667 2713 733 accedit,
2760 668 2918 723 simul
2947 669 3178 725 habere?
3206 672 3308 728 Sed
3351 690 3447 729 nos
3473 678 3629 748 plane
3673 667 3746 733 in.

2151 757 2307 811 terris
2347 757 2458 811 IlIDC
2500 761 2674 814 omnia
2713 760 2868 816 simul
2915 762 3107 818 habere
3151 781 3253 820 non
3287 783 3599 836 possumus:
3631 789 3729 832 nec

2153 849 2271 903 ideo
2300 860 2473 905 tamen
2499 853 2647 906 istam
2671 863 2935 910 terrenam
2967 858 3321 915 conditionem
3346 862 3580 934 lucisque
3608 881 3730 924 cor-

2152 955 2326 1010 porere
2357 945 2701 1013 temporalem
2750 947 3074 1020 localemque
3125 952 3504 1018 circuitumilli
3547 957 3728 1034 patria:

2153 1036 2408 1104 spirituali
2439 1054 2713 1109 coaequare
2753 1041 3041 1109 debemus,
3073 1046 3158 1107 ubi
3190 1062 3399 1120 semper
3424 1059 3507 1106 est
3531 1050 3645 1108 dies
3676 1053 3726 1108 in

2151 1129 2592 1196 contemplatione
2635 1129 3078 1189 incommutabilis
3106 1138 3365 1203 veritatis,
3400 1154 3607 1211 semper
3632 1159 3729 1199 ve-

2153 1231 2304 1285 Spera
2334 1221 2385 1271 in
2412 1221 2709 1290 cognitione
2735 1223 2786 1284 in
2818 1225 2988 1294 scipsa
3019 1235 3310 1293 creatum,
3336 1246 3546 1306 semper
3575 1250 3730 1290 mane

2154 1308 2312 1362 etiam
2343 1326 2407 1364 ex
2441 1310 2538 1366 hac
2567 1315 2866 1383 cognitione
2891 1318 2942 1372 in
2968 1318 3121 1373 laude
3150 1320 3437 1379 Creatoris.
3467 1325 3596 1394 Quia
3623 1344 3727 1382 non

2153 1399 2222 1453 ibi
2246 1401 2496 1458 abscessu
2515 1404 2646 1459 lucis
2673 1409 2990 1480 superioris,
3009 1411 3104 1470 sed
3124 1412 3389 1470 inferioris
3414 1417 3730 1488 cognitionis

2152 1491 2489 1550 distinctione
2538 1497 2596 1549 ﬁt
2637 1512 2892 1568 vespera;
2943 1517 3040 1557 nec
3091 1519 3245 1561 mane
3293 1513 3542 1576 tanquam
3586 1513 3730 1570 nocti

2155 1581 2462 1651 ignorantia}
2493 1586 2710 1641 scientia
2756 1590 3010 1646 matutina
3040 1596 3318 1661 succedat,
3346 1598 3439 1656 sed
3465 1599 3606 1668 quod
3635 1616 3729 1654 ve-

2154 1675 2442 1742 spertinam
2488 1677 2645 1732 etiam
2691 1682 3046 1751 cognitionem
3080 1685 3138 1744 in,
3173 1686 3401 1756 gloriam;
3439 1682 3731 1748 conditoris

2155 1766 2374 1821 attollat.
2404 1768 2636 1839 Denique
2659 1779 2712 1826 et
2734 1772 2842 1839 ille,
2868 1785 3030 1836 nocte,
3049 1793 3154 1836 non
3176 1780 3460 1847 nominata,
3493 1781 3729 1852 Vespere,

2155 1859 2323 1929 inquit
2342 1902 2356 1926 ,
2389 1869 2434 1912 ct
2464 1878 2626 1926 mane,
2661 1872 2708 1916 et
2734 1866 2941 1920 meridie
2965 1869 3207 1923 cnarrabo
3235 1881 3279 1926 et
3308 1851 3655 1938 annuntiuho;
3685 1886 3732 1936 et

2156 1951 2390 2006 exaudies
2416 1968 2580 2006 vocem
2601 1972 2760 2009 meum
2795 1956 2960 2028 (Peril.
2989 1975 3092 2028 Liv,
3120 1960 3205 2034 18)
3233 1981 3245 2015 :
3283 1963 3365 2018 hic
3386 1963 3611 2023 fortasse
3641 1983 3734 2036 per

2157 2051 2451 2110 temporum
2482 2046 2650 2118 vicesg
2681 2048 2771 2106 sed
2802 2059 3006 2117 tamen,
3040 2062 3290 2121 quantum
3336 2065 3462 2124 puto
3481 2098 3497 2124 ,
3528 2057 3732 2128 signiﬁ-

2157 2147 2283 2186 cans
2307 2134 2428 2203 quid
2461 2136 2576 2192 sine
2607 2146 2900 2208 temporum
2928 2143 3131 2197 vicibus
3168 2154 3410 2215 ageretur
3436 2147 3494 2208 iu,
3523 2149 3691 2218 patria
3712 2190 3730 2213 ,

2157 2224 2239 2278 cui
2272 2225 2386 2294 ejus
2413 2230 2762 2298 peregrinatio
2790 2232 3106 2300 suspirabat.

2156 2313 2383 2388 CAPUT
2426 2317 2614 2372 XXXI.
2652 2349 2722 2359 —
2763 2319 2919 2375 Initio
2964 2325 3227 2378 creationis
3269 2343 3434 2382 rerum
3485 2332 3736 2398 quomodo

2228 2424 2329 2460 non
2366 2409 2518 2464 simul
2562 2411 2686 2480 dies,
2719 2429 2921 2481 vespera
2946 2424 2989 2469 et
3034 2434 3181 2472 mane
3217 2420 3280 2476 in.
3304 2423 3538 2494 angelica
3557 2427 3736 2497 cogni-

2229 2500 2380 2554 tione.

2229 2593 2316 2648 48.
2358 2594 2462 2650 Sed
2506 2598 2756 2667 nmnquid
2804 2600 2846 2655 si
2887 2601 2994 2670 jam
3040 2619 3177 2664 nunc
3215 2605 3373 2664 simul
3413 2608 3512 2664 ista
3557 2611 3738 2666 omnia

2159 2687 2295 2757 gerit
2323 2696 2478 2757 atque
2509 2687 2666 2744 habet
2703 2692 2937 2764 angelica
2968 2695 3056 2754 illa
3082 2696 3314 2762 societas,
3332 2707 3387 2762 et
3407 2701 3581 2764 unitas
3607 2702 3740 2768 diei,

2159 2793 2314 2847 quem
2348 2779 2598 2848 primitus,
2627 2782 2864 2847 condidit
2899 2785 3068 2853 Deus,
3101 2772 3225 2844 tunc
3267 2791 3426 2846 etiam
3463 2806 3584 2847 cum
3623 2793 3742 2856 lucc

2159 2871 2515 2936 conderentur
2571 2873 2728 2932 simul
2775 2876 2890 2932 haec
2945 2877 3158 2934 habuit?
3197 2880 3382 2940 Nonne
3421 2900 3513 2954 per
3552 2901 3745 2944 omnes

2159 2976 2249 3018 sex
2279 2962 2413 3028 dies,
2455 2979 2574 3021 cum
2603 2980 2668 3022 ea
2695 2981 2812 3036 qua:
2843 2982 2938 3037 per
2967 2969 3215 3040 singulos,
3236 2972 3341 3028 Deo
3367 2975 3596 3036 condere
3618 2977 3740 3048 pla-

2161 3056 2308 3121 cuit,
2350 3054 2726 3124 conderentur,
2776 3058 2946 3128 primo
2974 3058 3089 3124 haec
3131 3063 3516 3132 accipiebat-in
3561 3065 3742 3123 Verbo

2161 3147 2278 3214 Dei,
2301 3156 2359 3202 ut
2384 3148 2435 3202 in
2457 3149 2572 3219 ejus
2593 3150 2776 3205 notitia
2800 3151 3043 3220 primitus
3065 3151 3270 3220 ﬁerent,
3298 3170 3416 3211 cum
3444 3156 3738 3224 dicebatur,

2159 3240 2228 3295 Et
2253 3242 2326 3298 sic
2351 3251 2424 3296 est
2451 3245 2638 3314 factum
2651 3260 2674 3310 ;,
2698 3229 2890 3299 deinde
2909 3259 3032 3299 cum
3055 3243 3188 3301 facta
3210 3257 3410 3314 essent,
3432 3248 3484 3302 in
3507 3263 3600 3316 sua
3623 3264 3744 3318 pro-

2159 3333 2272 3402 pria
2315 3341 2498 3388 natura
2544 3349 2644 3404 qua
2675 3343 2817 3402 sunt,
2851 3335 3064 3406 Deoque
3093 3337 3417 3406 placuissent
3453 3340 3576 3409 quia
3600 3319 3740 3395 bona

2161 3432 2318 3488 sunt,
2365 3433 2489 3482 tunc
2530 3424 2710 3482 itidem
2741 3441 2806 3488 ea
2832 3427 3184 3498 cognoscebat
3221 3428 3322 3496 alia
3349 3431 3577 3500 quadam
3602 3430 3741 3498 infe-

2159 3518 2300 3573 riore
2324 3518 2643 3588 cognitione,
2676 3534 2794 3590 quae
2814 3520 3029 3578 nomine
3050 3536 3284 3590 vespera:
3311 3520 3604 3594 signiﬁcata
3623 3533 3738 3589 est;

2159 3624 2222 3662 ac
2246 3609 2438 3678 deinde
2464 3609 2600 3665 facta
2632 3625 2851 3681 vespera
2877 3613 3033 3671 fiebat
3053 3627 3230 3678 mane,
3256 3628 3380 3680 cum
3396 3613 3462 3667 de
3483 3629 3579 3673 suo
3600 3615 3744 3674 Deus

2160 3715 2320 3770 opere
2346 3701 2668 3768 laudaretur,
2709 3711 2762 3756 et
2787 3703 3003 3760 alterius
3028 3713 3282 3766 creatura:
3322 3721 3440 3774 quae
3484 3705 3740 3776 deinceps

2161 3794 2396 3849 facienda
2423 3803 2556 3861 erat,
2589 3811 2653 3850 ex
2681 3796 2774 3851 Dei
2797 3795 2972 3850 Verbo
3000 3798 3204 3863 notitia,
3237 3798 3538 3868 priusquam
3562 3798 3736 3865 ﬁeret,

2161 3887 2519 3963 acciperetur?
2568 3886 2684 3942 Non
2727 3903 2854 3958 ergo
2886 3896 3010 3942 tunc
3040 3888 3196 3955 simul
3220 3888 3434 3953 omnia,
3465 3898 3518 3943 et
3545 3889 3660 3945 dies
3685 3898 3743 3950 et

2162 3991 2381 4046 veSpera
2411 3986 2463 4032 et
2488 3993 2672 4042 mane;
2719 3979 2812 4034 sed
2838 3979 3163 4052 singillatim,
3193 3995 3286 4050 per
3309 3980 3550 4037 ordinem
3577 3996 3737 4052 quem

2161 4067 2429 4136 Scriptura
2459 4080 2856 4124 commemorat.

2161 4158 2382 4216 CAI'UT
2421 4161 2633 4216 XXXII.
2661 4193 2731 4202 —
2758 4161 2819 4217 Si
2845 4173 2961 4222 tunc
2989 4163 3086 4218 ista
3113 4164 3280 4226 omnia
3305 4163 3456 4218 simul
3484 4163 3537 4216 in
3564 4163 3736 4236 Ange-

2231 4254 2392 4308 lorum
2423 4255 2648 4322 scientia,
2678 4256 2855 4309 saltem
2885 4272 2985 4310 non
3009 4257 3117 4310 sine
3140 4257 3359 4328 quodam
3401 4256 3578 4313 ordine
3619 4261 3737 4328 fue-

2232 4355 2369 4406 runt.

2232 4439 2322 4506 49.
2351 4440 2433 4496 An
2462 4439 2619 4496 etiam
2647 4447 2774 4510 tunc
2801 4439 2959 4508 simul
3007 4441 3181 4496 omnia
3203 4483 3216 4507 ,
3261 4442 3382 4514 quia
3409 4456 3514 4496 non
3542 4456 3737 4510 secun-

2164 4532 2288 4588 dum
2321 4541 2622 4601 temporum
2645 4548 2852 4601 moras,
2884 4534 3018 4588 sicut
3048 4534 3179 4590 ﬁunt
3212 4533 3327 4592 dies
3352 4533 3456 4597 isti.
3483 4549 3606 4604 cum
3623 4534 3737 4590 ori-

2163 4631 2248 4678 tur
2266 4632 2322 4680 et
2345 4624 2537 4680 occidit
2561 4625 2641 4680 sol
2663 4667 2678 4691 ,
2705 4633 2760 4682 et
2786 4626 2836 4679 in
2864 4626 3038 4682 locum
3067 4641 3218 4682 suum
3246 4625 3416 4692 redit,
3464 4635 3521 4694 ut
3548 4640 3737 4684 rursus

2165 4715 2396 4778 oriatur;
2430 4716 2522 4770 sed
2555 4716 2846 4774 secundum
2874 4719 3156 4786 potentiam
3189 4717 3510 4787 spiritualem
3539 4717 3740 4778 mentis

2163 4809 2436 4877 angelicae,
2469 4817 2657 4866 cuncta
2689 4825 2805 4880 quae
2839 4809 3066 4870 voluerit
3087 4810 3244 4868 simul
3276 4811 3456 4876 notitia
3487 4809 3739 4868 facillima

2165 4901 2736 4971 comprehcndentem?
2766 4903 2874 4959 Nec
2901 4903 3022 4960 ideo
3051 4912 3225 4962 tamen
3251 4905 3364 4958 sine
3389 4904 3603 4969 ordine,
3628 4919 3738 4974 quo

2163 5003 2385 5063 apparet
2425 4995 2687 5050 connexio
2714 4995 3119 5066 praecedentium
3149 4997 3584 5066 sequentiumque
3610 5011 3740 5053 cau-

2163 5102 2364 5142 sarum.
2394 5087 2574 5156 Neque
2603 5089 2747 5143 enim
2773 5089 3002 5158 cognitio
3022 5088 3134 5143 ﬁeri
3169 5098 3373 5158 potest,
3401 5090 3502 5150 nisi
3533 5105 3740 5159 cogno-

2163 5179 2358 5234 scenda
2387 5179 2712 5247 przeeedant;
2756 5195 2872 5249 qua).
2917 5181 3040 5235 item
3081 5181 3257 5250 priora
3287 5190 3408 5236 sunt
3437 5183 3490 5242 in
3522 5181 3702 5240 Verbo
3722 5226 3738 5251 ,

2166 5286 2258 5340 per
2283 5271 2422 5339 quod
2451 5270 2584 5325 facta
2612 5281 2736 5327 sunt
2778 5273 2988 5340 omnia,
3033 5289 3189 5343 quam
3231 5273 3288 5330 in
3335 5275 3399 5330 iis
3437 5289 3558 5344 qua)
3599 5274 3739 5330 iacta

2164 5373 2288 5418 sunt
2312 5365 2576 5430 omnibus.
2627 5363 2774 5418 Mens
2810 5365 2987 5435 itaque
3029 5363 3255 5420 humana
3283 5367 3430 5435 prius
3467 5365 3584 5424 lucc
3617 5383 3742 5436 quae

2164 5453 2298 5514 facta
2331 5463 2482 5522 sunt,
2514 5470 2610 5524 per
2649 5469 2836 5510 sensus
2865 5456 3102 5524 corporis
3127 5457 3417 5525 experitur,
3446 5472 3744 5528 eorumque

2167 5546 2407 5600 notitiam
2451 5561 2549 5615 pro
2591 5545 2909 5601 inﬁrmitatis
2950 5546 3193 5602 humanae
3222 5547 3437 5608 modulo
3475 5549 3615 5618 capit
3640 5565 3655 5604 :
3684 5559 3743 5604 et

2166 5639 2360 5694 deinde
2388 5639 2576 5709 quaerit
2602 5643 2783 5694 eorum
2805 5653 3023 5704 causas,
3057 5639 3100 5692 si
3132 5654 3237 5710 quo
3263 5639 3425 5695 modo
3465 5641 3633 5710 possit
3663 5640 3732 5694 ad

2166 5746 2257 5785 eas
2299 5733 2575 5800 pervenire
2631 5731 2994 5800 principaliter
3033 5739 3191 5801 atque
3235 5731 3737 5788 incommutabililer

2166 5832 2440 5878 manentes
2471 5823 2522 5877 in
2547 5821 2722 5877 Verbo
2747 5822 2863 5889 Dei,
2895 5836 2957 5876 ac
2979 5822 3056 5877 sic
3083 5822 3363 5880 invisibilia
3386 5825 3521 5896 eius,
3549 5837 3644 5896 per
3669 5838 3736 5880 ea
