4090 6450
294 405 413 462 517

295 534 421 592 quae
456 513 603 571 facta
633 520 797 579 sunt,
824 509 1090 566 intellecta
1117 507 1428 577 conspicere
1468 506 1645 579 (Rom.
1685 521 1724 571 1,
1763 503 1880 575 20).

297 609 453 680 Quod
483 616 681 680 quanta
710 604 958 661 meditate
986 618 1047 656 ac
1072 600 1380 656 difficultate
1414 608 1568 671 agat,
1600 607 1654 654 et
1692 605 1885 669 quanta

298 700 561 772 temporis
587 712 738 753 mena
782 703 997 766 propter
1022 707 1215 764 corpus
1240 692 1583 762 corruptibiie
1612 690 1753 762 quod
1790 706 1885 761 ag-

295 801 486 868 gravat
510 792 751 845 animm.
788 787 951 860 (,Sap.
972 802 1047 851 ιι,
1078 785 1209 855 l5),
1248 783 1406 839 etiam
1451 799 1575 854 quae.
1605 782 1883 839 ferventis-

298 884 869 953 simo-studioirapitun
896 889 957 937 ut
991 882 1250 936 instanter
1275 894 1338 936 ae
1362 887 1765 949 perseveranter
1787 878 1888 933 hoc

299 989 457 1051 agat,
502 978 622 1049 quis
667 974 912 1048 ignorat?
941 974 1244 1029 Mensvero
1292 973 1527 1041 angelica
1556 987 1688 1043 pura
1713 970 1889 1027 chari-

298 1084 410 1130 tate
430 1074 695 1128 inbmrens
712 1070 887 1125 Verbo
904 1069 1017 1133 Dei,
1037 1076 1383 1139 posteaquam
1402 1068 1490 1122 illo
1507 1065 1691 1121 ordine
1712 1074 1886 1119 creata

298 1179 402 1233 est,
432 1177 490 1221 ut
518 1165 839 1236 przecederet
866 1171 1083 1229 caetera,
1112 1140 1261 1233 prius
1280 1176 1340 1215 ea
1361 1160 1491 1215 vidit
1518 1161 1573 1215 in
1596 1160 1771 1216 Verbo
1792 1159 1893 1214 Dei

297 1258 566 1324 facienda,
597 1269 763 1327 qaram
776 1255 913 1310 facta
940 1263 1096 1321 sum;
1128 1269 1191 1309 ac
1216 1255 1293 1308 sic
1313 1253 1460 1323 prius
1480 1255 1669 1323 inicius
1691 1252 1889 1307 ﬁebant

296 1350 626 1418 cognitione,
656 1364 781 1404 cum
805 1348 944 1402 Deus
970 1346 1181 1402 dicebat
1204 1354 1263 1400 ut
1288 1346 1495 1409 ﬁerent,
1527 1360 1686 1415 quam
1715 1345 1767 1398 in
1791 1359 1887 1401 sua

297 1443 515 1515 propria
546 1452 740 1497 natura
761 1458 783 1495 ε
806 1456 921 1510 quae
966 1439 1157 1495 itidem
1190 1439 1325 1493 facta
1356 1439 1408 1492 in
1454 1438 1533 1494 eis
1561 1437 1690 1506 ipsis
1729 1437 1886 1491 etiam

296 1535 585 1606 cognovit,
616 1534 825 1587 minore
854 1533 1034 1602 utique
1074 1531 1291 1595 notitia,
1340 1545 1458 1600 qua:
1497 1543 1717 1599 vespera
1747 1529 1887 1583 dicta

295 1638 400 1684 est.
441 1627 612 1695 Quam
639 1625 879 1680 notitiam
922 1638 1051 1679 sane
1090 1622 1458 1694 przecedebant
1496 1636 1614 1691 quae
1656 1620 1884 1682 ﬁebant;

296 1719 426 1788 quia
450 1716 710 1788 przecedit
749 1714 1105 1785 cognitionem
1133 1713 1385 1785 quidquid
1415 1712 1663 1782 cognosci
1696 1719 1884 1781 potest.

244 1864 256 1877 ι
297 1810 421 1864 Νἰςίν
443 1810 595 1863 enim.
634 1808 779 1877 prius
810 1807 880 1861 sit
920 1805 1061 1875 quod
1090 1814 1461 1876 cognoscatur,
1504 1802 1751 1873 cognosci
1782 1818 1887 1857 non

298 1910 499 1971 potest.
534 1901 662 1955 Post
687 1899 791 1954 hoc
814 1900 858 1953 si
883 1914 948 1954 eo
974 1899 1137 1953 modo
1159 1898 1261 1952 sibi
1282 1897 1551 1968 placeret,
1580 1905 1637 1951 ut
1659 1896 1891 1966 amplius

297 1993 477 2061 seipsa
519 2006 676 2062 quam
716 1990 967 2045 Ereatore
1012 1988 1539 2053 suo'delectaretur,
1586 2003 1693 2043 non
1738 1987 1887 2043 ﬁeret

298 2100 479 2150 mane,
511 2084 562 2139 id
584 2093 668 2140 est
690 2099 797 2139 non
823 2084 895 2137 de
914 2098 1010 2138 sua
1033 2081 1335 2153 cognitione
1358 2081 1411 2135 in
1434 2080 1641 2136 laudem
1674 2079 1889 2136 Creato-

298 2180 377 2233 ris
412 2186 747 2249 assurgeret.
781 2178 915 2233 Cum
946 2192 1074 2231 vero
1102 2175 1303 2230 factum
1322 2182 1407 2230 est
1440 2189 1597 2230 mne
1620 2176 1659 2243 ¹,
1694 2174 1891 2231 facien-

302 2271 438 2325 dum
458 2280 579 2326 erat
598 2269 745 2324 aliud
769 2277 826 2324 et
859 2267 1286 2339 cognoscendum
1313 2267 1426 2322 Deo
1446 2267 1657 2322 dicente
1674 2308 1688 2332 ,
1743 2266 1890 2331 Fiat;

302 2371 365 2418 ut
395 2363 546 2434 prius
571 2363 753 2417 itidem
782 2361 933 2417 ﬁeret
967 2362 1018 2416 in
1046 2361 1345 2431 cognitione
1388 2361 1581 2416 mentis
1605 2362 1854 2431 angelicae
1872 2404 1886 2427 ,

298 2464 355 2511 et
391 2463 576 2527 posset
614 2466 807 2510 rursus
842 2452 983 2521 dici,
1016 2452 1089 2508 Et
1123 2454 1195 2507 sic
1219 2460 1291 2506 est
1334 2456 1559 2525 faction;
1596 2467 1659 2507 ac
1701 2452 1891 2507 deinde

300 2547 356 2601 in
393 2555 585 2601 natura
628 2547 872 2617 propria,
919 2546 1008 2602 ubi
1051 2546 1409 2617 subsequente
1434 2559 1665 2615 vespera
1700 2531 1890 2601 nosce-

298 2646 471 2695 rem.

376 2732 465 2787 50.
496 2731 577 2786 [te
598 2745 696 2801 per
721 2730 825 2785 hoc
848 2730 1055 2786 etiamsi
1094 2728 1237 2784 nulla
1282 2729 1369 2784 hic
1394 2744 1662 2784 morarum
1690 2738 1894 2801 tempo-

294 2825 504 2880 ralium
520 2824 629 2879 sint
650 2824 945 2891 intervalla,
964 2825 1235 2894 praecessit
1255 2832 1431 2879 tamen
1453 2822 1894 2880 ratiocondendae

299 2925 569 2972 creaturae
596 2916 653 2971 in
680 2917 861 2971 Verbo
882 2917 997 2982 Dei,
1019 2930 1139 2971 cum
1164 2914 1316 2981 dixit,
1346 2914 1468 2969 Fiat
1498 2915 1619 2978 luas;
1641 2924 1696 2970 et
1715 2926 1893 2971 secuta

300 3016 393 3063 est
420 3009 532 3079 ipsa
557 3008 644 3063 lux
675 3014 778 3079 qua
802 3008 1041 3079 angelica
1074 3023 1226 3064 mens
1257 3007 1479 3063 formata
1518 3016 1629 3074 est,
1656 3017 1813 3079 atque
1841 3010 1896 3065 in

303 3112 411 3154 sua
432 3106 631 3154 natura
666 3099 805 3155 facta
835 3109 944 3167 est,
990 3114 1093 3156 non
1122 3108 1297 3155 autem
1342 3100 1463 3154 alibi
1494 3102 1814 3171 sequebatur
1839 3111 1897 3155 ut

307 3190 468 3244 fieret
491 3207 509 3242 τ
537 3199 593 3244 et
614 3191 737 3245 ideo
761 3202 874 3245 non-
889 3190 1035 3261 prius
1060 3191 1261 3245 dictum
1285 3200 1385 3257 est,
1409 3190 1477 3244 Et
1500 3193 1571 3246 sic
1592 3203 1661 3246 est
1685 3198 1891 3265 factum,

303 3288 365 3336 el
389 3289 574 3351 postea
612 3282 833 3348 ﬁctum,
861 3282 929 3335 Et
968 3281 1092 3337 fecit
1120 3283 1265 3337 Deus
1286 3283 1491 3346 lucem;
1526 3285 1623 3337 sed
1646 3287 1896 3341 continuo

305 3384 433 3443 post
454 3373 690 3428 Verbum
728 3374 821 3428 Dei
853 3372 990 3429 facta
1036 3382 1118 3429 est
1158 3374 1284 3440 lux,
1332 3374 1660 3446 adhmsitqtie
1698 3382 1895 3434 creanti

306 3464 423 3518 luci
439 3465 532 3519 lux
558 3474 762 3533 creata,
797 3466 985 3520 videns
1004 3465 1145 3519 illam
1171 3474 1225 3520 et
1250 3480 1308 3520 se
1333 3466 1385 3519 in
1414 3466 1521 3533 illa,
1555 3468 1613 3520 id
1634 3477 1715 3522 est
1740 3471 1899 3525 ratio.

306 3569 433 3609 nem
471 3570 575 3625 qua
604 3555 738 3618 facta
778 3565 881 3611 est.
916 3556 1058 3611 Vidit
1086 3558 1243 3611 etiam
1275 3571 1334 3612 se
1370 3559 1535 3626 inse,
1571 3560 1627 3613 id
1658 3569 1773 3625 est,
1814 3563 1897 3616 di-

306 3655 491 3701 stante
516 3648 543 3680 ’
566 3647 711 3717 quod
733 3647 929 3701 factum
953 3657 1036 3703 est
1062 3649 1128 3703 ab
1156 3664 1221 3703 eo
1249 3650 1343 3720 qui
1369 3648 1510 3703 fecit.
1544 3651 1609 3704 Et
1632 3651 1749 3705 ideo
1777 3667 1897 3707 cum

307 3738 605 3807 placuisset
648 3739 761 3793 Deo
789 3738 1018 3805 factum,
1051 3740 1251 3794 videnti
1292 3742 1413 3810 quia
1445 3741 1645 3795 bonum
1690 3753 1799 3810 est,
1848 3755 1901 3800 et

306 3830 480 3885 divisa
510 3841 653 3886 esset
680 3834 771 3887 im:
797 3846 827 3886 a
857 3833 1091 3889 tenebris
1110 3876 1122 3898 ,
1155 3842 1209 3889 et
1233 3843 1415 3889 vocata
1444 3836 1530 3889 lux
1570 3838 1713 3901 dies,
1742 3848 1795 3892 et
1825 3848 1900 3895 te-

307 3922 496 3976 nebrae
525 3938 659 3989 nox;
687 3922 823 3979 facta
852 3931 935 3979 est
956 3932 1008 3978 et
1028 3939 1285 3995 veSpera:
1317 3927 1439 3997 quia
1467 3931 1764 3984 necessaria
1788 3942 1901 3987 erat

308 4024 367 4068 et
395 4015 495 4068 ista
539 4017 803 4086 cognitio,
833 4030 933 4087 qua
963 4016 1378 4087 distingueretur
1414 4034 1442 4073 a
1480 4011 1729 4076 Creatore
1753 4038 1900 4078 crea-

311 4116 429 4161 tura
452 4148 468 4173 ,
502 4107 660 4162 aliter
686 4108 739 4161 in
762 4108 931 4177 seipsa
953 4110 1159 4179 cognita
1188 4125 1344 4179 quam
1368 4113 1418 4165 in
1448 4112 1564 4177 illo;
1596 4123 1753 4184 atque
1781 4116 1900 4169 inde

307 4213 472 4255 mane
492 4199 563 4253 ad
589 4199 733 4253 aliud
758 4202 1297 4272 prmcognoscendum
1316 4246 1329 4269 ,
1364 4205 1505 4273 quod
1532 4207 1699 4260 fuerat
1727 4209 1901 4265 Verbo

309 4291 410 4346 Dei
445 4290 743 4346 faciendum
763 4335 776 4359 ,
804 4295 953 4363 prius
980 4295 1031 4348 in
1070 4295 1372 4367 cognitione
1403 4300 1596 4353 mentis
1622 4303 1898 4371 angelicae,

308 4382 510 4437 deinde
553 4384 606 4437 in
658 4392 843 4439 natura
892 4385 1056 4455 ipsius
1104 4387 1442 4443 ﬁrmamenti.
1494 4392 1560 4444 Et
1607 4392 1727 4448 ideo
1770 4395 1902 4451 dixit

310 4474 492 4542 Deus,
522 4474 645 4529 Fiat
669 4478 1078 4546 ﬁrmamentum;
1105 4488 1151 4535 et
1176 4481 1249 4534 sic
1273 4490 1349 4535 est
1374 4487 1595 4553 factum,
1630 4485 1689 4539 in
1714 4488 1899 4557 cogni«

310 4568 463 4623 tione
490 4577 747 4624 creatura:
774 4570 1081 4641 spiritualis,
1112 4572 1215 4627 hoe
1238 4576 1541 4646 priusquam
1578 4577 1727 4633 ﬁeret
1756 4581 1807 4633 in
1837 4596 1903 4635 eo

312 4659 435 4729 ipso
476 4663 877 4731 prtenoscentis.
929 4664 1126 4718 Deinde
1156 4668 1271 4736 fecit
1310 4666 1451 4719 Deus
1492 4670 1900 4739 ﬁrmamentum;

314 4749 423 4806 iam
469 4751 650 4822 utique
690 4753 859 4823 ipsam
888 4754 1203 4810 ﬁrmamenti
1237 4767 1510 4827 naturam,
1551 4762 1698 4830 cujus
1728 4764 1904 4817 minor

316 4847 467 4895 esset
510 4848 759 4911 tanquam
797 4847 1097 4913 vespertina
1129 4849 1396 4918 cognitio:
1428 4866 1489 4905 ac
1529 4853 1607 4907 sic
1633 4868 1800 4922 usque
1836 4856 1899 4909 ad

311 4932 557 4985 omnium
580 4948 798 5002 Operum
829 4934 1008 5003 ﬂnem,
1034 4945 1086 4992 et
1106 4954 1274 5008 usque
1295 4941 1359 4993 ad
1385 4944 1620 5012 requiem
1646 4945 1756 5009 Dei,
1783 4963 1899 5015 qua:

312 5036 425 5075 non
453 5022 615 5077 habet
635 5040 911 5095 vesperam
933 5069 945 5091 ,
984 5029 1105 5097 quia
1146 5046 1251 5085 non
1294 5043 1375 5086 est
1404 5033 1538 5087 facta
1583 5035 1717 5089 sicut
1747 5051 1900 5092 orca—-

266 5110 269 5113 ’
314 5122 466 5180 tura,
507 5124 566 5170 ut
595 5126 773 5189 posset
805 5120 963 5175 etiam
1003 5122 1167 5191 ipsius
1204 5126 1459 5194 geminari
1488 5130 1750 5199 cognitio,
1782 5140 1899 5187 tau-

311 5204 481 5281 quam
504 5209 649 5278 prior
675 5218 728 5265 et
754 5211 921 5281 major
951 5213 1000 5266 in
1029 5212 1204 5271 Verbo
1226 5217 1315 5272 Dei
1340 5219 1475 5272 sicut
1500 5220 1551 5273 in
1582 5221 1685 5287 die,
1718 5233 1772 5278 et
1800 5240 1899 5293 po-

308 5300 514 5354 sterior
533 5316 595 5355 ac
620 5303 793 5356 minor
818 5304 872 5357 in
900 5306 1071 5374 scipsa
1102 5308 1237 5362 sicut
1262 5309 1312 5363 in
1337 5325 1577 5381 vespera.

305 5392 546 5451 CAPUT
583 5394 820 5453 XXXIII.
848 5427 920 5437 —
944 5397 1024 5452 Αη
1051 5401 1204 5455 simul
1223 5404 1409 5471 omnia,
1439 5422 1506 5459 an
1533 5424 1621 5477 per
1640 5408 1899 5466 intervalla

782 5490 975 5545 dierum
1003 5494 1205 5547 condita
1234 5495 1437 5564 fuerint.

385 5578 477 5633 51.
507 5576 612 5635 Sed
638 5581 682 5635 si
712 5583 885 5637 omnia
917 5599 1070 5640 mens
1097 5587 1252 5641 simul
1280 5590 1512 5659 angelica
1544 5599 1751 5660 potest,
1782 5610 1898 5665 quae

307 5670 622 5741 singillatim
652 5687 748 5743 per
766 5675 1006 5730 ordinem
1032 5692 1392 5735 connexarum
1415 5697 1691 5739 causarum
1722 5702 1898 5744 sermo

377 5805 397 5876 ξ
419 5805 586 5876 abest,
602 5820 768 5876 .mane,
791 5821 821 5860 a
840 5810 1091 5876 plerisque
1116 5820 1167 5865 et
1185 5814 1401 5867 melioris
1420 5823 1547 5868 nota:
1564 5804 1671 5869 Mss.

374 5867 397 5900 ³
418 5868 705 5921 Sabellicus
723 5867 1051 5935 m.,'er&.

1649 389 1855 449 LIBER
1887 386 2235 459 QUARTUS.

3466 400 3571 458 518

1992 500 2301 575 distinguit;
2329 505 2584 578 numquid
2612 506 2768 562 etiam
2809 521 2926 578 quae
2957 507 3152 563 ﬁebant
3169 549 3193 575 ,ρ
3220 510 3367 566 velut
3390 511 3563 581 ipsum

1993 594 2407 665 ﬁrmamentum,
2428 598 2574 653 velut
2599 612 2851 668 aquarum
2871 599 3231 670 congregatio,
3254 603 3565 673 speciesque

1994 697 2253 744 terrarum
2287 691 2511 757 nudata,
2553 692 2696 747 velut
2734 691 2978 747 fruticum
3020 704 3071 748 et
3100 694 3347 750 arborum
3376 698 3568 767 germi-

1992 782 2157 848 natio,
2198 781 2535 838 luminarium
2565 792 2619 839 et
2647 784 2878 840 siderum
2908 784 3282 852 conformatio,
3312 788 3560 858 aquatilia

1992 877 2367 947 terrestrisque
2407 878 2691 933 animantia
2722 878 2878 934 simul
2908 880 3082 934 omnia
3114 879 3247 933 facta
3280 882 3438 935 sunt?
3466 896 3565 937 an-

1991 984 2105 1025 non
2130 970 2303 1039 potius
2328 985 2423 1039 per
2448 970 2721 1025 intervalla
2753 982 3048 1039 temporum
3071 970 3358 1026 secundum
3384 972 3565 1043 prreﬁ-

1992 1063 2132 1117 nitos
2179 1061 2329 1116 dies?
2359 1063 2437 1116 An
2482 1061 2618 1117 forte
2658 1077 2762 1116 non
2802 1062 2939 1117 sicut
2967 1077 3027 1117 ea
3058 1064 3345 1118 secundum
3392 1072 3565 1119 motus

1992 1169 2173 1211 eorum
2203 1153 2469 1208 naturales
2498 1168 2636 1209 nunc
2662 1156 2983 1224 experimur,
3014 1156 3084 1208 ita
3123 1155 3279 1209 etiam
3309 1172 3427 1209 cum
3462 1157 3543 1226 pri

1992 1248 2153 1302 mitus
2180 1247 2413 1301 instituta
2440 1255 2563 1302 sunt
2586 1248 2816 1317 cogitare
2839 1248 3122 1313 debemus;
3152 1248 3242 1303 scd
3273 1248 3564 1305 secundum

1994 1339 2289 1394 mirabilem
2319 1348 2476 1408 atque
2507 1337 2825 1394 ineffabilem
2862 1341 3107 1394 virtutem
3136 1340 3417 1409 Sapientia:
3446 1341 3535 1394 Dei
3554 1383 3567 1405 ,

1993 1448 2108 1501 qua:
2130 1431 2336 1500 attingit
2361 1446 2391 1484 a
2423 1432 2526 1485 ﬁne
2550 1446 2718 1501 usque
2742 1432 2807 1485 ad
2831 1434 2983 1487 ﬁnem
3012 1432 3236 1499 fortiter,
3260 1442 3313 1487 et
3340 1432 3571 1502 disponit

1993 1525 2169 1579 omnia
2192 1524 2423 1579 suaviter
2441 1524 2590 1593 (Sap.
2617 1539 2729 1589 Vill,
2764 1524 2849 1593 i)?
2880 1523 3057 1593 Neque
3078 1525 3215 1577 enim
3244 1532 3297 1579 et
3322 1526 3432 1594 ipsa
3454 1540 3570 1594 gra-

1994 1614 2149 1670 dibus
2177 1617 2404 1687 attingit,
2439 1626 2523 1670 aut
2555 1626 2799 1687 tanquam
2826 1616 3096 1687 gressibus
3134 1617 3392 1685 pervenit.
3425 1617 3568 1684 Qua—

1992 1720 2211 1779 propter
2234 1724 2390 1779 quam
2420 1708 2583 1762 facilis
2609 1708 2656 1762 ei
2684 1708 3081 1762 efﬁcacissimus
3105 1717 3278 1762 motus
3300 1719 3380 1763 est
3399 1749 3415 1775 ,
3464 1716 3567 1761 tam

1993 1801 2151 1859 facile.
2174 1802 2315 1856 Deus
2341 1801 2575 1855 condidit
2612 1801 2823 1865 omnia;
2868 1800 3114 1870 quoniam
3145 1816 3239 1869 per
3274 1800 3414 1855 illam
3448 1809 3571 1856 sunt

1994 1892 2237 1948 condita:
2267 1900 2324 1946 ut
2354 1892 2456 1948 hoc
2481 1893 2627 1962 quod.
2646 1908 2787 1949 nunc,
2812 1892 3052 1947 videmus
3079 1891 3455 1961 temporalibus
3487 1892 3573 1945 in-

1996 1983 2227 2037 tervallis
2252 1998 2313 2038 ea
2348 1983 2548 2037 moveri
2578 1983 2645 2036 ad
2674 1981 2967 2054 peragenda
2999 1998 3117 2052 quae
3143 1998 3237 2035 suo
3265 1982 3452 2052 cuique
3476 1996 3570 2051 ge-

1994 2076 2109 2133 neri
2132 2083 2460 2145 competunt,
2490 2092 2554 2131 ex
2580 2076 2682 2131 illis
2704 2077 2874 2132 insitis
2894 2076 3187 2133 rationibus
3212 2076 3409 2143 veniat,
3440 2090 3568 2145 quas

1995 2180 2240 2241 tanquam
2277 2170 2606 2226 seminaliter
2647 2168 2841 2240 sparsit
2880 2170 3022 2224 Deus
3066 2169 3120 2222 in
3146 2170 3249 2223 ictu
3279 2168 3571 2233 condendi,

1994 2279 2114 2318 cum
2159 2263 2317 2330 dixit,
2360 2272 2406 2317 et
2453 2263 2589 2333 facta
2634 2270 2785 2326 sunt;
2832 2261 3117 2330 ntandavit,
3167 2270 3212 2317 et
3252 2270 3418 2315 creata
3463 2268 3576 2315 sunt

1995 2354 2169 2429 (Paul.
2190 2370 2361 2420 χχχιι,
2392 2352 2471 2425 9).
3062 2357 3079 2369 '

2067 2449 2154 2503 52.
2184 2449 2298 2503 Non
2331 2449 2507 2519 itaque
2528 2447 2677 2503 tarde
2703 2448 2999 2502 institutum
3022 2455 3123 2512 est,
3150 2455 3209 2501 ut
3226 2455 3408 2503 essent
3429 2447 3575 2503 tarda

1995 2555 2115 2611 qua:
2154 2540 2301 2595 tarda
2329 2548 2484 2606 sunt;
2528 2555 2627 2595 nec
2655 2554 2717 2595 ea
2754 2554 2903 2595 mora
2933 2540 3144 2597 condita
3184 2532 3308 2594 sunt
3345 2540 3574 2606 saecula,

1996 2651 2099 2705 qua
2132 2643 2521 2691 transcurrunt.
2550 2634 2663 2691 llos
2684 2634 2826 2689 enim
2872 2648 3122 2688 numeros
3158 2640 3393 2703 tempora
3423 2646 3579 2702 pera-

1997 2736 2149 2797 gunt,
2176 2742 2310 2797 quos
2336 2742 2460 2782 cum
2491 2735 2817 2791 crearentur,
2850 2741 2954 2780 non
2976 2724 3339 2793 temporaliter
3357 2738 3578 2793 accepe-

1998 2826 2145 2874 runt.
2174 2819 2421 2889 Alioquin
2453 2819 2497 2873 si
2523 2833 2704 2877 rerum
2732 2816 3001 2875 naturales
3026 2815 3308 2881 motiones,
3338 2813 3579 2871 dierum-

1998 2927 2101 2981 que
2128 2911 2372 2976 istorum,
2407 2926 2541 2980 quos
2563 2909 2827 2974 novimus,
2860 2908 3047 2963 usitata
3076 2907 3281 2977 spatia,
3304 2921 3423 2965 cum
3465 2904 3579 2959 haec

2002 3003 2248 3073 primitus
2279 3001 2455 3056 Verbo
2496 3000 2590 3057 Dei
2631 2998 2767 3055 facta
2793 3006 2917 3053 sunt
2936 3041 2951 3065 ,
2996 2997 3318 3069 cogitemus;
3347 3010 3451 3051 non
3476 3009 3582 3051 uno

2000 3092 2087 3148 die
2121 3108 2253 3161 opus
2281 3101 2414 3159 erat,
2442 3091 2537 3147 sed
2566 3090 2824 3161 pluribus,
2852 3097 2912 3144 ut
2932 3105 2992 3149 ea
3022 3105 3139 3158 qua:
3163 3088 3432 3147 radicibus
3463 3089 3581 3161 pul-

2001 3188 2191 3252 lulant,
2220 3196 2520 3256 terramque
2545 3185 2809 3250 vestiunt,
2843 3184 3024 3238 subter
3049 3182 3289 3254 primitus
3316 3181 3585 3251 germina-

2002 3288 2154 3343 rent;
2186 3278 2378 3333 deinde
2403 3285 2552 3333 certo
2581 3291 2803 3330 numero
2841 3275 3047 3329 dierum
3090 3290 3184 3343 pro
3222 3288 3320 3327 suo
3360 3287 3583 3343 quaeque

2001 3370 2271 3442 generein
2309 3384 2467 3423 auras
2490 3375 2863 3438 erumperent,
2899 3368 3056 3422 etiam
3092 3366 3137 3420 si
3172 3365 3464 3434 hocusque
3493 3365 3587 3419 ﬁc-

2001 3470 2113 3527 ret,
2146 3461 2287 3532 quod
2328 3461 2396 3516 de
2432 3470 2607 3516 creata
2646 3468 2832 3513 natura
2880 3474 3065 3515 eorum
3094 3458 3187 3515 die.
3226 3472 3361 3523 uno,
3406 3456 3460 3511 id
3505 3465 3588 3511 est

2002 3556 2179 3621 tertio,
2209 3553 2405 3609 factum
2429 3552 2701 3623 Scriptura
2736 3551 2986 3605 narravit.
3016 3549 3217 3604 Deinde
3244 3557 3372 3618 quot
3400 3548 3585 3603 diebus

2003 3662 2136 3717 opus
2158 3654 2307 3712 erat,
2339 3652 2398 3699 ut
2418 3659 2546 3699 aves
2575 3643 2843 3709 volarent,
2875 3642 2920 3697 si
2956 3656 2987 3695 a
3012 3642 3122 3697 suis
3146 3640 3449 3711 primordiis
3473 3642 3589 3697 exi-

2003 3742 2222 3801 stentes,
2255 3737 2319 3791 ad
2342 3737 2547 3806 plumas
2569 3743 2622 3789 et
2644 3750 2847 3806 pennas
2866 3749 2962 3804 per
2980 3744 3183 3788 naturae
3203 3748 3311 3787 sum
3334 3748 3586 3791 numeros

2004 3830 2397 3901 pervenerunt?
2428 3830 2507 3883 An
2531 3826 2665 3883 forte
2692 3842 2790 3883 ova
2822 3835 3023 3882 tantum
3050 3834 3225 3882 creata
3257 3834 3428 3893 erant,
3459 3841 3581 3881 cum

2004 3926 2189 3995 quirino
2213 3923 2301 3978 die
2327 3922 2523 3977 dictum
2561 3929 2643 3977 est
2666 3921 2805 3991 quod
2833 3920 3087 3991 cjecerint
3120 3936 3270 3991 aquae
3296 3934 3456 3976 omne
3487 3934 3582 3979 v0-

2005 4015 2153 4072 latile
2175 4024 2460 4085 pennatum
2499 4014 2787 4071 secundum
2817 4029 2970 4069 suum
3010 4015 3207 4084 genus?
3237 4013 3342 4069 Aut
3375 4014 3417 4067 si
3460 4028 3585 4083 pro-

2005 4116 2185 4177 pterea
2211 4115 2355 4162 recte
2380 4106 2481 4162 hoc
2508 4106 2609 4160 dici
2644 4107 2832 4173 potuit,
2864 4105 2983 4175 quia
3010 4105 3063 4159 in
3090 4104 3182 4163 illo
3210 4103 3435 4160 humore
3456 4119 3587 4161 ovo-

2008 4214 2125 4255 rum
2143 4199 2250 4268 jam
2274 4211 2427 4252 erant
2452 4199 2647 4263 euinia,
2668 4212 2785 4266 qure
2808 4210 2902 4265 per
2922 4210 3170 4252 numeros
3186 4204 3361 4253 certos
3379 4196 3583 4252 dierum

2006 4291 2331 4354 coalescunt,
2362 4298 2415 4344 et
2434 4290 2764 4359 explicantur
2787 4287 3196 4357 quodammodo,
3229 4287 3349 4355 quia
3379 4285 3589 4345 inerant

2002 4377 2285 4455 jam‘ipsa:
2311 4397 2609 4439 numerosre
2635 4382 2869 4437 rationes
2894 4380 3295 4449 incorporaliter
3318 4381 3586 4448 corporeis

2006 4478 2165 4534 rebus
2193 4478 2436 4542 intextas;
2468 4491 2563 4531 cur
2588 4491 2690 4531 non
2720 4482 2775 4530 et
2799 4484 2918 4529 ante
2940 4489 3035 4533 ova
3060 4473 3287 4542 ldipsum
3314 4481 3457 4528 recte
3482 4473 3591 4529 dici

2006 4570 2269 4640 potuerit,
2312 4583 2430 4623 cum
2458 4568 2566 4637 jam
2596 4566 2799 4623 eaedem
2829 4566 3060 4622 rationes
3092 4566 3143 4619 in
3186 4566 3454 4622 elemento
3482 4565 3585 4621 hu-

2006 4662 2151 4716 mido
2179 4661 2366 4716 ﬁerent
2387 4702 2401 4725 ,
2430 4659 2621 4730 quibus
2645 4659 2797 4715 alites
2826 4673 2920 4729 per
2951 4657 3271 4727 temporales
3296 4659 3374 4713 sui
3406 4659 3587 4729 cujus-

2006 4768 2117 4823 que-
2152 4752 2364 4822 generis
2399 4766 2579 4807 moras
2616 4751 2742 4806 oriri
2782 4760 2835 4805 et
2865 4750 3045 4820 perﬁci
3085 4752 3338 4821 possent?
3384 4751 3458 4806 De
3484 4767 3590 4822 quo

2007 4848 2149 4902 enim
2182 4848 2433 4901 Creatore
2458 4844 2728 4914 Scriptura
2767 4845 2865 4898 ista
2896 4844 3156 4908 narravit,
3187 4844 3326 4914 quod
3353 4859 3447 4901 sex
3471 4844 3587 4899 die-

2006 4940 2105 4993 bus
2131 4938 2577 4992 consummaverit
2599 4936 2773 4991 omnia
2800 4951 2960 5005 opera
2982 4950 3100 5003 sua,
3123 4936 3189 4991 de
3215 4937 3306 4990 illo
3331 4936 3456 4991 alibi
3479 4951 3583 4989 non

2006 5033 2186 5101 utique
2205 5032 2544 5087 dissonanter
2560 5032 2810 5102 scriptum
2833 5039 2933 5095 est,
2962 5032 3102 5101 quod
3130 5030 3390 5085 creaverit
3408 5029 3585 5081 omnia

2007 5125 2165 5178 simul
2206 5124 2387 5197 (Ecrti.
2420 5140 2578 5190 xvm,
2614 5122 2690 5196 τ).
2735 5125 2810 5179 Ae
2836 5139 2933 5193 per
2962 5123 3061 5178 hoc
3099 5133 3153 5177 et
3176 5124 3305 5178 istos
3341 5122 3453 5175 dies
3494 5136 3587 5175 sex

2006 5216 2091 5270 vel
2132 5226 2333 5286 septem
2351 5258 2366 5282 ,
2400 5217 2487 5271 vel
2513 5218 2686 5287 potius
2712 5233 2875 5270 unum
2905 5217 3081 5271 sexies
3104 5217 3362 5285 septiesve
3385 5214 3585 5284 repeti-

2007 5316 2116 5362 tum
2140 5310 2293 5363 simul
2318 5310 2462 5377 fecit,
2486 5310 2573 5379 qui
2602 5309 2725 5363 fecit
2744 5310 2921 5363 omnia
2949 5309 3122 5363 simul.
3151 5307 3287 5375 Quid
3307 5321 3435 5377 ergo
3455 5322 3589 5376 opus

2006 5411 2119 5456 erat
2143 5416 2235 5455 sex
2267 5402 2379 5456 dies
2403 5411 2509 5454 tam
2529 5401 2778 5459 distincte
2805 5400 3429 5471 dispositequenarrari?
3455 5399 3588 5467 Quia

2008 5496 2214 5552 scilicet
2241 5497 2274 5549 ii
2303 5497 2391 5565 qui
2432 5510 2541 5549 non
2582 5505 2803 5565 possunt
2829 5496 3009 5550 videre
3034 5493 3185 5564 quod
3227 5493 3425 5548 dictum
3471 5502 3587 5561 est,

2005 5586 2203 5644 Creavit
2231 5590 2400 5642 omnia
2429 5588 2600 5657 simul,
2632 5589 2731 5643 nisi
2758 5604 2878 5643 cum
2905 5589 2983 5642 eis
3010 5601 3187 5642 sermo
3211 5587 3412 5642 tardius
3440 5588 3587 5643 ince-

2005 5681 2128 5748 dat;
2157 5681 2222 5737 ad
2254 5681 2305 5737 id
2332 5698 2435 5753 quo
2464 5697 2559 5739 eos
2586 5682 2751 5749 ducit,
2785 5680 3059 5751 pervenire
3088 5694 3192 5735 non
3221 5687 3461 5751 possunt.
