4090 6472
491 523 719 584 CAPUT
756 525 994 584 XXXIV.
1025 555 1097 569 —-
1127 525 1312 581 Omnia
1348 533 1392 579 et
1422 523 1576 578 simul
1603 529 1772 596 facta,
1808 533 1854 578 et
1883 523 2069 577 nihilo-

937 617 1104 672 minus
1128 634 1216 688 per
1237 633 1326 672 sex
1354 616 1460 670 dies
1481 619 1637 686 facta.

563 709 651 764 55.
685 707 963 776 Quomodo
1005 723 1131 779 ergo
1159 708 1382 763 dicimus
1413 706 1588 762 sexies
1625 706 1905 777 repetitam
1938 705 2072 761 lucis

491 800 634 855 illius
673 800 1010 871 praesentiam
1047 815 1142 870 per
1183 799 1474 870 angelicam
1517 787 1872 869 cognitionem
1905 814 1936 854 a
1977 812 2073 854 ve-

489 908 644 962 spera
673 892 738 948 ad
765 908 949 959 mane;
980 907 1099 947 cum
1145 893 1256 962 ipsa
1297 892 1397 946 tria
1425 891 1613 958 simul,
1645 891 1695 945 id
1723 899 1805 946 est
1842 900 1898 945 et
1927 889 2068 945 diem

488 995 542 1040 et
560 1001 837 1056 vesperam
863 995 919 1043 et
937 1001 1110 1052 mane,
1141 985 1307 1040 semel
1327 985 1376 1040 ei
1397 985 1594 1040 habere
1618 983 1884 1039 suffecerit
1907 1001 1921 1038 :
1947 998 2070 1038 cum

488 1078 649 1134 simul
678 1079 978 1134 universam
1006 1086 1329 1142 creaturam,
1360 1077 1497 1131 sicut
1525 1076 1680 1130 simul
1712 1078 1846 1130 facta
1875 1084 1986 1142 est,
2015 1083 2071 1131 et

487 1171 540 1225 in
587 1171 770 1241 primis
822 1179 980 1239 atque
1030 1161 1547 1225 incommutabi'libus
1596 1168 1923 1234 rationibus,
1974 1182 2070 1238 per

487 1279 622 1333 quas
651 1263 858 1318 condita
888 1269 990 1330 est,
1019 1261 1475 1329 contemplaretur
1504 1269 1719 1331 propter
1746 1259 1908 1326 diem,
1935 1269 1990 1316 et
2014 1260 2068 1314 in

489 1357 606 1424 ejus
633 1356 796 1424 ipsius
830 1362 1015 1408 natura
1047 1363 1394 1424 cognosceret
1435 1363 1650 1424 pr0pter
1674 1367 1948 1422 vesperam
1967 1394 1982 1416 ,
2013 1361 2070 1408 et

489 1447 794 1500 Creatorem
820 1461 885 1500 ex
914 1446 1026 1516 ipsa
1052 1446 1210 1500 etiam
1250 1445 1498 1501 inferiore
1527 1445 1827 1514 cognitione
1851 1453 2069 1516 propter

487 1551 643 1590 mane
683 1535 957 1591 laudaret?
986 1537 1092 1590 Aut
1135 1536 1403 1606 quomodo
1435 1535 1770 1608 praecedebat
1793 1550 1978 1600 mane,
2010 1542 2070 1590 ut

485 1626 536 1680 iu
567 1626 742 1681 Verbo
770 1637 1116 1697 cognosceret
1148 1627 1276 1698 quid
1317 1635 1460 1682 esset
1502 1627 1612 1681 Deo
1642 1635 1820 1696 postea
1864 1625 2064 1681 facien—

483 1718 632 1780 dum,
665 1717 890 1788 idipsum
918 1719 1074 1773 etiam
1101 1727 1489 1788 consequenter
1513 1731 1734 1786 vespere
1759 1716 2062 1787 cognitura,

483 1809 528 1863 si
552 1808 696 1878 prius
715 1817 770 1863 et
795 1809 1058 1878 posterius
1079 1809 1209 1864 nihil
1232 1810 1424 1863 factum
1447 1820 1549 1875 est,
1570 1808 1689 1878 quia
1710 1807 1868 1861 simul
1887 1807 2064 1881 omnia

479 1895 616 1953 facta
642 1899 796 1953 sunt?
821 1897 932 1953 lmo
956 1914 1085 1954 vero
1113 1908 1166 1954 et
1198 1900 1345 1970 prius
1370 1910 1530 1969 atque
1556 1898 1818 1968 posterius
1849 1913 1944 1968 per
1969 1913 2064 1953 sex

483 1985 601 2043 dies
642 2003 760 2058 qua:
798 1999 1212 2045 commemorata
1255 1998 1379 2044 sunt
1421 1989 1556 2043 facta
1603 1995 1757 2055 sunt,
1803 1997 1858 2043 et
1907 1988 2064 2043 simul

483 2081 664 2136 omnia
697 2080 833 2137 facta
863 2090 1025 2136 sunt:
1067 2082 1190 2152 quia
1216 2090 1270 2138 et
1307 2084 1421 2137 hazc
1461 2081 1765 2151 Scriptura,
1805 2096 1922 2150 qua:
1969 2095 2065 2150 per

482 2167 805 2229 memoratos
843 2174 959 2228 dies
987 2183 1168 2230 narrat
1202 2190 1360 2245 opera
1391 2175 1517 2242 Dei,
1565 2157 1618 2229 εἰ
1646 2174 1731 2228 illa
1763 2189 1878 2243 qua:
1906 2172 2063 2228 simul

481 2279 604 2320 eum
657 2266 784 2320 dicit
834 2264 1027 2321 fecisse
1074 2269 1290 2332 omnia,
1337 2280 1498 2321 verax
1546 2273 1660 2330 est;
1725 2273 1779 2319 et
1839 2273 2062 2335 utraque

480 2371 587 2411 una
613 2365 716 2424 est,
745 2355 867 2428 quia
893 2373 998 2413 uno
1021 2356 1224 2428 Spiritu
1249 2358 1483 2415 veritatis
1509 2357 1798 2428 inspirante
1823 2358 2060 2414 conscri-

478 2459 568 2520 pta
593 2459 694 2507 est.

547 2542 636 2596 54.
665 2541 772 2597 Sed
804 2542 858 2597 in
889 2541 971 2598 his
1004 2543 1194 2608 rebus,
1239 2542 1293 2596 in
1323 2541 1515 2611 quibus
1543 2539 1670 2610 quid
1708 2540 1853 2610 prius
1878 2540 1948 2596 sit
1977 2541 2061 2596 vel

480 2635 775 2705 posterius,
826 2633 1102 2690 intervalla
1156 2643 1454 2703 temporum
1505 2647 1612 2687 non
1655 2631 2057 2700 demonstrant,

475 2727 720 2799 quamvis
748 2735 1031 2796 utrumque
1055 2726 1158 2781 dici
1188 2725 1387 2796 possit,
1430 2724 1480 2780 id
1509 2732 1594 2780 est
1616 2725 1802 2792 simul,
1829 2734 1883 2780 et
1913 2726 2061 2796 prius

477 2826 534 2874 et
557 2817 854 2888 posterius,
899 2817 1108 2872 facilius
1139 2829 1313 2872 tamen
1357 2816 1666 2886 intelligitur
1699 2817 1840 2888 quod
1869 2817 2062 2872 dicitur

479 2909 670 2976 simul,
711 2924 870 2980 quam
899 2909 1039 2980 quod
1066 2909 1212 2979 prius
1255 2917 1411 2978 atque
1437 2910 1702 2978 posterius
1726 2927 1740 2963 :
1769 2909 1915 2965 velut
1937 2926 2060 2965 cum

478 3002 646 3056 solem
677 3001 945 3058 intuemur
972 3003 1250 3077 orientem,
1282 3010 1427 3056 certe
1453 3001 1788 3057 manifestum
1819 3003 2060 3072 estquod

479 3091 548 3146 ad
571 3108 690 3147 eum
712 3094 852 3148 acies
878 3101 1056 3148 nostra
1083 3093 1360 3163 pervenire
1388 3109 1496 3148 non
1527 3104 1724 3164 posset,
1760 3093 1860 3148 nisi
1886 3105 2058 3150 trans-

479 3184 582 3240 iret
633 3193 800 3240 totum
830 3187 969 3241 aeris
996 3186 1222 3256 coelique
1248 3187 1472 3256 Spatium
1492 3228 1506 3254 ,
1534 3186 1675 3256 quod
1711 3187 1848 3242 inter
1886 3203 1984 3243 nos
2009 3197 2063 3244 et

479 3280 650 3347 ipsum
685 3287 798 3343 est;
829 3278 932 3334 hoc
957 3289 1131 3334 autem
1159 3279 1313 3348 cujus
1357 3279 1754 3349 longinquitatis
1796 3281 1894 3348 sit,
1944 3282 2063 3351 quis

479 3373 745 3428 aestimare
765 3371 1024 3428 sufficiat?
1047 3372 1157 3427 Nec
1184 3374 1364 3443 utique
1392 3374 1693 3442 perveniret
1711 3373 1897 3428 eadem
1920 3375 2062 3429 acies

478 3462 563 3517 vel
590 3461 768 3517 radius
796 3463 1072 3518 oculorum
1113 3471 1416 3518 nostrorum
1459 3463 1526 3518 ad
1563 3464 1942 3518 transeundum
1967 3479 2061 3519 ae-

479 3568 593 3608 rem
623 3553 710 3624 qui
741 3563 824 3608 est
851 3568 1013 3623 super
1036 3569 1202 3618 mare,
1233 3554 1334 3608 nisi
1358 3555 1502 3624 prius
1527 3555 1806 3610 transisset
1829 3570 1948 3610 eum
1971 3556 2062 3626 qui

480 3651 565 3699 est
599 3659 760 3714 super
788 3653 1017 3711 terram,
1063 3645 1114 3698 in
1144 3645 1376 3715 qualibet
1419 3645 1805 3702 mediterranea
1843 3647 2062 3718 regione

481 3731 682 3797 simus,
709 3734 777 3788 ab
814 3749 878 3788 eo
904 3733 1022 3789 loco
1050 3734 1140 3788 ubi
1178 3749 1361 3789 sumus
1386 3749 1554 3802 usque
1591 3735 1656 3790 ad
1687 3735 1836 3792 littus
1877 3737 2057 3793 maris.

487 3824 687 3880 Deinde
714 3825 758 3879 si
788 3825 853 3880 ad
884 3826 1123 3882 eamdem
1158 3828 1352 3882 lineam
1384 3830 1651 3883 contuitus
1685 3830 1851 3884 nostri
1889 3830 2063 3888 adhuc

481 3923 602 3986 post
644 3929 792 3970 mare
830 3924 986 3971 terra;
1025 3915 1297 3986 adjacent,
1345 3933 1468 3972 eum
1504 3933 1714 3989 quoque
1751 3934 1928 3975 aerem
1971 3921 2062 3991 qui

481 4021 642 4077 super
685 4007 802 4063 illas
851 4010 1230 4065 transmarinas
1274 4018 1444 4065 terras
1486 4019 1599 4078 est,
1651 4013 1878 4069 transire
1913 4015 2064 4070 acies

482 4109 663 4156 nostra
691 4117 798 4156 non
830 4110 1035 4172 potest,
1081 4103 1184 4158 nisi
1214 4105 1360 4172 prius
1393 4113 1609 4174 peracto
1633 4106 1802 4175 spatio
1831 4107 1970 4162 aeris
1995 4108 2061 4162 il-

481 4190 589 4247 lius
615 4193 703 4261 qui
733 4207 893 4263 super
925 4209 1070 4248 mare
1105 4194 1246 4263 quod
1284 4196 1428 4264 prius
1453 4195 1704 4264 occurrit,
1735 4198 2058 4254 extenditur.

485 4279 765 4337 Faciamus
788 4282 896 4352 jam
935 4293 1052 4353 post
1090 4283 1206 4339 illas
1249 4287 1629 4341 transmarinas
1659 4295 1827 4342 terras
1850 4290 2062 4344 nonnisi

482 4371 754 4429 Oceanum
801 4389 1106 4440 remanere;
1156 4377 1406 4446 numquid
1451 4385 1505 4432 et
1549 4394 1726 4434 aerem
1771 4381 1858 4450 qui
1904 4397 2063 4451 super

484 4460 754 4518 Oceanum
804 4463 1135 4534 diﬂ‘unditur,
1183 4476 1358 4537 potest
1396 4469 1626 4524 transire
1664 4468 1807 4525 acies
1850 4479 2060 4542 nostra,

487 4553 586 4608 nisi
618 4554 764 4622 prius
793 4555 1060 4612 transierit
1081 4556 1335 4628 quidquid
1360 4559 1500 4614 aeris
1521 4560 1651 4614 citra
1677 4560 1942 4618 Oceanum
1965 4578 2062 4618 su-

486 4657 582 4712 pra
607 4651 802 4698 terram
823 4645 938 4699 est?
965 4645 1160 4702 Oceani
1199 4658 1370 4703 autem
1401 4651 1706 4721 magnitudo
1731 4652 2062 4722 incompara-

489 4732 610 4788 bilis
634 4733 972 4804 perhibetur;
1003 4737 1098 4792 sed
1126 4750 1546 4812 quantacumque
1570 4743 1658 4810 sit,
1693 4745 1834 4813 prius
1854 4753 2065 4815 oportet

487 4837 666 4879 aerem
695 4825 785 4896 qui
823 4840 982 4897 supra
1009 4837 1118 4893 est,
1149 4837 1412 4886 transeant
1444 4833 1575 4887 radii
1605 4845 1906 4889 nostrorum
1935 4851 2064 4891 ocu-

487 4917 693 4984 lorum;
721 4925 776 4973 et
807 4928 992 4989 postea
1017 4921 1270 4993 quidquid
1306 4924 1441 4980 ultra
1468 4933 1578 4991 est;
1609 4934 1718 4981 tum
1755 4927 1970 4983 demum
1994 4928 2061 4984 ad

487 5009 653 5064 solem
680 5011 1009 5081 perveniant,
1033 5028 1191 5083 quem
1218 5013 1475 5070 videmus.
1498 5015 1635 5072 Num
1659 5017 1818 5088 igitur
1839 5019 1961 5090 quia
1989 5029 2064 5075 to-

489 5101 588 5155 ties
627 5099 712 5156 hic
735 5101 998 5172 diximus,
1027 5105 1207 5173 Prius,
1236 5114 1291 5161 et
1330 5115 1545 5177 postea,
1592 5107 1712 5164 ideo
1756 5125 1859 5164 non
1903 5111 2062 5167 simul

488 5193 666 5248 omnia
686 5210 794 5250 uno
816 5195 920 5250 ictu
944 5197 1132 5252 transit
1151 5208 1330 5253 noster
1351 5182 1604 5254 obtutus?
1628 5198 1682 5254 Si
1708 5200 1849 5255 enim
1870 5199 2064 5258 clausis

486 5285 655 5339 oculis
699 5285 883 5342 faciem
923 5297 1104 5344 contra
1135 5288 1299 5345 visuri
1339 5290 1506 5346 solem
1549 5305 1844 5361 ponamus,
1890 5308 2064 5349 nonne

489 5389 614 5430 mox
649 5384 708 5432 ut
734 5393 827 5434 eos
855 5381 1254 5450 aperuerimus,
1295 5379 1365 5435 ibi
1411 5382 1584 5452 potius
1613 5383 1782 5438 aciem
1826 5393 2064 5441 nostram

487 5478 588 5524 llos
609 5466 902 5539 invenisse,
927 5485 1086 5542 quam
1111 5471 1235 5527 illuc
1251 5486 1368 5529 eam
1391 5474 1702 5544 perduxisse
1724 5475 2060 5546 putabimus;

1402 410 1492 466 DE
1529 407 1777 467 GENESI
1813 408 1907 462 AD
1944 402 2316 473 LITTERAM,
2353 404 2414 462 S.
2453 403 2820 464 AUGUSTINI

2180 519 2252 574 ita
2289 528 2348 576 ut
2389 536 2488 577 nec
2525 523 2624 592 ipsi
2668 521 2809 576 oculi
2850 521 2992 591 prius
3035 524 3207 594 aperti
3248 523 3415 583 fuisse
3451 526 3758 600 videantur,

2178 626 2337 682 quam
2380 613 2468 667 illa
2491 628 2598 684 quo
2635 613 2932 668 intenderat
2964 615 3269 685 pervenisse
3294 617 3352 672 ‘2
3383 617 3449 672 Et
3473 627 3620 676 certe
3660 623 3759 677 iste

2177 719 2449 776 corporea;
2472 706 2604 762 lucis
2631 716 2712 762 est
2739 707 2946 776 radius,
2974 708 3207 764 emicans
3226 725 3294 765 ex
3320 710 3487 766 oculis
3516 715 3712 769 nostris
3733 757 3748 782 ,

2177 804 2235 852 et
2278 804 2386 852 tam
2425 797 2580 870 longe
2609 799 2778 868 posita
2820 807 2965 853 tanta
3002 800 3275 856 celeritate
3317 803 3664 875 contingens,
3702 814 3760 861 ut

2177 891 2426 946 aestimari
2456 891 2858 962 compararique
2887 907 2992 946 non
3020 893 3202 962 possit.
3233 892 3434 964 Nempe
3469 895 3556 951 hic
3591 907 3645 952 et
3667 897 3758 954 illa

2176 983 2352 1037 omnia
2382 992 2488 1038 tam
2527 983 2701 1053 ampla
2722 982 3086 1055 immensaque
3115 987 3461 1055 spatia‘simul
3504 1005 3611 1044 uno
3649 990 3757 1046 ictu

2174 1073 2388 1133 transiri
2416 1073 2754 1129 manifestum
2786 1085 2901 1142 est,
2945 1085 3000 1131 et
3023 1077 3162 1148 quod
3203 1079 3346 1148 prius
3383 1082 3753 1153 posteriusque

2175 1173 2492 1234 transeatur,
2522 1165 2687 1221 nihilo
2714 1169 2887 1222 minus
2910 1177 3111 1224 certum
3137 1177 3242 1225 est.

2244 1257 2332 1312 55.
2365 1257 2550 1312 Merito
2577 1261 2977 1314 resurrectionis
3025 1271 3220 1316 nostra:
3265 1263 3589 1320 celeritatem
3626 1283 3750 1322 cum

2173 1351 2476 1421 exprimere
2504 1352 2662 1406 vellet
2706 1353 3026 1421 Apostolus,
3069 1354 3122 1407 in
3163 1355 3264 1408 ictu
3305 1357 3436 1410 oculi
3473 1356 3608 1413 dixit
3637 1358 3752 1414 ﬁeri

2173 1440 2216 1515 (ι
2235 1440 2352 1496 Cor.
2381 1457 2473 1504 xv,
2495 1441 2611 1514 52).
2633 1441 2816 1512 Neque
2832 1443 2973 1497 enim
2990 1445 3185 1513 aliquid
3203 1445 3252 1498 in
3272 1462 3448 1500 rerum
3470 1462 3752 1518 corporea-

2170 1547 2288 1586 rum
2317 1532 2548 1587 motibus
2571 1534 2652 1588 vel
2680 1534 2867 1588 ictibus
2888 1544 3062 1604 potest
3081 1536 3307 1591 celerius
3328 1537 3568 1593 inveniri.
3597 1539 3753 1607 Quod

2171 1624 2214 1676 si
2242 1623 2513 1677 oculorum
2533 1625 2823 1679 carnalium
2849 1626 2992 1680 acies
3016 1627 3286 1682 celeritate
3316 1638 3516 1684 tantum
3539 1639 3748 1699 potest,

2170 1715 2296 1786 quid
2322 1717 2515 1771 mentis
2552 1720 2693 1773 acies
2720 1718 2802 1773 vel
2843 1719 3118 1774 humanae?
3157 1730 3355 1790 quanto
3389 1723 3556 1793 magis
3583 1739 3748 1795 ange-

2170 1807 2318 1863 licae?
2342 1809 2476 1876 Quid
2502 1809 2612 1878 jam
2634 1809 2700 1865 de
2729 1810 2891 1879 ipsius
2915 1825 3137 1865 summae.
3179 1813 3270 1866 Dei
3298 1812 3580 1883 Sapientiae
3609 1816 3752 1871 cele-

2170 1900 2326 1955 ritate
2350 1901 2576 1967 dicatur,
2602 1917 2720 1972 quas
2745 1903 2953 1973 attingit
2973 1903 3164 1974 ubique
3190 1914 3405 1974 pr0pter
3425 1921 3575 1962 suam
3598 1923 3752 1963 mun-

2169 1991 2382 2058 ditiem,
2422 2004 2477 2048 et
2518 1993 2646 2048 nihil
2699 1995 3028 2064 inquinatum
3058 1995 3115 2050 in
3155 2011 3272 2050 eam
3311 1996 3533 2052 incurrit
3578 1997 3747 2069 (Sap.

2167 2101 2260 2150 vu,
2289 2085 2416 2157 24)?
2449 2085 2503 2140 In
2526 2086 2608 2141 his
2627 2103 2755 2158 ergo
2773 2103 2893 2158 qua:
2912 2089 3072 2144 simul
3093 2087 3229 2144 facta
3248 2099 3390 2155 sunt,
3421 2106 3580 2146 nemo
3602 2091 3748 2148 videt

2167 2177 2293 2248 quid
2321 2178 2465 2247 prius
2491 2181 2821 2250 posteriusve
2847 2181 2961 2236 ﬁeri
3002 2181 3278 2249 debuerit,
3307 2183 3411 2240 nisi
3444 2184 3498 2239 in
3527 2185 3616 2240 illa
3653 2185 3754 2240 Sa-

2167 2268 2397 2337 pienlia,
2439 2284 2533 2339 per
2575 2286 2733 2340 quam
2783 2269 2921 2326 facta
2966 2280 3092 2327 sunt
3131 2271 3310 2328 omnia
3358 2289 3455 2344 per
3505 2274 3750 2330 ordinem

2166 2359 2342 2413 simul.

2235 2448 2463 2504 CAPUT
2496 2448 2710 2504 XXXV.
2737 2449 3088 2506 —Conclust‘o
3115 2449 3178 2506 de
3201 2451 3375 2507 diebus
3407 2450 3673 2508 Geneseos.

2236 2540 2325 2595 56.
2358 2540 2481 2596 Dies
2506 2555 2633 2611 ergo
2660 2541 2750 2596 ille
2777 2557 2933 2612 quem
2958 2543 3096 2597 Deus
3119 2545 3364 2612 primitus
3393 2543 3534 2610 fecit,
3564 2545 3609 2599 si
3636 2547 3748 2615 spi-

2165 2629 2368 2684 ritualis
2392 2631 2770 2702 rationalisque
2801 2640 3047 2688 creatura
3079 2641 3192 2700 est,
3226 2635 3280 2689 id
3317 2644 3401 2690 est
3424 2635 3750 2706 Angelorum

2166 2723 2624 2792 supercoelestium
2687 2732 2841 2794 atque
2896 2723 3191 2792 Virtutum,
3259 2736 3609 2795 praesentatus
3667 2737 3750 2784 est

2164 2815 2411 2870 omnibus
2435 2816 2687 2886 operibus
2713 2817 2807 2872 Dei
2832 2816 2934 2872 hoc
2960 2817 3147 2873 ordine
3173 2819 3491 2888 przesentiae,
3523 2835 3628 2891 quo
3653 2835 3748 2876 or-
3797 2858 3810 2867 -

2163 2905 2289 2962 dine
2329 2907 2565 2963 scientia:
2589 2909 2631 2971 ⁸,
2674 2923 2777 2976 qua
2818 2914 2874 2962 et
2910 2909 2964 2962 in
2993 2907 3172 2964 Verbo
3211 2909 3302 2964 Dei
3345 2908 3580 2965 facienda
3609 2925 3747 2980 prae-

2165 3008 2446 3066 nosceret,
2485 2998 2618 3053 etin
2657 3007 2898 3054 creatura
2936 2998 3074 3054 facta
3113 3009 3485 3071 cognosceret,
3514 3016 3620 3056 non
3653 3017 3748 3072 per

2164 3090 2564 3145 intervallorum
2591 3091 2959 3160 temporalium
2988 3106 3184 3157 moras,
3213 3093 3306 3147 sed
3333 3093 3477 3162 prius
3495 3104 3550 3148 et
3572 3103 3748 3162 poste-

2164 3182 2276 3236 rius
2301 3180 2500 3236 habens
2529 3180 2581 3234 in
2609 3181 2940 3238 conuexione
2977 3193 3339 3239 creaturarum
3360 3226 3374 3250 ,
3418 3186 3470 3240 in
3511 3185 3746 3241 efﬁcacia

2164 3287 2292 3328 vero
2311 3272 2578 3328 Creatoris
2601 3273 2777 3327 omnia
2803 3272 2980 3326 simul.
3004 3273 3092 3328 Sic
3115 3275 3255 3328 enim
3284 3274 3408 3330 fecit
3429 3292 3546 3345 qua:
3570 3275 3747 3332 futura

2165 3372 2362 3428 essent,
2388 3371 2445 3417 ut
2473 3378 2580 3418 non
2605 3364 2966 3434 temporaliter
2986 3365 3183 3421 faceret
3206 3368 3532 3436 temporalia,
3561 3369 3655 3425 sed
3679 3371 3748 3426 ab

2165 3472 2231 3512 eo
2273 3456 2409 3510 facta
2438 3467 2715 3512 currerent
2739 3467 2995 3526 tempora.
3041 3459 3120 3513 Ac
3146 3473 3240 3528 per
3269 3460 3370 3514 hoc
3409 3460 3493 3514 isti
3519 3460 3633 3516 dies
3661 3476 3748 3518 se-

2165 3556 2329 3619 ptem,
2351 3561 2484 3618 quos
2505 3547 2591 3602 lux
2613 3549 2853 3617 corporis
2871 3548 3104 3605 cmlestis
3121 3550 3499 3606 circumeundo
3519 3553 3747 3623 explicat

2165 3650 2324 3712 atque
2349 3641 2567 3711 replicat
2587 3682 2602 3709 ,
2640 3641 2927 3697 secundum
2965 3642 3248 3712 quamdam
3274 3643 3513 3699 umbram
3541 3645 3746 3715 signiti-

2164 3734 2388 3790 cationis
2415 3732 2705 3788 admonent
2731 3747 2828 3787 nos
2869 3748 3106 3802 quaarere
3142 3733 3258 3788 illos
3296 3734 3440 3802 dies,
3472 3735 3524 3789 iu
3555 3735 3746 3805 quibus

2166 3827 2254 3882 lux
2280 3835 2458 3881 creata
2487 3824 2775 3894 spiritualis
2803 3824 3049 3879 omnibus
3074 3825 3322 3894 operibus
3346 3824 3438 3880 Dei
3466 3841 3560 3894 per
3583 3840 3743 3881 sena-

2167 3918 2296 3972 riam
2320 3916 2524 3971 numeri
2550 3915 2928 3986 perfectionem
2953 3917 3260 3984 praesentari
3296 3917 3555 3984 potuerit;
3581 3926 3745 3987 atque

2165 4010 2288 4066 inde
2308 4010 2586 4079 septimam
2607 4008 2628 4040 ³
2658 4009 2894 4079 requiem
2925 4007 3018 4062 Dei
3048 4023 3202 4063 mane
3225 4007 3443 4075 habere,
3471 4017 3522 4064 et
3549 4024 3745 4080 vespe-

2165 4116 2278 4155 ram
2317 4115 2421 4155 non
2451 4099 2685 4154 habere:
2715 4109 2771 4153 ut
2811 4114 2916 4154 non
2945 4100 3014 4153 sit
3055 4099 3154 4153 hoc
3195 4101 3303 4154 Deo
3329 4100 3651 4170 requievisse
3690 4102 3746 4157 in

2165 4193 2251 4249 die
2278 4193 2525 4262 septimo,
2555 4200 2803 4262 tanquam
2836 4196 2952 4261 ipso
2971 4191 3056 4246 die
3085 4192 3312 4261 septimo
3337 4193 3543 4262 eguerit
3564 4193 3631 4247 ad
3659 4209 3747 4248 re-

2165 4289 2342 4359 quiem
2369 4303 2546 4351 suam;
2576 4287 2669 4342 sed
2697 4287 2834 4356 quod
2865 4287 2918 4341 in
2947 4294 3231 4354 conspectu
3266 4287 3583 4357 Angelorum
3616 4303 3744 4344 suo-

2168 4393 2282 4434 rum
2314 4378 2635 4448 requieverit
2660 4379 2727 4432 ab
2751 4377 2994 4432 omnibus
3027 4377 3274 4447 operibus
3302 4378 3412 4433 suis
3439 4394 3556 4447 quae
3583 4378 3706 4434 fecit
3726 4421 3742 4446 ,

2165 4483 2272 4525 non
2299 4468 2477 4538 utique
2503 4467 2604 4522 nisi
2637 4467 2686 4521 in
2725 4467 2922 4537 seipso,
2953 4466 3042 4536 qui
3071 4464 3238 4520 factus
3265 4482 3369 4520 non
3401 4475 3514 4532 est;
3547 4468 3598 4522 id
3627 4477 3742 4536 est,

2165 4569 2224 4618 ut
2250 4570 2491 4617 creatura
2519 4559 2635 4630 ejus
2662 4559 2916 4630 angelica,
2945 4574 3064 4629 quae
3087 4560 3471 4629 cognoscendis
3495 4562 3747 4616 omnibus

2165 4654 2416 4725 operibus
2443 4652 2558 4722 ejus
2587 4652 2641 4705 in
2679 4652 2793 4721 ipso
2827 4658 2883 4706 et
2924 4650 2976 4704 in
3007 4649 3146 4716 illis,
3192 4658 3441 4721 tanquam
3468 4650 3583 4705 dies
3619 4665 3744 4707 cum

2165 4762 2390 4818 vespera
2431 4753 2749 4816 pra-scutata
2773 4751 2884 4807 est,
2917 4742 3046 4796 nihil
3075 4749 3195 4813 post
3216 4743 3393 4797 omnia
3419 4743 3572 4797 valde
3601 4744 3742 4799 bona

2165 4857 2326 4913 opera
2352 4841 2467 4910 ejus
2495 4838 2681 4893 melius
2706 4843 3084 4907 cognosceret,
3115 4851 3272 4906 quam
3299 4835 3442 4890 illum
3469 4835 3537 4889 ab
3564 4836 3743 4890 omni-

2167 4933 2267 4989 bus
2293 4933 2346 4986 in
2373 4931 2547 5000 seipso
2570 4928 2905 4998 requiescere
2922 4968 2938 4994 ,
2979 4926 3129 4982 nullo
3156 4941 3341 4981 eorum
3367 4934 3612 4996 egentem
3636 4941 3743 4996 quo

2165 5024 2235 5079 sit
2258 5021 2485 5078 beatior.

2230 5177 2249 5210 ³
2273 5183 2372 5249 Am.-
2395 5183 2447 5227 θί
2466 5181 2562 5249 ενοι
2747 5172 2831 5226 ίαο
2845 5185 2938 5249 4'“?
2955 5172 3585 5249 ρξξαιαεηαιέρεεηωξδεςτ
3597 5177 3750 5249 ἔθῖτο

2166 5233 2929 5364 Μεέὶίρεωξῶωφὲξη
2967 5233 3055 5286 illa
3092 5247 3184 5300 quo
3211 5233 3482 5285 intenderat
3521 5233 3750 5297 (scilicet,

2229 5364 2378 5427 ξιιεε.
2403 5360 2615 5425 aliquot,
2628 5360 2955 5427 prqescieutiw.

2230 5425 2252 5458 ³
2272 5431 2378 5488 Ιεε.
2404 5418 2502 5475 ιιοὰ
2518 5418 2673 5488 pauci,
2695 5423 2809 5475 inde
2831 5422 2882 5474 in
2915 5425 3178 5486 septimam.
3205 5427 3333 5470 Unus
3353 5427 3436 5470 aut
3467 5419 3612 5480 alter,
3631 5418 3755 5472 inde

2165 5486 2454 5552 “septima.
