4090 6456
348 393 441 450 321

1699 385 1903 442 LIBER
1938 386 2255 455 QUINTUS.

3498 393 3602 451 Si!

1369 573 1839 679 LIBER
1943 572 2676 701 QUINTUS.

396 771 465 814 De
486 777 549 815 eo
569 764 700 829 quod
721 765 951 827 scriptum
974 768 1049 814 est
1072 760 1118 811 in
1140 773 1246 824 cap.
1271 758 1728 869 “caesum
1748 754 2035 868 ἐέλὲἕὲ
2053 756 2432 883 litigat:
2452 761 2588 824 caeli,
2609 770 2725 826 etc.,
2747 764 2981 829 usquead
3000 764 3135 830 illud,
3159 780 3291 820 vers.
3314 767 3381 819 6:
3410 777 3540 821 rats

1778 924 2145 981 WG?

330 1061 562 1119 CAPUT
588 1060 865 1116 PRIMUM.
888 1088 959 1100 -—
982 1058 1088 1115 Sea:
1106 1058 1183 1113 vel
1205 1066 1394 1127 septem
1416 1054 1619 1111 Genesis
1640 1052 1744 1106 dies
1764 1047 1913 1103 unius

645 1154 744 1207 diei
772 1154 1062 1223 repetitione
1085 1150 1335 1204 numerari
1358 1148 1604 1219 potuisse.

400 1247 452 1300 1.
490 1244 592 1298 llic
619 1255 689 1299 est
714 1245 835 1298 liber
861 1254 1099 1298 creaturis
1122 1242 1234 1296 caeli
1262 1252 1307 1295 et
1333 1250 1495 1305 terrae,
1524 1255 1636 1291 cum
1661 1238 1823 1307 factus
1841 1242 1915 1290 est

328 1338 433 1390 dies
454 1379 468 1402 ,
515 1338 634 1410 fecit
658 1335 796 1390 Deus
820 1336 997 1389 caelum
1024 1345 1069 1389 et
1097 1345 1314 1399 terram,
1344 1343 1391 1387 et
1421 1349 1565 1386 omne
1590 1330 1744 1384 viride
1772 1328 1911 1399 agri,

328 1439 600 1497 antequam
624 1438 746 1483 esset
771 1445 920 1499 super
947 1439 1150 1494 terram,
1179 1434 1224 1480 et
1251 1442 1394 1479 omne
1416 1424 1587 1494 fenum
1613 1422 1743 1493 agri,
1775 1430 1914 1475 ante-

326 1538 478 1589 quam
501 1530 727 1575 exortum
749 1529 837 1574 est.
861 1518 983 1573 Non
1002 1521 1133 1573 enim
1153 1519 1348 1589 pluerat
1367 1534 1516 1586 super
1537 1525 1720 1570 terram
1742 1514 1914 1567 Deus:

326 1624 372 1667 et
402 1614 557 1667 homo
588 1630 689 1681 non
730 1623 836 1667 erat
878 1614 961 1684 qui
991 1621 1283 1682 Operaretur
1321 1620 1523 1665 terram.
1570 1608 1710 1663 Fons
1749 1617 1914 1661 autem

327 1704 629 1759 ascendebat
667 1704 729 1757 de
757 1715 922 1771 terra,
969 1714 1013 1757 et
1048 1703 1289 1774 irrigabat
1316 1719 1509 1756 omnem
1540 1699 1719 1773 faciem
1747 1709 1910 1753 terrai.

327 1795 484 1850 Nunc
524 1805 669 1851 certe
713 1796 915 1850 firmior
943 1796 999 1850 lit
1040 1796 1125 1849 illa
1165 1795 1425 1850 sententia
1461 1808 1561 1863 qua
1606 1791 1914 1861 intelligitur

327 1902 496 1939 unum
525 1886 666 1941 diem
686 1886 875 1941 fecisse
897 1887 1081 1953 Deum,
1100 1886 1239 1939 unde
1256 1886 1364 1954 jam
1393 1886 1465 1938 illi
1494 1900 1585 1939 sex
1606 1884 1687 1938 vel
1710 1892 1911 1951 septem

328 1978 443 2033 dies
467 1980 623 2032 unius
642 1979 795 2049 hujus
814 1979 1125 2048 repetitione
1146 1978 1411 2033 numerari
1430 1978 1723 2047 potuerint;
1749 1990 1910 2045 quan-

326 2068 618 2138 doquidem
656 2071 890 2139 apertius
934 2082 1113 2125 saneta
1150 2070 1416 2139 Scriptura
1443 2069 1553 2139 jam
1583 2069 1742 2135 dicit,
1787 2083 1911 2123 con.

327 2161 553 2215 eludens
583 2161 971 2230 quodammodo
1000 2171 1189 2217 cuncta
1233 2178 1349 2231 qua:
1388 2162 1454 2215 ab
1481 2160 1628 2215 initio
1657 2175 1821 2230 usque
1846 2158 1914 2215 ad

326 2251 472 2307 hunc
501 2253 673 2308 locum
705 2253 934 2317 dixerat,
974 2262 1131 2323 atque
1159 2253 1345 2320 infert,
1388 2251 1485 2306 Hic
1513 2262 1583 2306 est
1620 2252 1742 2306 liber
1770 2268 1911 2305 crea—

330 2352 459 2396 turis
486 2343 572 2397 vel
599 2342 811 2398 factum:
850 2344 960 2397 caeli
1005 2352 1051 2397 et
1094 2353 1270 2411 terrai,
1320 2359 1433 2397 cum
1480 2348 1643 2414 factus
1683 2352 1754 2397 est
1784 2342 1907 2396 dies.

326 2433 517 2504 Neque
555 2435 697 2489 enim
725 2436 998 2505 quisquam
1029 2435 1265 2490 dicturus
1289 2445 1371 2490 est
1407 2436 1597 2491 emlum
1635 2444 1688 2491 et
1717 2446 1910 2491 terram

328 2524 420 2579 hic
459 2528 530 2580 ita
574 2537 1017 2592 commemorata,
1066 2528 1203 2583 sicut
1241 2528 1437 2582 dictum
1472 2538 1585 2583 erat
1630 2537 1908 2599 antequam

326 2617 579 2671 conditus
603 2618 957 2674 insinuaretur
976 2618 1111 2683 dies,
1140 2617 1205 2672 In
1231 2620 1480 2691 principio
1506 2621 1622 2691 fecit
1651 2619 1787 2673 Deus
1815 2636 1914 2673 cae-

329 2708 436 2760 lum
467 2718 513 2761 et
542 2718 727 2763 terram
764 2708 913 2781 (Gen.
945 2726 984 2775 ι,
1018 2712 1092 2783 l).
1126 2710 1256 2765 illud
1289 2713 1428 2765 enim
1469 2711 1513 2765 si
1540 2727 1604 2766 eo
1634 2712 1791 2765 modo
1833 2712 1912 2766 in-

329 2800 609 2869 telligitur,
641 2810 698 2855 ut
722 2801 916 2871 aliquid
951 2801 1091 2855 Deus
1118 2800 1302 2857 fecerit
1326 2803 1438 2857 sine
1473 2802 1579 2869 die,
1609 2802 1909 2872 priusquam

328 2887 533 2945 faceret
560 2891 731 2957 diem,
762 2908 862 2962 qua
893 2893 1097 2947 ratione
1125 2893 1177 2947 id
1220 2894 1386 2963 possit
1422 2894 1587 2963 accipi
1607 2934 1620 2956 ,
1662 2909 1759 2948 suo
1796 2895 1912 2949 loco

329 2979 467 3047 dixi,
508 2982 647 3051 quod
686 2982 966 3038 dicendum
1008 2986 1216 3053 putavi,
1265 2984 1390 3038 nulli
1420 2985 1777 3040 intercludens
1803 3001 1913 3041 me-

329 3071 436 3126 lius
462 3072 785 3143 intelligendi
812 3076 1098 3129 licentiam.
1129 3076 1278 3132 Nunc
1303 3090 1511 3144 autem,
1561 3076 1659 3132 Hic
1692 3087 1795 3147 est,
1828 3079 1911 3133 in—

327 3163 474 3232 quit,
508 3164 631 3217 liber
660 3175 904 3221 creatura:
938 3168 1049 3221 εαξιί
1078 3178 1123 3221 et
1148 3177 1312 3236 terrw,
1342 3184 1456 3221 cum
1480 3172 1642 3239 factus
1666 3179 1738 3224 est
1766 3172 1871 3225 dies
1893 3186 1913 3225 :

329 3257 482 3323 satis,
516 3266 574 3311 ut
595 3259 800 3327 opinor,
827 3259 1133 3324 ostendens,
1165 3276 1269 3315 non
1302 3260 1386 3315 hic
1411 3276 1468 3315 se
1494 3261 1563 3314 ita
1590 3276 1915 3317 commemo-

329 3362 483 3403 rasse
509 3350 701 3404 omium
730 3359 784 3405 et
810 3360 1003 3405 terram
1024 3394 1039 3418 ,
1068 3352 1203 3406 sicut
1241 3352 1293 3406 in
1337 3352 1594 3422 principio
1630 3362 1911 3424 antequam

332 3441 487 3496 ﬁeret
510 3443 657 3509 dies,
691 3460 811 3498 cum
844 3444 1076 3499 tenebrze
1115 3456 1292 3500 essent
1315 3460 1476 3515 super
1503 3448 1785 3517 abyssum;
1818 3446 1912 3502 sed

328 3531 598 3600 quomodo
628 3531 824 3587 factum
855 3542 938 3588 est
974 3535 1166 3589 coelum
1195 3544 1248 3589 et
1278 3544 1417 3589 terra
1438 3577 1450 3599 ,
1491 3550 1609 3589 cum
1639 3534 1807 3589 factus
1833 3544 1915 3590 est

326 3621 479 3688 dies,
513 3623 563 3676 id
593 3633 676 3678 est
708 3625 818 3694 jam
848 3626 1084 3679 formatis
1123 3637 1280 3697 atque
1306 3628 1567 3681 distinctis
1599 3627 1835 3697 partibus
1860 3637 1914 3681 et

328 3714 619 3783 generibus
648 3731 858 3782 rerum,
909 3716 1099 3786 quibus
1123 3718 1365 3773 universa
1392 3730 1632 3774 creatura
1660 3719 1911 3789 disposita

326 3811 492 3873 atque
534 3807 824 3876 composita
862 3806 1037 3863 reddit
1078 3807 1213 3865 hanc
1257 3810 1486 3881 speciem
1530 3827 1649 3881 quae
1687 3809 1913 3864 mundus

326 3906 572 3952 vocatur.

402 3988 458 4042 2.
488 3988 622 4045 Illud
654 3990 739 4045 hic
759 4007 886 4063 ergo
914 3994 1108 4050 calum
1138 4004 1611 4049 commemoratum
1639 4002 1741 4061 est,
1769 3995 1912 4064 quod

326 4098 454 4139 cum
480 4095 712 4140 creasset
743 4086 903 4155 Deus,
932 4087 1319 4144 firmamentum
1342 4091 1566 4157 vocavit,
1598 4105 1717 4145 cum
1742 4091 1913 4146 omni-

328 4178 431 4233 bus
460 4196 577 4249 quae
619 4182 671 4235 in
702 4180 793 4235 illo
817 4191 971 4249 sunt;
1012 4192 1067 4238 et
1094 4199 1154 4239 ea
1185 4191 1324 4239 terra
1348 4225 1363 4251 ,
1398 4200 1516 4254 quae
1555 4200 1677 4240 cum
1719 4185 1913 4257 abysso

326 4271 500 4325 imum
524 4272 726 4327 obtinet
755 4272 927 4328 locum
946 4314 963 4341 ,
1004 4289 1125 4329 cum
1154 4275 1401 4329 omnibus
1428 4291 1545 4345 qua:
1583 4276 1635 4330 in
1674 4291 1735 4331 ea
1765 4286 1906 4331 sunt.

327 4363 587 4433 Sequitur
612 4364 753 4418 enim
785 4374 839 4419 et
877 4365 1142 4436 adiungit,
1184 4364 1326 4420 Fecit
1355 4365 1494 4420 Deus
1533 4368 1710 4421 ctutum
1739 4377 1785 4423 et
1813 4376 1912 4422 ter-

325 4474 477 4523 ram;
509 4466 567 4511 ut
592 4458 713 4513 caeli
738 4466 794 4512 et
818 4467 971 4513 terra:
1002 4459 1216 4513 nomine
1241 4467 1297 4513 et
1329 4460 1603 4529 prarmisso
1628 4469 1909 4529 antequam

327 4547 529 4602 factum
554 4549 695 4604 diem
720 4561 1177 4617 commemoraret,
1201 4560 1255 4607 et
1280 4552 1503 4621 repetito
1526 4569 1648 4607 cum
1673 4567 1909 4608 comme-

328 4650 615 4707 morasset,
649 4658 751 4696 non
790 4642 931 4697 sinat
956 4643 1237 4713 suspicari,
1271 4643 1342 4697 ita
1368 4658 1427 4699 se
1464 4660 1600 4699 nunc
1626 4645 1819 4700 eretum
1857 4654 1911 4699 et

329 4738 529 4786 terram
556 4734 880 4799 nominasse,
913 4734 1051 4789 sicut
1084 4735 1135 4787 in
1164 4734 1422 4803 principio
1461 4744 1741 4804 antequam
1768 4745 1910 4792 esset

329 4833 546 4879 creatus
572 4825 706 4880 dies.
751 4826 838 4881 Sic
865 4827 1005 4881 enim
1031 4826 1191 4881 verba
1217 4826 1519 4890 contexuit,
1559 4825 1659 4880 Hic
1685 4837 1753 4881 est
1788 4828 1911 4882 liber

329 4927 578 4971 creatura
603 4918 714 4972 ctuti
748 4926 793 4971 et
827 4927 1000 4984 terra,
1030 4934 1145 4970 cum
1168 4921 1333 4988 factus
1360 4926 1431 4971 est
1455 4916 1562 4971 dies
1581 4959 1595 4984 ,
1625 4919 1740 4988 fecit
1776 4917 1910 4975 Deus

327 5009 509 5063 calum
534 5020 581 5064 et
620 5020 805 5065 terram
835 5026 854 5064 :
885 5022 940 5065 ut
968 5010 1011 5065 si
1039 5010 1315 5081 quisquam
1341 5010 1466 5065 velit
1503 5010 1581 5065 sic
1616 5012 1909 5082 intelligere

325 5099 471 5169 quod
496 5101 742 5172 superius
772 5102 995 5171 positum
1017 5108 1118 5165 est,
1143 5101 1265 5155 liber
1283 5110 1526 5156 creatura:
1544 5102 1654 5156 cteli
1673 5113 1719 5156 et
1740 5112 1902 5169 terre,

326 5190 778 5259 quemadmodum
822 5189 1019 5246 dictum
1060 5202 1179 5258 est,
1224 5190 1291 5245 In
1329 5193 1578 5263 principio
1617 5194 1732 5263 fecit
1770 5193 1908 5248 Deus

324 5286 514 5338 calum
528 5294 579 5339 et
598 5294 801 5352 terram,
831 5287 1133 5357 priusquam
1160 5285 1409 5340 conderet
1429 5287 1589 5351 diem,
1614 5286 1735 5357 quia
1761 5288 1907 5356 prius

323 5383 387 5430 et
416 5376 503 5429 hic
537 5387 947 5433 commemorata
980 5387 1100 5431 sunt
1142 5378 1333 5431 coelum
1361 5386 1417 5432 et
1454 5386 1613 5442 terra,
1644 5388 1698 5433 et
1724 5388 1907 5448 postea

324 5467 501 5524 factus
538 5469 682 5536 dies;
724 5470 1017 5541 corrigatur
1054 5470 1494 5540 subsequentibus
1534 5470 1709 5525 verbis
1741 5489 1754 5526 :
1785 5471 1907 5541 quia

322 5575 383 5618 et
420 5572 543 5634 post
567 5573 1039 5620 commemoratum
1068 5562 1264 5619 factum
1294 5563 1433 5619 diem
1454 5605 1470 5631 ,
1501 5578 1684 5618 rursus
1709 5562 1829 5619 cmli
1854 5572 1908 5619 et

327 5666 489 5712 terra:
517 5674 707 5714 nomen
738 5658 1044 5729 adjunctum
1070 5666 1173 5713 est.

401 5751 456 5804 ὃ.
486 5751 793 5822 Quanquam
820 5750 999 5807 ethoc
1021 5748 1164 5820 quod
1189 5749 1419 5819 positum
1440 5756 1539 5813 est,
1567 5763 1683 5801 cum
1700 5785 1717 5813 ,
1744 5754 1800 5802 et
1828 5748 1907 5801 sic

326 5840 662 5913 Idjunctum,
688 5846 851 5915 [acuis
884 5852 957 5899 est
983 5842 1089 5899 dics
1108 5879 1125 5909 ,
1151 5842 1321 5900 cuivis
1353 5840 1684 5898 contentioso
1719 5846 1902 5895 extor-

2018 1056 2177 1118 queat
2203 1052 2361 1107 alium
2396 1069 2515 1110 esse
2556 1056 2873 1113 intellectum
2909 1075 3015 1117 non
3058 1077 3232 1132 posse.
3258 1062 3315 1121 Si
3349 1064 3490 1119 enim
3520 1064 3593 1120 ita

2016 1151 2157 1197 esset
2182 1143 2567 1215 interpositum,
2597 1158 2653 1204 ut
2681 1150 2965 1219 diceretur,
2993 1154 3090 1210 Hic
3116 1166 3200 1212 est
3222 1157 3355 1213 liber
3379 1166 3594 1215 creatu-

2016 1248 2090 1287 rae
2129 1235 2248 1290 coeli
2287 1246 2341 1292 et
2368 1248 2556 1306 terrte',
2593 1240 2760 1297 factus
2790 1253 2871 1298 est
2901 1244 3034 1311 dies,
3069 1247 3191 1304 fecit
3230 1249 3369 1305 Deus
3396 1236 3590 1308 omium

2017 1332 2070 1378 et
2101 1335 2293 1381 terram
2318 1345 2333 1395 ;
2362 1331 2636 1400 quisquam
2680 1332 2817 1389 forte
2842 1335 3192 1392 arbitraretur
3217 1339 3409 1395 librum
3441 1356 3593 1398 crea-

2016 1423 2146 1471 turae
2175 1419 2293 1473 coeli
2321 1428 2374 1474 et
2400 1430 2554 1476 terrae
2580 1422 2657 1479 sic
2686 1425 3024 1494 appellatum,
3054 1430 3323 1499 quomodo
3353 1434 3589 1503 appella-

2016 1514 2125 1562 tum
2162 1518 2243 1563 est
2272 1512 2323 1565 in
2354 1513 2609 1583 principio
2648 1517 2840 1571 coelum
2880 1525 2935 1573 et
2964 1527 3132 1587 terra,
3162 1530 3284 1577 ante
3317 1524 3591 1579 conditum

2016 1598 2185 1663 diem;
2215 1617 2275 1655 ac
2303 1601 2495 1658 deinde
2521 1605 2879 1675 subjunetum,
2906 1612 3070 1678 factus
3106 1622 3175 1665 est
3205 1612 3329 1677 dies,
3359 1614 3496 1669 sicut
3519 1613 3593 1668 ibi

2015 1702 2199 1762 postea
2228 1705 2495 1751 narratum
2526 1708 2606 1753 est
2630 1741 2644 1765 ,
2682 1698 2823 1769 quod
2868 1701 3007 1758 Deus
3047 1702 3229 1758 fecerit
3257 1703 3396 1759 diem
3428 1724 3441 1759 :
3470 1705 3595 1762 inde

2010 1788 2264 1842 continuo
2293 1805 2477 1845 rursus
2500 1791 2719 1860 dictum,
2747 1792 2892 1848 Fecit
2914 1795 3051 1849 Deus
3076 1796 3257 1850 caelum
3293 1806 3338 1850 et
3368 1806 3552 1851 terram
3574 1838 3590 1863 ,

2015 1884 2264 1948 tanquam
2292 1880 2366 1934 sic
2390 1880 2499 1951 jam
2534 1883 2976 1952 quemadmodum
3007 1884 3120 1939 hsce
3144 1885 3279 1939 facta
3315 1894 3439 1940 sunt
3473 1894 3593 1956 post

2015 1969 2287 2025 conditum
2327 1971 2488 2027 diem.
2531 1974 2635 2029 Sed
2662 1976 2781 2045 quia
2815 1977 2885 2030 ita
2914 1977 3282 2047 interpositum
3314 1988 3395 2034 est
3420 1986 3482 2033 ut
3514 1978 3595 2034 di-

2015 2069 2255 2129 ceretur,
2297 2078 2412 2116 cum
2454 2063 2618 2133 factus
2660 2076 2730 2120 est
2759 2066 2903 2133 dies;
2943 2067 3055 2123 sive
3094 2067 3193 2123 hoc
3233 2069 3596 2139 superioribus

2014 2153 2191 2206 verbis
2211 2165 2524 2220 connectas,
2566 2167 2621 2212 ut
2651 2159 2720 2212 sit
2762 2175 2864 2214 una
2903 2160 3199 2226 sententia,
3242 2160 3342 2214 Hic
3370 2170 3441 2215 est
3471 2160 3594 2215 liber

2014 2256 2260 2301 creaturae
2286 2248 2397 2302 ειειί
2422 2259 2468 2302 et
2491 2258 2636 2304 terra:
2661 2268 2775 2304 cum
2802 2252 2967 2321 [actus
2986 2261 3058 2306 est
3082 2252 3224 2319 dies;
3255 2254 3366 2308 sive
3388 2253 3597 2309 infcrio-

2013 2336 2179 2401 ribus,
2217 2347 2274 2392 ut
2308 2339 2435 2395 item
2475 2338 2574 2395 hoc
2619 2342 2778 2396 modo
2807 2343 2873 2396 sit
2911 2343 3067 2414 plena
3114 2346 3375 2399 sententia
3399 2385 3416 2411 ,
3467 2344 3594 2400 Cum

2013 2432 2175 2500 factus
2204 2442 2274 2485 est
2302 2432 2426 2499 dies,
2459 2434 2573 2502 fecit
2605 2433 2743 2489 Deus
2770 2436 2949 2490 cwlum
2966 2446 3013 2490 et
3034 2446 3218 2491 terram
3246 2453 3263 2491 :
3286 2439 3467 2507 procul
3496 2439 3597 2494 du-

2012 2519 2101 2574 bio
2134 2522 2274 2592 cogit
2300 2540 2364 2578 eo
2392 2525 2551 2580 modo
2579 2540 2637 2580 se
2668 2526 2885 2597 intelligi
2913 2528 3106 2583 emlum
3137 2538 3192 2583 et
3217 2537 3411 2585 terram
3441 2546 3590 2586 com-

2013 2627 2360 2680 memorasse,
2390 2616 2657 2685 quomodo
2681 2615 2823 2673 facta
2849 2628 2992 2684 sunt,
3012 2634 3131 2674 cum
3162 2619 3334 2676 factus
3356 2630 3438 2676 est
3456 2620 3589 2678 dies.

2014 2704 2215 2760 Deinde
2243 2721 2363 2761 eum
2384 2708 2579 2762 dictum
2603 2719 2762 2775 esset,
2782 2709 2926 2764 Fecit
2941 2708 3078 2765 Deus
3098 2712 3275 2766 calum
3299 2723 3346 2767 et
3374 2723 3591 2781 terram;

2012 2796 2247 2850 additum
2282 2806 2383 2862 est,
2413 2807 2461 2853 et
2499 2816 2645 2854 omne
2669 2801 2827 2855 viride
2854 2803 2963 2873 agri
2995 2818 3014 2857 :
3038 2818 3155 2873 quae
3184 2813 3326 2859 certe
3363 2805 3591 2862 manife-

2012 2898 2151 2943 stum
2199 2900 2283 2945 est
2328 2896 2484 2947 tertio
2534 2892 2619 2947 die
2667 2892 2824 2948 facta.
2880 2893 3033 2951 Unde
3080 2895 3330 2966 liquidius
3376 2907 3595 2969 apparet

2013 2981 2256 3037 eumdem
2290 2983 2435 3037 illum
2462 3000 2581 3040 esse
2612 3001 2771 3039 unum
2803 2985 2944 3041 diem
2969 3003 3127 3057 quem
3153 2987 3276 3042 fecit
3300 2989 3458 3056 Deus,
3486 3006 3592 3060 quo

2012 3074 2260 3143 repetito,
2294 3076 2458 3131 factus
2486 3086 2568 3133 est
2596 3087 2647 3133 et
2676 3078 2959 3147 secundus,
2985 3088 3040 3137 et
3076 3081 3291 3149 tertius,
3323 3090 3377 3138 et
3412 3083 3593 3139 cazteri

2012 3180 2179 3237 usque
2207 3166 2273 3221 ad
2311 3169 2592 3238 septimum
2618 3170 2780 3226 diem.

2217 3259 2441 3317 CAPUT
2481 3262 2545 3317 ll.
2579 3293 2650 3304 —
2699 3262 2866 3319 Viride
2892 3266 3005 3336 agri
3026 3282 3117 3321 cur
3139 3267 3391 3322 additum.

2083 3351 2136 3405 4.
2170 3349 2301 3406 Cum
2326 3362 2501 3409 autem
2532 3354 2746 3411 nomine
2777 3357 2897 3411 caeli
2922 3364 2977 3412 et
2997 3366 3153 3413 terrae
3176 3401 3191 3425 ,
3220 3359 3414 3413 usitato
3442 3372 3591 3415 more

2014 3438 2430 3511 Seripturarum,
2481 3459 2623 3499 nunc
2672 3445 2969 3501 universam
3019 3457 3317 3503 creaturam
3365 3450 3592 3506 voluerit

2013 3532 2200 3601 accipi,
2233 3534 2394 3602 quaeri
2417 3543 2593 3603 potest
2615 3550 2711 3589 cur
2729 3536 3010 3602 addiderit,
3029 3547 3076 3592 et
3101 3554 3246 3593 omne
3269 3540 3426 3595 viride
3448 3541 3590 3611 agri;

2012 3624 2155 3693 quod
2191 3625 2319 3679 mihi
2345 3626 2553 3682 videtur
2582 3627 2702 3683 ideo
2730 3630 2990 3697 posuisse,
3016 3638 3073 3683 ut
3097 3631 3478 3701 signiﬁcantius
3502 3631 3587 3686 in-

2016 3716 2226 3771 timaret
2249 3732 2406 3787 quem
2445 3718 2585 3773 dicm
2614 3720 3065 3776 commendaverit
3088 3761 3103 3787 ,
3143 3721 3283 3791 quod
3317 3723 3427 3790 ait,
3475 3739 3591 3777 cum

2013 3805 2177 3875 factus
2196 3816 2269 3861 est
2289 3808 2413 3862 dies.
2444 3808 2561 3865 Cito
2580 3810 2721 3865 enim
2746 3811 3022 3882 quisquam
3046 3823 3256 3883 putaret
3280 3812 3421 3869 hunc
3448 3812 3589 3871 diem

2013 3898 2147 3954 lueis
2165 3913 2435 3969 corporea:
2455 3900 2903 3969 commendatum,
2928 3918 3035 3973 quo
3054 3904 3416 3960 circumeunte
3436 3905 3590 3960 nobis

2012 3992 2323 4048 vicissitudo
2366 3993 2539 4048 diurni
2592 3994 2941 4065 nocturnique
2988 3998 3242 4066 temporis
3285 3996 3586 4053 exhibetur.

2015 4085 2119 4142 Sed
2139 4101 2257 4141 cum
2279 4096 2639 4143 creaturarum
2664 4087 2993 4142 conditarum
3015 4088 3254 4145 ordinem
3282 4090 3585 4159 recolimus,

2015 4186 2070 4233 et
2100 4178 2395 4233 invenimus
2422 4193 2580 4234 omne
2603 4177 2769 4233 viride
2789 4180 2899 4249 agri
2921 4181 3077 4235 tertio
3101 4181 3187 4236 die
3208 4192 3467 4249 creatum,
3495 4197 3590 4236 an-

2014 4277 2225 4339 tequam
2272 4271 2349 4326 sol
2381 4271 2558 4337 fieret,
2600 4271 2688 4341 qui
2724 4280 2912 4341 quarto
2952 4273 3038 4327 die
3080 4273 3245 4328 factus
3282 4283 3398 4341 est,
3438 4276 3587 4345 cujus

2014 4360 2293 4430 praesentia
2316 4360 2430 4418 dies
2456 4361 2555 4417 iste
2578 4362 2916 4433 quotidianus
2938 4364 3267 4433 usitatusque
3288 4364 3583 4434 peragitur;

2011 4452 2223 4523 quando
2251 4453 2510 4518 audimus,
2540 4452 2665 4508 Cum
2689 4457 2850 4523 factus
2870 4462 2942 4507 est
2965 4453 3089 4519 dies,
3116 4454 3232 4524 fecit
3250 4451 3387 4508 Deus
3410 4454 3587 4509 caelum

2010 4552 2059 4599 et
2081 4552 2283 4611 terram,
2316 4553 2362 4597 et
2382 4560 2527 4598 omne
2550 4544 2707 4598 viride
2729 4545 2873 4614 agri;
2892 4544 3238 4599 admonemur
3265 4543 3333 4599 de
3357 4544 3470 4614 ipso
3498 4544 3585 4600 die

2012 4638 2265 4707 cogitare,
2288 4651 2445 4707 quem
2473 4636 2585 4691 sive
2610 4636 2941 4706 corporalem
2972 4636 3151 4692 nescio
3170 4652 3271 4707 qua
3293 4637 3410 4692 luce
3434 4637 3587 4692 nobis

2012 4727 2297 4799 incognita,
2327 4728 2438 4783 sive
2470 4728 2795 4798 spiritualem
2821 4728 2876 4782 in
2902 4728 3155 4783 societate
3182 4728 3395 4783 unitatis
3421 4743 3585 4797 ange-
3627 4800 3631 4807 .

2014 4822 2127 4876 lica:
2150 4862 2163 4884 ,
2198 4836 2301 4875 non
2332 4829 2506 4876 tamen
2544 4820 2702 4876 talem
2729 4820 2935 4891 qualem
2964 4819 3051 4877 hic
3081 4820 3345 4887 novimus,
3373 4820 3585 4877 intelle-
3628 4856 3629 4859 η

2009 4920 2095 4967 ctu
2124 4913 2381 4982 vestigare
2406 4927 2679 4967 conemur.

2008 5001 2231 5063 CAPUT
2257 5004 2343 5061 lll.
2364 5034 2437 5046 —
2464 5004 2547 5060 Ea:
2574 5006 2877 5059 narrationis
2896 5005 3074 5060 ordine
3095 5005 3391 5077 intelligitur
3417 5002 3587 5059 omnia

2527 5098 2679 5153 simul
2704 5108 2871 5153 creata
2897 5100 3069 5169 fuisse.

2079 5192 2133 5248 5.
2165 5190 2297 5245 Illud
2325 5191 2485 5246 etiam
2523 5206 2630 5245 non
2662 5190 2729 5244 ab
2755 5206 2814 5245 re
2852 5189 3011 5245 fuerit
3045 5189 3238 5246 intueri
3257 5230 3270 5253 ,
3298 5186 3437 5260 quod
3462 5202 3583 5243 cum

2008 5292 2189 5353 posset
2227 5283 2437 5349 dicere,
2472 5282 2567 5337 Hic
2603 5290 2686 5337 est
2713 5281 2847 5336 liber
2873 5292 3129 5337 creaturae
3161 5279 3281 5336 ccli
3309 5287 3365 5334 et
3394 5288 3584 5347 terrai,

2009 5390 2129 5431 cum
2160 5375 2283 5429 fecit
2306 5375 2446 5429 Deus
2469 5373 2662 5428 caelum
2696 5380 2750 5428 et
2772 5381 3003 5438 terram;
3034 5380 3093 5425 ut
3120 5372 3173 5425 in
3204 5370 3341 5425 caelo
3365 5378 3420 5425 et
3445 5378 3584 5424 terra

2010 5464 2423 5534 intelligeremus
2446 5461 2699 5533 quidquid
2725 5461 2778 5516 in
2809 5461 2887 5517 eis
2908 5470 2991 5516 est
3009 5502 3025 5527 ,
3068 5460 3207 5515 sicut
3229 5459 3371 5529 loqui
3405 5458 3584 5514 divina

2008 5555 2281 5625 Scriptura
2311 5554 2585 5609 consuevit
2605 5594 2621 5620 ,
2663 5562 2720 5607 nt
2747 5552 2963 5607 nomine
2990 5550 3112 5606 caeli
3136 5560 3188 5606 et
3214 5559 3371 5605 terra;
3396 5550 3583 5620 saepis-

2010 5648 2163 5713 sime,
2201 5646 2464 5701 interdum
2491 5643 2672 5699 addito
2706 5653 2759 5699 et
2782 5643 2980 5709 maris,
3012 5642 3312 5697 universam
3352 5640 3581 5696 insinuet

2007 5750 2303 5799 creaturam
2328 5780 2343 5806 ,
2384 5736 2667 5809 aliquando
2703 5736 2993 5806 adjungens
3031 5743 3085 5790 et
3111 5733 3290 5790 dicens
3312 5774 3328 5798 ,
3373 5733 3439 5788 Et
3463 5747 3581 5803 qua:

2010 5844 2135 5893 sunt
2161 5834 2214 5890 in
2232 5832 2321 5905 eis
2348 5831 2517 5904 (Psat.
2544 5844 2700 5897 οιιν,
2729 5828 2787 5898 6)
2813 5844 2827 5882 :
2859 5837 2916 5884 ut
2941 5825 3195 5897 quidquid
3218 5825 3410 5883 horum
3433 5824 3553 5880 dice
3569 5851 3582 5866 -
