4090 6470
530 444 636 503 525

478 600 497 631 .,
529 565 645 623 ret,
675 554 748 612 ibi
776 552 1189 624 intelligeremus
1221 561 1274 606 et
1311 549 1490 617 diem,
1532 547 1652 605 sive
1678 561 1837 621 quem
1874 543 2120 616 prirnitns

481 635 488 644 ’
531 648 805 715 condidit,
833 648 945 703 sive
971 646 1129 701 istum
1166 658 1322 715 quem
1354 640 1634 713 praesentia
1659 639 1789 694 solis
1812 637 1938 693 fecit
1968 650 2120 693 :non

531 744 606 800 ita
626 741 784 810 dixit,
813 738 907 797 sed
936 735 1251 809 interposuit
1278 733 1441 807 diem,
1471 730 1678 799 dicens,
1697 727 1834 787 .Cum
1855 730 2021 803 [actus
2049 735 2122 782 est

532 834 657 888 dies.
703 830 813 887 Nec
847 831 917 889 ita
958 832 1164 885 locutus
1205 833 1288 881 est
1332 832 1389 879 ut
1433 822 1672 889 diceret,
1706 820 1813 876 'liic
1850 828 1941 876 est
1984 816 2121 873 liber

534 932 795 992 creaturae
821 921 927 981 diei
951 929 1005 976 et
1026 919 1149 976 cceli
1175 926 1229 974 et
1256 926 1447 983 teme;
1477 922 1732 984 tanquam
1760 910 1863 966 hoc
1888 910 2078 966 ordine
2099 950 2116 977 ,

531 1031 637 1089 quo
666 1014 801 1070 facta
828 1020 1107 1070 narrantur
1139 1027 1152 1063 :
1181 1024 1281 1065 nec
1314 1008 1385 1063 ita
1408 1047 1427 1075 ,
1454 1004 1553 1061 llic
1581 1011 1666 1060 est
1692 1003 1827 1059 liber
1859 1009 2121 1059 creatum

531 1107 653 1163 οωιί
682 1115 736 1162 et
765 1114 939 1170 terrm,
976 1117 1097 1158 cum
1128 1100 1295 1155 lactus
1325 1107 1410 1155 est
1438 1096 1553 1153 dies
1576 1104 1631 1151 et
1655 1093 1848 1151 coelum
1871 1102 1925 1149 et
1956 1101 2117 1159 terra,

530 1215 655 1255 cum
698 1197 823 1253 fecit
866 1195 1007 1250 Deus
1047 1193 1240 1249 ctelum
1284 1198 1339 1248 et
1378 1198 1608 1256 terram,
1652 1195 1707 1243 et
1746 1200 1907 1269 omne
1950 1180 2121 1239 viride

530 1292 642 1365 agri
673 1309 687 1347 :
726 1306 824 1346 nec
858 1287 964 1357 ita,
994 1286 1094 1344 Hic
1116 1296 1197 1342 cst
1222 1286 1356 1341 liber
1392 1291 1649 1340 creaturae
1688 1279 1811 1336 coeli
1838 1287 1893 1334 et
1920 1285 2078 1333 terra:
2100 1317 2118 1344 ,

428 1374 435 1381 ’
531 1401 651 1442 cum
688 1383 813 1440 fecit
848 1383 989 1438 Deus
1015 1381 1181 1449 diem,
1220 1389 1274 1437 et
1310 1379 1503 1435 coelum
1532 1386 1587 1431 et
1618 1385 1812 1431 terram
1832 1415 1847 1441 ,
1879 1379 1934 1427 et
1961 1385 2121 1426 omne

464 1529 477 1535 -
532 1476 699 1533 viride
724 1474 836 1547 agri
862 1492 873 1528 :
903 1472 1002 1529 bos
1022 1474 1164 1528 enim
1191 1471 1360 1543 magis
1387 1468 1670 1525 locutionis
1689 1465 1878 1520 modos
1899 1463 2122 1535 loquen-

529 1568 583 1626 di
610 1566 941 1624 consuetudo
969 1564 1241 1637 poscebat.
1281 1560 1387 1619 Sed
1415 1562 1509 1627 ait,
1546 1557 1644 1613 llic
1672 1566 1743 1611 est
1770 1555 1895 1611 liber
1918 1564 2120 1608 creatu-

532 1677 603 1716 ηε
625 1659 737 1715 caeli
761 1668 805 1713 et
827 1668 1001 1725 terrae,
1031 1672 1145 1710 cum
1171 1658 1337 1728 [actus
1363 1660 1433 1706 est
1472 1650 1599 1715 dies,
1627 1648 1749 1722 fecit
1776 1645 1911 1701 Deus
1940 1646 2122 1702 cwlum

531 1763 578 1809 et
617 1763 837 1820 terram,
875 1760 922 1806 et
960 1766 1107 1805 omne
1148 1747 1305 1803 viride
1339 1744 1453 1817 agri
1484 1759 1501 1799 :
1532 1753 1781 1815 tanquam
1818 1738 1950 1796 illud
1987 1737 2121 1794 insi-

531 1860 724 1912 nuans,
750 1858 873 1899 cum
897 1841 1063 1897 factus
1086 1848 1169 1897 est
1197 1838 1332 1907 dies,
1364 1847 1491 1893 tunc
1516 1834 1706 1892 fecisse
1726 1833 1893 1891 Deum
1922 1832 2122 1890 coelum

533 1945 587 1992 et
612 1944 830 1999 terram,
860 1943 913 1989 et
940 1948 1099 1989 omne
1124 1930 1291 1987 viride
1311 1929 1446 2001 agri.

604 2025 658 2082 6.
702 2025 871 2081 Porro
897 2031 1073 2079 autem
1097 2021 1338 2092 superior
1363 2019 1597 2074 narratio
1620 2016 1817 2072 factum
1844 2014 1987 2071 diem
2012 2014 2123 2087 pri-

533 2116 697 2174 mitus
747 2114 977 2179 indicat,
1026 2128 1255 2184 eumque
1294 2128 1456 2167 unum
1504 2109 1645 2167 diem
1690 2108 1954 2180 deputat;
1998 2116 2124 2181 post

532 2226 694 2282 quem
737 2208 1028 2265 secundum
1066 2214 1412 2272 annumerat,
1457 2219 1563 2277 quo
1608 2203 1802 2259 factum
1831 2212 1913 2259 est
1939 2203 2122 2257 ﬁrma-

532 2310 805 2370 mentum;
838 2311 892 2359 et
919 2303 1133 2357 tertium
1153 2343 1167 2369 ,
1198 2315 1302 2372 quo
1328 2298 1535 2371 species
1563 2305 1719 2354 terra:
1742 2296 2015 2369 marisque
2042 2295 2124 2353 di-

532 2407 697 2470 gestae
725 2405 880 2463 sunt,
912 2404 965 2451 et
991 2395 1193 2473 lignum
1222 2402 1381 2465 atque
1410 2390 1631 2449 herbam
1673 2400 1814 2447 terra
1851 2388 2119 2462 produxit.

531 2492 617 2547 An
651 2490 788 2546 forte
810 2489 913 2545 hoc
939 2488 1071 2544 illud
1098 2496 1200 2557 est,
1228 2485 1371 2558 quod
1395 2486 1449 2540 in
1472 2486 1613 2541 libro
1634 2484 1909 2556 superiore
1938 2483 2125 2541 molie-

531 2582 723 2639 bamur
742 2580 1047 2651 ostendere,
1064 2579 1224 2647 simul
1252 2580 1420 2635 Deum
1441 2576 1635 2633 fecisse
1655 2576 1853 2645 omnia,
1884 2574 2125 2651 quando-

532 2674 748 2748 quidem
783 2671 1106 2731 narrationis
1138 2672 1236 2729 illa
1275 2670 1578 2736 contextio,
1619 2684 1741 2724 cum
1778 2682 1875 2724 sex
1917 2667 2125 2727 dierum

534 2767 723 2826 ordine
766 2776 949 2825 creata
991 2775 1184 2825 cuncta
1225 2775 1281 2822 et
1325 2771 1693 2821 consummata
1737 2770 2122 2829 memorasset,

531 2878 678 2920 nunc
714 2861 783 2918 ad
823 2876 987 2919 unum
1014 2859 1163 2918 diem
1186 2859 1369 2917 omnia
1410 2857 1724 2927 rediguntur
1761 2855 1978 2913 nomine
2004 2855 2126 2911 cteli

535 2964 591 3011 et
621 2964 804 3023 terrae,
848 2954 1101 3025 adjuncto
1128 2952 1288 3008 etiam
1318 2950 1564 3006 fruticum
1590 2946 1827 3020 genere?
1864 2946 2126 3003 Nimirum

533 3058 753 3120 propter
776 3046 917 3118 quod
945 3060 1107 3118 supra
1138 3045 1271 3114 dixi,
1304 3051 1363 3101 ut
1387 3044 1431 3098 si
1460 3041 1702 3098 fortassis
1726 3056 1790 3096 ex
1818 3039 1918 3095 hac
1943 3048 2128 3097 nostra

533 3138 917 3196 consuetudine
941 3136 1328 3208 intelligeretur
1354 3135 1473 3190 dies
1492 3175 1507 3201 ,
1536 3132 1894 3203 corrigeretur
1922 3131 2089 3191 lector
2107 3172 2123 3199 ,

535 3248 658 3288 cunt
699 3231 963 3288 recoleret
996 3228 1167 3286 viride
1194 3227 1307 3300 agri
1349 3235 1475 3297 ante
1512 3225 1671 3283 istum
1716 3225 1947 3281 solarem
1981 3222 2125 3279 diem

533 3326 706 3381 Deum
733 3322 933 3380 dixisse
962 3330 1021 3378 ut
1052 3332 1193 3377 terra
1211 3318 1549 3394 produceret.
1570 3318 1649 3377 Ita
1664 3316 1778 3388 jam
1803 3332 1907 3373 non
1927 3332 1995 3372 ex
2020 3316 2127 3373 alio

536 3418 829 3490 Scriptura
873 3425 1073 3473 sanctae
1115 3414 1253 3469 libro
1288 3411 1553 3484 profertur
1592 3410 1957 3467 testimonium
1985 3409 2128 3482 quod

536 3511 716 3569 omnia
744 3509 902 3566 simul
931 3509 1072 3565 Deus
1100 3506 1363 3564 creaverit
1396 3502 1581 3578 (Eccli.
1609 3519 1741 3561 xvm
1760 3545 1775 3571 ,
1808 3501 1859 3574 t)
1884 3520 1898 3568 ;
1930 3502 2025 3559 sed
2051 3504 2129 3558 vi-

540 3604 663 3660 cina
703 3602 1006 3658 testiﬁcatio
1047 3600 1254 3671 paginae
1299 3597 1675 3666 consequentis
1712 3610 1779 3652 ex
1815 3594 1918 3652 hac
1944 3611 2002 3651 re
2029 3610 2129 3651 nos

538 3695 828 3763 admonet,
860 3694 1043 3750 dicens
1064 3732 1081 3759 ,
1112 3689 1240 3746 Cum
1260 3689 1425 3759 [actus
1449 3696 1522 3747 est
1560 3686 1689 3755 dies,
1722 3687 1839 3759 fecit
1867 3684 2005 3743 Deus
2029 3701 2126 3741 coe-

538 3787 647 3842 lum
675 3794 723 3841 et
751 3795 958 3853 terram,
989 3791 1034 3838 et
1062 3798 1211 3838 omne
1242 3781 1399 3836 viride
1428 3779 1540 3857 qgri
1571 3794 1591 3834 :
1616 3787 1675 3834 ut
1701 3779 1860 3851 istum
1888 3778 2031 3835 diem
2073 3788 2131 3837 et

540 3878 739 3950 septies
766 3876 1029 3946 intelligas
1050 3874 1356 3946 repetitum,
1378 3881 1444 3928 ut
1464 3871 1654 3927 tierent
1673 3878 1879 3942 septem
1904 3870 2054 3937 dies;
2076 3878 2131 3927 et

539 3988 663 4028 cum
688 3971 839 4027 audis
872 3980 999 4027 tunc
1024 3968 1160 4024 facta
1187 3966 1387 4034 omnia,
1419 3980 1541 4021 cum
1572 3964 1741 4020 lactus
1767 3974 1851 4021 est
1874 3963 2021 4031 dies,
2062 3963 2130 4018 il-

541 4067 651 4121 lam
688 4064 951 4143 senariam
992 4062 1077 4118 vel
1104 4059 1460 4133 septenariam
1484 4061 1861 4131 repetitionem
1893 4059 2010 4115 sine
2038 4058 2130 4115 in-

540 4159 778 4215 tervallis
804 4171 1076 4213 morarum
1101 4156 1502 4227 spatiorumque
1524 4154 1893 4225 temporalium
1914 4154 2126 4222 laetam,

541 4254 588 4309 si
613 4253 807 4324 possis,
834 4249 1237 4324 apprehendas;
1280 4250 1328 4305 si
1364 4249 1600 4305 nondum
1645 4249 1848 4320 possis,
1888 4249 2003 4305 haec
2042 4264 2132 4305 re-

540 4347 753 4420 linquas
776 4344 1152 4417 conspicienda
1171 4344 1472 4401 valentibus
1505 4361 1519 4399 :
1552 4354 1607 4400 tu
1630 4353 1813 4400 autem
1838 4359 1960 4400 cum
1985 4343 2131 4399 Scri-

540 4449 696 4511 ptura
739 4454 846 4495 non
872 4438 1158 4494 deserente
1185 4436 1552 4492 infirmitatem
1581 4444 1725 4491 tuam
1743 4476 1757 4502 ,
1805 4444 1860 4491 et
1886 4445 2130 4491 materno

541 4532 755 4588 incessu
794 4539 970 4587 tecum
1000 4528 1203 4585 tardius
1240 4527 1548 4584 ambulante
1585 4524 1864 4597 proﬁcias;
1897 4542 2015 4597 qua:
2053 4525 2132 4582 sic

542 4627 795 4697 loquitur,
826 4633 882 4680 ut
905 4623 1185 4679 altitudine
1220 4621 1481 4693 superbos
1510 4620 1748 4689 irrideat,
1775 4618 2131 4690 profunditate

540 4727 772 4776 attentos
803 4724 1018 4785 terreat,
1045 4715 1270 4775 veritate
1298 4728 1518 4786 magnos
1542 4720 1723 4784 pascat
1749 4711 1797 4779 ‘,
1824 4708 2133 4768 allabilital

544 4813 794 4883 parvulos
817 4811 1035 4869 nutriat.

540 4902 769 4961 CAPUT
798 4902 885 4959 Ν.
918 4932 986 4943 -—
1009 4900 1111 4958 Cur
1134 4905 1306 4974 fenum
1331 4907 1599 4972 antequam
1616 4897 1899 4955 norit-aur
1939 4899 2132 4971 factum

1132 4996 1175 5063 οἱ
1172 4993 1301 5051 uisse
1318 4992 1522 5049 dicitur.

614 5089 666 5143 7.
696 5086 834 5156 Quid
871 5084 974 5143 sibi
1010 5100 1136 5157 ergo
1172 5085 1286 5140 vult
1321 5083 1486 5140 etiam
1524 5082 1666 5154 quod
1693 5082 1934 5153 sequitur
1963 5099 1977 5137 :
2006 5098 2129 5137 nam

545 5182 613 5239 ita
639 5193 819 5239 sermo
842 5179 1142 5237 contexitur
1160 5219 1176 5246 ,
1200 5174 1343 5235 ,Cum
1368 5179 1536 5249 factus
1568 5186 1642 5235 est
1669 5176 1776 5231 dies
1793 5217 1808 5242 ,
1830 5176 1962 5249 βαι
1990 5174 2131 5231 Heus

541 5278 722 5333 catum
756 5284 807 5333 st
832 5284 1055 5341 terram,
1094 5283 1145 5329 et
1171 5289 1320 5328 amris
1342 5271 1502 5329 viride
1527 5271 1672 5343 agri,
1711 5280 2131 5340 antequamsset

537 5379 943 5442 superwterram,
981 5378 1030 5425 et
1058 5385 1209 5429 omne
1235 5369 1405 5440 [arum
1427 5366 1572 5439 agri,
1605 5375 1873 5438 ωιιαιιωηι
1902 5376 2132 5422 exortum

540 5464 655 5518 est?
680 5461 819 5530 Quid
840 5461 1098 5520 esthoc?
1124 5446 1313 5517 Nonne
1341 5457 1689 5530 querendum
1718 5467 1806 5516 est
1834 5460 1922 5515 ubi
1960 5474 2025 5516 ea
2044 5461 2131 5517 fe-

542 5556 703 5624 cerit,
751 5563 1037 5628 antequam
1070 5558 1257 5612 essent
1299 5566 1465 5623 super
1492 5560 1722 5617 terram,
1751 5561 1809 5609 et
1846 5560 2134 5625 antequam

542 5656 729 5706 exorta
751 5659 876 5705 sunt
895 5648 919 5704 ‘l
940 5646 1244 5718 Quis-enim
1269 5660 1379 5701 non
1403 5643 1688 5716 proclivius
1712 5644 1976 5713 crederet,
2006 5654 2134 5703 tunc

540 5755 606 5799 ea
648 5743 815 5797 Deum
840 5741 1034 5797 fecisse
1058 5781 1074 5808 ,
1111 5753 1235 5795 cum
1275 5747 1462 5795 exorta
1496 5744 1657 5800 sunt,
1696 5751 1807 5792 non
1846 5748 2133 5810 antequam

542 5845 724 5893 exorta
750 5846 891 5904 sunt,
922 5836 1028 5892 nisi
1049 5833 1437 5889 admoneretur.
1447 5831 1549 5887 hoc
1570 5830 2006 5905 divinoeloquio,
2031 5834 2132 5891 ista

605 5948 622 5981 ⁸
648 5956 852 6000 Veteres
874 5949 1066 6000 codices
1087 5947 1279 6009 optimae
1298 5952 1443 6008 noun,
1467 5956 1612 6008 agnos
1634 5951 1820 6006 pascat.

1482 435 1570 492 DE
1606 431 1850 492 cenes:
1885 432 1978 487 AD
2015 384 2389 502 misum,
2428 431 2486 489 s.
2525 432 2895 494 AUGUSTINI

3711 442 3820 502 ἵ»ῑῶ

2229 545 2396 603 Deum
2436 544 2630 604 fecisse
2667 556 2949 620 antequam
2976 550 3352 621 exorirentur,
3387 560 3448 608 ut
3482 552 3531 609 si
3557 553 3649 611 ubi
3676 554 3839 625 facta,

2226 638 2353 707 sint,
2394 639 2634 697 invenire
2671 655 2778 696 non
2824 641 3027 711 possit,
3069 641 3251 698 credat
3288 652 3468 702 tamen
3507 654 3632 702 ante
3672 646 3816 705 facta

2227 690 2386 803 quam
2409 742 2614 801 exorta,
2638 690 2885 806 quisquis
2910 690 3035 793 ιιῌίέι
3060 690 3847 810 ἐὲξῐιῆὶιιῖρῖἔαὲἓῖίιῗᾶῗ

2226 793 2314 896 pie
2340 825 2538 897 quippe
2566 793 2682 882 non
2703 793 2891 882 ere-dit.
3076 793 3087 794 ί
3116 793 3119 794 ν
3156 793 3199 808 Ἰ
3310 793 3337 795 ἡ
3488 793 3686 807 *Ἰν-Ἰ,

2296 919 2351 975 8.
2380 918 2516 988 Quid
2555 936 2683 992 ergo
2714 920 2997 977 dicemus?
3036 921 3120 977 An
3144 921 3287 993 quod
3322 922 3561 979 nonnulli
3586 932 3819 995 putave-
3848 898 3855 913 δ

2225 1017 2386 1078 runt,
2415 1009 2469 1064 in
2494 1010 2611 1081 ipso
2640 1011 2814 1069 Verbo
2842 1011 2938 1068 Dei
2964 1010 3102 1068 facta
3127 1013 3337 1078 omnia,
3366 1022 3654 1086 antequam
3680 1031 3815 1074 exo'

2227 1100 2463 1156 rirentur
2503 1102 2559 1157 in
2604 1102 2780 1159 terra?
2805 1102 2911 1160 Sed
2948 1103 2994 1158 si
3021 1102 3123 1159 hoc
3152 1103 3311 1159 modo
3340 1105 3477 1161 facta
3498 1113 3624 1162 sunt
3645 1148 3664 1176 ,
3707 1122 3817 1162 non

2227 1207 2349 1249 cum
2392 1193 2563 1251 factus
2592 1203 2675 1250 est
2702 1194 2817 1250 dies
2835 1237 2850 1263 ,
2876 1195 2972 1252 sed
2999 1204 3283 1267 antequam
3308 1196 3463 1252 ﬁeret
3500 1197 3614 1253 dies
3632 1237 3652 1266 ,
3674 1197 3818 1255 facta

2224 1291 2393 1341 sunt:
2421 1294 2605 1356 aperte
2646 1294 2824 1341 autem
2862 1285 3135 1357 Scriptura
3172 1286 3333 1357 dicit,
3377 1285 3503 1344 Cum
3526 1268 3708 1363 jactus
3735 1300 3818 1351 ,εει

2227 1373 2334 1430 dies
2354 1416 2368 1441 ,
2401 1377 2517 1448 fecit
2543 1375 2681 1433 Deus
2706 1376 2887 1433 cwlum
2911 1388 2958 1432 et
2988 1390 3207 1449 terram,
3244 1392 3292 1435 et
3330 1397 3475 1436 omne
3508 1381 3675 1447 (viride
3704 1381 3820 1454 agri

2227 1477 2494 1539 antequam
2517 1479 2646 1524 esset
2682 1485 2834 1541 super
2860 1480 3077 1541 terram,
3106 1480 3151 1526 et
3177 1488 3323 1527 omne
3346 1476 3520 1547 fenum
3547 1456 3821 1547 antequam

2227 1560 2526 1616 exoriretur.
2568 1561 2624 1617 Si
2652 1576 2781 1635 ergo
2808 1577 2929 1618 cum
2973 1562 3142 1619 factus
3189 1574 3273 1619 est
3300 1563 3451 1633 dies,
3493 1582 3599 1637 non
3635 1566 3824 1637 utique

2227 1661 2511 1723 antequam
2539 1652 2698 1711 ﬁeret
2724 1653 2839 1709 dies
2867 1672 2881 1708 :
2911 1669 2975 1709 ac
2997 1671 3093 1727 per
3118 1656 3221 1710 hoc
3245 1671 3352 1711 non
3382 1656 3435 1711 in
3450 1656 3647 1726 Verbo,
3674 1656 3824 1728 quod

2226 1742 2371 1801 Patri
2399 1757 2725 1803 eoaeternum
2752 1754 2833 1803 est
2858 1756 3143 1823 antequam
3170 1744 3305 1816 dies,
3334 1758 3618 1827 antequam
3638 1749 3822 1827 omni-

2198 1853 2299 1899 _no
2321 1837 2519 1910 aliquid
2550 1838 2732 1904 ﬁeret;
2772 1822 2871 1896 sed
2897 1855 3018 1896 cum
3048 1839 3217 1909 factus
3262 1822 3519 1900 estdie's.
3540 1822 3701 1899 Nam
3728 1822 3826 1897 illa

2228 1949 2346 2005 quae
2377 1934 2431 1989 in
2461 1932 2633 1990 Verbo
2669 1933 2763 1990 Dei
2792 1942 2915 1992 ante
2940 1949 3155 1992 omnem
3181 1944 3483 1993 creaturam
3512 1942 3673 2002 sunt,
3706 1949 3825 1995 non

2228 2025 2407 2095 utique
2439 2023 2575 2087 facta
2600 2033 2723 2080 sunt
2749 2024 2766 2056 ί
2800 2042 2813 2077 :
2844 2024 2960 2082 haec
2977 2035 3152 2082 autem
3174 2024 3313 2082 facta
3333 2034 3476 2093 sunt,
3504 2042 3627 2084 cum
3646 2024 3826 2083 factus

2228 2125 2311 2173 est
2337 2116 2471 2184 dies,
2502 2118 2640 2173 sicut
2668 2117 2957 2189 Scriptura:
2992 2119 3151 2175 verba
3176 2118 3484 2186 declarant;
3513 2119 3609 2183 sed
3640 2129 3827 2185 tamen

2228 2219 2509 2281 antequam
2538 2220 2717 2266 essent
2745 2226 2907 2282 super
2937 2221 3133 2268 terram
3159 2252 3173 2277 ,
3216 2220 3501 2287 antequam
3545 2213 3828 2277 eromen-

2230 2311 2316 2359 tur
2333 2294 2361 2370 ;“
2372 2303 2519 2385 quod
2544 2304 2612 2360 de
2641 2303 2896 2360 viridibus
2921 2314 2975 2361 et
2998 2304 3122 2361 leno
3147 2306 3261 2378 agri
3286 2306 3620 2375 dictumiest.

2300 2394 2353 2451 9.
2383 2395 2482 2452 Ubi
2504 2395 2668 2468 ergo?
2701 2397 2782 2451 An
2804 2396 2859 2453 in
2880 2396 3000 2467 ipsa
3028 2406 3168 2454 terra
3193 2398 3476 2454 causaliter
3508 2408 3564 2465 et
3588 2398 3829 2469 ratiouav

2229 2487 2353 2542 liter
2380 2504 2396 2554 ;
2427 2488 2564 2543 sicut
2601 2488 2654 2542 in
2684 2488 2980 2545 seminibus
3000 2490 3113 2560 jam
3138 2498 3266 2545 sunt
3290 2491 3504 2559 eximia,1
3534 2500 3828 2562 antequam

2230 2579 2477 2649 evolvam
2524 2579 2939 2650 quodammodo,
2986 2591 3145 2654 atque
3185 2583 3452 2656 explicent
3474 2582 3827 2649 incrementa

2231 2681 2286 2728 et
2315 2670 2522 2744 species
2548 2686 2674 2726 suas
2699 2687 2796 2742 per
2821 2687 3074 2729 numeros
3104 2673 3450 2746 temporum?
3466 2674 3829 2741 Sedistaqe-

2224 2763 2411 2833 mina,
2441 2780 2559 2836 qua:
2590 2764 2867 2833 videmus,
2909 2765 3021 2837 jam
3069 2782 3231 2838 super
3268 2775 3471 2825 terram
3514 2776 3668 2835 sunt,
3698 2767 3823 2838 jam

2232 2866 2417 2914 exorta
2441 2865 2566 2912 sunt
2595 2874 2610 2913 :
2636 2872 2815 2913 annon
2835 2866 2990 2919 erant
3008 2858 3523 2930 super.terram,.sed
3536 2858 3689 2925 intra
3709 2867 3829 2917 ter-

2230 2964 2384 3016 ram;
2411 2959 2463 3005 et
2488 2948 2616 3007 ideo
2640 2960 2925 3022 antequam
2949 2960 3134 3007 exorta
3158 2959 3325 3019 sunt,
3352 2948 3494 3007 facta
3518 2958 3670 3020 sunt,
3692 2952 3831 3021 quia

2233 3050 2361 3103 tunc
2396 3052 2588 3099 exorta
2626 3051 2751 3099 sunt
2773 3084 2790 3111 ,
2837 3059 2961 3101 cum
2988 3044 3191 3101 semina
3215 3044 3579 3117 germinarunt
3599 3086 3616 3112 ,
3649 3055 3709 3101 et
3732 3060 3830 3103 ac-

2232 3151 2388 3194 cessu
2419 3137 2868 3193 incrementorum
2901 3139 2958 3193 in
2993 3153 3156 3197 auras
3183 3148 3507 3210 eruperunt,
3534 3138 3692 3210 quod
3716 3153 3832 3209 «ροι-

2228 3243 2413 3295 moras
2442 3238 2739 3300 temporum
2776 3244 2917 3285 nunc
2950 3229 3069 3289 ﬁeri
3093 3228 3337 3289 videmus
3360 3245 3474 3295 .sno
3506 3230 3703 3301 cuique
3724 3244 3830 3301 ge-

2226 3323 2351 3379 neri
2373 3323 2721 3380 distrihutas?
2760 3323 2899 3380 Num
2936 3340 3065 3396 ergo
3103 3325 3307 3385 semitm
3338 3334 3479 3383 tunc
3502 3324 3830 3392 Nam,

2232 3431 2353 3479 cum
2378 3416 2550 3473 factus
2573 3424 2658 3472 est
2682 3416 2825 3484 dies,
2853 3425 2908 3473 et
2930 3418 2983 3472 in
3014 3418 3145 3488 ipsis
3169 3426 3285 3475 erat
3307 3431 3466 3477 omne
3490 3415 3661 3473 viride
3687 3414 3830 3487 agri,

2228 3516 2289 3567 et
2314 3524 2473 3575 cunne
2509 3506 2691 3567 festum
2715 3549 2731 3577 ,
2774 3508 3014 3567 nondum
3044 3525 3112 3567 ea
3152 3510 3331 3580 specie
3346 3524 3462 3580 tque
3498 3516 3625 3565 sunt
3662 3522 3833 3578 super

2236 3612 2436 3659 terram
2457 3601 2571 3673 jam
2597 3612 2806 3670 exorta,
2843 3603 2943 3660 sed
2967 3619 3032 3660 ea
3060 3603 3116 3660 vi
3138 3619 3243 3675 qua
3273 3610 3399 3659 sunt
3434 3603 3489 3659 in
3506 3600 3834 3659 .rationlms

2233 3698 2498 3754 seminum
2519 3697 2541 3751 ?
2573 3696 2790 3753 Semina
2819 3712 2949 3769 ergo
2975 3697 3204 3769 primum
3230 3706 3373 3756 terra
3400 3696 3694 3770 produxit?
3716 3694 3834 3754 Sed

2233 3803 2343 3845 non
2370 3789 2442 3845 ita
2478 3787 2755 3858 Scriptura
2780 3788 3133 3859 loquebatur,
3178 3805 3307 3846 eum
3332 3789 3569 3857 diceret,
3597 3787 3668 3843 Et
3698 3805 3834 3860 mpro-

2234 3879 2380 3935 duxit
2405 3888 2541 3934 terra
2567 3879 2771 3934 herbam
2805 3879 3012 3953 pabuli,
3038 3880 3122 3936 vel
3160 3880 3380 3937 herbam
3414 3879 3833 3947 {annuatim—

2236 3980 2336 4027 tem
2357 3973 2378 4004 ³
2408 3989 2580 4028 semen
2608 3973 2887 4029 secundum
2916 3990 3074 4045 genus
3088 3982 3182 4043 ,μα
3217 3973 3493 4030 mundum
3527 3972 3833 4030 indiiudi-

2234 4079 2385 4130 nem;
2404 4072 2453 4119 et
2472 4064 2666 4137 lignum
2687 4069 3004 4136 fructuosum
3022 4067 3212 4139 faciens
3232 4070 3473 4139 fruamur,
3494 4066 3643 4139 cujus
3657 4082 3833 4122 suum

2226 4170 2383 4213 suum
2426 4156 2478 4231 in
2515 4173 2569 4211 se
2602 4157 2883 4213 secundum
2912 4175 3070 4230 genius
3106 4175 3258 4230 super
3282 4167 3502 4215 .terram.
3546 4158 3644 4214 His
3682 4160 3833 4215 enim

2234 4250 2415 4307 verbis
2450 4251 2617 4323 magis
2644 4260 2866 4322 apparet
2891 4253 3096 4309 semina
3133 4268 3254 4319 esse
3286 4261 3405 4308 orta
3440 4268 3511 4309 ex
3544 4251 3740 4309 ὠαὺίι
3773 4261 3833 4309 et

2238 4341 2429 4414 lignis;
2464 4358 2573 4399 non
2617 4352 2793 4401 autem
2831 4344 2923 4401 illa
2952 4359 3020 4402 ex
3056 4343 3510 4413 semiuibus,ssd
3536 4353 3784 4401 enterra
3815 4363 3830 4399 ε

2236 4439 2535 4508 praesertim
2564 4437 2689 4509 quia
2716 4447 2773 4497 et
2798 4453 2911 4509 ipsa
2937 4439 3102 4495 verba
3126 4439 3222 4496 Dei
3250 4439 3341 4497 sic
3366 4453 3428 4495 se
3442 4438 3676 4496 habent.
3700 4438 3830 4494 Non

2236 4531 2382 4588 enim
2404 4531 2498 4598 ait,
2530 4532 2842 4589 Germinent
2866 4533 3071 4588 semina
3112 4532 3167 4587 in
3199 4539 3341 4588 terra
3367 4530 3592 4588 herbam
3608 4530 3741 4597 leni,
3773 4538 3833 4587 et

2237 4625 2438 4697 lignum
2477 4623 2842 4692 fructuosum;
2879 4624 2975 4681 sed
3012 4625 3120 4691 ait,
3142 4622 3409 4680 .Geminet
3448 4634 3585 4680 tem
3618 4622 3831 4679 habet

2237 4719 2344 4791 feni
2366 4719 2697 4775 seminatust):
2717 4733 2920 4783 semen;
2948 4727 3006 4772 ut
3028 4732 3218 4774 semen
3242 4716 3527 4783 etherba,
3550 4732 3666 4771 ann
3696 4714 3828 4770 her-

2237 4814 2360 4871 bam
2387 4812 2684 4869 insinuaret
2705 4826 2776 4868 ex
2808 4811 3034 4867 semine.
3064 4808 3138 4864 Et
3161 4811 3335 4865 siaest
3360 4809 3584 4880 factum,
3622 4816 3671 4862 es
3694 4824 3830 4880 pre-

2220 4904 2382 4961 ιάιαὲι
2421 4915 2558 4959 terra
2591 4900 2745 4973 (Gen.
2790 4918 2843 4970 ι,
2886 4903 2948 4957 M
2970 4941 2986 4969 ,
3030 4901 3119 4975 12)
3141 4918 3157 4968 ;
3180 4900 3245 4957 id
3282 4910 3395 4968 est,
3430 4899 3590 4971 :prius
3624 4900 3706 4956 sic
3742 4908 3831 4958 est

2232 4996 2436 5055 facutm
2454 4997 2517 5053 .in
2540 4994 3005 5067 cognitioneillius
3030 4993 3156 5056 diei,
3179 5001 3233 5048 et
3262 4991 3511 5063 produxit
3533 4990 3826 5061 tenasjam,

2236 5100 2297 5147 ut
2324 5090 2426 5147 hoc
2449 5090 2602 5145 ﬁeret
2628 5088 2789 5145 etiam
2818 5089 2874 5142 in
2896 5088 3012 5158 ipa
3028 5095 3305 5153 creatura,
3332 5100 3455 5156 quin
3474 5084 3826 5145 camitem.

2306 5182 2398 5239 40.
2427 5180 2706 5249 Quomodo
2730 5195 2858 5251 ergo
2882 5189 3171 5250 antequam
3196 5186 3379 5235 essent
3402 5192 3572 5248 super
3588 5186 3824 5242 lteri-am,

2238 5283 2293 5332 et
2311 5283 2595 5344 antequam
2621 5272 2967 5329 exorirentur
2992 5271 3198 5343 ειμιαεί
3230 5269 3380 5327 aliud
3412 5267 3830 5324 eisduerivﬁeri

2222 5381 2361 5422 cum
2383 5365 2523 5421 casio
2545 5372 2600 5420 et
2626 5374 2766 5420 terra
2786 5404 2800 5431 ,
2830 5361 3045 5435 quando
3086 5362 3371 5419 factuseest
3392 5359 3629 5417 diesiille
3655 5357 3829 5413 inusi-

2236 5466 2381 5521 tatus
2402 5456 2883 5528 atqueincognitus
2902 5454 3057 5511 nobis
3075 5496 3091 5524 ,
3121 5469 3281 5526 quem
3312 5453 3545 5525 primum
3570 5449 3825 5509 Deusde-

2226 5551 2518 5620 'cit;aliud
2555 5560 2733 5607 autem
2774 5549 2974 5606 exoriri
2990 5563 3161 5620 super
3174 5556 3413 5615 terram,
3459 5544 3605 5617 quod
3629 5559 3739 5599 non
3768 5540 3831 5597 ﬁt

2239 5650 2343 5707 nisi
2369 5664 2465 5721 per
2486 5647 2591 5704 hos
2615 5646 2759 5714 dies,
2786 5660 2923 5716 quos
2963 5644 3216 5700 circuitus
3228 5642 3369 5699 colis
3413 5639 3540 5697 facit
3564 5647 3829 5710 pertem-

2237 5758 2431 5816 pornm
2446 5754 2637 5799 amaras
2655 5756 2753 5797 suo
2780 5741 2972 5811 cuique
2982 5738 3171 5810 generi
3188 5734 3653 5794 accommodatas?
3672 5729 3829 5802 Quod

2306 5885 2322 5914 ι
2350 5888 2479 5941 Lov.,
2512 5892 2604 5928 non
2627 5875 2788 5943 utique
2811 5890 2921 5943 eum
2942 5875 3096 5940 factus
3117 5880 3188 5925 est
3210 5872 3312 5927 dies
3334 5876 3462 5939 facta
3484 5876 3608 5926 sunt
3678 5876 3737 5919 It.

2304 5946 2325 5976 ¹
2347 5950 2453 5994 MSS.
2775 5940 2975 5992 habent.
2998 5949 3252 5991 senum.
