4090 6452
332 546 379 601 si
404 542 484 598 in
526 551 638 607 est,
684 538 902 611 diesque
948 532 1038 595 ille
1067 538 1291 594 societas
1339 544 1496 608 atque
1534 536 1709 589 unitas
1757 550 1916 603 super

334 638 635 693 cmleStium
664 636 988 705 Angelorum
1016 644 1173 704 atque
1192 633 1455 687 Virtutum
1477 640 1589 695 est;
1613 629 1800 701 procul
1828 628 1923 681 du-

335 731 423 785 bio
455 730 616 800 longe
642 728 796 782 aliter
826 736 949 781 nota
978 734 1058 780 est
1084 726 1299 795 Angelis
1325 735 1569 779 creatura
1611 724 1738 787 Dei,
1769 722 1922 775 aliter

335 819 496 875 nobis
520 839 532 874 :
558 829 781 889 excepto
802 816 942 888 quod
964 831 1079 872 eam
1099 818 1149 869 in
1178 816 1347 870 Verbo
1378 815 1471 868 Dei
1496 820 1789 874 noverunt,
1828 824 1923 879 per

333 912 481 983 quod
498 911 635 966 facta
660 917 782 965 sunt
800 908 999 975 omnia;
1027 910 1183 964 etiam
1207 908 1260 961 in
1277 908 1447 977 seipsa
1466 904 1585 959 dico
1603 904 1753 971 longe
1772 902 1923 955 aliter

338 1012 525 1057 noram
573 1001 653 1056 eis
680 1014 798 1057 esse
827 1015 983 1070 quam
1033 999 1203 1053 nobis.
1246 996 1362 1051 illis
1392 996 1531 1052 enim
1570 992 1921 1065 primordiali-

334 1102 449 1161 ter,
487 1100 544 1148 ut
566 1094 643 1149 ita
688 1092 893 1159 dicam,
934 1092 1017 1147 vel
1062 1088 1417 1162 originaliter,
1447 1084 1585 1144 sicut
1622 1100 1740 1143 eam
1780 1086 1923 1141 Deus

335 1186 590 1254 primitus
634 1183 902 1251 condidit,
949 1194 1003 1237 et
1048 1191 1166 1252 post
1194 1191 1312 1236 eam
1359 1179 1713 1235 conditionem
1744 1194 1771 1229 a
1804 1178 1913 1231 suis

335 1278 595 1346 operibus
641 1276 939 1346 requievit,
980 1289 1083 1329 non
1110 1270 1389 1329 condendo
1427 1270 1621 1341 aliquid
1651 1269 1874 1339 amplius
1907 1285 1918 1320 :

335 1366 495 1421 nobis
524 1375 704 1421 autem
749 1365 1038 1421 secundum
1070 1378 1248 1420 rerum
1279 1373 1434 1418 antea
1468 1363 1798 1419 conditarum
1826 1360 1922 1414 ad-

332 1458 785 1513 ministrationem
808 1501 821 1524 ,
858 1457 966 1527 jam
998 1472 1092 1527 per
1120 1457 1333 1512 ordines
1360 1465 1657 1525 temporum
1677 1497 1692 1523 ,
1724 1469 1918 1509 secun-

334 1549 463 1604 dum
492 1562 653 1621 quam
690 1546 839 1604 ‘Deus
872 1546 983 1619 'jam
1014 1549 1117 1603 illis
1152 1548 1310 1603 rebus
1340 1563 1433 1617 per
1461 1548 1721 1603 senarium
1748 1546 1924 1617 perfe-

334 1642 575 1697 ctionem
602 1641 1013 1707 consummatis,
1045 1655 1207 1710 usque
1236 1640 1395 1694 modo
1420 1649 1689 1710 operatur.

410 1736 499 1789 Η.
532 1734 831 1791 Causaliter
859 1752 984 1805 ergo
1012 1743 1135 1790 tunc
1160 1735 1356 1788 dictum
1382 1742 1463 1788 est
1487 1733 1797 1803 produxisse
1829 1741 1925 1786 ter-

335 1842 453 1881 ram
488 1826 709 1882 herbam
740 1836 794 1883 et
834 1828 1031 1896 lignum
1055 1868 1070 1894 ,
1112 1827 1164 1881 id
1188 1834 1269 1881 cst
1295 1824 1617 1896 producendi
1656 1826 1925 1893 accepisse

335 1919 617 1973 virtutem.
639 1919 709 1974 'In
733 1934 793 1973 ea
820 1921 1013 1989 Quippe
1034 1918 1143 1988 jam
1176 1928 1423 1988 tanquam
1451 1918 1502 1971 in
1527 1915 1789 1971 radicibus
1809 1958 1823 1984 ,
1871 1924 1927 1970 ut

338 2011 414 2064 ita
465 2008 730 2075 dixerim,
778 2019 1073 2080 temporum
1098 2006 1243 2064 facta
1271 2014 1454 2075 erant,
1505 2024 1623 2079 quae
1652 2024 1746 2077 per
1796 2017 1926 2061 lem-

338 2119 475 2175 pora
507 2106 688 2161 futura
715 2115 885 2161 erant.
913 2105 1046 2159 Nam
1074 2105 1255 2174 utique
1283 2114 1466 2174 postea
1497 2104 1750 2173 plantavit
1787 2103 1926 2158 Deus

340 2196 647 2264 paradisum
665 2196 814 2266 juxta
838 2197 1119 2262 orientem,
1153 2206 1205 2250 et
1235 2196 1388 2265 cjecit
1410 2196 1479 2249 ibi
1511 2195 1575 2249 de
1608 2204 1746 2249 terra
1772 2212 1927 2250 ()lllllC

338 2285 544 2357 lignum
572 2289 868 2358 speciosum
899 2288 965 2343 ad
1008 2297 1310 2358 aspectum,
1359 2296 1411 2342 et
1436 2287 1630 2342 bonum
1656 2288 1719 2341 ad
1751 2304 1927 2341 escam

346 2375 495 2448 (Gen.
525 2394 587 2444 ιι,
619 2376 671 2441 8,
705 2378 797 2450 9);
828 2394 925 2433 nec
953 2386 1126 2433 tamen
1152 2378 1432 2432 dicendum
1454 2388 1556 2443 est,
1584 2395 1705 2433 eum
1731 2378 1927 2448 aliquid

344 2479 469 2525 tunc
493 2470 761 2525 addidisse
787 2480 1064 2538 creatura),
1088 2470 1227 2541 quod
1244 2479 1367 2525 ante
1394 2486 1500 2525 non
1533 2469 1749 2537 fecerat,
1787 2471 1927 2541 quod

344 2564 489 2619 velut
518 2564 595 2618 illi
625 2564 960 2633 perfectioni,
990 2580 1092 2635 qua
1117 2564 1294 2618 omnia
1320 2564 1457 2617 bona
1486 2562 1637 2619 valde
1667 2573 1817 2619 sexto
1842 2564 1928 2618 die

346 2656 769 2720 consummavit,
817 2664 938 2725 post
984 2667 1123 2711 esset
1173 2656 1509 2721 addendum;
1543 2656 1634 2709 sed
1665 2656 1785 2727 quia
1818 2656 1926 2724 jam

346 2752 760 2803 omnesna’tura:
788 2746 1033 2802 fruticum
1060 2756 1216 2818 atque
1239 2748 1502 2818 lignorum
1528 2747 1580 2802 in
1612 2747 1780 2817 prima
1802 2763 1929 2803 con-

345 2837 547 2893 ditione
577 2838 728 2893 facta:
758 2837 964 2893 fuerant
989 2880 1003 2905 ,
1050 2855 1081 2893 a
1110 2856 1212 2909 qua
1242 2839 1541 2894 conditione
1568 2839 1705 2893 Deus
1731 2841 1932 2910 requie-

345 2933 447 2997 vit,
491 2942 715 2987 movens
744 2931 934 2986 deinde
964 2931 1443 3001 administrausque
1473 2946 1568 3000 per
1614 2932 1931 3001 temporales

348 3039 535 3080 cursus
560 3023 650 3079 illa
694 3024 806 3095 ipsa
843 3040 959 3094 qua)
987 3023 1260 3089 condidit,
1310 3034 1362 3078 et
1415 3039 1444 3076 a
1484 3023 1676 3093 quibus
1704 3025 1929 3079 conditis

343 3116 644 3186 requievit,
670 3130 777 3170 non
801 3114 974 3169 solum
1002 3124 1127 3168 tunc
1173 3116 1420 3184 plantavit
1463 3115 1761 3184 paradisum
1789 3158 1803 3182 ,
1837 3116 1930 3170 sed

347 3209 506 3263 etiam
536 3222 677 3263 nunc
704 3206 878 3261 omnia
907 3221 1025 3276 quae
1076 3214 1387 3259 nascuntur.
1441 3204 1570 3273 Quis
1614 3206 1755 3259 enim
1796 3207 1932 3261 alius

348 3300 506 3354 etiam
536 3314 677 3352 nunc
706 3298 804 3351 ista
827 3305 1003 3362 creat,
1039 3296 1142 3351 nisi
1164 3297 1251 3366 qui
1278 3312 1443 3366 usque
1473 3312 1613 3350 nunc
1641 3298 1932 3367 operatur?

347 3390 450 3447 Sed
478 3401 626 3447 creat
670 3389 786 3445 haec
832 3388 992 3445 modo
1018 3405 1086 3444 ex
1122 3388 1183 3443 iis
1211 3404 1327 3459 qute
1352 3388 1460 3457 jam
1488 3396 1614 3442 sunt
1642 3406 1654 3442 :
1690 3398 1812 3443 tunc
1836 3406 1933 3444 au-

351 3493 454 3539 tem
497 3483 569 3537 ab
599 3483 723 3549 illo,
753 3498 875 3538 cum
906 3481 1123 3536 omnino
1149 3480 1292 3535 nulla
1323 3488 1534 3547 essent,
1566 3490 1743 3535 creata
1775 3495 1930 3550 sunt,

348 3590 467 3644 cum
513 3576 682 3632 factus
709 3585 793 3632 est.
815 3576 932 3631 dies
958 3575 1047 3630 ille
1066 3616 1082 3641 ,
1106 3572 1197 3644 qui
1223 3574 1381 3628 etiam
1428 3574 1541 3643 ipse
1584 3576 1800 3628 omnino
1826 3592 1931 3629 non

349 3679 464 3724 erat
481 3672 522 3736 ³,
545 3669 835 3740 spiritualis
850 3667 1093 3725 videlicet
1107 3675 1264 3737 atque
1284 3664 1652 3722 intellectualis
1668 3678 1931 3723 creatura°

350 3758 573 3817 CAPUT
609 3759 677 3815 γ.
704 3790 776 3803 -ο
803 3758 941 3814 υνάο
962 3759 1228 3814 creationis
1259 3775 1425 3812 rerum
1455 3775 1542 3827 per
1567 3774 1654 3811 sea:
1686 3757 1810 3824 dies,
1836 3776 1935 3813 non

460 3851 737 3904 intervallis
764 3860 1073 3921 temporum,
1096 3849 1182 3903 sed
1203 3850 1513 3903 conuentione
1536 3866 1823 3903 causarum.

424 3943 511 3997 η.
541 3942 714 3998 Facta:
741 3945 916 4013 itaque
944 3952 1200 3997 creatura:
1236 3942 1775 4010 motibuscmperunt
1810 3958 1935 3996 cur-

352 4051 469 4092 rere
526 4044 811 4106 tempora:
860 4035 999 4090 unde
1043 4044 1165 4089 ante
1210 4046 1507 4090 Creaturam
1559 4034 1749 4088 frustra
1806 4045 1937 4089 tem-

352 4143 478 4197 pora
516 4128 874 4198 requiruntur,
902 4127 1050 4198 quasi
1084 4126 1286 4196 possint
1306 4126 1528 4179 inveniri
1553 4134 1674 4179 ante
1697 4133 1935 4194 tempora

355 4228 591 4289 tempora
622 4221 665 4272 ¹.
695 4220 866 4273 Motus
903 4220 1043 4273 enim
1074 4218 1117 4272 si
1149 4216 1323 4272 nullus
1366 4226 1507 4271 esset
1532 4214 1613 4270 vel
1643 4215 1936 4286 spiritualis

354 4312 437 4366 vel
482 4310 775 4380 corporalis
799 4318 1054 4366 creaturae
1076 4351 1089 4374 ,
1117 4324 1221 4378 quo
1256 4325 1349 4378 per
1378 4323 1615 4379 prassens
1656 4308 1935 4377 przetcritis

356 4401 529 4457 futura
585 4403 965 4467 succederent,
1023 4402 1223 4455 nullum
1276 4408 1418 4455 esset
1463 4410 1667 4469 tempus
1697 4400 1932 4454 omnino.

357 4495 552 4550 Moveri
576 4504 753 4549 autem
781 4504 1018 4550 creatura
1047 4508 1150 4547 non
1194 4494 1374 4560 utique
1402 4500 1609 4560 posset,
1640 4491 1684 4544 si
1713 4507 1819 4544 non
1846 4506 1931 4544 es-

356 4595 453 4641 set.
483 4586 667 4640 Potius
704 4601 830 4655 ergo
870 4594 1081 4653 tempus
1110 4602 1139 4637 a
1167 4592 1406 4638 creatura
1432 4622 1446 4647 ,
1492 4597 1651 4651 quam
1697 4592 1935 4636 creatura

357 4680 514 4749 ccepit
540 4695 569 4733 a
600 4688 871 4750 tempore;
904 4688 1183 4747 utrumque
1224 4686 1400 4731 autem
1448 4691 1511 4730 ex
1545 4676 1671 4730 Deo.
1706 4676 1778 4728 lix
1823 4676 1937 4744 ipso

358 4772 527 4837 enim,
564 4780 617 4826 et
644 4786 739 4840 per
767 4770 976 4841 ipsum,
1005 4778 1057 4825 et
1084 4772 1137 4823 in
1166 4770 1280 4839 ipso
1310 4777 1431 4823 sunt
1455 4768 1630 4822 omnia
1659 4768 1829 4837 (Rom.
1856 4784 1934 4836 χι,

356 4862 465 4933 36).
503 4862 615 4919 Nec
653 4864 731 4918 sic
759 4864 1047 4933 accipiatur
1075 4861 1217 4931 quod
1246 4859 1442 4916 dictum
1482 4871 1596 4925 est,
1653 4859 1883 4930 Tempus
1907 4876 1937 4915 a

356 4965 599 5011 creatura
625 4956 823 5025 C(Bpit,
868 4955 1018 5026 quasi
1041 4964 1244 5022 tempus
1269 4960 1510 5006 creatura
1549 4967 1653 5005 non
1685 4952 1786 5017 sit;
1818 4968 1935 5006 cum

356 5047 424 5102 sit
449 5055 709 5102 creatura:
750 5054 925 5101 motus
951 5061 1016 5099 ex
1061 5044 1165 5097 alio
1195 5045 1245 5097 in
1277 5042 1417 5097 aliud
1439 5083 1454 5108 ,
1495 5044 1939 5110 consequentibus

356 5138 516 5193 rebus
562 5136 853 5193 secundum
921 5133 1306 5190 ordinationem
1364 5132 1780 5187 administrantis
1844 5134 1939 5189 Dei

356 5237 545 5283 Cuncta
570 5244 688 5299 qua:
713 5227 933 5283 creavit.
967 5228 1300 5295 Quapropter
1327 5239 1446 5278 cum
1478 5224 1701 5293 primam
1742 5223 1933 5278 condi-

359 5320 559 5373 tionem
597 5326 957 5373 creaturarum
997 5316 1315 5385 cogitamus,
1364 5328 1395 5367 a
1437 5313 1625 5383 quibus
1678 5314 1928 5384 operibus

356 5409 469 5463 suis
488 5410 628 5464 Deus
643 5409 694 5463 in
722 5408 808 5463 die
829 5409 1060 5479 septimo
1083 5405 1369 5476 requievit;
1395 5421 1491 5459 nec
1519 5405 1637 5459 illos
1664 5404 1777 5459 dies
1804 5405 1940 5459 sicut

356 5502 489 5556 istos
505 5502 729 5567 solares,
753 5510 853 5555 nec
873 5500 1039 5568 ipsam
1061 5497 1422 5568 Operationcm
1444 5498 1514 5551 ita
1533 5498 1763 5566 cogitare
1782 5496 1941 5552 debe-

358 5609 509 5659 mus,
552 5592 1001 5665 quemadmodum
1042 5605 1183 5647 nunc
1207 5590 1402 5660 aliquid
1438 5589 1578 5643 Deus
1604 5598 1853 5658 operatur
1887 5590 1940 5645 in

358 5693 600 5754 tempore
633 5701 646 5738 :
678 5684 773 5739 sed
811 5681 1256 5754 quemadmodum
1286 5687 1530 5749 operatus
1558 5688 1638 5733 est
1688 5679 1825 5734 unde
1856 5680 1940 5733 ir.-

421 5776 439 5805 ¹
468 5774 607 5836 editi,
628 5772 818 5826 οηιπίηο
836 5778 940 5825 erat
954 5770 1215 5838 spiritualis
1227 5785 1245 5834 ;
1268 5772 1440 5821 omissa
1461 5775 1673 5833 negante
1695 5770 1942 5833 particula,

352 5849 502 5900 quam
522 5838 621 5888 huc
635 5849 700 5888 ex
720 5844 827 5888 uss.
848 5849 1146 5887 revocamus.

423 5902 443 5969 ξ
461 5903 535 5951 sic
554 5908 662 5953 uss.
690 5908 743 5952 et
762 5910 861 5951 Am.
888 5908 945 5951 At
964 5909 1037 5950 Er.
1065 5908 1116 5950 et
1132 5905 1263 5959 Lov.,
1285 5902 1392 5948 ante
1414 5902 1685 5947 creaturam
1708 5900 1939 5958 tempora.

1696 420 1901 475 LIBER
1932 391 2248 487 QUINTUS.

3497 428 3603 483 526

2029 534 2263 602 ciperent
2288 540 2541 604 tempora,
2568 536 3013 605 quemadmodum
3039 549 3286 609 operatus
3313 550 3394 598 est
3423 547 3600 599 omnia

2028 625 2203 692 simul,
2225 638 2477 694 praestans
2494 628 2568 682 eis
2584 629 2741 683 etiam
2762 631 3020 699 ordinem,
3036 649 3138 689 non
3166 635 3452 693 intervallis
3479 647 3602 693 tem-

2028 732 2237 786 porum,
2260 720 2352 773 sed
2373 722 2699 778 connexione
2724 739 3018 790 causarum,
3042 735 3097 781 ut
3116 741 3177 781 ea
3196 745 3312 797 qua:
3340 729 3498 784 simul
3524 731 3602 785 fa-

2028 816 2109 860 cta
2139 820 2291 874 sunt,
2325 812 2534 866 senario
2561 829 2768 884 quoque
2809 814 2950 870 illius
2977 816 3082 872 diei
3106 834 3329 875 numero
3369 837 3601 891 praesen-

2030 905 2137 951 tato
2168 899 2565 967 perﬁcerentur.

2098 993 2185 1047 13.
2225 992 2339 1047 Non
2367 995 2543 1065 itaque
2572 998 2874 1066 temporali,
2906 1000 2999 1055 sed
3026 1002 3219 1057 causali
3245 1003 3429 1060 ordine
3451 1007 3599 1076 prius

2031 1086 2163 1137 tacta
2193 1095 2274 1139 est
2304 1086 2543 1143 informis
2588 1089 2981 1164 formabilisque
3028 1098 3313 1167 materies,
3360 1104 3414 1156 et
3439 1102 3601 1172 spiri-

2031 1177 2185 1231 tualis
2204 1184 2259 1231 et
2280 1181 2567 1248 corporalis
2585 1223 2599 1247 ,
2631 1183 2697 1237 de
2726 1199 2827 1254 qua
2852 1184 3004 1241 ﬁeret
3023 1189 3161 1258 quod
3188 1189 3486 1247 faciendum
3512 1211 3600 1250 es-

2028 1275 2138 1335 set,
2162 1282 2283 1323 cum
2312 1280 2364 1323 et
2390 1270 2500 1340 ipsa
2528 1272 2829 1344 priusquam
2862 1278 3093 1333 instituta
3116 1292 3216 1347 est,
3247 1284 3598 1344 non'fuisset:
3626 1284 3629 1287 ⁴

2030 1376 2127 1416 nec
2169 1363 2403 1418 instituta
2433 1375 2515 1421 est
2558 1367 2660 1421 nisi
2689 1369 2755 1423 ab
2786 1370 2874 1425 illo
2922 1373 3101 1442 utique
3142 1390 3351 1431 summo
3400 1378 3509 1433 Deo
3547 1390 3602 1435 et

2028 1469 2183 1519 vero,
2214 1470 2278 1510 ex
2308 1472 2412 1526 quo
2438 1469 2561 1513 sunt
2586 1462 2793 1528 omnia;
2827 1464 2936 1518 sive
2970 1466 3089 1520 cceli
3119 1477 3172 1522 et
3202 1477 3355 1525 terra:
3384 1474 3601 1529 nomine

2028 1546 2317 1617 signiﬁcata
2342 1549 2409 1604 sit
2428 1592 2443 1618 ,
2468 1567 2583 1621 qum
2608 1553 2660 1607 in
2690 1555 2946 1627 principio
2973 1556 3097 1613 fecit
3120 1558 3263 1615 ‘Deus
3289 1573 3411 1619 ante
3441 1580 3602 1620 unum

2029 1636 2173 1693 illum
2196 1640 2335 1695 diem
2372 1657 2527 1712 quem
2553 1645 2819 1715 condidit,
2850 1660 3131 1719 propterea
3154 1653 3265 1722 jam
3312 1656 3387 1711 sic
3412 1657 3598 1728 appel-

2028 1728 2131 1782 lata
2155 1770 2172 1795 ,
2202 1732 2324 1800 quia
2350 1732 2472 1788 inde
2502 1735 2634 1789 facta
2678 1747 2801 1793 sunt
2830 1742 3021 1796 coalum
3052 1752 3107 1799 et
3151 1753 3323 1812 terra;
3355 1748 3466 1804 sive
3508 1764 3606 1804 no-

2030 1820 2172 1874 mine
2218 1830 2371 1877 terrm
2415 1824 2689 1882 invisibilis
2730 1838 2785 1883 et
2826 1832 3187 1902 incomposita).
3232 1845 3389 1907 atque
3426 1840 3603 1911 abyssi

2030 1913 2355 1981 tenebrosae,
2381 1925 2437 1970 ut
2456 1917 2562 1985 jam
2592 1918 2644 1972 in
2676 1920 2848 1990 primo
2877 1922 3011 1978 libro
3042 1934 3319 1980 tractatum
3345 1938 3445 1984 est.

2101 2005 2188 2059 ll.
2238 2006 2293 2060 ln
2339 2006 2419 2062 liis
2447 2024 2572 2062 vero
2604 2026 2722 2081 qua:
2760 2012 2868 2082 jam
2899 2030 2965 2069 ex
3011 2016 3335 2073 informitate
3380 2020 3605 2078 formata

2031 2105 2190 2165 sunt,
2243 2099 2640 2173 evidentiusquc
2688 2106 3021 2176 appellantur
3059 2120 3270 2179 creata,
3323 2114 3405 2168 vel
3435 2115 3605 2182 facta,

2030 2190 2114 2244 vel
2144 2190 2353 2245 condita
2372 2235 2385 2259 ,
2417 2195 2641 2263 primum
2662 2195 2840 2253 ‘factus
2866 2210 2947 2254 est
2981 2201 3113 2257 dies.
3144 2203 3436 2274 Oportebat
3465 2209 3608 2263 enim

2032 2291 2087 2335 ut
2109 2282 2391 2361 primatum
2412 2294 2669 2341 creatura:
2691 2288 2952 2346 obtineret
2971 2292 3059 2348 illa
3088 2303 3295 2362 natura,
3323 2316 3439 2368 quae
3460 2315 3610 2354 crea-

2032 2378 2205 2426 turam
2230 2389 2327 2444 per
2354 2374 2657 2431 Creatorem
2679 2420 2692 2441 ,
2720 2395 2825 2435 non
2851 2382 3155 2439 Creatorem
3187 2403 3281 2456 per
3305 2401 3601 2445 creaturam

2034 2472 2215 2531 posset
2235 2480 2542 2534 agnoscere.
2574 2466 2851 2537 Secundo,
2895 2473 3280 2531 ﬁrmamentum
3308 2480 3447 2534 unde
3488 2497 3611 2536 cor-

2034 2569 2224 2622 poreus
2252 2556 2436 2626 incipit
2480 2559 2727 2614 mundus.
2756 2560 2936 2618 Tertio
2954 2603 2970 2631 ,
2995 2567 3201 2635 species
3227 2570 3387 2624 maris
3416 2579 3472 2624 et
3498 2580 3609 2626 ter-

2034 2662 2136 2712 rae,
2172 2658 2326 2718 atque
2353 2652 2405 2704 in
2428 2660 2568 2706 terra
2596 2656 2953 2722 petentialiter
2974 2699 2990 2725 ,
3018 2668 3074 2713 ut
3096 2660 3164 2715 ita
3183 2660 3387 2731 dicam,
3422 2674 3610 2720 natura

2035 2739 2317 2796 herbarum
2341 2754 2495 2812 atque
2518 2745 2796 2815 lignorum.
2825 2747 2911 2804 Sic
2935 2751 3075 2805 enim
3104 2760 3243 2807 terra
3269 2755 3335 2808 ad
3370 2754 3462 2811 Dei
3494 2772 3613 2811 vcr-

2034 2830 2159 2885 bum
2187 2849 2245 2887 ea
2272 2836 2523 2905 produxit
2547 2880 2560 2903 ,
2594 2847 2873 2910 antequam
2903 2850 3083 2896 exorta
3112 2856 3318 2911 essent,
3346 2848 3611 2917 accipiens

2036 2940 2219 2979 omnes
2265 2942 2514 2983 numerOS
2541 2944 2724 2985 eorum
2757 2950 2887 3001 quos
2935 2950 3030 3003 per
3076 2944 3311 3006 tempora
3341 2950 3613 2997 exsereret

2036 3015 2322 3070 secundum
2342 3034 2491 3072 suum
2519 3036 2703 3090 genus.
2737 3023 2955 3093 Deinde,
2980 3035 3316 3097 posteaquam
3340 3028 3453 3086 haec
3471 3032 3613 3087 velut

2037 3104 2289 3164 habitatio
2308 3125 2486 3166 rerum
2504 3114 2711 3167 condita
2740 3125 2839 3183 est,
2866 3127 3051 3188 quarto
3071 3119 3155 3174 die
3178 3121 3453 3177 luminaria
3470 3134 3523 3181 et
3542 3126 3613 3179 si—

2035 3200 2162 3255 dera
2191 3212 2365 3257 creata
2389 3212 2528 3271 sunt,
2553 3215 2611 3259 ut
2637 3208 2779 3275 prius
2799 3224 2919 3277 pars
2940 3212 3122 3265 mundi
3148 3215 3422 3282 superior,
3453 3218 3613 3272 rebus

2037 3306 2153 3360 qua:
2192 3292 2330 3347 intra
2372 3297 2629 3351 mundum
2681 3310 2962 3356 moventur
2988 3303 3281 3359 visibilibus
3308 3316 3605 3363 ornaretur.

2037 3382 2235 3449 Quinto
2256 3424 2271 3450 ,
2300 3402 2554 3455 aquarum
2588 3399 2773 3443 natura
2793 3432 2808 3458 ,
2832 3392 2949 3461 quia
2977 3395 3114 3447 coelo
3142 3395 3359 3464 aerique
3382 3398 3605 3467 conjun-

2037 3473 2208 3543 gitur,
2241 3475 2485 3543 produxit
2510 3478 2574 3531 ad
2598 3479 2689 3533 Dei
2710 3482 2929 3535 verbum
2956 3482 3231 3553 indigenas
3260 3500 3403 3551 suos,
3434 3488 3611 3544 omnia

2038 3569 2240 3623 scilicet
2256 3569 2487 3624 natatilia
2515 3580 2566 3625 et
2589 3571 2839 3638 volatilia;
2863 3558 2914 3629 et
2939 3574 3052 3630 lucc
3070 3576 3494 3645 potentialiter'in
3517 3598 3613 3635 nu-

2038 3661 2219 3728 meris,
2236 3662 2321 3730 qui
2340 3677 2432 3731 pcr
2446 3677 2708 3731 congruos
2724 3672 3017 3735 temporum
3035 3678 3204 3722 motus
3222 3681 3608 3726 exscrerentur.

2037 3751 2215 3819 Sexto,
2247 3754 2512 3808 terrestria
2530 3754 2767 3811 similiter
2783 3758 3050 3825 animalia,
3073 3768 3315 3829 tanquam
3331 3776 3394 3815 ex
3429 3763 3611 3817 ultimo

2039 3845 2305 3899 elemento
2348 3847 2529 3899 mundi
2576 3847 2791 3913 ultima;
2839 3849 3175 3903 nihilominus
3216 3834 3610 3922 potentialiter,

2040 3955 2264 4008 quorum
2288 3956 2535 3995 numeros
2565 3951 2768 4010 tempus
2794 3952 2975 4012 postea
3010 3944 3279 3999 visibiliter
3299 3947 3606 4015 explicaret.

2112 4030 2197 4083 15.
2234 4030 2381 4083 llunc
2420 4046 2630 4085 omnem
2658 4032 2896 4087 ordinem
2936 4044 3189 4089 creaturae
3216 4036 3471 4091 ordinata:
3499 4038 3612 4093 dies

2040 4122 2126 4177 ille
2146 4125 2417 4194 cognovit;
2447 4135 2499 4179 et
2519 4140 2611 4193 per
2638 4126 2773 4180 lnnc
2799 4127 3149 4198 cognitionem
3172 4130 3344 4184 sexies
3362 4131 3613 4200 quodam-

2042 4214 2199 4268 modo
2246 4226 2588 4285 pracsentatus
2630 4228 2874 4286 tanquam
2904 4236 2993 4272 sex
3023 4218 3131 4273 dies
3163 4220 3436 4289 exhibuit,
3492 4238 3612 4277 cum

2041 4307 2112 4359 sit
2140 4322 2273 4361 unus
2304 4308 2445 4374 dies,
2480 4324 2539 4361 ca
2569 4325 2682 4378 qua:
2714 4309 2848 4363 facta
2878 4320 3000 4364 sunt
3026 4354 3038 4377 ,
3072 4312 3123 4365 in
3154 4310 3400 4368 Creatore
3430 4314 3613 4383 primi-

2046 4408 2159 4465 tus,
2200 4408 2252 4453 et
2281 4400 2330 4451 in
2354 4399 2481 4468 ipsis
2510 4410 2896 4470 consequenter
2925 4418 3245 4472 agnoscens,
3280 4420 3378 4459 nec
3406 4405 3457 4457 in
3486 4405 3614 4474 ipsis

2043 4509 2342 4561 remanens,
2372 4494 2466 4549 sed
2487 4510 2669 4549 eorum
2700 4497 2858 4550 etiam
2888 4496 3237 4566 cognitionem
3266 4500 3613 4568 posteriorem

2042 4584 2107 4638 ad
2144 4586 2245 4638 Dei
2296 4586 2529 4640 referens
2578 4586 2909 4642 dilectionem
2937 4629 2950 4653 ,
2982 4604 3258 4659 vesperam
3291 4599 3344 4645 et
3382 4606 3537 4647 mane
3563 4601 3615 4647 et

2042 4678 2319 4733 meridiem
2344 4679 2396 4732 in
2424 4679 2665 4735 omnibus
2686 4682 2936 4750 praebuit;
2964 4699 3065 4735 non
3088 4699 3181 4753 per
3208 4699 3383 4737 mOias
3414 4694 3614 4756 tempo-

2045 4787 2163 4825 rum
2184 4814 2197 4837 ,
2253 4772 2346 4826 sed
2393 4782 2606 4843 prOptcr
2653 4774 2891 4829 ordinem
2922 4776 3269 4831 conditorum.
3302 4775 3576 4833 Postremo
3596 4821 3610 4845 ,

2044 4864 2234 4934 quietis
2259 4865 2338 4919 sui
2367 4863 2651 4931 Creatoris,
2678 4882 2778 4936 qua
2809 4866 2860 4921 in
2887 4882 2945 4922 se
2975 4868 3259 4937 requiescit
3283 4868 3350 4923 ab
3370 4869 3615 4923 omnibus

2045 4956 2291 5025 operibus
2308 4956 2435 5022 suis,
2462 4958 2701 5011 notitiam
2732 4970 3116 5027 repra-sentans
3134 5000 3149 5025 ,
3179 4961 3233 5013 in
3262 4975 3365 5028 qua
3390 4974 3496 5013 non
3523 4960 3615 5013 lia-

2045 5050 2133 5103 bet
2162 5065 2463 5119 vesperam,
2496 5049 2738 5105 benedici
2765 5060 2819 5105 et
2844 5053 3155 5107 sanctiﬁcari
3176 5052 3243 5107 ob
3275 5052 3374 5106 hoc
3400 5052 3609 5108 meruit.

2049 5141 2197 5195 Unde
2242 5142 2410 5211 ipsum
2458 5142 2819 5211 septenarium
2849 5159 3121 5198 numerum
3168 5152 3350 5197 sancto
3396 5142 3612 5213 Spiritui

2046 5235 2433 5305 quodammodo
2449 5235 2768 5303 dedicatum,
2788 5237 3121 5292 commendat
3146 5235 3416 5306 Scriptura
3452 5236 3470 5309 (
3487 5234 3510 5288 1
3517 5238 3611 5289 sai.

2050 5343 2124 5391 χι,
2153 5326 2208 5393 2,
2238 5327 2316 5395 3),
2339 5334 2391 5381 et
2424 5329 2567 5381 novit
2591 5327 2843 5382 Ecclesia.

2121 5418 2206 5472 l6.
2253 5416 2346 5470 llic
2366 5426 2447 5472 est
2466 5433 2591 5487 ergo
2612 5418 2747 5474 liber
2771 5428 3027 5473 creatura:
3047 5417 3166 5473 cceli
3203 5426 3257 5472 et
3284 5426 3458 5486 terrm,
3493 5420 3613 5490 quia

2048 5510 2099 5565 in
2136 5508 2393 5581 principio
2438 5508 2563 5564 fecit
2590 5510 2728 5565 Deus
2753 5510 2945 5566 ccelum
2976 5519 3028 5565 et
3071 5519 3293 5578 terram,
3325 5511 3614 5566 secundum

2052 5603 2283 5658 materia:
2326 5600 2641 5670 quamdam,
2691 5608 2746 5654 ut
2774 5602 2845 5655 ita
2892 5601 3093 5669 dicam,
3148 5600 3612 5670 formabilitatem,

2056 5711 2174 5765 qua:
2199 5702 2586 5763 consequenter
2615 5692 2774 5745 verbo
2804 5691 2916 5760 ejus
2946 5693 3219 5748 formanda
3245 5695 3444 5760 fuerat,
3476 5711 3613 5764 pra:-

2050 5791 2242 5845 cedens
2272 5789 2635 5843 formationem
2660 5801 2828 5850 suam,
2862 5802 2966 5840 non
2989 5796 3241 5857 tempore,
3275 5789 3365 5844 sed
3388 5789 3615 5858 origine.

2051 5885 2179 5937 Nam
2213 5883 2389 5950 utique
2410 5897 2527 5934 cum
2557 5878 2887 5946 formaretur,
2918 5880 3143 5950 primum
3166 5881 3334 5939 factus
3361 5891 3441 5937 est
3465 5881 3585 5936 dies
