4090 6478
471 394 576 452 327

473 522 595 564 cum
624 506 793 562 factus
819 511 902 561 est
926 504 1072 572 dies,
1115 503 1236 561 fecit
1263 503 1403 558 Deus
1427 503 1618 559 cmlum
1643 509 1696 556 et
1739 509 1936 556 terram
1959 541 1974 570 ,
1997 508 2052 557 et

475 614 634 654 omne
662 596 832 652 viride
866 597 978 667 agri
1004 606 1304 666 antequam
1347 603 1489 650 esset
1529 609 1688 663 super
1729 599 1954 658 terram,
1997 600 2053 646 et

477 706 633 747 omne
658 689 836 746 fenum
865 689 978 759 agri
1014 698 1294 759 antequam
1319 687 1616 742 exoriretdr
1635 727 1650 751 ,
1677 685 1813 739 sicut
1859 692 2052 737 tracta-

476 783 679 847 vimus;
708 783 792 837 vel
821 782 864 836 si
903 780 1027 852 quid
1057 781 1302 850 liquidius
1343 787 1397 835 et
1449 777 1824 850 congruentius
1884 775 2050 831 videri

477 883 533 929 et
580 873 683 928 dici
736 873 908 942 potuit
952 880 1042 926 aut
1063 871 1310 941 potuerit.

477 982 702 1041 CAPUT
726 982 816 1038 Vl.
849 1012 918 1024 ——
940 979 1020 1036 De
1055 980 1295 1045 versiculo
1315 1021 1330 1046 ,
1370 979 1485 1035 Non
1511 980 1653 1035 enim
1681 980 1914 1050 pluerat,
1942 987 2045 1034 etc.

599 1074 680 1128 An
702 1073 821 1127 inde
837 1071 1210 1143 intelligendum
1239 1072 1406 1125 omnia
1430 1071 1580 1126 simul
1603 1080 1769 1125 creata
1799 1086 1939 1124 esse.-

551 1165 636 1221 17.
677 1163 829 1233 Quod
866 1172 1042 1218 autem
1083 1163 1350 1233 sequitur,
1380 1161 1502 1216 Non
1528 1162 1660 1216 enim
1698 1162 1894 1232 pluerat
1917 1158 2050 1214 Deus

477 1274 629 1328 super
656 1266 839 1311 terram
858 1295 874 1321 ,
913 1265 959 1310 et
980 1255 1126 1309 homo
1149 1272 1247 1308 non
1267 1265 1370 1308 erat
1399 1255 1485 1324 qui
1505 1263 1794 1324 operaretur
1831 1261 2014 1306 terram
2029 1268 2048 1313 ,°

477 1365 581 1420 quo
606 1349 890 1418 pertineat,
936 1355 991 1401 et
1013 1346 1136 1416 quid
1167 1345 1316 1400 nobis
1348 1345 1611 1410 insinuet,
1636 1343 1885 1414 indagare
1912 1341 2051 1396 diffi-

477 1440 579 1494 cile
608 1441 709 1492 εει.
758 1436 1029 1506 Tanquam
1061 1436 1178 1490 ideo
1205 1445 1486 1506 antequam
1510 1443 1750 1488 exortum
1779 1441 1893 1500 est,
1930 1432 2050 1487 fecit

481 1528 619 1583 Deus
644 1528 819 1582 fenum
845 1527 978 1596 agri,
997 1527 1114 1596 quia
1140 1526 1370 1580 nondum
1402 1527 1606 1595 pluerat
1630 1540 1788 1594 super
1815 1534 2044 1579 terram:

475 1619 519 1672 si
546 1619 686 1672 enim
715 1626 832 1688 post
872 1617 1104 1688 pluviam
1151 1617 1332 1671 fenum
1362 1617 1606 1680 fecisset,
1653 1615 1834 1685 pluvia
1881 1614 2048 1684 magis

478 1720 720 1764 exortum
771 1724 927 1785 quam
953 1708 1144 1762 factum
1186 1709 1252 1762 ab
1275 1723 1340 1763 eo
1384 1707 1673 1762 videretur.
1710 1706 1846 1775 Quid
1873 1707 2047 1761 enim?

476 1799 614 1868 quod
647 1807 766 1869 post
794 1799 1019 1869 pluviam
1050 1799 1318 1866 exoritur,
1344 1799 1411 1853 ab
1431 1798 1534 1851 alio
1566 1797 1740 1852 fitnisi
1764 1797 1829 1850 ab
1859 1795 2045 1850 eodem

477 1888 624 1943 Deo?
652 1887 759 1944 Cur
785 1897 961 1944 autem
1006 1903 1110 1942 non
1140 1897 1253 1942 erat
1283 1887 1441 1942 homo
1467 1887 1555 1957 qui
1585 1895 1894 1956 Operaretur
1936 1894 2045 1940 ter-

473 1979 612 2033 ram?
633 1978 819 2034 Nonne
837 1979 947 2049 jam
975 1987 1124 2034 sexto
1143 1979 1228 2034 die
1253 1978 1450 2033 fecerat
1476 1977 1768 2043 hominem,
1801 1986 1856 2032 et
1883 1977 2045 2046 septi-

474 2085 562 2125 mo
590 2071 924 2140 requieverat
965 2070 1033 2125 ab
1060 2071 1304 2125 omnibus
1335 2071 1584 2142 operibus
1633 2070 1784 2125 suis?
1815 2071 1895 2124 An
1945 2070 2045 2125 hoc

472 2161 868 2231 recapitulando
913 2171 1323 2227 commemorat,
1373 2163 1622 2232 quoniam
1669 2161 1882 2232 quando
1919 2160 2046 2216 fecit

476 2251 616 2306 Deus
636 2267 796 2307 omne
810 2251 976 2307 viride
1000 2253 1130 2323 agri,
1154 2261 1208 2308 et
1222 2267 1379 2308 omne
1403 2252 1581 2308 fenum
1601 2293 1616 2317 ,
1646 2253 1878 2307 nondum
1896 2253 2047 2322 plue-

471 2353 554 2400 rat
597 2360 755 2414 super
795 2354 1029 2412 terram,
1083 2354 1138 2400 et
1182 2345 1415 2400 nondum
1463 2353 1580 2400 erat
1625 2345 1824 2400 homo?
1866 2345 2043 2400 Tertio

470 2437 664 2508 quippe
689 2436 775 2491 die
798 2437 920 2491 fecit
940 2435 1059 2503 ista,
1089 2437 1356 2491 hominem
1378 2445 1553 2492 autem
1581 2445 1752 2492 sexto.
1786 2435 1892 2492 Sed
1921 2452 2042 2491 cum

469 2526 594 2582 fecit
623 2527 759 2582 Deus
786 2541 943 2582 omne
979 2525 1146 2581 viride
1168 2535 1326 2598 atque
1345 2541 1503 2582 omne
1523 2526 1702 2582 fenum
1747 2527 1858 2596 agri
1886 2534 2041 2581 ante-

469 2633 628 2688 quam
653 2627 890 2673 exortum
939 2624 1023 2673 est
1067 2634 1226 2688 super
1258 2629 1486 2686 terram,
1518 2634 1627 2674 non
1665 2618 1839 2673 solum
1883 2619 2042 2674 homo

468 2725 574 2764 non
600 2709 818 2778 eratqui
846 2717 1158 2778 operaretur
1181 2717 1397 2776 terram,
1429 2709 1521 2763 sed
1549 2724 1650 2766 nec
1671 2707 1842 2779 ipsum
1864 2710 2041 2764 fenum

467 2811 583 2859 erat
609 2818 767 2874 super
807 2811 1038 2867 terram,
1091 2802 1233 2872 quod
1283 2802 1464 2872 utique
1492 2811 1615 2857 ante
1662 2802 1794 2858 dicit
1841 2803 2035 2857 factum

470 2909 628 2963 quam
647 2903 912 2949 exortum.
934 2895 1014 2948 An
1045 2893 1163 2948 ideo
1178 2892 1266 2949 die
1283 2895 1440 2948 tertio
1461 2892 1583 2948 fecit
1609 2894 1746 2950 Deus
1772 2895 1890 2959 ista,
1918 2894 2041 2963 quia

468 2986 706 3041 nondum
732 2995 846 3043 erat
889 2986 1048 3043 homo
1069 2988 1157 3058 qui
1183 2987 1450 3057 operando
1476 2996 1670 3043 terram
1700 2987 1896 3044 faceret
1929 3004 1993 3044 ea
2012 2989 2038 3042 τ

471 3077 636 3146 Quasi
651 3094 776 3134 vero
789 3087 894 3134 tam
912 3080 1076 3134 multa
1097 3080 1234 3150 ligna
1251 3089 1306 3135 et
1322 3089 1428 3134 tam
1451 3081 1611 3134 multa
1631 3096 1826 3152 genera
1854 3081 2042 3137 herba-

468 3187 609 3243 rum,
633 3187 738 3226 non
755 3171 870 3227 sine
886 3171 990 3226 ulla
1011 3187 1170 3243 Opera
1189 3172 1462 3228 hominum
1483 3167 1762 3229 nascantur
1782 3189 1848 3230 ex
1877 3184 2035 3232 terra.

540 3262 627 3318 l8.
647 3262 728 3317 An
753 3262 823 3316 ob
849 3261 950 3318 hoc
975 3271 1255 3334 utrumque
1281 3264 1509 3334 positum
1536 3273 1646 3331 est,
1676 3272 1730 3320 et
1758 3266 1878 3336 quia
1908 3282 2038 3322 non-

467 3354 591 3412 dum
619 3355 823 3426 pluerat
840 3369 1000 3426 super
1021 3364 1240 3422 terram,
1267 3365 1321 3410 et
1339 3356 1460 3426 quia
1487 3356 1716 3410 nondum
1745 3365 1858 3412 erat
1881 3359 2039 3414 homo

469 3449 556 3520 qui
589 3456 898 3519 operaretur
923 3448 1158 3503 terram?
1185 3447 1284 3504 Ubi
1320 3449 1460 3503 enim
1488 3463 1647 3517 opera
1676 3447 1901 3504 humana
1931 3466 2039 3506 non

466 3550 570 3609 est,
601 3556 697 3612 per
725 3539 954 3611 pluviam
987 3540 1086 3594 ista
1116 3549 1422 3594 nascuntur.
1450 3539 1584 3595 Sunt
1607 3541 1768 3596 etiam
1796 3542 2034 3611 quaedam

467 3652 585 3707 qua:
606 3651 701 3706 per
730 3633 960 3705 pluviam
1001 3649 1107 3688 non
1141 3643 1460 3700 nascuntur,
1493 3634 1595 3687 nisi
1625 3633 1852 3688 humana
1877 3650 2038 3704 opera

469 3726 706 3782 accedat.
727 3723 852 3782 Ideo
877 3741 1017 3781 nunc
1037 3733 1314 3796 utrumque
1333 3724 1648 3794 adjutorium
1676 3727 2036 3782 necessarium

468 3827 584 3882 est,
617 3826 676 3872 ut
702 3825 892 3872 cuncta
918 3826 1201 3871 nascantur
1230 3835 1243 3871 :
1277 3825 1400 3870 tunc
1426 3825 1600 3870 autem
1643 3826 1920 3888 utrumque
1947 3819 2042 3874 de-

469 3907 605 3974 fuit;
633 3905 752 3962 ideo
780 3907 902 3962 fecit
930 3907 1069 3962 Deus
1092 3907 1208 3963 hare
1234 3907 1463 3976 potentia
1491 3907 1650 3962 Verbi
1675 3909 1756 3964 sui
1786 3911 1900 3964 sine
1920 3910 2038 3980 plu-

466 3999 551 4053 via
573 4037 587 4062 ,
621 3998 738 4052 sine
777 4011 939 4068 opere
961 3997 1209 4051 humano.
1227 3996 1360 4052 Nam
1389 3998 1548 4053 etiam
1586 4014 1725 4054 nunc
1749 3999 1860 4070 ipse
1882 4000 2036 4068 facit,

468 4088 562 4145 sed
581 4088 688 4158 jam
729 4103 822 4158 per
846 4087 1072 4156 pluviam
1099 4096 1152 4142 et
1179 4103 1274 4158 per
1301 4086 1574 4142 hominum
1604 4103 1821 4154 manus;
1849 4104 2039 4158 quam-

467 4184 549 4237 vis
577 4196 749 4252 neque
792 4180 881 4251 qui
927 4179 1128 4251 plantat
1175 4181 1242 4235 sit
1269 4180 1462 4250 aliquid
1487 4196 1713 4256 ,Oneque
1751 4181 1840 4250 qui
1866 4182 2035 4252 rigat,

467 4273 559 4329 sed
589 4273 675 4343 qui
703 4272 1082 4326 incrementum
1111 4270 1200 4324 dat
1228 4271 1367 4324 Deus
1392 4269 1569 4343 (lGor.
1601 4286 1678 4336 Ill,
1709 4271 1782 4340 7).

539 4364 624 4418 l9.
647 4362 782 4429 Quid
801 4369 884 4417 est
908 4376 1033 4431 ergo
1061 4360 1200 4431 quod
1223 4359 1478 4432 adjungit,
1506 4359 1646 4415 Fons
1670 4371 1836 4415 autent
1865 4378 2039 4416 ascen-

467 4452 611 4507 debat
639 4453 702 4506 de
727 4461 885 4516 terra,
918 4461 964 4504 et
1009 4449 1248 4521 irrigabat
1283 4467 1477 4504 omnem
1517 4452 1696 4520 [aciem
1736 4455 1920 4507 terrm?
1946 4452 2039 4508 llle

466 4548 660 4614 quippe
685 4544 800 4596 fons
815 4549 959 4596 tanta
981 4541 1220 4611 largitate
1240 4539 1616 4601 manans.sicut
1632 4525 1774 4595 Nilus
1788 4541 2035 4613 Egypto,

465 4645 646 4708 posset
691 4636 948 4690 universae
976 4641 1128 4688 terra:
1156 4647 1278 4688 esse
1321 4648 1416 4702 pro
1442 4633 1637 4704 pluvia.
1689 4631 1825 4699 Quid
1863 4635 2040 4704 itaque

466 4745 562 4801 pro
586 4743 777 4798 magno
803 4725 1227 4783 commendatum
1265 4735 1380 4792 est,
1408 4734 1686 4795 antequam
1711 4725 1915 4794 plueret
1955 4724 2036 4781 fe-

466 4821 605 4876 cisse
635 4820 798 4874 Deum
824 4819 910 4873 illa
936 4819 1219 4889 gignentia,
1248 4833 1369 4872 cum
1397 4827 1652 4887 quantum
1682 4825 1858 4886 posset
1887 4817 2040 4887 adju-

465 4927 592 4968 vare
617 4911 821 4981 pluvia,
869 4919 1069 4964 tantum
1097 4909 1214 4965 fons
1251 4910 1475 4979 irrigans
1499 4909 1733 4964 terram?
1759 4909 1952 4964 Verum
1984 4921 2038 4966 et

463 5003 510 5058 si
558 5001 755 5073 aliquid
805 5001 1009 5068 minus,
1056 5002 1262 5055 minora
1302 4999 1390 5053 illa
1439 4999 1689 5065 fortasse,
1725 5015 1829 5055 non
1857 5008 2036 5056 tamen

463 5095 604 5151 nulla
633 5099 996 5148 nascerentur.
1025 5093 1104 5145 An
1138 5092 1259 5146 hinc
1279 5091 1438 5146 etiam
1467 5106 1616 5145 more
1638 5106 1736 5145 suo
1765 5091 2035 5162 Scriptura

464 5194 709 5256 tanquam
736 5183 959 5238 infirmis
989 5181 1265 5236 infirmiter
1290 5181 1521 5251 loquitur
1543 5222 1558 5246 ,
1588 5191 1640 5234 ct
1662 5189 1838 5236 tamen
1865 5181 2035 5236 innuit

460 5276 654 5347 aliquid
698 5274 840 5348 quod
878 5273 1132 5343 intelligat
1155 5273 1243 5343 qui
1274 5273 1531 5328 valuerit?
1580 5272 1840 5326 Nimirum
1890 5271 2032 5326 enim

461 5371 602 5426 sicut
646 5368 751 5423 isto
777 5366 865 5422 die
883 5407 898 5432 ,
930 5365 1090 5437 paulo
1114 5365 1356 5434 superius
1385 5373 1802 5420 commemorato
1821 5404 1835 5428 ,
1868 5362 2032 5432 signi-

460 5461 637 5518 ﬁcavit
680 5475 840 5516 unum
867 5459 1009 5514 diem
1053 5457 1245 5513 factum
1269 5473 1298 5511 a
1326 5457 1464 5524 Deo,
1513 5466 1564 5512 et
1595 5465 1720 5510 tunc
1746 5456 1910 5508 Deum
1952 5453 2032 5510 fe-

461 5555 602 5611 cisse
626 5553 818 5610 cmlum
845 5560 900 5606 et
925 5560 1117 5607 terram
1135 5591 1151 5615 ,
1197 5565 1316 5605 cum
1347 5549 1512 5604 factus
1537 5557 1618 5602 est
1643 5548 1788 5612 dies;
1821 5555 1878 5600 ut
1899 5561 2032 5616 quo-

468 5647 629 5704 modo
655 5660 937 5719 possemus
975 5643 1330 5714 cogitaremus
1355 5640 1510 5694 simul
1545 5640 1720 5693 omnia
1766 5639 1930 5693 Deum
1956 5638 2032 5692 fc-

465 5741 605 5796 cisse
627 5781 643 5807 ,
673 5737 915 5810 quamvis
942 5723 1184 5807 superior
1210 5749 1301 5788 sex
1321 5732 1524 5787 dierum
1545 5730 1870 5785 enumeratio
1889 5731 2033 5785 velut

460 5842 756 5906 temporum
800 5827 1070 5886 intervalla
1117 5825 1412 5882 ostendisse
1462 5822 1728 5880 videretur
1757 5839 1768 5877 :
1801 5823 1871 5878 ita
1909 5838 2028 5878 cum

1379 386 1467 441 DE
1501 381 1751 441 GENESI
1789 380 1881 435 AD
1916 376 2289 444 LITTERAM,
2329 377 2388 433 S.
2429 376 2796 436 AUGUSTINI

2156 501 2396 569 dixisset,
2415 517 2535 558 cum
2562 505 2700 559 caelo
2719 513 2772 558 et
2795 513 2933 560 terra
2959 505 3124 562 Deum
3153 504 3346 567 fecisse
3370 523 3531 568 omne
3549 513 3724 572 viride

2155 593 2266 662 agri
2310 601 2590 664 antequam
2615 605 2756 650 esset
2780 613 2938 668 super
2973 605 3172 656 terram
3193 642 3208 667 ,
3250 610 3306 658 et
3346 618 3505 660 omne
3541 603 3726 662 fenum

2156 683 2270 753 agri
2308 694 2591 755 antequam
2615 697 2856 742 exortum
2887 697 3002 757 est,
3044 690 3281 757 addidit,
3325 692 3569 750 Nondum
3595 699 3728 753 enim

2155 773 2352 845 pluerat
2382 775 2519 832 Deus
2553 795 2703 848 super
2740 789 2956 849 terram,
2995 800 3084 837 nec
3111 793 3218 838 erat
3245 785 3394 841 homo
3423 788 3510 858 qui
3541 807 3728 858 opera-

2153 875 2291 920 retur
2318 877 2537 934 terram;
2558 877 2804 941 tanquam
2833 872 3054 942 diceret,
3080 875 3198 932 Non
3221 893 3283 933 ea
3310 879 3388 934 sic
3415 879 3537 936 fecit
3563 882 3725 949 Deus,

2153 958 2596 1027 quemadmodum
2626 962 2749 1018 facit
2789 981 2929 1022 nunc
2964 969 3084 1023 talia
3105 1012 3120 1037 ,
3167 986 3286 1026 cum
3319 973 3476 1042 pluit,
3526 986 3727 1033 etcum

2153 1061 2440 1120 operantur
2463 1053 2722 1112 homines.
2754 1057 2878 1115 Haec
2905 1061 3044 1115 enim
3065 1061 3174 1132 jam
3210 1080 3302 1133 per
3320 1081 3495 1122 moras
3521 1077 3730 1140 tempo-

2153 1155 2271 1194 rum
2313 1142 2477 1210 llunt,
2509 1161 2627 1214 quae
2656 1155 2778 1202 tunc
2803 1164 2906 1203 non
2932 1159 3112 1217 erant,
3158 1168 3278 1207 cum
3305 1153 3428 1211 fecit
3451 1158 3626 1215 omnia
3653 1161 3730 1216 si-

2155 1233 2295 1298 mul,
2321 1235 2462 1290 unde
2491 1238 2648 1292 etiam
2683 1249 2915 1310 tempora
2954 1243 3268 1314 inciperent.

2151 1319 2375 1380 CAPUT
2413 1325 2677 1384 Vll.—De
2707 1331 2844 1399 fonte
2871 1334 2958 1403 qui
2985 1336 3178 1406 rigabat
3205 1348 3359 1393 totam
3381 1351 3583 1408 terram,
3617 1355 3721 1402 etc.

2220 1416 2311 1471 20.
2342 1418 2491 1484 Quod
2512 1429 2687 1477 autem
2708 1426 2964 1495 sequitur,
2991 1427 3128 1484 Fons
3155 1442 3322 1488 autem
3349 1438 3639 1491 ascendebat
3665 1440 3728 1494 de

2151 1513 2303 1573 terra,
2323 1517 2368 1561 et
2385 1509 2624 1580 irrigabat
2651 1530 2847 1569 onmem
2865 1516 3042 1586 faciem
3061 1528 3242 1586 terra;
3267 1523 3390 1580 hinc
3407 1525 3539 1595 jam,
3563 1546 3729 1598 quan-

2151 1604 2261 1651 tum
2289 1599 2537 1667 arbitror,
2569 1603 2840 1660 intimatur
2854 1625 2970 1677 quae
2991 1609 3114 1664 fiant
3138 1614 3424 1668 secundum
3451 1618 3727 1676 intervalia

2152 1696 2444 1758 temporum
2473 1706 2536 1746 ex
2577 1695 2742 1763 prima
2773 1696 2856 1750 illa
2883 1699 3184 1757 conditione
3221 1713 3600 1775 creaturarum,
3639 1712 3725 1765 ubi

2151 1775 2284 1832 facta
2311 1789 2436 1834 sunt
2463 1784 2638 1839 omnia
2656 1786 2831 1841 simul.
2862 1789 2928 1844 Et
2956 1800 3098 1847 recte
3121 1792 3189 1848 ab
3212 1809 3277 1849 eo
3301 1797 3461 1868 coepit
3488 1799 3725 1855 elemen-

2149 1879 2224 1933 to,
2249 1886 2315 1925 ex
2355 1888 2461 1941 quo
2503 1885 2689 1932 cuncta
2736 1895 2930 1950 genera
2977 1897 3264 1940 nascuntur
3288 1889 3368 1943 vel
3396 1893 3722 1959 animalium,

2149 1960 2231 2014 vel
2262 1961 2543 2018 herbarum
2591 1976 2747 2038 atque
2795 1971 3074 2041 lignorum,
3117 1988 3174 2031 ut
3217 1990 3372 2048 agant
3407 1985 3725 2052 temporales

2149 2066 2399 2107 numeros
2445 2070 2570 2110 suos
2622 2061 2822 2116 naturis
2869 2067 3094 2134 propriis
3144 2066 3472 2126 distributos.
3539 2073 3727 2132 Omnia

2146 2141 2340 2212 quippe
2366 2145 2652 2214 primordia
2699 2152 2977 2217 seminum,
3025 2155 3137 2211 sive
3177 2159 3315 2214 unde
3361 2164 3534 2218 omnis
3577 2181 3721 2236 cars,

2147 2233 2257 2288 sive
2298 2235 2437 2291 unde
2475 2239 2650 2293 omnia
2695 2239 2885 2296 fruteta
2922 2243 3222 2314 gignuntur,
3257 2248 3469 2306 humida
3495 2265 3640 2322 sunt,
3672 2233 3727 2314 et

2145 2336 2209 2378 ex
2239 2323 2460 2382 humore
2487 2342 2850 2386 concrescunt.
2883 2334 3062 2390 Insunt
3081 2347 3254 2393 autem
3285 2341 3386 2394 illis
3415 2343 3724 2400 efficacissi-

2145 2416 2216 2470 mi
2244 2420 2468 2487 numeri,
2496 2423 2763 2478 trahentes
2787 2441 2963 2480 secum
2981 2442 3234 2496 sequaces
3257 2435 3516 2500 potentias
3537 2451 3601 2490 ex
3621 2439 3723 2493 illis

2145 2507 2394 2577 perfectis
2431 2513 2680 2580 operibus
2719 2515 2834 2583 Dei,
2865 2533 2895 2570 a
2937 2519 3127 2588 quibus
3166 2521 3217 2575 in
3254 2522 3343 2579 die
3377 2526 3602 2596 septimo
3633 2543 3721 2584 re-
3765 2535 3771 2546 '

2143 2601 2358 2670 quievit.

2217 2691 2304 2782 2i.
2337 2691 2709 2750 Verumtamen
2753 2699 2869 2767 quis
2911 2700 3011 2757 iste
3049 2703 3118 2758 sit
3160 2703 3277 2761 fons
3306 2707 3371 2763 ad
3401 2709 3719 2782 irrigandam

2143 2778 2332 2836 faciem
2365 2793 2516 2839 terra:
2552 2789 2724 2844 omnis
2738 2789 2976 2858 idoneus,
2995 2796 3185 2852 merito
3199 2801 3470 2868 quaeritur.
3494 2778 3546 2859 Si
3575 2806 3717 2860 enim

2142 2867 2260 2938 fuit,
2292 2884 2342 2927 et
2373 2874 2648 2932 obstrusus
2684 2891 2764 2935 est
2809 2883 2888 2937 vel
2927 2885 3186 2954 siccatus,
3220 2867 3389 2946 causa
3438 2897 3720 2964 quzereada

2141 2973 2244 3020 est.
2273 2965 2422 3022 Nunc
2454 2971 2596 3025 enim
2627 2972 2864 3028 videmus
2894 2977 3094 3033 nullum
3119 2995 3240 3038 esse
3267 2982 3486 3052 fontem,
3514 3003 3620 3057 quo
3648 2989 3720 3042 ir-

2143 3060 2343 3129 rigetur
2361 3064 2531 3118 omnis
2572 3064 2731 3121 facies
2756 3076 2932 3125 terra}.
2978 3070 3239 3129 Fortassis
3285 3085 3418 3148 ergo
3449 3091 3722 3149 peccatum

2143 3148 2414 3206 hominum
2448 3155 2581 3210 hanc
2605 3157 2762 3213 etiam
2804 3176 3012 3229 poenam
3039 3169 3374 3234 commeruit,
3404 3148 3457 3225 ut
3484 3179 3625 3227 tanta
3654 3173 3722 3227 il-

2143 3241 2244 3296 lius
2274 3245 2430 3299 fontis
2458 3262 2696 3316 repressa
2741 3251 2952 3321 largitas
2982 3253 3280 3314 facillimam
3313 3265 3465 3318 terris
3493 3266 3724 3320 auferret

2141 3332 2533 3402 fecunditatem,
2562 3347 2618 3392 ut
2646 3339 2985 3398 incolentium
3009 3359 3288 3418 augeretur
3326 3353 3488 3408 labor.
3532 3355 3723 3413 Posset

2142 3425 2260 3492 hoc,
2303 3431 2544 3498 quamvis
2582 3432 2722 3486 nulla
2753 3434 2803 3488 id
2830 3435 3095 3506 Scriptura
3121 3444 3432 3508 narraverit,
3456 3445 3723 3506 affirmare

2141 3517 2369 3575 humana
2417 3524 2665 3593 suspicio,
2709 3527 2808 3581 nisi
2848 3529 2974 3584 illud
3023 3544 3357 3599 occurreret.
3412 3541 3550 3608 quod
3596 3558 3723 3612 pec-

2140 3622 2316 3668 catum
2350 3614 2642 3684 hominum,
2673 3619 2757 3674 cui
2785 3635 2940 3689 poena
2976 3623 3173 3680 laboris
3199 3627 3445 3698 imposita
3469 3645 3579 3700 εει..
3602 3644 3725 3704 post

2141 3706 2368 3776 paradisi
2425 3708 2643 3764 delicias
2687 3714 2885 3768 exstitit
2915 3718 3230 3788 :paradisus
3280 3733 3453 3778 autem
3496 3723 3724 3780 habebat

2139 3799 2501 3868 praegrandem
2561 3800 2758 3858 fontem
2798 3819 2972 3870 suum,
3018 3808 3086 3864 de
3125 3824 3232 3880 quo
3261 3822 3379 3881 post
3421 3813 3723 3886 diligentius

2140 3904 2236 3945 suo
2261 3892 2377 3947 loco
2407 3893 2723 3976 loquendum
2745 3906 2858 3965 est;
2886 3915 2951 3954 ex
2975 3901 3126 3970 cujus
3157 3918 3260 3957 uno
3291 3905 3464 3973 capite
3497 3917 3723 3976 quatuor

2141 3998 2326 4054 magna
2350 3974 2570 4040 flumina
2587 3995 2641 4042 et
2667 3997 2785 4042 nota
2808 3991 3052 4060 gentibus
3069 4009 3283 4049 manare
3301 3974 3600 4053 narrantur.
3623 3999 3721 4055 Ubi

2140 4090 2268 4145 ergo
2293 4085 2408 4131 erat
2429 4075 2551 4132 fons
2571 4078 2669 4134 iste
2694 4089 2785 4134 aut
2810 4079 2908 4135 ista
2935 4081 3171 4150 ﬂumina,
3198 4085 3410 4155 quando
3453 4087 3543 4142 ille
3586 4105 3724 4144 unus

2141 4170 2401 4226 maximus
2448 4172 2768 4229 ascendebat
2807 4173 2875 4230 de
2905 4183 3065 4244 terra,
3111 4186 3167 4232 et
3213 4178 3462 4248 irrigabat
3508 4195 3720 4236 omnem

2141 4260 2325 4316 faciem
2354 4263 2549 4318 terra}?
2577 4266 2732 4321 Certe
2752 4267 2891 4322 enim
2921 4278 3045 4323 tunc
3083 4285 3186 4324 non
3217 4270 3384 4335 Geon,
3412 4274 3500 4343 qui
3531 4275 3726 4353 dicitur

2140 4352 2309 4419 Nilus,
2332 4370 2474 4410 unus
2501 4371 2566 4410 ex
2584 4357 2686 4412 illis
2702 4367 2943 4427 quatuor,
2972 4360 3174 4430 rigabat
3206 4361 3513 4432 Egyptum,
3557 4352 3726 4434 quan-

2139 4448 2207 4501 do
2233 4447 2349 4503 fons
2377 4449 2774 4505 ascendebatde
2798 4459 2960 4518 terra,
2987 4461 3041 4506 et
3062 4469 3164 4506 non
3187 4452 3475 4526 Egyptum
3495 4465 3718 4522 tantum,

2139 4539 2232 4594 sed
2261 4554 2472 4595 omnem
2498 4541 2681 4596 faciem
2713 4551 2867 4598 terra:
2889 4545 3131 4599 satiabat.

2208 4628 2300 4682 22.
2331 4631 2412 4684 An
2443 4630 2612 4700 primo
2659 4631 2823 4686 Deum
2859 4633 3087 4688 voluisse
3123 4635 3446 4692 credendum
3491 4648 3571 4694 est
3615 4656 3724 4695 uno

2137 4716 2284 4774 fonte
2308 4720 2540 4774 maximo
2570 4720 2786 4791 irrigare
2814 4736 3026 4777 omnem
3068 4735 3281 4789 terram,
3317 4737 3373 4780 ut
3400 4727 3486 4781 illa
3517 4745 3634 4799 qua:
3668 4729 3722 4783 in

2137 4826 2198 4866 ea
2233 4813 2587 4883 principaliter
2627 4813 2954 4879 COndiderat,
3002 4827 3216 4886 accepto
3243 4817 3480 4874 humoris
3509 4821 3722 4890 adjuto-

2138 4903 2237 4966 rio,
2263 4905 2372 4973 jam
2395 4905 2552 4959 etiam
2581 4921 2674 4974 per
2712 4906 3014 4976 temporalia
3045 4909 3208 4976 spatia
3236 4908 3598 4980 gignerentur,
3625 4927 3723 4980 pro

2138 5007 2353 5048 suorum
2377 5010 2630 5065 generum
2670 4997 2972 5052 diversitate
3009 4997 3167 5052 etiam
3211 4999 3436 5054 diversis
3484 5003 3723 5056 numeris

2137 5085 2376 5151 dierum;
2407 5095 2462 5141 et
2488 5094 2668 5156 postea
2698 5088 2930 5157 plantato
2955 5091 3197 5158 paradiso
3223 5093 3539 5162 repressisse
3569 5094 3721 5150 illum

2137 5177 2358 5242 fontem,
2383 5178 2664 5248 multisque
2687 5178 2936 5243 fontibus,
2964 5183 3101 5236 sicut
3119 5181 3229 5249 jam
3268 5198 3408 5240 nunc
3454 5185 3718 5254 videmus,

2138 5266 2438 5337 implevisse
2465 5277 2688 5334 terram;
2721 5269 2788 5324 de
2814 5269 3040 5340 paradisi
3065 5282 3240 5328 autem
3278 5288 3386 5329 uno
3413 5273 3558 5330 fonte
3582 5291 3716 5346 qua«

2138 5368 2260 5417 tuor
2300 5362 2530 5432 ingentia
2581 5361 2796 5418 ﬂumina
2842 5363 3114 5429 divisisse;
3145 5375 3204 5420 ut
3243 5375 3299 5421 et
3339 5378 3476 5424 terra
3523 5377 3718 5425 caetera

2135 5463 2498 5510 creaturarum
2526 5469 2738 5509 suarum
2769 5455 2923 5524 plena
2963 5455 3266 5526 generibus,
3311 5473 3574 5531 congruos
3612 5477 3719 5515 nu-

2137 5559 2313 5600 meros
2332 5559 2546 5598 suorum
2580 5554 2874 5616 temporum
2893 5547 3189 5616 agentibus,
3208 5547 3382 5606 fontes
3400 5551 3560 5607 etiam
3582 5566 3714 5607 suos

2137 5637 2352 5699 haberet
2382 5653 2444 5692 ac
2467 5635 2684 5702 fluvios;
2719 5648 2773 5694 et
2797 5639 3071 5710 paradisus
3113 5641 3229 5697 loco
3270 5641 3520 5700 clectiore
3561 5645 3712 5715 plan-

2137 5739 2298 5796 tatus,
2329 5740 2555 5800 quatuor
2581 5730 2664 5783 illa
2695 5730 2906 5785 flumina
2928 5748 2993 5786 ex
3018 5733 3188 5802 capite
3217 5733 3297 5788 sui
3324 5733 3485 5790 fontis
3503 5736 3688 5791 emitte

2136 5820 2258 5878 ret?
2277 5829 2443 5876 autex
2461 5823 2579 5892 ipso
2603 5837 2709 5876 uno
2725 5822 2869 5878 fonte
2894 5824 3307 5893 paradisimulto
3325 5825 3522 5898 largius
3548 5839 3714 5884 exun-
