  <div class='ocr_page' id='page_1' title='image "/cluster/home/n/w/nwhite01/storage/ocr_20150623/34/hvd.32044015706310/170.png"; bbox 0 0 4090 6450; ppageno 0'>
   <div class='ocr_carea' id='block_1_1' title="bbox 328 274 450 335">
    <p class='ocr_par' dir='ltr' id='par_1_1' title="bbox 328 274 450 335">
     <span class='ocr_line' id='line_1_1' title="bbox 328 274 450 335; baseline 0 -3"><span class='ocrx_word' id='word_1_1' title='bbox 328 274 450 335; x_wconf 64' lang='grc' dir='ltr'>ω</span> 
     </span>
    </p>
   </div>
   <div class='ocr_carea' id='block_1_2' title="bbox 329 385 1917 459">
    <p class='ocr_par' dir='ltr' id='par_1_2' title="bbox 329 385 1917 459">
     <span class='ocr_line' id='line_1_2' title="bbox 329 385 1917 459; baseline -0.004 -14"><span class='ocrx_word' id='word_1_2' title='bbox 329 390 521 455; x_wconf 79' lang='lat' dir='ltr'><strong>dante,</strong></span> <span class='ocrx_word' id='word_1_3' title='bbox 550 387 696 459; x_wconf 90' lang='lat' dir='ltr'><strong>prius</strong></span> <span class='ocrx_word' id='word_1_4' title='bbox 715 394 880 443; x_wconf 91' lang='lat' dir='ltr'><strong>totam</strong></span> <span class='ocrx_word' id='word_1_5' title='bbox 901 385 1149 459; x_wconf 86' lang='lat' dir='ltr'><strong>irrigasse</strong></span> <span class='ocrx_word' id='word_1_6' title='bbox 1170 394 1388 455; x_wconf 86' lang='lat' dir='ltr'><strong>terram,</strong></span> <span class='ocrx_word' id='word_1_7' title='bbox 1411 394 1570 457; x_wconf 90' lang='lat' dir='ltr'><strong>atque</strong></span> <span class='ocrx_word' id='word_1_8' title='bbox 1584 386 1647 441; x_wconf 89' lang='lat' dir='ltr'><strong>ad</strong></span> <span class='ocrx_word' id='word_1_9' title='bbox 1666 385 1917 455; x_wconf 89' lang='lat' dir='ltr'><strong>parienda</strong></span> 
     </span>
    </p>
   </div>
   <div class='ocr_carea' id='block_1_3' title="bbox 326 479 1921 550">
    <p class='ocr_par' dir='ltr' id='par_1_3' title="bbox 326 479 1921 550">
     <span class='ocr_line' id='line_1_3' title="bbox 326 479 1921 550; baseline -0.003 -15"><span class='ocrx_word' id='word_1_10' title='bbox 326 495 438 550; x_wconf 77' lang='lat' dir='ltr'><strong>per</strong></span> <span class='ocrx_word' id='word_1_11' title='bbox 457 490 753 550; x_wconf 72' lang='lat' dir='ltr'><strong>temporum</strong></span> <span class='ocrx_word' id='word_1_12' title='bbox 784 493 1036 535; x_wconf 90' lang='lat' dir='ltr'><strong>numeros</strong></span> <span class='ocrx_word' id='word_1_13' title='bbox 1061 493 1278 550; x_wconf 84' lang='lat' dir='ltr'><strong>genera,</strong></span> <span class='ocrx_word' id='word_1_14' title='bbox 1302 495 1420 550; x_wconf 85' lang='lat' dir='ltr'><strong>quae</strong></span> <span class='ocrx_word' id='word_1_15' title='bbox 1450 479 1502 534; x_wconf 90' lang='lat' dir='ltr'><strong>in</strong></span> <span class='ocrx_word' id='word_1_16' title='bbox 1528 494 1588 534; x_wconf 91' lang='lat' dir='ltr'><strong>ea</strong></span> <span class='ocrx_word' id='word_1_17' title='bbox 1617 479 1735 535; x_wconf 89' lang='lat' dir='ltr'><strong>sine</strong></span> <span class='ocrx_word' id='word_1_18' title='bbox 1757 480 1921 532; x_wconf 86' lang='lat' dir='ltr'><strong>inter-</strong></span> 
     </span>
    </p>
   </div>
   <div class='ocr_carea' id='block_1_4' title="bbox 327 564 1919 641">
    <p class='ocr_par' dir='ltr' id='par_1_4' title="bbox 327 564 1919 641">
     <span class='ocr_line' id='line_1_4' title="bbox 327 564 1919 641; baseline -0.003 -15"><span class='ocrx_word' id='word_1_19' title='bbox 327 564 492 626; x_wconf 76' lang='lat' dir='ltr'><strong>vallis</strong></span> <span class='ocrx_word' id='word_1_20' title='bbox 512 580 807 641; x_wconf 87' lang='lat' dir='ltr'><strong>temporum</strong></span> <span class='ocrx_word' id='word_1_21' title='bbox 833 578 1124 635; x_wconf 78' lang='lat' dir='ltr'><strong>creaverat,</strong></span> <span class='ocrx_word' id='word_1_22' title='bbox 1157 570 1493 633; x_wconf 88' lang='lat' dir='ltr'><strong>fecundasse;</strong></span> <span class='ocrx_word' id='word_1_23' title='bbox 1534 584 1595 625; x_wconf 90' lang='lat' dir='ltr'><strong>ac</strong></span> <span class='ocrx_word' id='word_1_24' title='bbox 1620 578 1801 639; x_wconf 87' lang='lat' dir='ltr'><strong>postea</strong></span> <span class='ocrx_word' id='word_1_25' title='bbox 1830 582 1919 622; x_wconf 85' lang='lat' dir='ltr'><strong>re-</strong></span> 
     </span>
    </p>
   </div>
   <div class='ocr_carea' id='block_1_5' title="bbox 331 662 1915 735">
    <p class='ocr_par' dir='ltr' id='par_1_5' title="bbox 331 662 1915 735">
     <span class='ocr_line' id='line_1_5' title="bbox 331 662 1915 735; baseline -0.004 -16"><span class='ocrx_word' id='word_1_26' title='bbox 331 664 604 735; x_wconf 80' lang='lat' dir='ltr'><strong>pressisse</strong></span> <span class='ocrx_word' id='word_1_27' title='bbox 624 663 677 718; x_wconf 93' lang='lat' dir='ltr'><strong>in</strong></span> <span class='ocrx_word' id='word_1_28' title='bbox 706 678 773 718; x_wconf 90' lang='lat' dir='ltr'><strong>eo</strong></span> <span class='ocrx_word' id='word_1_29' title='bbox 788 663 906 717; x_wconf 89' lang='lat' dir='ltr'><strong>loco</strong></span> <span class='ocrx_word' id='word_1_30' title='bbox 922 677 1172 733; x_wconf 89' lang='lat' dir='ltr'><strong>aquarum</strong></span> <span class='ocrx_word' id='word_1_31' title='bbox 1194 664 1522 731; x_wconf 90' lang='lat' dir='ltr'><strong>eruptionem</strong></span> <span class='ocrx_word' id='word_1_32' title='bbox 1541 662 1915 724; x_wconf 76' lang='lat' dir='ltr'><strong>vastissimam,</strong></span> 
     </span>
    </p>
   </div>
   <div class='ocr_carea' id='block_1_6' title="bbox 325 751 1916 824">
    <p class='ocr_par' dir='ltr' id='par_1_6' title="bbox 325 751 1916 824">
     <span class='ocr_line' id='line_1_6' title="bbox 325 751 1916 824; baseline -0.001 -18"><span class='ocrx_word' id='word_1_33' title='bbox 325 763 400 807; x_wconf 82' lang='lat' dir='ltr'><strong>ut</strong></span> <span class='ocrx_word' id='word_1_34' title='bbox 445 752 514 808; x_wconf 90' lang='lat' dir='ltr'><strong>de</strong></span> <span class='ocrx_word' id='word_1_35' title='bbox 566 753 791 808; x_wconf 86' lang='lat' dir='ltr'><strong>diversis</strong></span> <span class='ocrx_word' id='word_1_36' title='bbox 817 769 914 824; x_wconf 89' lang='lat' dir='ltr'><strong>per</strong></span> <span class='ocrx_word' id='word_1_37' title='bbox 940 768 1150 808; x_wconf 90' lang='lat' dir='ltr'><strong>omnem</strong></span> <span class='ocrx_word' id='word_1_38' title='bbox 1195 763 1390 809; x_wconf 88' lang='lat' dir='ltr'><strong>terram</strong></span> <span class='ocrx_word' id='word_1_39' title='bbox 1432 754 1690 823; x_wconf 81' lang='lat' dir='ltr'><strong>capitibus</strong></span> <span class='ocrx_word' id='word_1_40' title='bbox 1740 751 1916 806; x_wconf 86' lang='lat' dir='ltr'><strong>flumi—</strong></span> 
     </span>
    </p>
   </div>
   <div class='ocr_carea' id='block_1_7' title="bbox 329 845 1918 915">
    <p class='ocr_par' dir='ltr' id='par_1_7' title="bbox 329 845 1918 915">
     <span class='ocr_line' id='line_1_7' title="bbox 329 845 1918 915; baseline 0 -16"><span class='ocrx_word' id='word_1_41' title='bbox 329 861 468 899; x_wconf 86' lang='lat' dir='ltr'><strong>num</strong></span> <span class='ocrx_word' id='word_1_42' title='bbox 510 862 573 900; x_wconf 91' lang='lat' dir='ltr'><strong>ac</strong></span> <span class='ocrx_word' id='word_1_43' title='bbox 615 845 833 900; x_wconf 78' lang='lat' dir='ltr'><strong>fontium</strong></span> <span class='ocrx_word' id='word_1_44' title='bbox 852 847 961 915; x_wconf 89' lang='lat' dir='ltr'><strong>jam</strong></span> <span class='ocrx_word' id='word_1_45' title='bbox 988 854 1292 911; x_wconf 77' lang='lat' dir='ltr'><strong>manarent;</strong></span> <span class='ocrx_word' id='word_1_46' title='bbox 1321 861 1384 901; x_wconf 87' lang='lat' dir='ltr'><strong>ac</strong></span> <span class='ocrx_word' id='word_1_47' title='bbox 1408 847 1599 901; x_wconf 88' lang='lat' dir='ltr'><strong>deinde</strong></span> <span class='ocrx_word' id='word_1_48' title='bbox 1622 845 1674 900; x_wconf 91' lang='lat' dir='ltr'><strong>in</strong></span> <span class='ocrx_word' id='word_1_49' title='bbox 1702 846 1918 915; x_wconf 79' lang='lat' dir='ltr'><strong>regione</strong></span> 
     </span>
    </p>
   </div>
   <div class='ocr_carea' id='block_1_8' title="bbox 326 935 1914 1007">
    <p class='ocr_par' dir='ltr' id='par_1_8' title="bbox 326 935 1914 1007">
     <span class='ocr_line' id='line_1_8' title="bbox 326 935 1914 1007; baseline 0 -17"><span class='ocrx_word' id='word_1_50' title='bbox 326 935 485 991; x_wconf 77' lang='lat' dir='ltr'><strong>illius</strong></span> <span class='ocrx_word' id='word_1_51' title='bbox 530 937 707 1002; x_wconf 84' lang='lat' dir='ltr'><strong>fontis,</strong></span> <span class='ocrx_word' id='word_1_52' title='bbox 731 952 836 991; x_wconf 88' lang='lat' dir='ltr'><strong>non</strong></span> <span class='ocrx_word' id='word_1_53' title='bbox 856 937 966 1007; x_wconf 88' lang='lat' dir='ltr'><strong>jam</strong></span> <span class='ocrx_word' id='word_1_54' title='bbox 996 937 1298 992; x_wconf 82' lang='lat' dir='ltr'><strong>universam</strong></span> <span class='ocrx_word' id='word_1_55' title='bbox 1325 948 1515 992; x_wconf 88' lang='lat' dir='ltr'><strong>terram</strong></span> <span class='ocrx_word' id='word_1_56' title='bbox 1549 937 1790 1007; x_wconf 73' lang='lat' dir='ltr'><strong>rigentis,</strong></span> <span class='ocrx_word' id='word_1_57' title='bbox 1821 935 1914 990; x_wconf 90' lang='lat' dir='ltr'><strong>sed</strong></span> 
     </span>
    </p>
   </div>
   <div class='ocr_carea' id='block_1_9' title="bbox 323 1028 1913 1099">
    <p class='ocr_par' dir='ltr' id='par_1_9' title="bbox 323 1028 1913 1099">
     <span class='ocr_line' id='line_1_9' title="bbox 323 1028 1913 1099; baseline 0.001 -17"><span class='ocrx_word' id='word_1_58' title='bbox 323 1029 712 1084; x_wconf 80' lang='lat' dir='ltr'><strong>memorabiles</strong></span> <span class='ocrx_word' id='word_1_59' title='bbox 748 1029 893 1083; x_wconf 89' lang='lat' dir='ltr'><strong>solos</strong></span> <span class='ocrx_word' id='word_1_60' title='bbox 928 1029 1048 1084; x_wconf 90' lang='lat' dir='ltr'><strong>illos</strong></span> <span class='ocrx_word' id='word_1_61' title='bbox 1088 1038 1313 1099; x_wconf 90' lang='lat' dir='ltr'><strong>quatuor</strong></span> <span class='ocrx_word' id='word_1_62' title='bbox 1361 1028 1550 1084; x_wconf 84' lang='lat' dir='ltr'><strong>ﬂuvios</strong></span> <span class='ocrx_word' id='word_1_63' title='bbox 1601 1028 1913 1084; x_wconf 67' lang='lat' dir='ltr'><strong>emitteutis.</strong></span> 
     </span>
    </p>
   </div>
   <div class='ocr_carea' id='block_1_10' title="bbox 325 1118 1913 1191">
    <p class='ocr_par' dir='ltr' id='par_1_10' title="bbox 325 1118 1913 1191">
     <span class='ocr_line' id='line_1_10' title="bbox 325 1118 1913 1191; baseline 0.001 -19"><span class='ocrx_word' id='word_1_64' title='bbox 325 1118 611 1187; x_wconf 81' lang='lat' dir='ltr'><strong>plantasse</strong></span> <span class='ocrx_word' id='word_1_65' title='bbox 640 1118 962 1189; x_wconf 80' lang='lat' dir='ltr'><strong>paradisum,</strong></span> <span class='ocrx_word' id='word_1_66' title='bbox 991 1121 1078 1176; x_wconf 89' lang='lat' dir='ltr'><strong>ubi</strong></span> <span class='ocrx_word' id='word_1_67' title='bbox 1100 1120 1368 1176; x_wconf 81' lang='lat' dir='ltr'><strong>hominem</strong></span> <span class='ocrx_word' id='word_1_68' title='bbox 1396 1137 1552 1191; x_wconf 85' lang='lat' dir='ltr'><strong>quem</strong></span> <span class='ocrx_word' id='word_1_69' title='bbox 1583 1119 1782 1175; x_wconf 76' lang='lat' dir='ltr'><strong>fecerat</strong></span> <span class='ocrx_word' id='word_1_70' title='bbox 1802 1119 1913 1174; x_wconf 84' lang='lat' dir='ltr'><strong>col-</strong></span> 
     </span>
    </p>
   </div>
   <div class='ocr_carea' id='block_1_11' title="bbox 255 1210 569 1266">
    <p class='ocr_par' dir='ltr' id='par_1_11' title="bbox 255 1210 569 1266">
     <span class='ocr_line' id='line_1_11' title="bbox 255 1210 569 1266; baseline 0 0"><span class='ocrx_word' id='word_1_71' title='bbox 255 1228 273 1240; x_wconf 81' lang='grc'><strong>·</strong></span> <span class='ocrx_word' id='word_1_72' title='bbox 322 1210 569 1266; x_wconf 80' lang='lat' dir='ltr'><strong>locaret?</strong></span> 
     </span>
    </p>
   </div>
   <div class='ocr_carea' id='block_1_12' title="bbox 322 1304 1912 1378">
    <p class='ocr_par' dir='ltr' id='par_1_12' title="bbox 322 1304 1912 1378">
     <span class='ocr_line' id='line_1_12' title="bbox 322 1304 1912 1378; baseline -0.001 -18"><span class='ocrx_word' id='word_1_73' title='bbox 322 1304 563 1362; x_wconf 70' lang='lat' dir='ltr'><strong>CAPUT</strong></span> <span class='ocrx_word' id='word_1_74' title='bbox 593 1305 726 1362; x_wconf 76' lang='lat' dir='ltr'><strong>Vill.</strong></span> <span class='ocrx_word' id='word_1_75' title='bbox 756 1338 828 1350; x_wconf 92' lang='lat'><strong><em>—</em></strong></span> <span class='ocrx_word' id='word_1_76' title='bbox 854 1307 980 1374; x_wconf 75' lang='lat' dir='ltr'><strong>Qun:</strong></span> <span class='ocrx_word' id='word_1_77' title='bbox 1000 1307 1267 1377; x_wconf 72' lang='lat' dir='ltr'><strong>Scriptura</strong></span> <span class='ocrx_word' id='word_1_78' title='bbox 1306 1308 1494 1373; x_wconf 76' lang='lat' dir='ltr'><strong>reticet,</strong></span> <span class='ocrx_word' id='word_1_79' title='bbox 1525 1314 1764 1378; x_wconf 76' lang='lat' dir='ltr'><strong>quatenus</strong></span> <span class='ocrx_word' id='word_1_80' title='bbox 1789 1320 1912 1359; x_wconf 82' lang='lat' dir='ltr'><strong>con-</strong></span> 
     </span>
    </p>
   </div>
   <div class='ocr_carea' id='block_1_13' title="bbox 783 1403 1456 1475">
    <p class='ocr_par' dir='ltr' id='par_1_13' title="bbox 783 1403 1456 1475">
     <span class='ocr_line' id='line_1_13' title="bbox 783 1403 1456 1475; baseline -0.004 -18"><span class='ocrx_word' id='word_1_81' title='bbox 783 1403 1024 1475; x_wconf 79' lang='lat' dir='ltr'><strong>jectando</strong></span> <span class='ocrx_word' id='word_1_82' title='bbox 1053 1407 1280 1474; x_wconf 81' lang='lat' dir='ltr'><strong>proferre</strong></span> <span class='ocrx_word' id='word_1_83' title='bbox 1286 1403 1456 1472; x_wconf 82' lang='lat' dir='ltr'><strong>juvat.</strong></span> 
     </span>
    </p>
   </div>
   <div class='ocr_carea' id='block_1_14' title="bbox 411 1488 1915 1565">
    <p class='ocr_par' dir='ltr' id='par_1_14' title="bbox 411 1488 1915 1565">
     <span class='ocr_line' id='line_1_14' title="bbox 411 1488 1915 1565; baseline -0.005 -15"><span class='ocrx_word' id='word_1_84' title='bbox 411 1496 503 1552; x_wconf 71' lang='lat'><strong>23.</strong></span> <span class='ocrx_word' id='word_1_85' title='bbox 536 1496 666 1565; x_wconf 86' lang='lat' dir='ltr'><strong>Quia</strong></span> <span class='ocrx_word' id='word_1_86' title='bbox 689 1495 829 1550; x_wconf 91' lang='lat' dir='ltr'><strong>enim</strong></span> <span class='ocrx_word' id='word_1_87' title='bbox 851 1511 954 1549; x_wconf 92' lang='lat' dir='ltr'><strong>non</strong></span> <span class='ocrx_word' id='word_1_88' title='bbox 979 1495 1155 1549; x_wconf 83' lang='lat' dir='ltr'><strong>omnia</strong></span> <span class='ocrx_word' id='word_1_89' title='bbox 1183 1495 1377 1565; x_wconf 90' lang='lat' dir='ltr'><strong>scripta</strong></span> <span class='ocrx_word' id='word_1_90' title='bbox 1401 1502 1544 1558; x_wconf 88' lang='lat' dir='ltr'><strong>sunt,</strong></span> <span class='ocrx_word' id='word_1_91' title='bbox 1572 1488 1915 1562; x_wconf 89' lang='lat' dir='ltr'><strong>quemadmo-</strong></span> 
     </span>
    </p>
   </div>
   <div class='ocr_carea' id='block_1_15' title="bbox 320 1584 1913 1659">
    <p class='ocr_par' dir='ltr' id='par_1_15' title="bbox 320 1584 1913 1659">
     <span class='ocr_line' id='line_1_15' title="bbox 320 1584 1913 1659; baseline -0.007 -13"><span class='ocrx_word' id='word_1_92' title='bbox 320 1590 458 1646; x_wconf 85' lang='lat' dir='ltr'><strong>dum</strong></span> <span class='ocrx_word' id='word_1_93' title='bbox 483 1597 601 1659; x_wconf 90' lang='lat' dir='ltr'><strong>post</strong></span> <span class='ocrx_word' id='word_1_94' title='bbox 625 1588 765 1644; x_wconf 84' lang='lat' dir='ltr'><strong>illam</strong></span> <span class='ocrx_word' id='word_1_95' title='bbox 802 1588 1026 1657; x_wconf 82' lang='lat' dir='ltr'><strong>primam</strong></span> <span class='ocrx_word' id='word_1_96' title='bbox 1055 1600 1235 1640; x_wconf 88' lang='lat' dir='ltr'><strong>rerum</strong></span> <span class='ocrx_word' id='word_1_97' title='bbox 1271 1584 1628 1640; x_wconf 84' lang='lat' dir='ltr'><strong>conditionem</strong></span> <span class='ocrx_word' id='word_1_98' title='bbox 1669 1590 1913 1652; x_wconf 84' lang='lat' dir='ltr'><strong>tempora</strong></span> 
     </span>
    </p>
   </div>
   <div class='ocr_carea' id='block_1_16' title="bbox 320 1662 1915 1749">
    <p class='ocr_par' dir='ltr' id='par_1_16' title="bbox 320 1662 1915 1749">
     <span class='ocr_line' id='line_1_16' title="bbox 320 1662 1915 1749; baseline -0.006 -13"><span class='ocrx_word' id='word_1_99' title='bbox 320 1681 685 1744; x_wconf 86' lang='lat' dir='ltr'><strong>cucurreriut,</strong></span> <span class='ocrx_word' id='word_1_100' title='bbox 718 1662 882 1749; x_wconf 84' lang='lat' dir='ltr'><strong>seque</strong></span> <span class='ocrx_word' id='word_1_101' title='bbox 908 1686 1104 1733; x_wconf 74' lang='lat' dir='ltr'><strong>secuttn</strong></span> <span class='ocrx_word' id='word_1_102' title='bbox 1129 1677 1235 1732; x_wconf 90' lang='lat' dir='ltr'><strong>sint</strong></span> <span class='ocrx_word' id='word_1_103' title='bbox 1264 1675 1749 1732; x_wconf 83' lang='lat' dir='ltr'><strong>administrationes</strong></span> <span class='ocrx_word' id='word_1_104' title='bbox 1765 1688 1915 1728; x_wconf 88' lang='lat' dir='ltr'><strong>crea-</strong></span> 
     </span>
    </p>
   </div>
   <div class='ocr_carea' id='block_1_17' title="bbox 321 1765 1911 1840">
    <p class='ocr_par' dir='ltr' id='par_1_17' title="bbox 321 1765 1911 1840">
     <span class='ocr_line' id='line_1_17' title="bbox 321 1765 1911 1840; baseline -0.006 -14"><span class='ocrx_word' id='word_1_105' title='bbox 321 1782 591 1833; x_wconf 74' lang='lat' dir='ltr'><strong>ttl&#39;arum.</strong></span> <span class='ocrx_word' id='word_1_106' title='bbox 620 1785 739 1840; x_wconf 73' lang='lat' dir='ltr'><strong>qua:</strong></span> <span class='ocrx_word' id='word_1_107' title='bbox 776 1769 1017 1839; x_wconf 82' lang='lat' dir='ltr'><strong>primitus</strong></span> <span class='ocrx_word' id='word_1_108' title='bbox 1049 1767 1198 1823; x_wconf 74' lang='lat' dir='ltr'><strong>facta:</strong></span> <span class='ocrx_word' id='word_1_109' title='bbox 1243 1776 1497 1837; x_wconf 80' lang='lat' dir='ltr'><strong>sextoque</strong></span> <span class='ocrx_word' id='word_1_110' title='bbox 1541 1766 1634 1821; x_wconf 87' lang='lat' dir='ltr'><strong>illo</strong></span> <span class='ocrx_word' id='word_1_111' title='bbox 1657 1765 1745 1820; x_wconf 89' lang='lat' dir='ltr'><strong>die</strong></span> <span class='ocrx_word' id='word_1_112' title='bbox 1775 1779 1911 1821; x_wconf 87' lang='lat' dir='ltr'><strong>cou-</strong></span> 
     </span>
    </p>
   </div>
   <div class='ocr_carea' id='block_1_18' title="bbox 320 1856 1908 1929">
    <p class='ocr_par' dir='ltr' id='par_1_18' title="bbox 320 1856 1908 1929">
     <span class='ocr_line' id='line_1_18' title="bbox 320 1856 1908 1929; baseline -0.006 -12"><span class='ocrx_word' id='word_1_113' title='bbox 320 1870 609 1917; x_wconf 73' lang='lat' dir='ltr'><strong>summata:</strong></span> <span class='ocrx_word' id='word_1_114' title='bbox 628 1870 769 1924; x_wconf 88' lang='lat' dir='ltr'><strong>sunt,</strong></span> <span class='ocrx_word' id='word_1_115' title='bbox 811 1860 903 1916; x_wconf 82' lang='lat' dir='ltr'><strong>sed</strong></span> <span class='ocrx_word' id='word_1_116' title='bbox 937 1868 1188 1929; x_wconf 87' lang='lat' dir='ltr'><strong>quantum</strong></span> <span class='ocrx_word' id='word_1_117' title='bbox 1223 1860 1353 1914; x_wconf 88' lang='lat' dir='ltr'><strong>satis</strong></span> <span class='ocrx_word' id='word_1_118' title='bbox 1373 1858 1628 1929; x_wconf 84' lang='lat' dir='ltr'><strong>judicavit</strong></span> <span class='ocrx_word' id='word_1_119' title='bbox 1661 1856 1908 1926; x_wconf 84' lang='lat' dir='ltr'><strong>Spiritus,</strong></span> 
     </span>
    </p>
   </div>
   <div class='ocr_carea' id='block_1_19' title="bbox 321 1948 1908 2022">
    <p class='ocr_par' dir='ltr' id='par_1_19' title="bbox 321 1948 1908 2022">
     <span class='ocr_line' id='line_1_19' title="bbox 321 1948 1908 2022; baseline -0.004 -16"><span class='ocrx_word' id='word_1_120' title='bbox 321 1954 418 2022; x_wconf 87' lang='lat' dir='ltr'><strong>qui</strong></span> <span class='ocrx_word' id='word_1_121' title='bbox 444 1955 615 2008; x_wconf 81' lang='lat' dir='ltr'><strong>inerat</strong></span> <span class='ocrx_word' id='word_1_122' title='bbox 651 1952 899 2007; x_wconf 65' lang='lat' dir='ltr'><strong>Scribenti</strong></span> <span class='ocrx_word' id='word_1_123' title='bbox 926 1965 989 2006; x_wconf 87' lang='lat' dir='ltr'><strong>ea</strong></span> <span class='ocrx_word' id='word_1_124' title='bbox 1032 1966 1149 2021; x_wconf 68' lang='lat' dir='ltr'><strong>qua:</strong></span> <span class='ocrx_word' id='word_1_125' title='bbox 1179 1966 1282 2005; x_wconf 89' lang='lat' dir='ltr'><strong>non</strong></span> <span class='ocrx_word' id='word_1_126' title='bbox 1330 1950 1504 2005; x_wconf 89' lang='lat' dir='ltr'><strong>solum</strong></span> <span class='ocrx_word' id='word_1_127' title='bbox 1545 1948 1612 2003; x_wconf 90' lang='lat' dir='ltr'><strong>ad</strong></span> <span class='ocrx_word' id='word_1_128' title='bbox 1654 1948 1908 2002; x_wconf 87' lang='lat' dir='ltr'><strong>factarum</strong></span> 
     </span>
    </p>
   </div>
   <div class='ocr_carea' id='block_1_20' title="bbox 322 2036 1913 2109">
    <p class='ocr_par' dir='ltr' id='par_1_20' title="bbox 322 2036 1913 2109">
     <span class='ocr_line' id='line_1_20' title="bbox 322 2036 1913 2109; baseline -0.006 -12"><span class='ocrx_word' id='word_1_129' title='bbox 322 2059 511 2098; x_wconf 85' lang='lat' dir='ltr'><strong>rerum</strong></span> <span class='ocrx_word' id='word_1_130' title='bbox 537 2043 795 2105; x_wconf 86' lang='lat' dir='ltr'><strong>notitiam,</strong></span> <span class='ocrx_word' id='word_1_131' title='bbox 817 2041 911 2096; x_wconf 90' lang='lat' dir='ltr'><strong>sed</strong></span> <span class='ocrx_word' id='word_1_132' title='bbox 936 2041 1095 2097; x_wconf 88' lang='lat' dir='ltr'><strong>etiam</strong></span> <span class='ocrx_word' id='word_1_133' title='bbox 1113 2041 1182 2096; x_wconf 89' lang='lat' dir='ltr'><strong>ad</strong></span> <span class='ocrx_word' id='word_1_134' title='bbox 1196 2040 1494 2095; x_wconf 88' lang='lat' dir='ltr'><strong>futurarum</strong></span> <span class='ocrx_word' id='word_1_135' title='bbox 1532 2036 1913 2109; x_wconf 71' lang='lat' dir='ltr'><strong>prteﬁguratio-</strong></span> 
     </span>
    </p>
   </div>
   <div class='ocr_carea' id='block_1_21' title="bbox 323 2127 1912 2202">
    <p class='ocr_par' dir='ltr' id='par_1_21' title="bbox 323 2127 1912 2202">
     <span class='ocr_line' id='line_1_21' title="bbox 323 2127 1912 2202; baseline -0.006 -13"><span class='ocrx_word' id='word_1_136' title='bbox 323 2150 454 2189; x_wconf 84' lang='lat' dir='ltr'><strong>nem</strong></span> <span class='ocrx_word' id='word_1_137' title='bbox 481 2135 742 2197; x_wconf 86' lang='lat' dir='ltr'><strong>valerent;</strong></span> <span class='ocrx_word' id='word_1_138' title='bbox 782 2132 1079 2187; x_wconf 81' lang='lat' dir='ltr'><strong>nescientes</strong></span> <span class='ocrx_word' id='word_1_139' title='bbox 1106 2134 1465 2202; x_wconf 84' lang='lat' dir='ltr'><strong>conjectamus</strong></span> <span class='ocrx_word' id='word_1_140' title='bbox 1501 2128 1628 2199; x_wconf 92' lang='lat' dir='ltr'><strong>quid</strong></span> <span class='ocrx_word' id='word_1_141' title='bbox 1651 2127 1777 2182; x_wconf 87' lang='lat' dir='ltr'><strong>.lleri</strong></span> <span class='ocrx_word' id='word_1_142' title='bbox 1815 2141 1912 2197; x_wconf 87' lang='lat' dir='ltr'><strong>po-</strong></span> 
     </span>
    </p>
   </div>
   <div class='ocr_carea' id='block_1_22' title="bbox 324 2216 1909 2294">
    <p class='ocr_par' dir='ltr' id='par_1_22' title="bbox 324 2216 1909 2294">
     <span class='ocr_line' id='line_1_22' title="bbox 324 2216 1909 2294; baseline -0.005 -15"><span class='ocrx_word' id='word_1_143' title='bbox 324 2227 512 2291; x_wconf 78' lang='lat' dir='ltr'><strong>tuerit,</strong></span> <span class='ocrx_word' id='word_1_144' title='bbox 534 2224 675 2294; x_wconf 92' lang='lat' dir='ltr'><strong>quod</strong></span> <span class='ocrx_word' id='word_1_145' title='bbox 703 2225 788 2279; x_wconf 77' lang='lat' dir='ltr'><strong>ille</strong></span> <span class='ocrx_word' id='word_1_146' title='bbox 814 2239 918 2279; x_wconf 86' lang='lat' dir='ltr'><strong>non</strong></span> <span class='ocrx_word' id='word_1_147' title='bbox 960 2224 1205 2279; x_wconf 88' lang='lat' dir='ltr'><strong>nesciens</strong></span> <span class='ocrx_word' id='word_1_148' title='bbox 1228 2220 1594 2293; x_wconf 69' lang='lat' dir='ltr'><strong>praetermisit;</strong></span> <span class='ocrx_word' id='word_1_149' title='bbox 1626 2227 1829 2274; x_wconf 89' lang='lat' dir='ltr'><strong>tantum</strong></span> <span class='ocrx_word' id='word_1_150' title='bbox 1859 2216 1909 2272; x_wconf 90' lang='lat' dir='ltr'><strong>id</strong></span> 
     </span>
    </p>
   </div>
   <div class='ocr_carea' id='block_1_23' title="bbox 320 2310 1909 2385">
    <p class='ocr_par' dir='ltr' id='par_1_23' title="bbox 320 2310 1909 2385">
     <span class='ocr_line' id='line_1_23' title="bbox 320 2310 1909 2385; baseline -0.004 -15"><span class='ocrx_word' id='word_1_151' title='bbox 320 2323 583 2370; x_wconf 87' lang='lat' dir='ltr'><strong>conantes</strong></span> <span class='ocrx_word' id='word_1_152' title='bbox 598 2330 696 2385; x_wconf 90' lang='lat' dir='ltr'><strong>pro</strong></span> <span class='ocrx_word' id='word_1_153' title='bbox 725 2315 941 2370; x_wconf 87' lang='lat' dir='ltr'><strong>modulo</strong></span> <span class='ocrx_word' id='word_1_154' title='bbox 967 2324 1169 2376; x_wconf 86' lang='lat' dir='ltr'><strong>nostro,</strong></span> <span class='ocrx_word' id='word_1_155' title='bbox 1196 2321 1448 2384; x_wconf 88' lang='lat' dir='ltr'><strong>quantum</strong></span> <span class='ocrx_word' id='word_1_156' title='bbox 1473 2310 1804 2381; x_wconf 72' lang='lat' dir='ltr'><strong>adiuvamur,</strong></span> <span class='ocrx_word' id='word_1_157' title='bbox 1834 2310 1909 2365; x_wconf 88' lang='lat' dir='ltr'><strong>ef-</strong></span> 
     </span>
    </p>
   </div>
   <div class='ocr_carea' id='block_1_24' title="bbox 319 2402 1910 2476">
    <p class='ocr_par' dir='ltr' id='par_1_24' title="bbox 319 2402 1910 2476">
     <span class='ocr_line' id='line_1_24' title="bbox 319 2402 1910 2476; baseline -0.003 -16"><span class='ocrx_word' id='word_1_158' title='bbox 319 2408 509 2471; x_wconf 72' lang='lat' dir='ltr'><strong>ﬁcere,</strong></span> <span class='ocrx_word' id='word_1_159' title='bbox 539 2421 606 2462; x_wconf 89' lang='lat' dir='ltr'><strong>ne</strong></span> <span class='ocrx_word' id='word_1_160' title='bbox 628 2407 803 2476; x_wconf 85' lang='lat' dir='ltr'><strong>aliqua</strong></span> <span class='ocrx_word' id='word_1_161' title='bbox 842 2405 1145 2462; x_wconf 82' lang='lat' dir='ltr'><strong>absurditas</strong></span> <span class='ocrx_word' id='word_1_162' title='bbox 1182 2404 1266 2460; x_wconf 90' lang='lat' dir='ltr'><strong>vel</strong></span> <span class='ocrx_word' id='word_1_163' title='bbox 1306 2402 1650 2473; x_wconf 78' lang='lat' dir='ltr'><strong>repugnantia</strong></span> <span class='ocrx_word' id='word_1_164' title='bbox 1698 2410 1910 2472; x_wconf 87' lang='lat' dir='ltr'><strong>putetur</strong></span> 
     </span>
    </p>
   </div>
   <div class='ocr_carea' id='block_1_25' title="bbox 319 2487 1908 2565">
    <p class='ocr_par' dir='ltr' id='par_1_25' title="bbox 319 2487 1908 2565">
     <span class='ocr_line' id='line_1_25' title="bbox 319 2487 1908 2565; baseline -0.004 -16"><span class='ocrx_word' id='word_1_165' title='bbox 319 2510 449 2550; x_wconf 86' lang='lat' dir='ltr'><strong>esse</strong></span> <span class='ocrx_word' id='word_1_166' title='bbox 478 2495 530 2549; x_wconf 91' lang='lat' dir='ltr'><strong>in</strong></span> <span class='ocrx_word' id='word_1_167' title='bbox 554 2494 840 2565; x_wconf 88' lang='lat' dir='ltr'><strong>Scripturis</strong></span> <span class='ocrx_word' id='word_1_168' title='bbox 866 2494 1082 2560; x_wconf 87' lang='lat' dir='ltr'><strong>sanctis,</strong></span> <span class='ocrx_word' id='word_1_169' title='bbox 1105 2509 1224 2564; x_wconf 76' lang='lat' dir='ltr'><strong>qua:</strong></span> <span class='ocrx_word' id='word_1_170' title='bbox 1259 2492 1564 2563; x_wconf 89' lang='lat' dir='ltr'><strong>opinionem</strong></span> <span class='ocrx_word' id='word_1_171' title='bbox 1586 2490 1800 2546; x_wconf 87' lang='lat' dir='ltr'><strong>lectoris</strong></span> <span class='ocrx_word' id='word_1_172' title='bbox 1828 2487 1908 2543; x_wconf 91' lang='lat' dir='ltr'><strong>of-</strong></span> 
     </span>
    </p>
   </div>
   <div class='ocr_carea' id='block_1_26' title="bbox 317 2579 1906 2653">
    <p class='ocr_par' dir='ltr' id='par_1_26' title="bbox 317 2579 1906 2653">
     <span class='ocr_line' id='line_1_26' title="bbox 317 2579 1906 2653; baseline -0.004 -14"><span class='ocrx_word' id='word_1_173' title='bbox 317 2584 523 2649; x_wconf 69' lang='lat' dir='ltr'><strong>fendat,</strong></span> <span class='ocrx_word' id='word_1_174' title='bbox 555 2594 610 2641; x_wconf 91' lang='lat' dir='ltr'><strong>et</strong></span> <span class='ocrx_word' id='word_1_175' title='bbox 633 2586 759 2640; x_wconf 90' lang='lat' dir='ltr'><strong>dum</strong></span> <span class='ocrx_word' id='word_1_176' title='bbox 783 2586 1048 2641; x_wconf 81' lang='lat' dir='ltr'><strong>existimat</strong></span> <span class='ocrx_word' id='word_1_177' title='bbox 1074 2583 1189 2639; x_wconf 82' lang='lat' dir='ltr'><strong>fieri</strong></span> <span class='ocrx_word' id='word_1_178' title='bbox 1217 2598 1323 2639; x_wconf 92' lang='lat' dir='ltr'><strong>non</strong></span> <span class='ocrx_word' id='word_1_179' title='bbox 1353 2581 1590 2653; x_wconf 88' lang='lat' dir='ltr'><strong>potuisse</strong></span> <span class='ocrx_word' id='word_1_180' title='bbox 1613 2596 1731 2651; x_wconf 66' lang='lat' dir='ltr'><strong>qua:</strong></span> <span class='ocrx_word' id='word_1_181' title='bbox 1770 2579 1906 2634; x_wconf 89' lang='lat' dir='ltr'><strong>facta</strong></span> 
     </span>
    </p>
   </div>
   <div class='ocr_carea' id='block_1_27' title="bbox 314 2670 1905 2747">
    <p class='ocr_par' dir='ltr' id='par_1_27' title="bbox 314 2670 1905 2747">
     <span class='ocr_line' id='line_1_27' title="bbox 314 2670 1905 2747; baseline -0.003 -16"><span class='ocrx_word' id='word_1_182' title='bbox 314 2691 446 2731; x_wconf 86' lang='lat' dir='ltr'><strong>esse</strong></span> <span class='ocrx_word' id='word_1_183' title='bbox 488 2676 760 2747; x_wconf 85' lang='lat' dir='ltr'><strong>Scriptura</strong></span> <span class='ocrx_word' id='word_1_184' title='bbox 802 2684 1200 2742; x_wconf 84' lang='lat' dir='ltr'><strong>commemorat,</strong></span> <span class='ocrx_word' id='word_1_185' title='bbox 1232 2673 1319 2730; x_wconf 89' lang='lat' dir='ltr'><strong>vel</strong></span> <span class='ocrx_word' id='word_1_186' title='bbox 1345 2673 1549 2731; x_wconf 84' lang='lat' dir='ltr'><strong>resiliat</strong></span> <span class='ocrx_word' id='word_1_187' title='bbox 1586 2686 1618 2726; x_wconf 86' lang='lat' dir='ltr'><strong>a</strong></span> <span class='ocrx_word' id='word_1_188' title='bbox 1646 2671 1768 2738; x_wconf 80' lang='lat' dir='ltr'><strong>fide,</strong></span> <span class='ocrx_word' id='word_1_189' title='bbox 1820 2670 1905 2726; x_wconf 89' lang='lat' dir='ltr'><strong>vel</strong></span> 
     </span>
    </p>
   </div>
   <div class='ocr_carea' id='block_1_28' title="bbox 314 2765 1472 2843">
    <p class='ocr_par' dir='ltr' id='par_1_28' title="bbox 314 2765 1472 2843">
     <span class='ocr_line' id='line_1_28' title="bbox 314 2765 1472 2843; baseline 0.002 -24"><span class='ocrx_word' id='word_1_190' title='bbox 314 2781 430 2819; x_wconf 80' lang='lat' dir='ltr'><strong>non</strong></span> <span class='ocrx_word' id='word_1_191' title='bbox 471 2767 691 2822; x_wconf 86' lang='lat' dir='ltr'><strong>accedat</strong></span> <span class='ocrx_word' id='word_1_192' title='bbox 717 2766 784 2821; x_wconf 90' lang='lat' dir='ltr'><strong>ad</strong></span> <span class='ocrx_word' id='word_1_193' title='bbox 813 2765 990 2821; x_wconf 85' lang='lat' dir='ltr'><strong>fidem.</strong></span> <span class='ocrx_word' id='word_1_194' title='bbox 1466 2834 1472 2843; x_wconf 30' lang='grc' dir='ltr'><strong>ι</strong></span> 
     </span>
    </p>
   </div>
   <div class='ocr_carea' id='block_1_29' title="bbox 310 2851 1905 2930">
    <p class='ocr_par' dir='ltr' id='par_1_29' title="bbox 310 2851 1905 2930">
     <span class='ocr_line' id='line_1_29' title="bbox 310 2851 1905 2930; baseline -0.003 -19"><span class='ocrx_word' id='word_1_195' title='bbox 310 2857 548 2913; x_wconf 78' lang='lat' dir='ltr'><strong>CAPUT</strong></span> <span class='ocrx_word' id='word_1_196' title='bbox 579 2857 667 2912; x_wconf 82' lang='lat' dir='ltr'><strong>IX.</strong></span> <span class='ocrx_word' id='word_1_197' title='bbox 690 2888 762 2899; x_wconf 92' lang='lat'><strong>—</strong></span> <span class='ocrx_word' id='word_1_198' title='bbox 779 2858 1058 2929; x_wconf 62' lang='lat' dir='ltr'><strong>Diﬁicultas</strong></span> <span class='ocrx_word' id='word_1_199' title='bbox 1081 2857 1145 2911; x_wconf 73' lang='lat' dir='ltr'><strong>de</strong></span> <span class='ocrx_word' id='word_1_200' title='bbox 1163 2857 1301 2930; x_wconf 77' lang='lat' dir='ltr'><strong>fonte</strong></span> <span class='ocrx_word' id='word_1_201' title='bbox 1320 2862 1503 2911; x_wconf 73' lang='lat' dir='ltr'><strong>terram</strong></span> <span class='ocrx_word' id='word_1_202' title='bbox 1526 2852 1813 2909; x_wconf 70' lang='lat' dir='ltr'><strong>universam</strong></span> <span class='ocrx_word' id='word_1_203' title='bbox 1836 2851 1905 2906; x_wconf 58' lang='lat' dir='ltr'><strong>iro</strong></span> 
     </span>
    </p>
   </div>
   <div class='ocr_carea' id='block_1_30' title="bbox 1003 2947 1218 3019">
    <p class='ocr_par' dir='ltr' id='par_1_30' title="bbox 1003 2947 1218 3019">
     <span class='ocr_line' id='line_1_30' title="bbox 1003 2947 1218 3019; baseline 0.009 -19"><span class='ocrx_word' id='word_1_204' title='bbox 1003 2947 1218 3019; x_wconf 75' lang='lat' dir='ltr'><strong>rigante.</strong></span> 
     </span>
    </p>
   </div>
   <div class='ocr_carea' id='block_1_31' title="bbox 400 3033 1906 3109">
    <p class='ocr_par' dir='ltr' id='par_1_31' title="bbox 400 3033 1906 3109">
     <span class='ocr_line' id='line_1_31' title="bbox 400 3033 1906 3109; baseline -0.006 -10"><span class='ocrx_word' id='word_1_205' title='bbox 400 3046 494 3099; x_wconf 66' lang='grc'><strong>26.</strong></span> <span class='ocrx_word' id='word_1_206' title='bbox 521 3040 749 3097; x_wconf 81' lang='lat' dir='ltr'><strong>Proinde</strong></span> <span class='ocrx_word' id='word_1_207' title='bbox 776 3054 899 3094; x_wconf 90' lang='lat' dir='ltr'><strong>cum</strong></span> <span class='ocrx_word' id='word_1_208' title='bbox 926 3037 993 3094; x_wconf 91' lang='lat' dir='ltr'><strong>de</strong></span> <span class='ocrx_word' id='word_1_209' title='bbox 1012 3040 1114 3094; x_wconf 92' lang='lat' dir='ltr'><strong>isto</strong></span> <span class='ocrx_word' id='word_1_210' title='bbox 1130 3039 1275 3094; x_wconf 91' lang='lat' dir='ltr'><strong>fonte</strong></span> <span class='ocrx_word' id='word_1_211' title='bbox 1297 3035 1607 3109; x_wconf 59' lang='lat' dir='ltr'><strong>quaerimus,</strong></span> <span class='ocrx_word' id='word_1_212' title='bbox 1639 3033 1906 3109; x_wconf 88' lang='lat' dir='ltr'><strong>quomodo</strong></span> 
     </span>
    </p>
   </div>
   <div class='ocr_carea' id='block_1_32' title="bbox 311 3124 1907 3206">
    <p class='ocr_par' dir='ltr' id='par_1_32' title="bbox 311 3124 1907 3206">
     <span class='ocr_line' id='line_1_32' title="bbox 311 3124 1907 3206; baseline -0.008 -15"><span class='ocrx_word' id='word_1_213' title='bbox 311 3136 374 3191; x_wconf 81' lang='lat' dir='ltr'><strong>id</strong></span> <span class='ocrx_word' id='word_1_214' title='bbox 398 3134 539 3206; x_wconf 92' lang='lat' dir='ltr'><strong>quod</strong></span> <span class='ocrx_word' id='word_1_215' title='bbox 569 3133 769 3187; x_wconf 90' lang='lat' dir='ltr'><strong>dictum</strong></span> <span class='ocrx_word' id='word_1_216' title='bbox 798 3139 902 3197; x_wconf 90' lang='lat' dir='ltr'><strong>est,</strong></span> <span class='ocrx_word' id='word_1_217' title='bbox 942 3129 1248 3185; x_wconf 75' lang='lat' dir='ltr'><strong>Ascendebat</strong></span> <span class='ocrx_word' id='word_1_218' title='bbox 1286 3129 1349 3183; x_wconf 87' lang='lat' dir='ltr'><strong>de</strong></span> <span class='ocrx_word' id='word_1_219' title='bbox 1387 3138 1538 3195; x_wconf 84' lang='lat' dir='ltr'><strong>terra,</strong></span> <span class='ocrx_word' id='word_1_220' title='bbox 1576 3137 1625 3183; x_wconf 85' lang='lat' dir='ltr'><strong>et</strong></span> <span class='ocrx_word' id='word_1_221' title='bbox 1666 3124 1907 3198; x_wconf 74' lang='lat' dir='ltr'><strong>irrignbat</strong></span> 
     </span>
    </p>
   </div>
   <div class='ocr_carea' id='block_1_33' title="bbox 312 3214 1905 3296">
    <p class='ocr_par' dir='ltr' id='par_1_33' title="bbox 312 3214 1905 3296">
     <span class='ocr_line' id='line_1_33' title="bbox 312 3214 1905 3296; baseline -0.008 -14"><span class='ocrx_word' id='word_1_222' title='bbox 312 3243 517 3283; x_wconf 76' lang='lat' dir='ltr'><strong>omnem</strong></span> <span class='ocrx_word' id='word_1_223' title='bbox 561 3224 743 3296; x_wconf 75' lang='lat' dir='ltr'><strong>facim</strong></span> <span class='ocrx_word' id='word_1_224' title='bbox 791 3232 969 3289; x_wconf 64' lang='lat' dir='ltr'><strong>terrae,</strong></span> <span class='ocrx_word' id='word_1_225' title='bbox 1026 3235 1130 3274; x_wconf 92' lang='lat' dir='ltr'><strong>non</strong></span> <span class='ocrx_word' id='word_1_226' title='bbox 1177 3218 1503 3290; x_wconf 85' lang='lat' dir='ltr'><strong>impossibile</strong></span> <span class='ocrx_word' id='word_1_227' title='bbox 1548 3216 1820 3282; x_wconf 87' lang='lat' dir='ltr'><strong>videatur;</strong></span> <span class='ocrx_word' id='word_1_228' title='bbox 1856 3214 1905 3271; x_wconf 88' lang='lat' dir='ltr'><strong>si</strong></span> 
     </span>
    </p>
   </div>
   <div class='ocr_carea' id='block_1_34' title="bbox 310 3311 1907 3391">
    <p class='ocr_par' dir='ltr' id='par_1_34' title="bbox 310 3311 1907 3391">
     <span class='ocr_line' id='line_1_34' title="bbox 310 3311 1907 3391; baseline -0.006 -17"><span class='ocrx_word' id='word_1_229' title='bbox 310 3334 385 3375; x_wconf 78' lang='lat' dir='ltr'><strong>ea</strong></span> <span class='ocrx_word' id='word_1_230' title='bbox 404 3334 522 3391; x_wconf 68' lang='lat' dir='ltr'><strong>qua:</strong></span> <span class='ocrx_word' id='word_1_231' title='bbox 541 3317 789 3380; x_wconf 77' lang='lat' dir='ltr'><strong>diximus,</strong></span> <span class='ocrx_word' id='word_1_232' title='bbox 815 3313 1157 3384; x_wconf 90' lang='lat' dir='ltr'><strong>impossibilia</strong></span> <span class='ocrx_word' id='word_1_233' title='bbox 1178 3311 1424 3382; x_wconf 86' lang='lat' dir='ltr'><strong>cuiquam</strong></span> <span class='ocrx_word' id='word_1_234' title='bbox 1441 3311 1739 3378; x_wconf 86' lang='lat' dir='ltr'><strong>videantur,</strong></span> <span class='ocrx_word' id='word_1_235' title='bbox 1762 3325 1907 3382; x_wconf 64' lang='lat' dir='ltr'><strong>quae-</strong></span> 
     </span>
    </p>
   </div>
   <div class='ocr_carea' id='block_1_35' title="bbox 312 3402 1903 3478">
    <p class='ocr_par' dir='ltr' id='par_1_35' title="bbox 312 3402 1903 3478">
     <span class='ocr_line' id='line_1_35' title="bbox 312 3402 1903 3478; baseline -0.008 -11"><span class='ocrx_word' id='word_1_236' title='bbox 312 3419 405 3467; x_wconf 81' lang='lat' dir='ltr'><strong>rat</strong></span> <span class='ocrx_word' id='word_1_237' title='bbox 445 3410 558 3478; x_wconf 84' lang='lat' dir='ltr'><strong>ipse</strong></span> <span class='ocrx_word' id='word_1_238' title='bbox 595 3406 761 3467; x_wconf 85' lang='lat' dir='ltr'><strong>aliud,</strong></span> <span class='ocrx_word' id='word_1_239' title='bbox 788 3420 894 3475; x_wconf 91' lang='lat' dir='ltr'><strong>quo</strong></span> <span class='ocrx_word' id='word_1_240' title='bbox 921 3416 1098 3460; x_wconf 86' lang='lat' dir='ltr'><strong>tamen</strong></span> <span class='ocrx_word' id='word_1_241' title='bbox 1132 3418 1293 3459; x_wconf 83' lang='lat' dir='ltr'><strong>verax</strong></span> <span class='ocrx_word' id='word_1_242' title='bbox 1324 3402 1425 3458; x_wconf 83' lang='lat' dir='ltr'><strong>ista</strong></span> <span class='ocrx_word' id='word_1_243' title='bbox 1450 3403 1721 3473; x_wconf 90' lang='lat' dir='ltr'><strong>Scriptura</strong></span> <span class='ocrx_word' id='word_1_244' title='bbox 1749 3417 1903 3457; x_wconf 87' lang='lat' dir='ltr'><strong>mon-</strong></span> 
     </span>
    </p>
   </div>
   <div class='ocr_carea' id='block_1_36' title="bbox 313 3494 1904 3568">
    <p class='ocr_par' dir='ltr' id='par_1_36' title="bbox 313 3494 1904 3568">
     <span class='ocr_line' id='line_1_36' title="bbox 313 3494 1904 3568; baseline -0.004 -12"><span class='ocrx_word' id='word_1_245' title='bbox 313 3509 538 3563; x_wconf 73' lang='lat' dir='ltr'><strong>suetur,</strong></span> <span class='ocrx_word' id='word_1_246' title='bbox 562 3513 683 3568; x_wconf 67' lang='lat' dir='ltr'><strong>qua:</strong></span> <span class='ocrx_word' id='word_1_247' title='bbox 700 3496 880 3567; x_wconf 88' lang='lat' dir='ltr'><strong>procul</strong></span> <span class='ocrx_word' id='word_1_248' title='bbox 905 3495 1067 3551; x_wconf 90' lang='lat' dir='ltr'><strong>dubio</strong></span> <span class='ocrx_word' id='word_1_249' title='bbox 1090 3510 1253 3550; x_wconf 79' lang='lat' dir='ltr'><strong>verax</strong></span> <span class='ocrx_word' id='word_1_250' title='bbox 1268 3504 1380 3560; x_wconf 85' lang='lat' dir='ltr'><strong>,est,</strong></span> <span class='ocrx_word' id='word_1_251' title='bbox 1400 3494 1607 3551; x_wconf 88' lang='lat' dir='ltr'><strong>etiamsi</strong></span> <span class='ocrx_word' id='word_1_252' title='bbox 1628 3510 1733 3549; x_wconf 92' lang='lat' dir='ltr'><strong>non</strong></span> <span class='ocrx_word' id='word_1_253' title='bbox 1753 3509 1904 3550; x_wconf 88' lang='lat' dir='ltr'><strong>mon-</strong></span> 
     </span>
    </p>
   </div>
   <div class='ocr_carea' id='block_1_37' title="bbox 313 3584 1901 3658">
    <p class='ocr_par' dir='ltr' id='par_1_37' title="bbox 313 3584 1901 3658">
     <span class='ocr_line' id='line_1_37' title="bbox 313 3584 1901 3658; baseline -0.006 -11"><span class='ocrx_word' id='word_1_254' title='bbox 313 3599 539 3647; x_wconf 82' lang='lat' dir='ltr'><strong>stretur.</strong></span> <span class='ocrx_word' id='word_1_255' title='bbox 584 3589 712 3645; x_wconf 82' lang='lat' dir='ltr'><strong>Nam</strong></span> <span class='ocrx_word' id='word_1_256' title='bbox 738 3588 786 3642; x_wconf 89' lang='lat' dir='ltr'><strong>si</strong></span> <span class='ocrx_word' id='word_1_257' title='bbox 812 3586 1168 3658; x_wconf 73' lang='lat' dir='ltr'><strong>argumentari</strong></span> <span class='ocrx_word' id='word_1_258' title='bbox 1190 3586 1436 3652; x_wconf 91' lang='lat' dir='ltr'><strong>voluerit,</strong></span> <span class='ocrx_word' id='word_1_259' title='bbox 1463 3600 1567 3656; x_wconf 91' lang='lat' dir='ltr'><strong>quo</strong></span> <span class='ocrx_word' id='word_1_260' title='bbox 1578 3600 1694 3640; x_wconf 92' lang='lat' dir='ltr'><strong>eam</strong></span> <span class='ocrx_word' id='word_1_261' title='bbox 1718 3584 1901 3639; x_wconf 80' lang='lat' dir='ltr'><strong>falsam</strong></span> 
     </span>
    </p>
   </div>
   <div class='ocr_carea' id='block_1_38' title="bbox 310 3676 1901 3749">
    <p class='ocr_par' dir='ltr' id='par_1_38' title="bbox 310 3676 1901 3749">
     <span class='ocr_line' id='line_1_38' title="bbox 310 3676 1901 3749; baseline -0.006 -12"><span class='ocrx_word' id='word_1_262' title='bbox 310 3696 441 3737; x_wconf 77' lang='lat' dir='ltr'><strong>esse</strong></span> <span class='ocrx_word' id='word_1_263' title='bbox 466 3678 777 3744; x_wconf 71' lang='lat' dir='ltr'><strong>convincat;</strong></span> <span class='ocrx_word' id='word_1_264' title='bbox 803 3688 895 3732; x_wconf 86' lang='lat' dir='ltr'><strong>aut</strong></span> <span class='ocrx_word' id='word_1_265' title='bbox 938 3678 1052 3749; x_wconf 89' lang='lat' dir='ltr'><strong>ipse</strong></span> <span class='ocrx_word' id='word_1_266' title='bbox 1092 3677 1238 3732; x_wconf 91' lang='lat' dir='ltr'><strong>nulla</strong></span> <span class='ocrx_word' id='word_1_267' title='bbox 1263 3691 1387 3731; x_wconf 90' lang='lat' dir='ltr'><strong>vera</strong></span> <span class='ocrx_word' id='word_1_268' title='bbox 1426 3676 1494 3731; x_wconf 86' lang='lat' dir='ltr'><strong>de</strong></span> <span class='ocrx_word' id='word_1_269' title='bbox 1538 3684 1901 3731; x_wconf 89' lang='lat' dir='ltr'><strong>creaturarum</strong></span> 
     </span>
    </p>
   </div>
   <div class='ocr_carea' id='block_1_39' title="bbox 310 3766 1902 3842">
    <p class='ocr_par' dir='ltr' id='par_1_39' title="bbox 310 3766 1902 3842">
     <span class='ocr_line' id='line_1_39' title="bbox 310 3766 1902 3842; baseline -0.006 -13"><span class='ocrx_word' id='word_1_270' title='bbox 310 3774 625 3829; x_wconf 81' lang='lat' dir='ltr'><strong>conditione</strong></span> <span class='ocrx_word' id='word_1_271' title='bbox 649 3782 807 3842; x_wconf 87' lang='lat' dir='ltr'><strong>atque</strong></span> <span class='ocrx_word' id='word_1_272' title='bbox 834 3769 1290 3825; x_wconf 88' lang='lat' dir='ltr'><strong>administratione</strong></span> <span class='ocrx_word' id='word_1_273' title='bbox 1328 3768 1565 3823; x_wconf 91' lang='lat' dir='ltr'><strong>dicturus</strong></span> <span class='ocrx_word' id='word_1_274' title='bbox 1608 3777 1719 3832; x_wconf 89' lang='lat' dir='ltr'><strong>est;</strong></span> <span class='ocrx_word' id='word_1_275' title='bbox 1747 3779 1837 3821; x_wconf 87' lang='lat' dir='ltr'><strong>aut</strong></span> <span class='ocrx_word' id='word_1_276' title='bbox 1856 3766 1902 3821; x_wconf 91' lang='lat' dir='ltr'><strong>si</strong></span> 
     </span>
    </p>
   </div>
   <div class='ocr_carea' id='block_1_40' title="bbox 314 3857 1899 3930">
    <p class='ocr_par' dir='ltr' id='par_1_40' title="bbox 314 3857 1899 3930">
     <span class='ocr_line' id='line_1_40' title="bbox 314 3857 1899 3930; baseline -0.002 -12"><span class='ocrx_word' id='word_1_277' title='bbox 314 3881 445 3921; x_wconf 82' lang='lat' dir='ltr'><strong>vera</strong></span> <span class='ocrx_word' id='word_1_278' title='bbox 475 3864 687 3930; x_wconf 78' lang='lat' dir='ltr'><strong>dixerit,</strong></span> <span class='ocrx_word' id='word_1_279' title='bbox 708 3862 867 3918; x_wconf 81' lang='lat' dir='ltr'><strong>istam</strong></span> <span class='ocrx_word' id='word_1_280' title='bbox 892 3876 998 3915; x_wconf 91' lang='lat' dir='ltr'><strong>non</strong></span> <span class='ocrx_word' id='word_1_281' title='bbox 1038 3858 1383 3930; x_wconf 89' lang='lat' dir='ltr'><strong>intelligendo</strong></span> <span class='ocrx_word' id='word_1_282' title='bbox 1425 3857 1610 3914; x_wconf 77' lang='lat' dir='ltr'><strong>falsam</strong></span> <span class='ocrx_word' id='word_1_283' title='bbox 1657 3859 1899 3929; x_wconf 83' lang='lat' dir='ltr'><strong>putabit:</strong></span> 
     </span>
    </p>
   </div>
   <div class='ocr_carea' id='block_1_41' title="bbox 315 3951 1904 4022">
    <p class='ocr_par' dir='ltr' id='par_1_41' title="bbox 315 3951 1904 4022">
     <span class='ocr_line' id='line_1_41' title="bbox 315 3951 1904 4022; baseline -0.003 -11"><span class='ocrx_word' id='word_1_284' title='bbox 315 3959 467 4013; x_wconf 82' lang='lat' dir='ltr'><strong>velut</strong></span> <span class='ocrx_word' id='word_1_285' title='bbox 492 3957 535 4012; x_wconf 89' lang='lat' dir='ltr'><strong>si</strong></span> <span class='ocrx_word' id='word_1_286' title='bbox 562 3954 848 4011; x_wconf 85' lang='lat' dir='ltr'><strong>contendat</strong></span> <span class='ocrx_word' id='word_1_287' title='bbox 885 3953 1006 4009; x_wconf 91' lang='lat' dir='ltr'><strong>ideo</strong></span> <span class='ocrx_word' id='word_1_288' title='bbox 1029 3968 1136 4008; x_wconf 92' lang='lat' dir='ltr'><strong>non</strong></span> <span class='ocrx_word' id='word_1_289' title='bbox 1175 3953 1409 4022; x_wconf 83' lang='lat' dir='ltr'><strong>potuisse</strong></span> <span class='ocrx_word' id='word_1_290' title='bbox 1434 3968 1540 4005; x_wconf 91' lang='lat' dir='ltr'><strong>uno</strong></span> <span class='ocrx_word' id='word_1_291' title='bbox 1579 3951 1904 4020; x_wconf 86' lang='lat' dir='ltr'><strong>quantolibet</strong></span> 
     </span>
    </p>
   </div>
   <div class='ocr_carea' id='block_1_42' title="bbox 316 4040 1902 4112">
    <p class='ocr_par' dir='ltr' id='par_1_42' title="bbox 316 4040 1902 4112">
     <span class='ocr_line' id='line_1_42' title="bbox 316 4040 1902 4112; baseline -0.003 -11"><span class='ocrx_word' id='word_1_292' title='bbox 316 4047 471 4101; x_wconf 76' lang='lat' dir='ltr'><strong>fbnte</strong></span> <span class='ocrx_word' id='word_1_293' title='bbox 510 4059 724 4101; x_wconf 89' lang='lat' dir='ltr'><strong>omnem</strong></span> <span class='ocrx_word' id='word_1_294' title='bbox 776 4053 933 4100; x_wconf 73' lang='lat' dir='ltr'><strong>terra:</strong></span> <span class='ocrx_word' id='word_1_295' title='bbox 974 4042 1159 4098; x_wconf 89' lang='lat' dir='ltr'><strong>faciem</strong></span> <span class='ocrx_word' id='word_1_296' title='bbox 1192 4041 1428 4112; x_wconf 76' lang='lat' dir='ltr'><strong>irrigari;</strong></span> <span class='ocrx_word' id='word_1_297' title='bbox 1460 4040 1581 4111; x_wconf 90' lang='lat' dir='ltr'><strong>quia</strong></span> <span class='ocrx_word' id='word_1_298' title='bbox 1610 4042 1655 4095; x_wconf 89' lang='lat' dir='ltr'><strong>si</strong></span> <span class='ocrx_word' id='word_1_299' title='bbox 1697 4051 1902 4097; x_wconf 90' lang='lat' dir='ltr'><strong>montes</strong></span> 
     </span>
    </p>
   </div>
   <div class='ocr_carea' id='block_1_43' title="bbox 318 4131 1902 4206">
    <p class='ocr_par' dir='ltr' id='par_1_43' title="bbox 318 4131 1902 4206">
     <span class='ocr_line' id='line_1_43' title="bbox 318 4131 1902 4206; baseline -0.004 -14"><span class='ocrx_word' id='word_1_300' title='bbox 318 4153 427 4192; x_wconf 83' lang='lat' dir='ltr'><strong>non</strong></span> <span class='ocrx_word' id='word_1_301' title='bbox 457 4134 729 4206; x_wconf 85' lang='lat' dir='ltr'><strong>irrigabat,</strong></span> <span class='ocrx_word' id='word_1_302' title='bbox 760 4149 867 4187; x_wconf 84' lang='lat' dir='ltr'><strong>non</strong></span> <span class='ocrx_word' id='word_1_303' title='bbox 892 4147 1103 4187; x_wconf 88' lang='lat' dir='ltr'><strong>omnem</strong></span> <span class='ocrx_word' id='word_1_304' title='bbox 1134 4140 1290 4186; x_wconf 78' lang='lat' dir='ltr'><strong>terra:</strong></span> <span class='ocrx_word' id='word_1_305' title='bbox 1328 4131 1513 4186; x_wconf 85' lang='lat' dir='ltr'><strong>faciem</strong></span> <span class='ocrx_word' id='word_1_306' title='bbox 1546 4131 1828 4199; x_wconf 88' lang='lat' dir='ltr'><strong>irrigabat:</strong></span> <span class='ocrx_word' id='word_1_307' title='bbox 1857 4133 1902 4186; x_wconf 87' lang='lat' dir='ltr'><strong>si</strong></span> 
     </span>
    </p>
   </div>
   <div class='ocr_carea' id='block_1_44' title="bbox 312 4220 1903 4292">
    <p class='ocr_par' dir='ltr' id='par_1_44' title="bbox 312 4220 1903 4292">
     <span class='ocr_line' id='line_1_44' title="bbox 312 4220 1903 4292; baseline -0.003 -10"><span class='ocrx_word' id='word_1_308' title='bbox 312 4236 498 4282; x_wconf 78' lang='lat' dir='ltr'><strong>autem</strong></span> <span class='ocrx_word' id='word_1_309' title='bbox 528 4225 689 4280; x_wconf 87' lang='lat' dir='ltr'><strong>etiam</strong></span> <span class='ocrx_word' id='word_1_310' title='bbox 714 4232 923 4278; x_wconf 86' lang='lat' dir='ltr'><strong>montes</strong></span> <span class='ocrx_word' id='word_1_311' title='bbox 948 4222 1172 4292; x_wconf 80' lang='lat' dir='ltr'><strong>rigabat,</strong></span> <span class='ocrx_word' id='word_1_312' title='bbox 1201 4237 1304 4275; x_wconf 90' lang='lat' dir='ltr'><strong>non</strong></span> <span class='ocrx_word' id='word_1_313' title='bbox 1331 4230 1449 4276; x_wconf 68' lang='lat' dir='ltr'><strong>erat</strong></span> <span class='ocrx_word' id='word_1_314' title='bbox 1470 4221 1579 4288; x_wconf 86' lang='lat' dir='ltr'><strong>jam</strong></span> <span class='ocrx_word' id='word_1_315' title='bbox 1617 4220 1903 4290; x_wconf 85' lang='lat' dir='ltr'><strong>impertitio</strong></span> 
     </span>
    </p>
   </div>
   <div class='ocr_carea' id='block_1_45' title="bbox 317 4313 1903 4387">
    <p class='ocr_par' dir='ltr' id='par_1_45' title="bbox 317 4313 1903 4387">
     <span class='ocr_line' id='line_1_45' title="bbox 317 4313 1903 4387; baseline -0.004 -13"><span class='ocrx_word' id='word_1_316' title='bbox 317 4319 539 4387; x_wconf 66' lang='lat' dir='ltr'><strong>saginae,</strong></span> <span class='ocrx_word' id='word_1_317' title='bbox 570 4314 664 4372; x_wconf 89' lang='lat' dir='ltr'><strong>sed</strong></span> <span class='ocrx_word' id='word_1_318' title='bbox 688 4314 873 4370; x_wconf 86' lang='lat' dir='ltr'><strong>diluvii</strong></span> <span class='ocrx_word' id='word_1_319' title='bbox 903 4313 1208 4379; x_wconf 86' lang='lat' dir='ltr'><strong>inundatio;</strong></span> <span class='ocrx_word' id='word_1_320' title='bbox 1237 4313 1377 4383; x_wconf 85' lang='lat' dir='ltr'><strong>quod</strong></span> <span class='ocrx_word' id='word_1_321' title='bbox 1418 4313 1462 4366; x_wconf 94' lang='lat' dir='ltr'><strong>si</strong></span> <span class='ocrx_word' id='word_1_322' title='bbox 1502 4323 1639 4367; x_wconf 88' lang='lat' dir='ltr'><strong>terra</strong></span> <span class='ocrx_word' id='word_1_323' title='bbox 1666 4321 1791 4368; x_wconf 88' lang='lat' dir='ltr'><strong>tunc</strong></span> <span class='ocrx_word' id='word_1_324' title='bbox 1826 4314 1903 4369; x_wconf 83' lang='lat' dir='ltr'><strong>sic</strong></span> 
     </span>
    </p>
   </div>
   <div class='ocr_carea' id='block_1_46' title="bbox 316 4405 1927 4473">
    <p class='ocr_par' dir='ltr' id='par_1_46' title="bbox 316 4405 1927 4473">
     <span class='ocr_line' id='line_1_46' title="bbox 316 4405 1927 4473; baseline -0.002 -9"><span class='ocrx_word' id='word_1_325' title='bbox 316 4418 458 4473; x_wconf 82' lang='lat' dir='ltr'><strong>erat,</strong></span> <span class='ocrx_word' id='word_1_326' title='bbox 484 4417 650 4462; x_wconf 84' lang='lat' dir='ltr'><strong>totum</strong></span> <span class='ocrx_word' id='word_1_327' title='bbox 676 4422 822 4461; x_wconf 82' lang='lat' dir='ltr'><strong>mare</strong></span> <span class='ocrx_word' id='word_1_328' title='bbox 850 4414 985 4470; x_wconf 88' lang='lat' dir='ltr'><strong>erat,</strong></span> <span class='ocrx_word' id='word_1_329' title='bbox 1008 4413 1063 4460; x_wconf 91' lang='lat' dir='ltr'><strong>et</strong></span> <span class='ocrx_word' id='word_1_330' title='bbox 1088 4405 1318 4459; x_wconf 92' lang='lat' dir='ltr'><strong>nondum</strong></span> <span class='ocrx_word' id='word_1_331' title='bbox 1345 4405 1571 4459; x_wconf 88' lang='lat' dir='ltr'><strong>discreta</strong></span> <span class='ocrx_word' id='word_1_332' title='bbox 1598 4416 1710 4460; x_wconf 89' lang='lat' dir='ltr'><strong>erat</strong></span> <span class='ocrx_word' id='word_1_333' title='bbox 1732 4407 1898 4462; x_wconf 89' lang='lat' dir='ltr'><strong>arida.</strong></span> <span class='ocrx_word' id='word_1_334' title='bbox 1926 4456 1927 4461; x_wconf 45' lang='grc' dir='ltr'><strong>η</strong></span> 
     </span>
    </p>
   </div>
   <div class='ocr_carea' id='block_1_47' title="bbox 315 4495 1903 4567">
    <p class='ocr_par' dir='ltr' id='par_1_47' title="bbox 315 4495 1903 4567">
     <span class='ocr_line' id='line_1_47' title="bbox 315 4495 1903 4567; baseline -0.003 -10"><span class='ocrx_word' id='word_1_335' title='bbox 315 4499 549 4556; x_wconf 80' lang='lat' dir='ltr'><strong>CAPUT</strong></span> <span class='ocrx_word' id='word_1_336' title='bbox 587 4498 655 4553; x_wconf 76' lang='grc' dir='ltr'><strong>Χ.</strong></span> <span class='ocrx_word' id='word_1_337' title='bbox 684 4528 755 4538; x_wconf 91' lang='grc'><strong><em>-</em></strong></span> <span class='ocrx_word' id='word_1_338' title='bbox 783 4495 924 4552; x_wconf 78' lang='lat' dir='ltr'><strong>Fons</strong></span> <span class='ocrx_word' id='word_1_339' title='bbox 943 4496 1030 4550; x_wconf 79' lang='lat' dir='ltr'><strong>ille</strong></span> <span class='ocrx_word' id='word_1_340' title='bbox 1057 4506 1240 4550; x_wconf 85' lang='lat' dir='ltr'><strong>terram</strong></span> <span class='ocrx_word' id='word_1_341' title='bbox 1267 4505 1420 4549; x_wconf 77' lang='lat' dir='ltr'><strong>totam</strong></span> <span class='ocrx_word' id='word_1_342' title='bbox 1446 4496 1619 4567; x_wconf 81' lang='lat' dir='ltr'><strong>rigans</strong></span> <span class='ocrx_word' id='word_1_343' title='bbox 1643 4506 1695 4550; x_wconf 86' lang='lat' dir='ltr'><strong>ut</strong></span> <span class='ocrx_word' id='word_1_344' title='bbox 1718 4497 1903 4552; x_wconf 76' lang='lat' dir='ltr'><strong>intem-</strong></span> 
     </span>
    </p>
   </div>
   <div class='ocr_carea' id='block_1_48' title="bbox 1006 4588 1215 4658">
    <p class='ocr_par' dir='ltr' id='par_1_48' title="bbox 1006 4588 1215 4658">
     <span class='ocr_line' id='line_1_48' title="bbox 1006 4588 1215 4658; baseline -0.01 -16"><span class='ocrx_word' id='word_1_345' title='bbox 1006 4588 1215 4658; x_wconf 65' lang='lat' dir='ltr'><strong>gerulus.</strong></span> 
     </span>
    </p>
   </div>
   <div class='ocr_carea' id='block_1_49' title="bbox 388 4678 1899 4752">
    <p class='ocr_par' dir='ltr' id='par_1_49' title="bbox 388 4678 1899 4752">
     <span class='ocr_line' id='line_1_49' title="bbox 388 4678 1899 4752; baseline -0.001 -16"><span class='ocrx_word' id='word_1_346' title='bbox 388 4681 481 4736; x_wconf 70' lang='grc'><strong>25.</strong></span> <span class='ocrx_word' id='word_1_347' title='bbox 511 4679 605 4734; x_wconf 86' lang='lat' dir='ltr'><strong>Cui</strong></span> <span class='ocrx_word' id='word_1_348' title='bbox 649 4680 1021 4752; x_wconf 84' lang='lat' dir='ltr'><strong>respondetur,</strong></span> <span class='ocrx_word' id='word_1_349' title='bbox 1054 4680 1173 4748; x_wconf 85' lang='lat' dir='ltr'><strong>quia</strong></span> <span class='ocrx_word' id='word_1_350' title='bbox 1214 4678 1317 4734; x_wconf 78' lang='lat' dir='ltr'><strong>lioc</strong></span> <span class='ocrx_word' id='word_1_351' title='bbox 1354 4679 1555 4735; x_wconf 76' lang='lat' dir='ltr'><strong>vicibus</strong></span> <span class='ocrx_word' id='word_1_352' title='bbox 1601 4688 1899 4749; x_wconf 89' lang='lat' dir='ltr'><strong>temporum</strong></span> 
     </span>
    </p>
   </div>
   <div class='ocr_carea' id='block_1_50' title="bbox 320 4773 1897 4845">
    <p class='ocr_par' dir='ltr' id='par_1_50' title="bbox 320 4773 1897 4845">
     <span class='ocr_line' id='line_1_50' title="bbox 320 4773 1897 4845; baseline -0.002 -14"><span class='ocrx_word' id='word_1_353' title='bbox 320 4786 521 4845; x_wconf 85' lang='lat' dir='ltr'><strong>posset,</strong></span> <span class='ocrx_word' id='word_1_354' title='bbox 553 4780 687 4831; x_wconf 88' lang='lat' dir='ltr'><strong>sicut</strong></span> <span class='ocrx_word' id='word_1_355' title='bbox 723 4784 870 4830; x_wconf 88' lang='lat' dir='ltr'><strong>certo</strong></span> <span class='ocrx_word' id='word_1_356' title='bbox 911 4784 1149 4844; x_wconf 89' lang='lat' dir='ltr'><strong>tempore</strong></span> <span class='ocrx_word' id='word_1_357' title='bbox 1178 4790 1272 4844; x_wconf 89' lang='lat' dir='ltr'><strong>per</strong></span> <span class='ocrx_word' id='word_1_358' title='bbox 1314 4775 1465 4843; x_wconf 88' lang='lat' dir='ltr'><strong>plana</strong></span> <span class='ocrx_word' id='word_1_359' title='bbox 1509 4774 1719 4844; x_wconf 67' lang='lat' dir='ltr'><strong>(Egypti</strong></span> <span class='ocrx_word' id='word_1_360' title='bbox 1748 4773 1897 4828; x_wconf 89' lang='lat' dir='ltr'><strong>Nilus</strong></span> 
     </span>
    </p>
   </div>
   <div class='ocr_carea' id='block_1_51' title="bbox 320 4865 1898 4938">
    <p class='ocr_par' dir='ltr' id='par_1_51' title="bbox 320 4865 1898 4938">
     <span class='ocr_line' id='line_1_51' title="bbox 320 4865 1898 4938; baseline -0.001 -17"><span class='ocrx_word' id='word_1_361' title='bbox 320 4871 610 4938; x_wconf 77' lang='lat' dir='ltr'><strong>restagnat,</strong></span> <span class='ocrx_word' id='word_1_362' title='bbox 639 4877 692 4923; x_wconf 90' lang='lat' dir='ltr'><strong>et</strong></span> <span class='ocrx_word' id='word_1_363' title='bbox 720 4866 826 4923; x_wconf 89' lang='lat' dir='ltr'><strong>alio</strong></span> <span class='ocrx_word' id='word_1_364' title='bbox 850 4877 1087 4936; x_wconf 88' lang='lat' dir='ltr'><strong>tempore</strong></span> <span class='ocrx_word' id='word_1_365' title='bbox 1106 4866 1171 4920; x_wconf 91' lang='lat' dir='ltr'><strong>ad</strong></span> <span class='ocrx_word' id='word_1_366' title='bbox 1209 4867 1348 4934; x_wconf 89' lang='lat' dir='ltr'><strong>ripas</strong></span> <span class='ocrx_word' id='word_1_367' title='bbox 1378 4881 1500 4920; x_wconf 89' lang='lat' dir='ltr'><strong>suas</strong></span> <span class='ocrx_word' id='word_1_368' title='bbox 1531 4865 1705 4921; x_wconf 91' lang='lat' dir='ltr'><strong>redit:</strong></span> <span class='ocrx_word' id='word_1_369' title='bbox 1739 4875 1829 4919; x_wconf 90' lang='lat' dir='ltr'><strong>aut</strong></span> <span class='ocrx_word' id='word_1_370' title='bbox 1856 4866 1898 4919; x_wconf 82' lang='lat' dir='ltr'><strong>si</strong></span> 
     </span>
    </p>
   </div>
   <div class='ocr_carea' id='block_1_52' title="bbox 319 4956 1900 5028">
    <p class='ocr_par' dir='ltr' id='par_1_52' title="bbox 319 4956 1900 5028">
     <span class='ocr_line' id='line_1_52' title="bbox 319 4956 1900 5028; baseline -0.001 -17"><span class='ocrx_word' id='word_1_371' title='bbox 319 4958 421 5012; x_wconf 88' lang='lat' dir='ltr'><strong>iste</strong></span> <span class='ocrx_word' id='word_1_372' title='bbox 447 4958 627 5012; x_wconf 88' lang='lat' dir='ltr'><strong>nescio</strong></span> <span class='ocrx_word' id='word_1_373' title='bbox 667 4958 815 5027; x_wconf 82' lang='lat' dir='ltr'><strong>cujus</strong></span> <span class='ocrx_word' id='word_1_374' title='bbox 851 4961 1043 5028; x_wconf 68' lang='lat' dir='ltr'><strong>ignota:</strong></span> <span class='ocrx_word' id='word_1_375' title='bbox 1070 4972 1131 5010; x_wconf 92' lang='lat' dir='ltr'><strong>ac</strong></span> <span class='ocrx_word' id='word_1_376' title='bbox 1154 4957 1450 5027; x_wconf 72' lang='lat' dir='ltr'><strong>longinqua:</strong></span> <span class='ocrx_word' id='word_1_377' title='bbox 1498 4957 1666 5027; x_wconf 89' lang='lat' dir='ltr'><strong>partis</strong></span> <span class='ocrx_word' id='word_1_378' title='bbox 1717 4956 1900 5011; x_wconf 91' lang='lat' dir='ltr'><strong>mundi</strong></span> 
     </span>
    </p>
   </div>
   <div class='ocr_carea' id='block_1_53' title="bbox 317 5046 1899 5118">
    <p class='ocr_par' dir='ltr' id='par_1_53' title="bbox 317 5046 1899 5118">
     <span class='ocr_line' id='line_1_53' title="bbox 317 5046 1899 5118; baseline -0.001 -17"><span class='ocrx_word' id='word_1_379' title='bbox 317 5050 475 5118; x_wconf 86' lang='lat' dir='ltr'><strong>aquis</strong></span> <span class='ocrx_word' id='word_1_380' title='bbox 513 5056 569 5103; x_wconf 84' lang='lat' dir='ltr'><strong>et</strong></span> <span class='ocrx_word' id='word_1_381' title='bbox 614 5049 817 5117; x_wconf 86' lang='lat' dir='ltr'><strong>pruinis</strong></span> <span class='ocrx_word' id='word_1_382' title='bbox 838 5047 1149 5102; x_wconf 85' lang='lat' dir='ltr'><strong>hiemalibus</strong></span> <span class='ocrx_word' id='word_1_383' title='bbox 1174 5048 1530 5102; x_wconf 82' lang='lat' dir='ltr'><strong>anniversaria</strong></span> <span class='ocrx_word' id='word_1_384' title='bbox 1556 5049 1790 5101; x_wconf 88' lang='lat' dir='ltr'><strong>creditur</strong></span> <span class='ocrx_word' id='word_1_385' title='bbox 1820 5046 1899 5101; x_wconf 81' lang='lat' dir='ltr'><strong>iu-</strong></span> 
     </span>
    </p>
   </div>
   <div class='ocr_carea' id='block_1_54' title="bbox 316 5138 1896 5211">
    <p class='ocr_par' dir='ltr' id='par_1_54' title="bbox 316 5138 1896 5211">
     <span class='ocr_line' id='line_1_54' title="bbox 316 5138 1896 5211; baseline -0.001 -17"><span class='ocrx_word' id='word_1_386' title='bbox 316 5150 589 5195; x_wconf 85' lang='lat' dir='ltr'><strong>crementa</strong></span> <span class='ocrx_word' id='word_1_387' title='bbox 613 5142 891 5211; x_wconf 82' lang='lat' dir='ltr'><strong>colligere;</strong></span> <span class='ocrx_word' id='word_1_388' title='bbox 920 5139 1044 5209; x_wconf 92' lang='lat' dir='ltr'><strong>quid</strong></span> <span class='ocrx_word' id='word_1_389' title='bbox 1074 5138 1142 5193; x_wconf 87' lang='lat' dir='ltr'><strong>de</strong></span> <span class='ocrx_word' id='word_1_390' title='bbox 1172 5138 1365 5193; x_wconf 90' lang='lat' dir='ltr'><strong>Oceani</strong></span> <span class='ocrx_word' id='word_1_391' title='bbox 1395 5139 1613 5194; x_wconf 90' lang='lat' dir='ltr'><strong>alternis</strong></span> <span class='ocrx_word' id='word_1_392' title='bbox 1660 5139 1896 5205; x_wconf 71' lang='lat' dir='ltr'><strong>mStibus,</strong></span> 
     </span>
    </p>
   </div>
   <div class='ocr_carea' id='block_1_55' title="bbox 316 5230 1898 5304">
    <p class='ocr_par' dir='ltr' id='par_1_55' title="bbox 316 5230 1898 5304">
     <span class='ocr_line' id='line_1_55' title="bbox 316 5230 1898 5304; baseline 0.001 -18"><span class='ocrx_word' id='word_1_393' title='bbox 316 5231 445 5301; x_wconf 87' lang='lat' dir='ltr'><strong>quid</strong></span> <span class='ocrx_word' id='word_1_394' title='bbox 470 5232 539 5287; x_wconf 93' lang='lat' dir='ltr'><strong>de</strong></span> <span class='ocrx_word' id='word_1_395' title='bbox 576 5231 888 5304; x_wconf 87' lang='lat' dir='ltr'><strong>quibusdam</strong></span> <span class='ocrx_word' id='word_1_396' title='bbox 915 5230 1198 5296; x_wconf 88' lang='lat' dir='ltr'><strong>littoribus,</strong></span> <span class='ocrx_word' id='word_1_397' title='bbox 1228 5246 1346 5302; x_wconf 67' lang='lat' dir='ltr'><strong>qum</strong></span> <span class='ocrx_word' id='word_1_398' title='bbox 1372 5232 1475 5287; x_wconf 88' lang='lat' dir='ltr'><strong>late</strong></span> <span class='ocrx_word' id='word_1_399' title='bbox 1501 5232 1763 5286; x_wconf 89' lang='lat' dir='ltr'><strong>nudantur</strong></span> <span class='ocrx_word' id='word_1_400' title='bbox 1797 5232 1898 5289; x_wconf 83' lang='lat' dir='ltr'><strong>flu-</strong></span> 
     </span>
    </p>
   </div>
   <div class='ocr_carea' id='block_1_56' title="bbox 315 5319 1897 5392">
    <p class='ocr_par' dir='ltr' id='par_1_56' title="bbox 315 5319 1897 5392">
     <span class='ocr_line' id='line_1_56' title="bbox 315 5319 1897 5392; baseline 0 -16"><span class='ocrx_word' id='word_1_401' title='bbox 315 5322 514 5387; x_wconf 89' lang='lat' dir='ltr'><strong>ctibus,</strong></span> <span class='ocrx_word' id='word_1_402' title='bbox 568 5322 903 5392; x_wconf 76' lang='lat' dir='ltr'><strong>vicissimque</strong></span> <span class='ocrx_word' id='word_1_403' title='bbox 938 5319 1265 5390; x_wconf 81' lang='lat' dir='ltr'><strong>Operiuntur,</strong></span> <span class='ocrx_word' id='word_1_404' title='bbox 1292 5320 1394 5375; x_wconf 79' lang='lat' dir='ltr'><strong>dici</strong></span> <span class='ocrx_word' id='word_1_405' title='bbox 1427 5322 1638 5390; x_wconf 85' lang='lat' dir='ltr'><strong>potest?</strong></span> <span class='ocrx_word' id='word_1_406' title='bbox 1666 5332 1721 5376; x_wconf 94' lang='lat' dir='ltr'><strong>ut</strong></span> <span class='ocrx_word' id='word_1_407' title='bbox 1740 5322 1897 5377; x_wconf 90' lang='lat' dir='ltr'><strong>omit-</strong></span> 
     </span>
    </p>
   </div>
   <div class='ocr_carea' id='block_1_57' title="bbox 314 5412 1898 5484">
    <p class='ocr_par' dir='ltr' id='par_1_57' title="bbox 314 5412 1898 5484">
     <span class='ocr_line' id='line_1_57' title="bbox 314 5412 1898 5484; baseline 0.002 -16"><span class='ocrx_word' id='word_1_408' title='bbox 314 5422 424 5468; x_wconf 85' lang='lat' dir='ltr'><strong>tam</strong></span> <span class='ocrx_word' id='word_1_409' title='bbox 455 5414 596 5483; x_wconf 89' lang='lat' dir='ltr'><strong>quod</strong></span> <span class='ocrx_word' id='word_1_410' title='bbox 621 5413 688 5469; x_wconf 89' lang='lat' dir='ltr'><strong>de</strong></span> <span class='ocrx_word' id='word_1_411' title='bbox 717 5412 1065 5484; x_wconf 86' lang='lat' dir='ltr'><strong>quorumdam</strong></span> <span class='ocrx_word' id='word_1_412' title='bbox 1107 5412 1329 5468; x_wconf 89' lang='lat' dir='ltr'><strong>fontium</strong></span> <span class='ocrx_word' id='word_1_413' title='bbox 1369 5416 1499 5469; x_wconf 89' lang='lat' dir='ltr'><strong>mira</strong></span> <span class='ocrx_word' id='word_1_414' title='bbox 1537 5415 1898 5472; x_wconf 87' lang='lat' dir='ltr'><strong>vicissitudine</strong></span> 
     </span>
    </p>
   </div>
   <div class='ocr_carea' id='block_1_58' title="bbox 316 5502 1951 5576">
    <p class='ocr_par' dir='ltr' id='par_1_58' title="bbox 316 5502 1951 5576">
     <span class='ocr_line' id='line_1_58' title="bbox 316 5502 1951 5576; baseline 0.002 -18"><span class='ocrx_word' id='word_1_415' title='bbox 316 5502 649 5576; x_wconf 84' lang='lat' dir='ltr'><strong>perhibetur,</strong></span> <span class='ocrx_word' id='word_1_416' title='bbox 672 5513 819 5559; x_wconf 91' lang='lat' dir='ltr'><strong>certo</strong></span> <span class='ocrx_word' id='word_1_417' title='bbox 834 5518 1093 5557; x_wconf 87' lang='lat' dir='ltr'><strong>annorum</strong></span> <span class='ocrx_word' id='word_1_418' title='bbox 1108 5504 1381 5558; x_wconf 88' lang='lat' dir='ltr'><strong>intervallo</strong></span> <span class='ocrx_word' id='word_1_419' title='bbox 1405 5506 1485 5559; x_wconf 90' lang='lat' dir='ltr'><strong>sic</strong></span> <span class='ocrx_word' id='word_1_420' title='bbox 1509 5520 1601 5560; x_wconf 92' lang='lat' dir='ltr'><strong>eos</strong></span> <span class='ocrx_word' id='word_1_421' title='bbox 1617 5506 1893 5576; x_wconf 88' lang='lat' dir='ltr'><strong>inundare,</strong></span> <span class='ocrx_word' id='word_1_422' title='bbox 1941 5564 1951 5571; x_wconf 74' lang='grc'><strong><em>,</em></strong></span> 
     </span>
    </p>
   </div>
   <div class='ocr_carea' id='block_1_59' title="bbox 316 5594 1894 5667">
    <p class='ocr_par' dir='ltr' id='par_1_59' title="bbox 316 5594 1894 5667">
     <span class='ocr_line' id='line_1_59' title="bbox 316 5594 1894 5667; baseline 0.004 -20"><span class='ocrx_word' id='word_1_423' title='bbox 316 5605 375 5649; x_wconf 93' lang='lat' dir='ltr'><strong>ut</strong></span> <span class='ocrx_word' id='word_1_424' title='bbox 402 5604 566 5651; x_wconf 84' lang='lat' dir='ltr'><strong>totam</strong></span> <span class='ocrx_word' id='word_1_425' title='bbox 597 5595 740 5649; x_wconf 83' lang='lat' dir='ltr'><strong>illam</strong></span> <span class='ocrx_word' id='word_1_426' title='bbox 782 5594 1052 5665; x_wconf 76' lang='lat' dir='ltr'><strong>regionem</strong></span> <span class='ocrx_word' id='word_1_427' title='bbox 1077 5596 1265 5665; x_wconf 86' lang='lat' dir='ltr'><strong>rigent,</strong></span> <span class='ocrx_word' id='word_1_428' title='bbox 1299 5595 1383 5651; x_wconf 90' lang='lat' dir='ltr'><strong>cui</strong></span> <span class='ocrx_word' id='word_1_429' title='bbox 1413 5598 1517 5651; x_wconf 92' lang='lat' dir='ltr'><strong>alio</strong></span> <span class='ocrx_word' id='word_1_430' title='bbox 1547 5604 1785 5667; x_wconf 88' lang='lat' dir='ltr'><strong>tempore</strong></span> <span class='ocrx_word' id='word_1_431' title='bbox 1810 5601 1894 5653; x_wconf 81' lang='lat' dir='ltr'><strong>vix</strong></span> 
     </span>
    </p>
   </div>
   <div class='ocr_carea' id='block_1_60' title="bbox 313 5689 1920 5762">
    <p class='ocr_par' dir='ltr' id='par_1_60' title="bbox 313 5689 1920 5762">
     <span class='ocr_line' id='line_1_60' title="bbox 313 5689 1920 5762; baseline 0.002 -16"><span class='ocrx_word' id='word_1_432' title='bbox 313 5707 377 5747; x_wconf 79' lang='lat' dir='ltr'><strong>ex</strong></span> <span class='ocrx_word' id='word_1_433' title='bbox 432 5690 557 5746; x_wconf 88' lang='lat' dir='ltr'><strong>altis</strong></span> <span class='ocrx_word' id='word_1_434' title='bbox 606 5689 779 5759; x_wconf 91' lang='lat' dir='ltr'><strong>puteis</strong></span> <span class='ocrx_word' id='word_1_435' title='bbox 806 5689 871 5744; x_wconf 86' lang='lat' dir='ltr'><strong>ad</strong></span> <span class='ocrx_word' id='word_1_436' title='bbox 924 5689 1209 5759; x_wconf 90' lang='lat' dir='ltr'><strong>potandum</strong></span> <span class='ocrx_word' id='word_1_437' title='bbox 1256 5689 1603 5748; x_wconf 77' lang='lat' dir='ltr'><strong>sufficientem</strong></span> <span class='ocrx_word' id='word_1_438' title='bbox 1657 5691 1920 5762; x_wconf 71' lang='lat' dir='ltr'><strong>praabcnt‘</strong></span> 
     </span>
    </p>
   </div>
   <div class='ocr_carea' id='block_1_61' title="bbox 553 5780 1240 5847">
    <p class='ocr_par' dir='ltr' id='par_1_61' title="bbox 553 5780 1240 5847">
     <span class='ocr_line' id='line_1_61' title="bbox 553 5780 1240 5847; baseline 0 -3"><span class='ocrx_word' id='word_1_439' title='bbox 553 5782 780 5844; x_wconf 74' lang='lat' dir='ltr'><strong>SANCT.</strong></span> <span class='ocrx_word' id='word_1_440' title='bbox 815 5780 1089 5843; x_wconf 72' lang='lat' dir='ltr'><strong>Aunus&#39;r.</strong></span> <span class='ocrx_word' id='word_1_441' title='bbox 1131 5783 1240 5847; x_wconf 84' lang='lat' dir='ltr'><strong>Ill.</strong></span> 
     </span>
    </p>
   </div>
   <div class='ocr_carea' id='block_1_62' title="bbox 1710 270 2268 341">
    <p class='ocr_par' dir='ltr' id='par_1_62' title="bbox 1710 270 2268 341">
     <span class='ocr_line' id='line_1_62' title="bbox 1710 270 2268 341; baseline 0.013 -13"><span class='ocrx_word' id='word_1_442' title='bbox 1710 270 1913 329; x_wconf 82' lang='lat' dir='ltr'><strong>LIBER</strong></span> <span class='ocrx_word' id='word_1_443' title='bbox 1952 270 2268 341; x_wconf 70' lang='lat' dir='ltr'><strong>QUINTUS.</strong></span> 
     </span>
    </p>
   </div>
   <div class='ocr_carea' id='block_1_63' title="bbox 3500 285 3604 344">
    <p class='ocr_par' dir='ltr' id='par_1_63' title="bbox 3500 285 3604 344">
     <span class='ocr_line' id='line_1_63' title="bbox 3500 285 3604 344; baseline 0.029 -3"><span class='ocrx_word' id='word_1_444' title='bbox 3500 285 3604 344; x_wconf 77' lang='lat'><strong>530</strong></span> 
     </span>
    </p>
   </div>
   <div class='ocr_carea' id='block_1_64' title="bbox 2023 386 3602 467">
    <p class='ocr_par' dir='ltr' id='par_1_64' title="bbox 2023 386 3602 467">
     <span class='ocr_line' id='line_1_64' title="bbox 2023 386 3602 467; baseline 0.009 -29"><span class='ocrx_word' id='word_1_445' title='bbox 2023 396 2234 454; x_wconf 87' lang='lat' dir='ltr'><strong>aquam.</strong></span> <span class='ocrx_word' id='word_1_446' title='bbox 2260 386 2370 444; x_wconf 86' lang='lat' dir='ltr'><strong>Cur</strong></span> <span class='ocrx_word' id='word_1_447' title='bbox 2395 402 2519 458; x_wconf 83' lang='lat' dir='ltr'><strong>ergo</strong></span> <span class='ocrx_word' id='word_1_448' title='bbox 2546 389 2613 443; x_wconf 91' lang='lat' dir='ltr'><strong>sit</strong></span> <span class='ocrx_word' id='word_1_449' title='bbox 2644 391 2971 458; x_wconf 85' lang='lat' dir='ltr'><strong>incredibile,</strong></span> <span class='ocrx_word' id='word_1_450' title='bbox 3012 392 3055 447; x_wconf 90' lang='lat' dir='ltr'><strong>si</strong></span> <span class='ocrx_word' id='word_1_451' title='bbox 3083 408 3148 448; x_wconf 80' lang='lat' dir='ltr'><strong>cx</strong></span> <span class='ocrx_word' id='word_1_452' title='bbox 3173 409 3279 451; x_wconf 88' lang='lat' dir='ltr'><strong>uno</strong></span> <span class='ocrx_word' id='word_1_453' title='bbox 3306 396 3479 467; x_wconf 79' lang='lat' dir='ltr'><strong>abyssi</strong></span> <span class='ocrx_word' id='word_1_454' title='bbox 3510 411 3602 451; x_wconf 68' lang='grc' dir='ltr'><strong>ρης</strong></span> 
     </span>
    </p>
   </div>
   <div class='ocr_carea' id='block_1_65' title="bbox 2025 476 3604 554">
    <p class='ocr_par' dir='ltr' id='par_1_65' title="bbox 2025 476 3604 554">
     <span class='ocr_line' id='line_1_65' title="bbox 2025 476 3604 554; baseline 0.01 -27"><span class='ocrx_word' id='word_1_455' title='bbox 2025 476 2131 542; x_wconf 89' lang='lat' dir='ltr'><strong>pite</strong></span> <span class='ocrx_word' id='word_1_456' title='bbox 2157 477 2358 532; x_wconf 86' lang='lat' dir='ltr'><strong>alterna</strong></span> <span class='ocrx_word' id='word_1_457' title='bbox 2397 479 2740 536; x_wconf 89' lang='lat' dir='ltr'><strong>inundatione</strong></span> <span class='ocrx_word' id='word_1_458' title='bbox 2764 480 2960 538; x_wconf 84' lang='lat' dir='ltr'><strong>fluente</strong></span> <span class='ocrx_word' id='word_1_459' title='bbox 2982 493 3140 554; x_wconf 90' lang='lat' dir='ltr'><strong>atque</strong></span> <span class='ocrx_word' id='word_1_460' title='bbox 3168 486 3445 553; x_wconf 82' lang='lat' dir='ltr'><strong>refluente,</strong></span> <span class='ocrx_word' id='word_1_461' title='bbox 3478 497 3604 543; x_wconf 89' lang='lat' dir='ltr'><strong>tunc</strong></span> 
     </span>
    </p>
   </div>
   <div class='ocr_carea' id='block_1_66' title="bbox 2024 566 3604 647">
    <p class='ocr_par' dir='ltr' id='par_1_66' title="bbox 2024 566 3604 647">
     <span class='ocr_line' id='line_1_66' title="bbox 2024 566 3604 647; baseline 0.009 -30"><span class='ocrx_word' id='word_1_462' title='bbox 2024 566 2267 622; x_wconf 84' lang='lat' dir='ltr'><strong>universa</strong></span> <span class='ocrx_word' id='word_1_463' title='bbox 2297 578 2434 623; x_wconf 90' lang='lat' dir='ltr'><strong>terra</strong></span> <span class='ocrx_word' id='word_1_464' title='bbox 2456 570 2620 639; x_wconf 83' lang='lat' dir='ltr'><strong>rigata</strong></span> <span class='ocrx_word' id='word_1_465' title='bbox 2635 573 2749 625; x_wconf 83' lang='lat' dir='ltr'><strong>est?</strong></span> <span class='ocrx_word' id='word_1_466' title='bbox 2774 572 2923 639; x_wconf 85' lang='lat' dir='ltr'><strong>Quod</strong></span> <span class='ocrx_word' id='word_1_467' title='bbox 2944 573 2989 628; x_wconf 92' lang='lat' dir='ltr'><strong>si</strong></span> <span class='ocrx_word' id='word_1_468' title='bbox 3014 575 3177 639; x_wconf 68' lang='lat' dir='ltr'><strong>ipsius</strong></span> <span class='ocrx_word' id='word_1_469' title='bbox 3203 576 3381 646; x_wconf 85' lang='lat' dir='ltr'><strong>abyssi</strong></span> <span class='ocrx_word' id='word_1_470' title='bbox 3400 580 3604 647; x_wconf 83' lang='lat' dir='ltr'><strong>magni-</strong></span> 
     </span>
    </p>
   </div>
   <div class='ocr_carea' id='block_1_67' title="bbox 2023 658 3603 733">
    <p class='ocr_par' dir='ltr' id='par_1_67' title="bbox 2023 658 3603 733">
     <span class='ocr_line' id='line_1_67' title="bbox 2023 658 3603 733; baseline 0.008 -22"><span class='ocrx_word' id='word_1_471' title='bbox 2023 658 2279 723; x_wconf 87' lang='lat' dir='ltr'><strong>tudinem,</strong></span> <span class='ocrx_word' id='word_1_472' title='bbox 2308 674 2371 715; x_wconf 83' lang='lat' dir='ltr'><strong>ea</strong></span> <span class='ocrx_word' id='word_1_473' title='bbox 2395 669 2543 730; x_wconf 88' lang='lat' dir='ltr'><strong>parte</strong></span> <span class='ocrx_word' id='word_1_474' title='bbox 2570 674 2787 733; x_wconf 77' lang='lat' dir='ltr'><strong>excepta</strong></span> <span class='ocrx_word' id='word_1_475' title='bbox 2830 664 2968 733; x_wconf 88' lang='lat' dir='ltr'><strong>quod</strong></span> <span class='ocrx_word' id='word_1_476' title='bbox 3008 682 3154 721; x_wconf 86' lang='lat' dir='ltr'><strong>mare</strong></span> <span class='ocrx_word' id='word_1_477' title='bbox 3174 667 3368 722; x_wconf 88' lang='lat' dir='ltr'><strong>dicitur</strong></span> <span class='ocrx_word' id='word_1_478' title='bbox 3402 679 3455 723; x_wconf 92' lang='lat' dir='ltr'><strong>et</strong></span> <span class='ocrx_word' id='word_1_479' title='bbox 3491 671 3603 725; x_wconf 84' lang='lat' dir='ltr'><strong>cvi-</strong></span> 
     </span>
    </p>
   </div>
   <div class='ocr_carea' id='block_1_68' title="bbox 2019 750 3601 825">
    <p class='ocr_par' dir='ltr' id='par_1_68' title="bbox 2019 750 3601 825">
     <span class='ocr_line' id='line_1_68' title="bbox 2019 750 3601 825; baseline 0.008 -21"><span class='ocrx_word' id='word_1_480' title='bbox 2019 750 2165 806; x_wconf 89' lang='lat' dir='ltr'><strong>denti</strong></span> <span class='ocrx_word' id='word_1_481' title='bbox 2194 752 2535 821; x_wconf 83' lang='lat' dir='ltr'><strong>amplitudine</strong></span> <span class='ocrx_word' id='word_1_482' title='bbox 2561 764 2720 825; x_wconf 85' lang='lat' dir='ltr'><strong>atque</strong></span> <span class='ocrx_word' id='word_1_483' title='bbox 2745 758 2939 811; x_wconf 89' lang='lat' dir='ltr'><strong>amaris</strong></span> <span class='ocrx_word' id='word_1_484' title='bbox 2967 757 3210 814; x_wconf 77' lang='lat' dir='ltr'><strong>[luctibus</strong></span> <span class='ocrx_word' id='word_1_485' title='bbox 3246 762 3260 793; x_wconf 74' lang='grc' dir='ltr'>ι</span> <span class='ocrx_word' id='word_1_486' title='bbox 3292 771 3462 815; x_wconf 81' lang='lat' dir='ltr'><strong>terras</strong></span> <span class='ocrx_word' id='word_1_487' title='bbox 3488 779 3601 816; x_wconf 85' lang='lat' dir='ltr'><strong>am-</strong></span> 
     </span>
    </p>
   </div>
   <div class='ocr_carea' id='block_1_69' title="bbox 2021 841 3597 917">
    <p class='ocr_par' dir='ltr' id='par_1_69' title="bbox 2021 841 3597 917">
     <span class='ocr_line' id='line_1_69' title="bbox 2021 841 3597 917; baseline 0.009 -22"><span class='ocrx_word' id='word_1_488' title='bbox 2021 841 2117 909; x_wconf 88' lang='lat' dir='ltr'><strong>bit,</strong></span> <span class='ocrx_word' id='word_1_489' title='bbox 2164 843 2216 896; x_wconf 90' lang='lat' dir='ltr'><strong>in</strong></span> <span class='ocrx_word' id='word_1_490' title='bbox 2258 859 2318 897; x_wconf 87' lang='lat' dir='ltr'><strong>ea</strong></span> <span class='ocrx_word' id='word_1_491' title='bbox 2359 846 2473 899; x_wconf 82' lang='lat' dir='ltr'><strong>sola</strong></span> <span class='ocrx_word' id='word_1_492' title='bbox 2523 857 2671 914; x_wconf 89' lang='lat' dir='ltr'><strong>parte</strong></span> <span class='ocrx_word' id='word_1_493' title='bbox 2713 863 2868 917; x_wconf 90' lang='lat' dir='ltr'><strong>quam</strong></span> <span class='ocrx_word' id='word_1_494' title='bbox 2906 850 3190 905; x_wconf 88' lang='lat' dir='ltr'><strong>reconditis</strong></span> <span class='ocrx_word' id='word_1_495' title='bbox 3231 853 3432 907; x_wconf 90' lang='lat' dir='ltr'><strong>sinibus</strong></span> <span class='ocrx_word' id='word_1_496' title='bbox 3462 864 3597 909; x_wconf 88' lang='lat' dir='ltr'><strong>terra</strong></span> 
     </span>
    </p>
   </div>
   <div class='ocr_carea' id='block_1_70' title="bbox 2019 934 3656 1013">
    <p class='ocr_par' dir='ltr' id='par_1_70' title="bbox 2019 934 3656 1013">
     <span class='ocr_line' id='line_1_70' title="bbox 2019 934 3656 1013; baseline 0.011 -28"><span class='ocrx_word' id='word_1_497' title='bbox 2019 934 2271 996; x_wconf 88' lang='lat' dir='ltr'><strong>continet,</strong></span> <span class='ocrx_word' id='word_1_498' title='bbox 2291 936 2428 989; x_wconf 89' lang='lat' dir='ltr'><strong>unde</strong></span> <span class='ocrx_word' id='word_1_499' title='bbox 2447 951 2506 991; x_wconf 88' lang='lat' dir='ltr'><strong>se</strong></span> <span class='ocrx_word' id='word_1_500' title='bbox 2524 951 2710 993; x_wconf 89' lang='lat' dir='ltr'><strong>omnes</strong></span> <span class='ocrx_word' id='word_1_501' title='bbox 2732 938 2903 995; x_wconf 88' lang='lat' dir='ltr'><strong>fontes</strong></span> <span class='ocrx_word' id='word_1_502' title='bbox 2929 956 3217 1013; x_wconf 90' lang='lat' dir='ltr'><strong>amnesque</strong></span> <span class='ocrx_word' id='word_1_503' title='bbox 3245 944 3468 1001; x_wconf 86' lang='lat' dir='ltr'><strong>diversis</strong></span> <span class='ocrx_word' id='word_1_504' title='bbox 3496 958 3601 1001; x_wconf 80' lang='lat' dir='ltr'><strong>tra-</strong></span> <span class='ocrx_word' id='word_1_505' title='bbox 3650 967 3656 972; x_wconf 63' lang='grc'><em>”</em></span> 
     </span>
    </p>
   </div>
   <div class='ocr_carea' id='block_1_71' title="bbox 2018 1023 3602 1105">
    <p class='ocr_par' dir='ltr' id='par_1_71' title="bbox 2018 1023 3602 1105">
     <span class='ocr_line' id='line_1_71' title="bbox 2018 1023 3602 1105; baseline 0.011 -29"><span class='ocrx_word' id='word_1_506' title='bbox 2018 1023 2189 1078; x_wconf 90' lang='lat' dir='ltr'><strong>ctibus</strong></span> <span class='ocrx_word' id='word_1_507' title='bbox 2213 1026 2471 1096; x_wconf 86' lang='lat' dir='ltr'><strong>venisque</strong></span> <span class='ocrx_word' id='word_1_508' title='bbox 2494 1027 2835 1093; x_wconf 86' lang='lat' dir='ltr'><strong>distribuunt,</strong></span> <span class='ocrx_word' id='word_1_509' title='bbox 2863 1041 2916 1086; x_wconf 92' lang='lat' dir='ltr'><strong>et</strong></span> <span class='ocrx_word' id='word_1_510' title='bbox 2939 1033 3049 1087; x_wconf 88' lang='lat' dir='ltr'><strong>suis</strong></span> <span class='ocrx_word' id='word_1_511' title='bbox 3070 1033 3264 1105; x_wconf 87' lang='lat' dir='ltr'><strong>quique</strong></span> <span class='ocrx_word' id='word_1_512' title='bbox 3281 1036 3411 1091; x_wconf 83' lang='lat' dir='ltr'><strong>locis</strong></span> <span class='ocrx_word' id='word_1_513' title='bbox 3432 1055 3602 1093; x_wconf 80' lang='lat' dir='ltr'><strong>erutu-</strong></span> 
     </span>
    </p>
   </div>
   <div class='ocr_carea' id='block_1_72' title="bbox 2019 1114 3593 1198">
    <p class='ocr_par' dir='ltr' id='par_1_72' title="bbox 2019 1114 3593 1198">
     <span class='ocr_line' id='line_1_72' title="bbox 2019 1114 3593 1198; baseline 0.011 -30"><span class='ocrx_word' id='word_1_514' title='bbox 2019 1124 2168 1184; x_wconf 90' lang='lat' dir='ltr'><strong>punt,</strong></span> <span class='ocrx_word' id='word_1_515' title='bbox 2200 1114 2400 1173; x_wconf 88' lang='lat' dir='ltr'><strong>fontem</strong></span> <span class='ocrx_word' id='word_1_516' title='bbox 2441 1120 2606 1174; x_wconf 89' lang='lat' dir='ltr'><strong>voluit</strong></span> <span class='ocrx_word' id='word_1_517' title='bbox 2650 1123 2915 1191; x_wconf 90' lang='lat' dir='ltr'><strong>appellare</strong></span> <span class='ocrx_word' id='word_1_518' title='bbox 2944 1126 3232 1195; x_wconf 89' lang='lat' dir='ltr'><strong>Scriptura,</strong></span> <span class='ocrx_word' id='word_1_519' title='bbox 3266 1145 3369 1183; x_wconf 82' lang='lat' dir='ltr'><strong>non</strong></span> <span class='ocrx_word' id='word_1_520' title='bbox 3400 1130 3593 1198; x_wconf 76' lang='lat' dir='ltr'><strong>foates,</strong></span> 
     </span>
    </p>
   </div>
   <div class='ocr_carea' id='block_1_73' title="bbox 2016 1211 3585 1285">
    <p class='ocr_par' dir='ltr' id='par_1_73' title="bbox 2016 1211 3585 1285">
     <span class='ocr_line' id='line_1_73' title="bbox 2016 1211 3585 1285; baseline 0.011 -26"><span class='ocrx_word' id='word_1_521' title='bbox 2016 1216 2232 1276; x_wconf 85' lang='lat' dir='ltr'><strong>prepter</strong></span> <span class='ocrx_word' id='word_1_522' title='bbox 2258 1219 2458 1264; x_wconf 70' lang='lat' dir='ltr'><strong>naturae</strong></span> <span class='ocrx_word' id='word_1_523' title='bbox 2488 1211 2775 1277; x_wconf 88' lang='lat' dir='ltr'><strong>unitatem;</strong></span> <span class='ocrx_word' id='word_1_524' title='bbox 2804 1229 3027 1283; x_wconf 86' lang='lat' dir='ltr'><strong>cumque</strong></span> <span class='ocrx_word' id='word_1_525' title='bbox 3053 1231 3145 1285; x_wconf 91' lang='lat' dir='ltr'><strong>per</strong></span> <span class='ocrx_word' id='word_1_526' title='bbox 3169 1217 3585 1277; x_wconf 85' lang='lat' dir='ltr'><strong>inmnnerabilcs</strong></span> 
     </span>
    </p>
   </div>
   <div class='ocr_carea' id='block_1_74' title="bbox 2016 1285 3598 1372">
    <p class='ocr_par' dir='ltr' id='par_1_74' title="bbox 2016 1285 3598 1372">
     <span class='ocr_line' id='line_1_74' title="bbox 2016 1285 3598 1372; baseline 0.01 -23"><span class='ocrx_word' id='word_1_527' title='bbox 2016 1297 2130 1351; x_wconf 87' lang='lat' dir='ltr'><strong>vias</strong></span> <span class='ocrx_word' id='word_1_528' title='bbox 2156 1285 2413 1355; x_wconf 85' lang='lat' dir='ltr'><strong>antrorun</strong></span> <span class='ocrx_word' id='word_1_529' title='bbox 2433 1310 2593 1372; x_wconf 91' lang='lat' dir='ltr'><strong>atque</strong></span> <span class='ocrx_word' id='word_1_530' title='bbox 2612 1304 2863 1357; x_wconf 88' lang='lat' dir='ltr'><strong>rimarum</strong></span> <span class='ocrx_word' id='word_1_531' title='bbox 2890 1306 3261 1362; x_wconf 86' lang='lat' dir='ltr'><strong>ascendentem</strong></span> <span class='ocrx_word' id='word_1_532' title='bbox 3288 1308 3355 1364; x_wconf 93' lang='lat' dir='ltr'><strong>de</strong></span> <span class='ocrx_word' id='word_1_533' title='bbox 3386 1320 3521 1364; x_wconf 89' lang='lat' dir='ltr'><strong>terra</strong></span> <span class='ocrx_word' id='word_1_534' title='bbox 3544 1322 3598 1366; x_wconf 85' lang='lat' dir='ltr'><strong>et</strong></span> 
     </span>
    </p>
   </div>
   <div class='ocr_carea' id='block_1_75' title="bbox 2016 1388 3595 1468">
    <p class='ocr_par' dir='ltr' id='par_1_75' title="bbox 2016 1388 3595 1468">
     <span class='ocr_line' id='line_1_75' title="bbox 2016 1388 3595 1468; baseline 0.01 -28"><span class='ocrx_word' id='word_1_535' title='bbox 2016 1388 2209 1458; x_wconf 86' lang='lat' dir='ltr'><strong>ubique</strong></span> <span class='ocrx_word' id='word_1_536' title='bbox 2248 1389 2538 1461; x_wconf 89' lang='lat' dir='ltr'><strong>dispertitis</strong></span> <span class='ocrx_word' id='word_1_537' title='bbox 2580 1394 2729 1463; x_wconf 92' lang='lat' dir='ltr'><strong>quasi</strong></span> <span class='ocrx_word' id='word_1_538' title='bbox 2774 1395 3008 1451; x_wconf 88' lang='lat' dir='ltr'><strong>crinibus</strong></span> <span class='ocrx_word' id='word_1_539' title='bbox 3049 1397 3353 1468; x_wconf 84' lang='lat' dir='ltr'><strong>irrigautem</strong></span> <span class='ocrx_word' id='word_1_540' title='bbox 3382 1414 3595 1456; x_wconf 89' lang='lat' dir='ltr'><strong>omnem</strong></span> 
     </span>
    </p>
   </div>
   <div class='ocr_carea' id='block_1_76' title="bbox 2014 1476 3600 1559">
    <p class='ocr_par' dir='ltr' id='par_1_76' title="bbox 2014 1476 3600 1559">
     <span class='ocr_line' id='line_1_76' title="bbox 2014 1476 3600 1559; baseline 0.009 -27"><span class='ocrx_word' id='word_1_541' title='bbox 2014 1476 2202 1535; x_wconf 88' lang='lat' dir='ltr'><strong>faciem</strong></span> <span class='ocrx_word' id='word_1_542' title='bbox 2225 1491 2397 1549; x_wconf 69' lang='lat' dir='ltr'><strong>terrm,</strong></span> <span class='ocrx_word' id='word_1_543' title='bbox 2429 1498 2537 1539; x_wconf 91' lang='lat' dir='ltr'><strong>non</strong></span> <span class='ocrx_word' id='word_1_544' title='bbox 2562 1485 2809 1539; x_wconf 88' lang='lat' dir='ltr'><strong>continua</strong></span> <span class='ocrx_word' id='word_1_545' title='bbox 2839 1487 3014 1557; x_wconf 89' lang='lat' dir='ltr'><strong>specie</strong></span> <span class='ocrx_word' id='word_1_546' title='bbox 3045 1497 3292 1559; x_wconf 87' lang='lat' dir='ltr'><strong>tanquam</strong></span> <span class='ocrx_word' id='word_1_547' title='bbox 3325 1492 3484 1545; x_wconf 88' lang='lat' dir='ltr'><strong>maris</strong></span> <span class='ocrx_word' id='word_1_548' title='bbox 3508 1504 3600 1548; x_wconf 88' lang='lat' dir='ltr'><strong>aut</strong></span> 
     </span>
    </p>
   </div>
   <div class='ocr_carea' id='block_1_77' title="bbox 2015 1573 3597 1651">
    <p class='ocr_par' dir='ltr' id='par_1_77' title="bbox 2015 1573 3597 1651">
     <span class='ocr_line' id='line_1_77' title="bbox 2015 1573 3597 1651; baseline 0.008 -24"><span class='ocrx_word' id='word_1_549' title='bbox 2015 1573 2205 1643; x_wconf 82' lang='lat' dir='ltr'><strong>Slagui,</strong></span> <span class='ocrx_word' id='word_1_550' title='bbox 2230 1574 2323 1629; x_wconf 89' lang='lat' dir='ltr'><strong>sed</strong></span> <span class='ocrx_word' id='word_1_551' title='bbox 2358 1576 2493 1631; x_wconf 90' lang='lat' dir='ltr'><strong>sicut</strong></span> <span class='ocrx_word' id='word_1_552' title='bbox 2520 1576 2759 1633; x_wconf 87' lang='lat' dir='ltr'><strong>videmus</strong></span> <span class='ocrx_word' id='word_1_553' title='bbox 2792 1578 2869 1632; x_wconf 91' lang='lat' dir='ltr'><strong>ire</strong></span> <span class='ocrx_word' id='word_1_554' title='bbox 2901 1594 3065 1649; x_wconf 88' lang='lat' dir='ltr'><strong>aquas</strong></span> <span class='ocrx_word' id='word_1_555' title='bbox 3095 1595 3191 1651; x_wconf 90' lang='lat' dir='ltr'><strong>per</strong></span> <span class='ocrx_word' id='word_1_556' title='bbox 3214 1581 3392 1637; x_wconf 87' lang='lat' dir='ltr'><strong>alveos</strong></span> <span class='ocrx_word' id='word_1_557' title='bbox 3421 1582 3597 1638; x_wconf 80' lang='lat' dir='ltr'><strong>numi-</strong></span> 
     </span>
    </p>
   </div>
   <div class='ocr_carea' id='block_1_78' title="bbox 2016 1663 3597 1744">
    <p class='ocr_par' dir='ltr' id='par_1_78' title="bbox 2016 1663 3597 1744">
     <span class='ocr_line' id='line_1_78' title="bbox 2016 1663 3597 1744; baseline 0.01 -29"><span class='ocrx_word' id='word_1_558' title='bbox 2016 1678 2141 1716; x_wconf 92' lang='lat' dir='ltr'><strong>num</strong></span> <span class='ocrx_word' id='word_1_559' title='bbox 2169 1663 2439 1735; x_wconf 83' lang='lat' dir='ltr'><strong>llexusque</strong></span> <span class='ocrx_word' id='word_1_560' title='bbox 2461 1668 2716 1733; x_wconf 87' lang='lat' dir='ltr'><strong>rivorum,</strong></span> <span class='ocrx_word' id='word_1_561' title='bbox 2747 1678 2799 1724; x_wconf 91' lang='lat' dir='ltr'><strong>et</strong></span> <span class='ocrx_word' id='word_1_562' title='bbox 2819 1684 3001 1724; x_wconf 91' lang='lat' dir='ltr'><strong>eorum</strong></span> <span class='ocrx_word' id='word_1_563' title='bbox 3032 1686 3254 1727; x_wconf 81' lang='lat' dir='ltr'><strong>excessu</strong></span> <span class='ocrx_word' id='word_1_564' title='bbox 3274 1673 3443 1727; x_wconf 91' lang='lat' dir='ltr'><strong>vicina</strong></span> <span class='ocrx_word' id='word_1_565' title='bbox 3474 1690 3597 1744; x_wconf 77' lang='lat' dir='ltr'><strong>pcr-</strong></span> 
     </span>
    </p>
   </div>
   <div class='ocr_carea' id='block_1_79' title="bbox 2014 1752 3598 1837">
    <p class='ocr_par' dir='ltr' id='par_1_79' title="bbox 2014 1752 3598 1837">
     <span class='ocr_line' id='line_1_79' title="bbox 2014 1752 3598 1837; baseline 0.009 -30"><span class='ocrx_word' id='word_1_566' title='bbox 2014 1752 2233 1810; x_wconf 89' lang='lat' dir='ltr'><strong>fundere</strong></span> <span class='ocrx_word' id='word_1_567' title='bbox 2261 1774 2275 1811; x_wconf 90' lang='lat'><strong>:</strong></span> <span class='ocrx_word' id='word_1_568' title='bbox 2307 1759 2424 1827; x_wconf 89' lang='lat' dir='ltr'><strong>quis</strong></span> <span class='ocrx_word' id='word_1_569' title='bbox 2451 1774 2556 1814; x_wconf 92' lang='lat' dir='ltr'><strong>non</strong></span> <span class='ocrx_word' id='word_1_570' title='bbox 2595 1761 2835 1831; x_wconf 85' lang='lat' dir='ltr'><strong>accipiat,</strong></span> <span class='ocrx_word' id='word_1_571' title='bbox 2857 1762 2957 1817; x_wconf 93' lang='lat' dir='ltr'><strong>nisi</strong></span> <span class='ocrx_word' id='word_1_572' title='bbox 2996 1764 3086 1833; x_wconf 92' lang='lat' dir='ltr'><strong>qui</strong></span> <span class='ocrx_word' id='word_1_573' title='bbox 3116 1768 3447 1821; x_wconf 88' lang='lat' dir='ltr'><strong>contentioso</strong></span> <span class='ocrx_word' id='word_1_574' title='bbox 3490 1769 3598 1837; x_wconf 82' lang='lat' dir='ltr'><strong>spi-</strong></span> 
     </span>
    </p>
   </div>
   <div class='ocr_carea' id='block_1_80' title="bbox 2018 1846 3597 1928">
    <p class='ocr_par' dir='ltr' id='par_1_80' title="bbox 2018 1846 3597 1928">
     <span class='ocr_line' id='line_1_80' title="bbox 2018 1846 3597 1928; baseline 0.008 -29"><span class='ocrx_word' id='word_1_575' title='bbox 2018 1846 2124 1900; x_wconf 92' lang='lat' dir='ltr'><strong>ritu</strong></span> <span class='ocrx_word' id='word_1_576' title='bbox 2163 1846 2399 1902; x_wconf 87' lang='lat' dir='ltr'><strong>laborat?</strong></span> <span class='ocrx_word' id='word_1_577' title='bbox 2446 1849 2627 1904; x_wconf 89' lang='lat' dir='ltr'><strong>Potest</strong></span> <span class='ocrx_word' id='word_1_578' title='bbox 2671 1852 2863 1921; x_wconf 86' lang='lat' dir='ltr'><strong>quippe</strong></span> <span class='ocrx_word' id='word_1_579' title='bbox 2897 1853 3057 1908; x_wconf 90' lang='lat' dir='ltr'><strong>etiam</strong></span> <span class='ocrx_word' id='word_1_580' title='bbox 3099 1854 3168 1908; x_wconf 89' lang='lat' dir='ltr'><strong>ita</strong></span> <span class='ocrx_word' id='word_1_581' title='bbox 3200 1854 3350 1909; x_wconf 86' lang='lat' dir='ltr'><strong>.dicta</strong></span> <span class='ocrx_word' id='word_1_582' title='bbox 3381 1857 3597 1928; x_wconf 84' lang='lat' dir='ltr'><strong>intelligi</strong></span> 
     </span>
    </p>
   </div>
   <div class='ocr_carea' id='block_1_81' title="bbox 2013 1936 3593 2016">
    <p class='ocr_par' dir='ltr' id='par_1_81' title="bbox 2013 1936 3593 2016">
     <span class='ocr_line' id='line_1_81' title="bbox 2013 1936 3593 2016; baseline 0.008 -27"><span class='ocrx_word' id='word_1_583' title='bbox 2013 1936 2187 1990; x_wconf 91' lang='lat' dir='ltr'><strong>omnis</strong></span> <span class='ocrx_word' id='word_1_584' title='bbox 2214 1947 2369 1992; x_wconf 67' lang='lat' dir='ltr'><strong>terra:</strong></span> <span class='ocrx_word' id='word_1_585' title='bbox 2410 1938 2568 1995; x_wconf 88' lang='lat' dir='ltr'><strong>facies</strong></span> <span class='ocrx_word' id='word_1_586' title='bbox 2613 1941 2847 2011; x_wconf 82' lang='lat' dir='ltr'><strong>irrigata,</strong></span> <span class='ocrx_word' id='word_1_587' title='bbox 2895 1944 3341 2013; x_wconf 88' lang='lat' dir='ltr'><strong>quemadmodum</strong></span> <span class='ocrx_word' id='word_1_588' title='bbox 3382 1946 3593 2016; x_wconf 91' lang='lat' dir='ltr'><strong>dicitur,</strong></span> 
     </span>
    </p>
   </div>
   <div class='ocr_carea' id='block_1_82' title="bbox 2013 2030 3591 2107">
    <p class='ocr_par' dir='ltr' id='par_1_82' title="bbox 2013 2030 3591 2107">
     <span class='ocr_line' id='line_1_82' title="bbox 2013 2030 3591 2107; baseline 0.008 -25"><span class='ocrx_word' id='word_1_589' title='bbox 2013 2030 2186 2083; x_wconf 92' lang='lat' dir='ltr'><strong>omnis</strong></span> <span class='ocrx_word' id='word_1_590' title='bbox 2212 2030 2373 2084; x_wconf 81' lang='lat' dir='ltr'><strong>vestis</strong></span> <span class='ocrx_word' id='word_1_591' title='bbox 2401 2030 2561 2087; x_wconf 89' lang='lat' dir='ltr'><strong>facies</strong></span> <span class='ocrx_word' id='word_1_592' title='bbox 2582 2032 2835 2099; x_wconf 89' lang='lat' dir='ltr'><strong>colorata,</strong></span> <span class='ocrx_word' id='word_1_593' title='bbox 2864 2034 3071 2091; x_wconf 90' lang='lat' dir='ltr'><strong>etiamsi</strong></span> <span class='ocrx_word' id='word_1_594' title='bbox 3097 2052 3203 2092; x_wconf 88' lang='lat' dir='ltr'><strong>non</strong></span> <span class='ocrx_word' id='word_1_595' title='bbox 3228 2040 3591 2107; x_wconf 89' lang='lat' dir='ltr'><strong>continuatim,</strong></span> 
     </span>
    </p>
   </div>
   <div class='ocr_carea' id='block_1_83' title="bbox 2012 2118 3597 2197">
    <p class='ocr_par' dir='ltr' id='par_1_83' title="bbox 2012 2118 3597 2197">
     <span class='ocr_line' id='line_1_83' title="bbox 2012 2118 3597 2197; baseline 0.011 -25"><span class='ocrx_word' id='word_1_596' title='bbox 2012 2118 2105 2173; x_wconf 89' lang='lat' dir='ltr'><strong>sed</strong></span> <span class='ocrx_word' id='word_1_597' title='bbox 2132 2121 2433 2176; x_wconf 89' lang='lat' dir='ltr'><strong>maculatim</strong></span> <span class='ocrx_word' id='word_1_598' title='bbox 2460 2122 2550 2176; x_wconf 83' lang='lat' dir='ltr'><strong>fiat</strong></span> <span class='ocrx_word' id='word_1_599' title='bbox 2580 2140 2592 2177; x_wconf 92' lang='lat'><strong>:</strong></span> <span class='ocrx_word' id='word_1_600' title='bbox 2628 2126 2919 2193; x_wconf 77' lang='lat' dir='ltr'><strong>prmsertim</strong></span> <span class='ocrx_word' id='word_1_601' title='bbox 2964 2128 3083 2197; x_wconf 91' lang='lat' dir='ltr'><strong>quia</strong></span> <span class='ocrx_word' id='word_1_602' title='bbox 3123 2136 3246 2184; x_wconf 92' lang='lat' dir='ltr'><strong>tunc</strong></span> <span class='ocrx_word' id='word_1_603' title='bbox 3274 2130 3325 2184; x_wconf 94' lang='lat' dir='ltr'><strong>in</strong></span> <span class='ocrx_word' id='word_1_604' title='bbox 3366 2133 3597 2189; x_wconf 87' lang='lat' dir='ltr'><strong>novitate</strong></span> 
     </span>
    </p>
   </div>
   <div class='ocr_carea' id='block_1_84' title="bbox 2012 2214 3596 2291">
    <p class='ocr_par' dir='ltr' id='par_1_84' title="bbox 2012 2214 3596 2291">
     <span class='ocr_line' id='line_1_84' title="bbox 2012 2214 3596 2291; baseline 0.008 -25"><span class='ocrx_word' id='word_1_605' title='bbox 2012 2219 2294 2280; x_wconf 90' lang='lat' dir='ltr'><strong>terrarum,</strong></span> <span class='ocrx_word' id='word_1_606' title='bbox 2325 2214 2427 2269; x_wconf 91' lang='lat' dir='ltr'><strong>etsi</strong></span> <span class='ocrx_word' id='word_1_607' title='bbox 2453 2230 2556 2270; x_wconf 91' lang='lat' dir='ltr'><strong>non</strong></span> <span class='ocrx_word' id='word_1_608' title='bbox 2590 2217 2787 2283; x_wconf 91' lang='lat' dir='ltr'><strong>omnia,</strong></span> <span class='ocrx_word' id='word_1_609' title='bbox 2831 2219 2980 2288; x_wconf 90' lang='lat' dir='ltr'><strong>plura</strong></span> <span class='ocrx_word' id='word_1_610' title='bbox 3027 2228 3201 2275; x_wconf 88' lang='lat' dir='ltr'><strong>tamen</strong></span> <span class='ocrx_word' id='word_1_611' title='bbox 3241 2222 3395 2291; x_wconf 89' lang='lat' dir='ltr'><strong>plana</strong></span> <span class='ocrx_word' id='word_1_612' title='bbox 3432 2223 3596 2279; x_wconf 38' lang='lat' dir='ltr'><strong>fuisse</strong></span> 
     </span>
    </p>
   </div>
   <div class='ocr_carea' id='block_1_85' title="bbox 2010 2304 3592 2383">
    <p class='ocr_par' dir='ltr' id='par_1_85' title="bbox 2010 2304 3592 2383">
     <span class='ocr_line' id='line_1_85' title="bbox 2010 2304 3592 2383; baseline 0.009 -26"><span class='ocrx_word' id='word_1_613' title='bbox 2010 2304 2263 2359; x_wconf 88' lang='lat' dir='ltr'><strong>credibile</strong></span> <span class='ocrx_word' id='word_1_614' title='bbox 2292 2312 2392 2370; x_wconf 91' lang='lat' dir='ltr'><strong>est,</strong></span> <span class='ocrx_word' id='word_1_615' title='bbox 2434 2320 2539 2375; x_wconf 91' lang='lat' dir='ltr'><strong>quo</strong></span> <span class='ocrx_word' id='word_1_616' title='bbox 2568 2305 2725 2363; x_wconf 92' lang='lat' dir='ltr'><strong>latius</strong></span> <span class='ocrx_word' id='word_1_617' title='bbox 2750 2319 2968 2379; x_wconf 88' lang='lat' dir='ltr'><strong>possent</strong></span> <span class='ocrx_word' id='word_1_618' title='bbox 3007 2313 3342 2383; x_wconf 86' lang='lat' dir='ltr'><strong>erumpentia</strong></span> <span class='ocrx_word' id='word_1_619' title='bbox 3394 2314 3592 2371; x_wconf 84' lang='lat' dir='ltr'><strong>ﬂuenta</strong></span> 
     </span>
    </p>
   </div>
   <div class='ocr_carea' id='block_1_86' title="bbox 2009 2392 2700 2466">
    <p class='ocr_par' dir='ltr' id='par_1_86' title="bbox 2009 2392 2700 2466">
     <span class='ocr_line' id='line_1_86' title="bbox 2009 2392 2700 2466; baseline 0.009 -18"><span class='ocrx_word' id='word_1_620' title='bbox 2009 2392 2240 2466; x_wconf 86' lang='lat' dir='ltr'><strong>dispergi</strong></span> <span class='ocrx_word' id='word_1_621' title='bbox 2266 2404 2424 2466; x_wconf 87' lang='lat' dir='ltr'><strong>atque</strong></span> <span class='ocrx_word' id='word_1_622' title='bbox 2450 2397 2700 2454; x_wconf 87' lang='lat' dir='ltr'><strong>distendi.</strong></span> 
     </span>
    </p>
   </div>
   <div class='ocr_carea' id='block_1_87' title="bbox 2078 2486 3691 2566">
    <p class='ocr_par' dir='ltr' id='par_1_87' title="bbox 2078 2486 3691 2566">
     <span class='ocr_line' id='line_1_87' title="bbox 2078 2486 3691 2566; baseline 0.01 -25"><span class='ocrx_word' id='word_1_623' title='bbox 2078 2486 2169 2542; x_wconf 78' lang='grc'><strong>26.</strong></span> <span class='ocrx_word' id='word_1_624' title='bbox 2206 2487 2543 2558; x_wconf 85' lang='lat' dir='ltr'><strong>Quapropter</strong></span> <span class='ocrx_word' id='word_1_625' title='bbox 2586 2490 2652 2545; x_wconf 89' lang='lat' dir='ltr'><strong>de</strong></span> <span class='ocrx_word' id='word_1_626' title='bbox 2699 2491 2851 2547; x_wconf 91' lang='lat' dir='ltr'><strong>istius</strong></span> <span class='ocrx_word' id='word_1_627' title='bbox 2894 2492 3053 2549; x_wconf 89' lang='lat' dir='ltr'><strong>fontis</strong></span> <span class='ocrx_word' id='word_1_628' title='bbox 3108 2497 3467 2566; x_wconf 84' lang='lat' dir='ltr'><strong>magnitudine</strong></span> <span class='ocrx_word' id='word_1_629' title='bbox 3508 2501 3593 2556; x_wconf 87' lang='lat' dir='ltr'><strong>vel</strong></span> <span class='ocrx_word' id='word_1_630' title='bbox 3688 2512 3691 2515; x_wconf 87' lang='lat'>&#39;</span> 
     </span>
    </p>
   </div>
   <div class='ocr_carea' id='block_1_88' title="bbox 2008 2579 3591 2660">
    <p class='ocr_par' dir='ltr' id='par_1_88' title="bbox 2008 2579 3591 2660">
     <span class='ocr_line' id='line_1_88' title="bbox 2008 2579 3591 2660; baseline 0.008 -27"><span class='ocrx_word' id='word_1_631' title='bbox 2008 2579 2363 2647; x_wconf 90' lang='lat' dir='ltr'><strong>multitudine,</strong></span> <span class='ocrx_word' id='word_1_632' title='bbox 2389 2582 2479 2651; x_wconf 92' lang='lat' dir='ltr'><strong>qui</strong></span> <span class='ocrx_word' id='word_1_633' title='bbox 2507 2583 2620 2638; x_wconf 92' lang='lat' dir='ltr'><strong>sive</strong></span> <span class='ocrx_word' id='word_1_634' title='bbox 2649 2600 2804 2638; x_wconf 89' lang='lat' dir='ltr'><strong>uuam</strong></span> <span class='ocrx_word' id='word_1_635' title='bbox 2844 2585 3025 2641; x_wconf 88' lang='lat' dir='ltr'><strong>habuit</strong></span> <span class='ocrx_word' id='word_1_636' title='bbox 3065 2588 3310 2643; x_wconf 88' lang='lat' dir='ltr'><strong>alicunde</strong></span> <span class='ocrx_word' id='word_1_637' title='bbox 3353 2593 3591 2660; x_wconf 89' lang='lat' dir='ltr'><strong>eruptio-</strong></span> 
     </span>
    </p>
   </div>
   <div class='ocr_carea' id='block_1_89' title="bbox 2009 2672 3593 2745">
    <p class='ocr_par' dir='ltr' id='par_1_89' title="bbox 2009 2672 3593 2745">
     <span class='ocr_line' id='line_1_89' title="bbox 2009 2672 3593 2745; baseline 0.007 -21"><span class='ocrx_word' id='word_1_638' title='bbox 2009 2684 2153 2738; x_wconf 91' lang='lat' dir='ltr'><strong>nem,</strong></span> <span class='ocrx_word' id='word_1_639' title='bbox 2184 2672 2296 2727; x_wconf 89' lang='lat' dir='ltr'><strong>sive</strong></span> <span class='ocrx_word' id='word_1_640' title='bbox 2339 2681 2554 2742; x_wconf 85' lang='lat' dir='ltr'><strong>propter</strong></span> <span class='ocrx_word' id='word_1_641' title='bbox 2590 2674 2817 2745; x_wconf 90' lang='lat' dir='ltr'><strong>aliquam</strong></span> <span class='ocrx_word' id='word_1_642' title='bbox 2848 2675 2900 2730; x_wconf 92' lang='lat' dir='ltr'><strong>in</strong></span> <span class='ocrx_word' id='word_1_643' title='bbox 2942 2685 3098 2732; x_wconf 73' lang='lat' dir='ltr'><strong>terra:</strong></span> <span class='ocrx_word' id='word_1_644' title='bbox 3130 2680 3351 2735; x_wconf 88' lang='lat' dir='ltr'><strong>occultis</strong></span> <span class='ocrx_word' id='word_1_645' title='bbox 3389 2682 3593 2736; x_wconf 88' lang='lat' dir='ltr'><strong>sinibus</strong></span> 
     </span>
    </p>
   </div>
   <div class='ocr_carea' id='block_1_90' title="bbox 2009 2762 3593 2838">
    <p class='ocr_par' dir='ltr' id='par_1_90' title="bbox 2009 2762 3593 2838">
     <span class='ocr_line' id='line_1_90' title="bbox 2009 2762 3593 2838; baseline 0.008 -23"><span class='ocrx_word' id='word_1_646' title='bbox 2009 2762 2284 2828; x_wconf 89' lang='lat' dir='ltr'><strong>unitatem,</strong></span> <span class='ocrx_word' id='word_1_647' title='bbox 2325 2764 2467 2820; x_wconf 90' lang='lat' dir='ltr'><strong>unde</strong></span> <span class='ocrx_word' id='word_1_648' title='bbox 2508 2779 2695 2821; x_wconf 88' lang='lat' dir='ltr'><strong>omnes</strong></span> <span class='ocrx_word' id='word_1_649' title='bbox 2746 2782 2897 2836; x_wconf 83' lang='lat' dir='ltr'><strong>aquae</strong></span> <span class='ocrx_word' id='word_1_650' title='bbox 2937 2781 3099 2838; x_wconf 89' lang='lat' dir='ltr'><strong>super</strong></span> <span class='ocrx_word' id='word_1_651' title='bbox 3143 2779 3336 2825; x_wconf 87' lang='lat' dir='ltr'><strong>terram</strong></span> <span class='ocrx_word' id='word_1_652' title='bbox 3387 2782 3593 2827; x_wconf 80' lang='lat' dir='ltr'><strong>scatent</strong></span> 
     </span>
    </p>
   </div>
   <div class='ocr_carea' id='block_1_91' title="bbox 2007 2840 3591 2928">
    <p class='ocr_par' dir='ltr' id='par_1_91' title="bbox 2007 2840 3591 2928">
     <span class='ocr_line' id='line_1_91' title="bbox 2007 2840 3591 2928; baseline 0.005 -20"><span class='ocrx_word' id='word_1_653' title='bbox 2007 2854 2244 2908; x_wconf 78' lang='lat' dir='ltr'><strong>ninnium</strong></span> <span class='ocrx_word' id='word_1_654' title='bbox 2292 2853 2513 2909; x_wconf 90' lang='lat' dir='ltr'><strong>fontium</strong></span> <span class='ocrx_word' id='word_1_655' title='bbox 2561 2870 2870 2926; x_wconf 88' lang='lat' dir='ltr'><strong>magnorum</strong></span> <span class='ocrx_word' id='word_1_656' title='bbox 2911 2866 3070 2928; x_wconf 87' lang='lat' dir='ltr'><strong>atque</strong></span> <span class='ocrx_word' id='word_1_657' title='bbox 3118 2840 3419 2928; x_wconf 61' lang='lat' dir='ltr'><strong>parvorum,</strong></span> <span class='ocrx_word' id='word_1_658' title='bbox 3455 2877 3591 2917; x_wconf 92' lang='lat' dir='ltr'><strong>unus</strong></span> 
     </span>
    </p>
   </div>
   <div class='ocr_carea' id='block_1_92' title="bbox 2007 2943 3592 3015">
    <p class='ocr_par' dir='ltr' id='par_1_92' title="bbox 2007 2943 3592 3015">
     <span class='ocr_line' id='line_1_92' title="bbox 2007 2943 3592 3015; baseline 0.004 -16"><span class='ocrx_word' id='word_1_659' title='bbox 2007 2943 2126 2999; x_wconf 76' lang='lat' dir='ltr'><strong>fuas</strong></span> <span class='ocrx_word' id='word_1_660' title='bbox 2152 2944 2327 3000; x_wconf 90' lang='lat' dir='ltr'><strong>dictus</strong></span> <span class='ocrx_word' id='word_1_661' title='bbox 2348 2954 2448 3012; x_wconf 90' lang='lat' dir='ltr'><strong>est,</strong></span> <span class='ocrx_word' id='word_1_662' title='bbox 2481 2961 2575 3015; x_wconf 91' lang='lat' dir='ltr'><strong>per</strong></span> <span class='ocrx_word' id='word_1_663' title='bbox 2608 2960 2794 3001; x_wconf 89' lang='lat' dir='ltr'><strong>omnes</strong></span> <span class='ocrx_word' id='word_1_664' title='bbox 2823 2946 3216 3015; x_wconf 87' lang='lat' dir='ltr'><strong>dispertitiones</strong></span> <span class='ocrx_word' id='word_1_665' title='bbox 3241 2964 3364 3004; x_wconf 90' lang='lat' dir='ltr'><strong>suas</strong></span> <span class='ocrx_word' id='word_1_666' title='bbox 3400 2944 3592 3006; x_wconf 81' lang='lat' dir='ltr'><strong>ascen-</strong></span> 
     </span>
    </p>
   </div>
   <div class='ocr_carea' id='block_1_93' title="bbox 2007 3023 3592 3105">
    <p class='ocr_par' dir='ltr' id='par_1_93' title="bbox 2007 3023 3592 3105">
     <span class='ocr_line' id='line_1_93' title="bbox 2007 3023 3592 3105; baseline 0.005 -16"><span class='ocrx_word' id='word_1_667' title='bbox 2007 3033 2140 3089; x_wconf 89' lang='lat' dir='ltr'><strong>deus</strong></span> <span class='ocrx_word' id='word_1_668' title='bbox 2168 3033 2235 3089; x_wconf 89' lang='lat' dir='ltr'><strong>de</strong></span> <span class='ocrx_word' id='word_1_669' title='bbox 2259 3023 2395 3089; x_wconf 82' lang='lat' dir='ltr'><strong>terra</strong></span> <span class='ocrx_word' id='word_1_670' title='bbox 2421 3044 2475 3090; x_wconf 92' lang='lat' dir='ltr'><strong>et</strong></span> <span class='ocrx_word' id='word_1_671' title='bbox 2498 3035 2719 3105; x_wconf 74' lang='lat' dir='ltr'><strong>irrigans</strong></span> <span class='ocrx_word' id='word_1_672' title='bbox 2762 3052 2973 3091; x_wconf 88' lang='lat' dir='ltr'><strong>omnem</strong></span> <span class='ocrx_word' id='word_1_673' title='bbox 3015 3038 3199 3092; x_wconf 78' lang='lat' dir='ltr'><strong>faciem</strong></span> <span class='ocrx_word' id='word_1_674' title='bbox 3249 3049 3445 3095; x_wconf 76' lang='lat' dir='ltr'><strong>terrae:</strong></span> <span class='ocrx_word' id='word_1_675' title='bbox 3478 3041 3592 3097; x_wconf 75' lang='lat' dir='ltr'><strong>sive</strong></span> 
     </span>
    </p>
   </div>
   <div class='ocr_carea' id='block_1_94' title="bbox 2007 3125 3593 3198">
    <p class='ocr_par' dir='ltr' id='par_1_94' title="bbox 2007 3125 3593 3198">
     <span class='ocr_line' id='line_1_94' title="bbox 2007 3125 3593 3198; baseline 0.004 -18"><span class='ocrx_word' id='word_1_676' title='bbox 2007 3125 2188 3192; x_wconf 89' lang='lat' dir='ltr'><strong>etiam,</strong></span> <span class='ocrx_word' id='word_1_677' title='bbox 2228 3126 2367 3195; x_wconf 93' lang='lat' dir='ltr'><strong>quod</strong></span> <span class='ocrx_word' id='word_1_678' title='bbox 2392 3137 2475 3183; x_wconf 92' lang='lat' dir='ltr'><strong>est</strong></span> <span class='ocrx_word' id='word_1_679' title='bbox 2502 3127 2830 3195; x_wconf 86' lang='lat' dir='ltr'><strong>credibilius,</strong></span> <span class='ocrx_word' id='word_1_680' title='bbox 2873 3130 2993 3198; x_wconf 92' lang='lat' dir='ltr'><strong>quia</strong></span> <span class='ocrx_word' id='word_1_681' title='bbox 3037 3146 3141 3184; x_wconf 91' lang='lat' dir='ltr'><strong>nou</strong></span> <span class='ocrx_word' id='word_1_682' title='bbox 3184 3132 3273 3195; x_wconf 88' lang='lat' dir='ltr'><strong>ait,</strong></span> <span class='ocrx_word' id='word_1_683' title='bbox 3300 3131 3448 3187; x_wconf 91' lang='lat' dir='ltr'><strong>Unus</strong></span> <span class='ocrx_word' id='word_1_684' title='bbox 3476 3134 3593 3187; x_wconf 72' lang='lat' dir='ltr'><strong>fdus</strong></span> 
     </span>
    </p>
   </div>
   <div class='ocr_carea' id='block_1_95' title="bbox 2006 3215 3588 3291">
    <p class='ocr_par' dir='ltr' id='par_1_95' title="bbox 2006 3215 3588 3291">
     <span class='ocr_line' id='line_1_95' title="bbox 2006 3215 3588 3291; baseline 0.005 -21"><span class='ocrx_word' id='word_1_685' title='bbox 2006 3215 2346 3284; x_wconf 86' lang='lat' dir='ltr'><strong>ascendebat,</strong></span> <span class='ocrx_word' id='word_1_686' title='bbox 2376 3217 2470 3272; x_wconf 87' lang='lat' dir='ltr'><strong>sed</strong></span> <span class='ocrx_word' id='word_1_687' title='bbox 2495 3217 2598 3285; x_wconf 89' lang='lat' dir='ltr'><strong>ait,</strong></span> <span class='ocrx_word' id='word_1_688' title='bbox 2629 3216 2770 3272; x_wconf 80' lang='lat' dir='ltr'><strong>Fons</strong></span> <span class='ocrx_word' id='word_1_689' title='bbox 2809 3229 2977 3273; x_wconf 77' lang='lat' dir='ltr'><strong>autem</strong></span> <span class='ocrx_word' id='word_1_690' title='bbox 3008 3221 3304 3276; x_wconf 78' lang='lat' dir='ltr'><strong>ascendebat</strong></span> <span class='ocrx_word' id='word_1_691' title='bbox 3338 3222 3400 3277; x_wconf 82' lang='lat' dir='ltr'><strong>de</strong></span> <span class='ocrx_word' id='word_1_692' title='bbox 3434 3232 3588 3291; x_wconf 85' lang='lat' dir='ltr'><strong>terra,</strong></span> 
     </span>
    </p>
   </div>
   <div class='ocr_carea' id='block_1_96' title="bbox 2007 3307 3591 3384">
    <p class='ocr_par' dir='ltr' id='par_1_96' title="bbox 2007 3307 3591 3384">
     <span class='ocr_line' id='line_1_96' title="bbox 2007 3307 3591 3384; baseline 0.009 -29"><span class='ocrx_word' id='word_1_693' title='bbox 2007 3322 2103 3378; x_wconf 79' lang='lat' dir='ltr'><strong>pro</strong></span> <span class='ocrx_word' id='word_1_694' title='bbox 2122 3322 2343 3362; x_wconf 89' lang='lat' dir='ltr'><strong>numero</strong></span> <span class='ocrx_word' id='word_1_695' title='bbox 2371 3307 2557 3377; x_wconf 89' lang='lat' dir='ltr'><strong>plurali</strong></span> <span class='ocrx_word' id='word_1_696' title='bbox 2579 3308 2755 3377; x_wconf 92' lang='lat' dir='ltr'><strong>posuit</strong></span> <span class='ocrx_word' id='word_1_697' title='bbox 2778 3309 3130 3379; x_wconf 87' lang='lat' dir='ltr'><strong>singularem;</strong></span> <span class='ocrx_word' id='word_1_698' title='bbox 3165 3321 3219 3366; x_wconf 92' lang='lat' dir='ltr'><strong>ut</strong></span> <span class='ocrx_word' id='word_1_699' title='bbox 3238 3314 3314 3367; x_wconf 85' lang='lat' dir='ltr'><strong>sic</strong></span> <span class='ocrx_word' id='word_1_700' title='bbox 3334 3314 3591 3384; x_wconf 82' lang='lat' dir='ltr'><strong>intelliga-</strong></span> 
     </span>
    </p>
   </div>
   <div class='ocr_carea' id='block_1_97' title="bbox 2007 3396 3591 3469">
    <p class='ocr_par' dir='ltr' id='par_1_97' title="bbox 2007 3396 3591 3469">
     <span class='ocr_line' id='line_1_97' title="bbox 2007 3396 3591 3469; baseline 0.006 -17"><span class='ocrx_word' id='word_1_701' title='bbox 2007 3413 2125 3452; x_wconf 90' lang='lat' dir='ltr'><strong>mus</strong></span> <span class='ocrx_word' id='word_1_702' title='bbox 2150 3396 2324 3453; x_wconf 91' lang='lat' dir='ltr'><strong>fontes</strong></span> <span class='ocrx_word' id='word_1_703' title='bbox 2349 3398 2544 3454; x_wconf 89' lang='lat' dir='ltr'><strong>multos</strong></span> <span class='ocrx_word' id='word_1_704' title='bbox 2572 3414 2666 3469; x_wconf 88' lang='lat' dir='ltr'><strong>per</strong></span> <span class='ocrx_word' id='word_1_705' title='bbox 2690 3401 2988 3455; x_wconf 89' lang='lat' dir='ltr'><strong>universam</strong></span> <span class='ocrx_word' id='word_1_706' title='bbox 3033 3410 3225 3457; x_wconf 89' lang='lat' dir='ltr'><strong>terram</strong></span> <span class='ocrx_word' id='word_1_707' title='bbox 3260 3405 3372 3459; x_wconf 87' lang='lat' dir='ltr'><strong>loca</strong></span> <span class='ocrx_word' id='word_1_708' title='bbox 3399 3407 3483 3461; x_wconf 89' lang='lat' dir='ltr'><strong>vel</strong></span> <span class='ocrx_word' id='word_1_709' title='bbox 3503 3424 3591 3462; x_wconf 88' lang='lat' dir='ltr'><strong>re-</strong></span> 
     </span>
    </p>
   </div>
   <div class='ocr_carea' id='block_1_98' title="bbox 2006 3488 3588 3560">
    <p class='ocr_par' dir='ltr' id='par_1_98' title="bbox 2006 3488 3588 3560">
     <span class='ocr_line' id='line_1_98' title="bbox 2006 3488 3588 3560; baseline 0.006 -19"><span class='ocrx_word' id='word_1_710' title='bbox 2006 3488 2192 3556; x_wconf 89' lang='lat' dir='ltr'><strong>giones</strong></span> <span class='ocrx_word' id='word_1_711' title='bbox 2220 3488 2459 3558; x_wconf 87' lang='lat' dir='ltr'><strong>proprias</strong></span> <span class='ocrx_word' id='word_1_712' title='bbox 2486 3489 2786 3559; x_wconf 88' lang='lat' dir='ltr'><strong>irrigantes,</strong></span> <span class='ocrx_word' id='word_1_713' title='bbox 2816 3491 2951 3545; x_wconf 89' lang='lat' dir='ltr'><strong>sicut</strong></span> <span class='ocrx_word' id='word_1_714' title='bbox 2971 3492 3160 3545; x_wconf 84' lang='lat' dir='ltr'><strong>dicitur</strong></span> <span class='ocrx_word' id='word_1_715' title='bbox 3176 3494 3345 3560; x_wconf 91' lang='lat' dir='ltr'><strong>miles,</strong></span> <span class='ocrx_word' id='word_1_716' title='bbox 3364 3504 3419 3549; x_wconf 89' lang='lat' dir='ltr'><strong>et</strong></span> <span class='ocrx_word' id='word_1_717' title='bbox 3439 3498 3588 3552; x_wconf 90' lang='lat' dir='ltr'><strong>multi</strong></span> 
     </span>
    </p>
   </div>
   <div class='ocr_carea' id='block_1_99' title="bbox 2006 3578 3590 3657">
    <p class='ocr_par' dir='ltr' id='par_1_99' title="bbox 2006 3578 3590 3657">
     <span class='ocr_line' id='line_1_99' title="bbox 2006 3578 3590 3657; baseline 0.005 -23"><span class='ocrx_word' id='word_1_718' title='bbox 2006 3578 2390 3649; x_wconf 87' lang='lat' dir='ltr'><strong>intelliguntur,</strong></span> <span class='ocrx_word' id='word_1_719' title='bbox 2420 3580 2558 3634; x_wconf 86' lang='lat' dir='ltr'><strong>sicut</strong></span> <span class='ocrx_word' id='word_1_720' title='bbox 2583 3581 2721 3634; x_wconf 90' lang='lat' dir='ltr'><strong>dicta</strong></span> <span class='ocrx_word' id='word_1_721' title='bbox 2748 3592 2831 3635; x_wconf 84' lang='lat' dir='ltr'><strong>est</strong></span> <span class='ocrx_word' id='word_1_722' title='bbox 2856 3582 3055 3636; x_wconf 87' lang='lat' dir='ltr'><strong>locusta</strong></span> <span class='ocrx_word' id='word_1_723' title='bbox 3094 3594 3147 3637; x_wconf 92' lang='lat' dir='ltr'><strong>et</strong></span> <span class='ocrx_word' id='word_1_724' title='bbox 3175 3600 3300 3638; x_wconf 88' lang='lat' dir='ltr'><strong>rana</strong></span> <span class='ocrx_word' id='word_1_725' title='bbox 3341 3586 3393 3639; x_wconf 93' lang='lat' dir='ltr'><strong>in</strong></span> <span class='ocrx_word' id='word_1_726' title='bbox 3421 3588 3590 3657; x_wconf 77' lang='lat' dir='ltr'><strong>plagis</strong></span> 
     </span>
    </p>
   </div>
   <div class='ocr_carea' id='block_1_100' title="bbox 2006 3668 3587 3745">
    <p class='ocr_par' dir='ltr' id='par_1_100' title="bbox 2006 3668 3587 3745">
     <span class='ocr_line' id='line_1_100' title="bbox 2006 3668 3587 3745; baseline 0.008 -23"><span class='ocrx_word' id='word_1_727' title='bbox 2006 3668 2178 3742; x_wconf 66' lang='lat' dir='ltr'><strong>(Ptol.</strong></span> <span class='ocrx_word' id='word_1_728' title='bbox 2208 3684 2318 3736; x_wconf 85' lang='lat' dir='ltr'><strong>ctv,</strong></span> <span class='ocrx_word' id='word_1_729' title='bbox 2360 3670 2472 3739; x_wconf 74' lang='grc'><strong>54),</strong></span> <span class='ocrx_word' id='word_1_730' title='bbox 2520 3672 2711 3741; x_wconf 86' lang='lat' dir='ltr'><strong>quibus</strong></span> <span class='ocrx_word' id='word_1_731' title='bbox 2753 3671 2985 3744; x_wconf 68' lang='lat' dir='ltr'><strong>Egyptii</strong></span> <span class='ocrx_word' id='word_1_732' title='bbox 3018 3677 3249 3742; x_wconf 85' lang='lat' dir='ltr'><strong>percussi</strong></span> <span class='ocrx_word' id='word_1_733' title='bbox 3292 3688 3435 3745; x_wconf 87' lang='lat' dir='ltr'><strong>sunt,</strong></span> <span class='ocrx_word' id='word_1_734' title='bbox 3467 3694 3587 3735; x_wconf 87' lang='lat' dir='ltr'><strong>cum</strong></span> 
     </span>
    </p>
   </div>
   <div class='ocr_carea' id='block_1_101' title="bbox 2006 3761 3587 3838">
    <p class='ocr_par' dir='ltr' id='par_1_101' title="bbox 2006 3761 3587 3838">
     <span class='ocr_line' id='line_1_101' title="bbox 2006 3761 3587 3838; baseline 0.006 -22"><span class='ocrx_word' id='word_1_735' title='bbox 2006 3770 2151 3817; x_wconf 89' lang='lat' dir='ltr'><strong>esset</strong></span> <span class='ocrx_word' id='word_1_736' title='bbox 2180 3761 2580 3817; x_wconf 86' lang='lat' dir='ltr'><strong>innumerabilis</strong></span> <span class='ocrx_word' id='word_1_737' title='bbox 2603 3762 2927 3819; x_wconf 88' lang='lat' dir='ltr'><strong>locustarum</strong></span> <span class='ocrx_word' id='word_1_738' title='bbox 2954 3781 3207 3821; x_wconf 86' lang='lat' dir='ltr'><strong>numerus</strong></span> <span class='ocrx_word' id='word_1_739' title='bbox 3238 3776 3292 3823; x_wconf 88' lang='lat' dir='ltr'><strong>et</strong></span> <span class='ocrx_word' id='word_1_740' title='bbox 3317 3784 3587 3838; x_wconf 89' lang='lat' dir='ltr'><strong>ranarum;</strong></span> 
     </span>
    </p>
   </div>
   <div class='ocr_carea' id='block_1_102' title="bbox 1999 3844 3577 3923">
    <p class='ocr_par' dir='ltr' id='par_1_102' title="bbox 1999 3844 3577 3923">
     <span class='ocr_line' id='line_1_102' title="bbox 1999 3844 3577 3923; baseline 0.003 -17"><span class='ocrx_word' id='word_1_741' title='bbox 1999 3852 2110 3923; x_wconf 86' lang='lat' dir='ltr'><strong>jam</strong></span> <span class='ocrx_word' id='word_1_742' title='bbox 2137 3868 2240 3907; x_wconf 92' lang='lat' dir='ltr'><strong>non</strong></span> <span class='ocrx_word' id='word_1_743' title='bbox 2268 3852 2464 3908; x_wconf 93' lang='lat' dir='ltr'><strong>diutius</strong></span> <span class='ocrx_word' id='word_1_744' title='bbox 2493 3854 2811 3910; x_wconf 86' lang='lat' dir='ltr'><strong>laboremus.</strong></span> <span class='ocrx_word' id='word_1_745' title='bbox 3376 3878 3377 3881; x_wconf 51' lang='grc' dir='ltr'><strong>η</strong></span> <span class='ocrx_word' id='word_1_746' title='bbox 3574 3844 3577 3845; x_wconf 16' lang='grc' dir='ltr'><em>ν</em></span> 
     </span>
    </p>
   </div>
   <div class='ocr_carea' id='block_1_103' title="bbox 2004 3943 3589 4023">
    <p class='ocr_par' dir='ltr' id='par_1_103' title="bbox 2004 3943 3589 4023">
     <span class='ocr_line' id='line_1_103' title="bbox 2004 3943 3589 4023; baseline 0.006 -24"><span class='ocrx_word' id='word_1_747' title='bbox 2004 3943 2230 4000; x_wconf 83' lang='lat' dir='ltr'><strong>CAPUT</strong></span> <span class='ocrx_word' id='word_1_748' title='bbox 2269 3943 2359 3999; x_wconf 81' lang='lat' dir='ltr'><strong>X1.</strong></span> <span class='ocrx_word' id='word_1_749' title='bbox 2381 3973 2453 3984; x_wconf 90' lang='lat'><strong><em>—</em></strong></span> <span class='ocrx_word' id='word_1_750' title='bbox 2482 3944 2671 3999; x_wconf 86' lang='lat' dir='ltr'><strong>Rerum</strong></span> <span class='ocrx_word' id='word_1_751' title='bbox 2695 3948 2991 4002; x_wconf 85' lang='lat' dir='ltr'><strong>creationem</strong></span> <span class='ocrx_word' id='word_1_752' title='bbox 3025 3949 3239 4019; x_wconf 81' lang='lat' dir='ltr'><strong>primam</strong></span> <span class='ocrx_word' id='word_1_753' title='bbox 3267 3952 3452 4023; x_wconf 79' lang='lat' dir='ltr'><strong>factam</strong></span> <span class='ocrx_word' id='word_1_754' title='bbox 3482 3970 3589 4008; x_wconf 78' lang='lat' dir='ltr'><strong>esse</strong></span> 
     </span>
    </p>
   </div>
   <div class='ocr_carea' id='block_1_104' title="bbox 2127 4034 3462 4098">
    <p class='ocr_par' dir='ltr' id='par_1_104' title="bbox 2127 4034 3462 4098">
     <span class='ocr_line' id='line_1_104' title="bbox 2127 4034 3462 4098; baseline 0.007 -11"><span class='ocrx_word' id='word_1_755' title='bbox 2127 4034 2237 4088; x_wconf 76' lang='lat' dir='ltr'><strong>sine</strong></span> <span class='ocrx_word' id='word_1_756' title='bbox 2257 4034 2496 4098; x_wconf 77' lang='lat' dir='ltr'><strong>temporis</strong></span> <span class='ocrx_word' id='word_1_757' title='bbox 2524 4051 2668 4089; x_wconf 85' lang='lat' dir='ltr'><strong>mora</strong></span> <span class='ocrx_word' id='word_1_758' title='bbox 2694 4052 2714 4090; x_wconf 89' lang='lat'><strong><em>:</em></strong></span> <span class='ocrx_word' id='word_1_759' title='bbox 2734 4037 3219 4094; x_wconf 75' lang='lat' dir='ltr'><strong>administrationem</strong></span> <span class='ocrx_word' id='word_1_760' title='bbox 3243 4058 3341 4095; x_wconf 84' lang='lat' dir='ltr'><strong>non</strong></span> <span class='ocrx_word' id='word_1_761' title='bbox 3370 4042 3462 4098; x_wconf 80' lang='lat' dir='ltr'><strong>ita.</strong></span> 
     </span>
    </p>
   </div>
   <div class='ocr_carea' id='block_1_105' title="bbox 2074 4123 3586 4202">
    <p class='ocr_par' dir='ltr' id='par_1_105' title="bbox 2074 4123 3586 4202">
     <span class='ocr_line' id='line_1_105' title="bbox 2074 4123 3586 4202; baseline 0.007 -24"><span class='ocrx_word' id='word_1_762' title='bbox 2074 4123 2165 4178; x_wconf 75' lang='lat'><strong>27.</strong></span> <span class='ocrx_word' id='word_1_763' title='bbox 2217 4123 2323 4180; x_wconf 89' lang='lat' dir='ltr'><strong>Sed</strong></span> <span class='ocrx_word' id='word_1_764' title='bbox 2372 4125 2499 4180; x_wconf 90' lang='lat' dir='ltr'><strong>illud</strong></span> <span class='ocrx_word' id='word_1_765' title='bbox 2544 4127 2703 4181; x_wconf 88' lang='lat' dir='ltr'><strong>etiam</strong></span> <span class='ocrx_word' id='word_1_766' title='bbox 2746 4138 2903 4197; x_wconf 86' lang='lat' dir='ltr'><strong>atque</strong></span> <span class='ocrx_word' id='word_1_767' title='bbox 2950 4132 3108 4185; x_wconf 87' lang='lat' dir='ltr'><strong>etiam</strong></span> <span class='ocrx_word' id='word_1_768' title='bbox 3157 4134 3586 4202; x_wconf 80' lang='lat' dir='ltr'><strong>consideremus,</strong></span> 
     </span>
    </p>
   </div>
   <div class='ocr_carea' id='block_1_106' title="bbox 2006 4218 3586 4297">
    <p class='ocr_par' dir='ltr' id='par_1_106' title="bbox 2006 4218 3586 4297">
     <span class='ocr_line' id='line_1_106' title="bbox 2006 4218 3586 4297; baseline 0.005 -26"><span class='ocrx_word' id='word_1_769' title='bbox 2006 4225 2181 4271; x_wconf 88' lang='lat' dir='ltr'><strong>utrum</strong></span> <span class='ocrx_word' id='word_1_770' title='bbox 2212 4218 2380 4287; x_wconf 91' lang='lat' dir='ltr'><strong>possit</strong></span> <span class='ocrx_word' id='word_1_771' title='bbox 2405 4218 2556 4273; x_wconf 90' lang='lat' dir='ltr'><strong>nobis</strong></span> <span class='ocrx_word' id='word_1_772' title='bbox 2587 4234 2681 4289; x_wconf 92' lang='lat' dir='ltr'><strong>per</strong></span> <span class='ocrx_word' id='word_1_773' title='bbox 2703 4221 2878 4274; x_wconf 87' lang='lat' dir='ltr'><strong>omnia</strong></span> <span class='ocrx_word' id='word_1_774' title='bbox 2908 4234 3153 4277; x_wconf 83' lang='lat' dir='ltr'><strong>constare</strong></span> <span class='ocrx_word' id='word_1_775' title='bbox 3181 4226 3445 4280; x_wconf 88' lang='lat' dir='ltr'><strong>sententia</strong></span> <span class='ocrx_word' id='word_1_776' title='bbox 3487 4245 3586 4297; x_wconf 84' lang='lat' dir='ltr'><strong>qua</strong></span> 
     </span>
    </p>
   </div>
   <div class='ocr_carea' id='block_1_107' title="bbox 2005 4309 3588 4379">
    <p class='ocr_par' dir='ltr' id='par_1_107' title="bbox 2005 4309 3588 4379">
     <span class='ocr_line' id='line_1_107' title="bbox 2005 4309 3588 4379; baseline 0.006 -18"><span class='ocrx_word' id='word_1_777' title='bbox 2005 4309 2331 4374; x_wconf 87' lang='lat' dir='ltr'><strong>dicebamus,</strong></span> <span class='ocrx_word' id='word_1_778' title='bbox 2372 4309 2525 4364; x_wconf 89' lang='lat' dir='ltr'><strong>aliter</strong></span> <span class='ocrx_word' id='word_1_779' title='bbox 2567 4319 2841 4379; x_wconf 89' lang='lat' dir='ltr'><strong>operatum</strong></span> <span class='ocrx_word' id='word_1_780' title='bbox 2874 4311 3036 4366; x_wconf 87' lang='lat' dir='ltr'><strong>Deum</strong></span> <span class='ocrx_word' id='word_1_781' title='bbox 3087 4328 3273 4368; x_wconf 87' lang='lat' dir='ltr'><strong>omnes</strong></span> <span class='ocrx_word' id='word_1_782' title='bbox 3316 4325 3588 4371; x_wconf 85' lang='lat' dir='ltr'><strong>creaturas</strong></span> 
     </span>
    </p>
   </div>
   <div class='ocr_carea' id='block_1_108' title="bbox 2006 4399 3653 4475">
    <p class='ocr_par' dir='ltr' id='par_1_108' title="bbox 2006 4399 3653 4475">
     <span class='ocr_line' id='line_1_108' title="bbox 2006 4399 3653 4475; baseline 0.004 -22"><span class='ocrx_word' id='word_1_783' title='bbox 2006 4400 2175 4469; x_wconf 86' lang='lat' dir='ltr'><strong>prima</strong></span> <span class='ocrx_word' id='word_1_784' title='bbox 2222 4399 2549 4467; x_wconf 81' lang='lat' dir='ltr'><strong>conditione,</strong></span> <span class='ocrx_word' id='word_1_785' title='bbox 2582 4417 2609 4452; x_wconf 91' lang='lat' dir='ltr'><strong>a</strong></span> <span class='ocrx_word' id='word_1_786' title='bbox 2632 4401 2822 4470; x_wconf 88' lang='lat' dir='ltr'><strong>quibus</strong></span> <span class='ocrx_word' id='word_1_787' title='bbox 2861 4402 3109 4470; x_wconf 82' lang='lat' dir='ltr'><strong>Operibus</strong></span> <span class='ocrx_word' id='word_1_788' title='bbox 3140 4402 3190 4457; x_wconf 88' lang='lat' dir='ltr'><strong>in</strong></span> <span class='ocrx_word' id='word_1_789' title='bbox 3236 4404 3323 4458; x_wconf 92' lang='lat' dir='ltr'><strong>die</strong></span> <span class='ocrx_word' id='word_1_790' title='bbox 3360 4408 3588 4475; x_wconf 87' lang='lat' dir='ltr'><strong>septimo</strong></span> <span class='ocrx_word' id='word_1_791' title='bbox 3644 4424 3653 4431; x_wconf 42' lang='grc' dir='ltr'>κ</span> 
     </span>
    </p>
   </div>
   <div class='ocr_carea' id='block_1_109' title="bbox 2006 4492 3585 4568">
    <p class='ocr_par' dir='ltr' id='par_1_109' title="bbox 2006 4492 3585 4568">
     <span class='ocr_line' id='line_1_109' title="bbox 2006 4492 3585 4568; baseline 0.004 -23"><span class='ocrx_word' id='word_1_792' title='bbox 2006 4492 2296 4561; x_wconf 89' lang='lat' dir='ltr'><strong>requievit;</strong></span> <span class='ocrx_word' id='word_1_793' title='bbox 2325 4493 2479 4546; x_wconf 89' lang='lat' dir='ltr'><strong>aliter</strong></span> <span class='ocrx_word' id='word_1_794' title='bbox 2510 4493 2660 4546; x_wconf 89' lang='lat' dir='ltr'><strong>istam</strong></span> <span class='ocrx_word' id='word_1_795' title='bbox 2688 4508 2870 4546; x_wconf 89' lang='lat' dir='ltr'><strong>earum</strong></span> <span class='ocrx_word' id='word_1_796' title='bbox 2918 4493 3452 4563; x_wconf 87' lang='lat' dir='ltr'><strong>administrationem,</strong></span> <span class='ocrx_word' id='word_1_797' title='bbox 3484 4514 3585 4568; x_wconf 83' lang='lat' dir='ltr'><strong>qua</strong></span> 
     </span>
    </p>
   </div>
   <div class='ocr_carea' id='block_1_110' title="bbox 2006 4582 3585 4653">
    <p class='ocr_par' dir='ltr' id='par_1_110' title="bbox 2006 4582 3585 4653">
     <span class='ocr_line' id='line_1_110' title="bbox 2006 4582 3585 4653; baseline 0.004 -16"><span class='ocrx_word' id='word_1_798' title='bbox 2006 4597 2171 4653; x_wconf 89' lang='lat' dir='ltr'><strong>usque</strong></span> <span class='ocrx_word' id='word_1_799' title='bbox 2200 4597 2340 4636; x_wconf 92' lang='lat' dir='ltr'><strong>nunc</strong></span> <span class='ocrx_word' id='word_1_800' title='bbox 2364 4592 2614 4649; x_wconf 90' lang='lat' dir='ltr'><strong>operatur</strong></span> <span class='ocrx_word' id='word_1_801' title='bbox 2646 4599 2659 4636; x_wconf 93' lang='lat'><strong>:</strong></span> <span class='ocrx_word' id='word_1_802' title='bbox 2688 4582 2737 4637; x_wconf 90' lang='lat' dir='ltr'><strong>id</strong></span> <span class='ocrx_word' id='word_1_803' title='bbox 2760 4590 2862 4646; x_wconf 90' lang='lat' dir='ltr'><strong>est,</strong></span> <span class='ocrx_word' id='word_1_804' title='bbox 2915 4589 3041 4637; x_wconf 90' lang='lat' dir='ltr'><strong>tunc</strong></span> <span class='ocrx_word' id='word_1_805' title='bbox 3065 4585 3241 4640; x_wconf 87' lang='lat' dir='ltr'><strong>omnia</strong></span> <span class='ocrx_word' id='word_1_806' title='bbox 3277 4586 3434 4640; x_wconf 90' lang='lat' dir='ltr'><strong>simul</strong></span> <span class='ocrx_word' id='word_1_807' title='bbox 3472 4590 3585 4642; x_wconf 82' lang='lat' dir='ltr'><strong>sine</strong></span> 
     </span>
    </p>
   </div>
   <div class='ocr_carea' id='block_1_111' title="bbox 2004 4673 3584 4743">
    <p class='ocr_par' dir='ltr' id='par_1_111' title="bbox 2004 4673 3584 4743">
     <span class='ocr_line' id='line_1_111' title="bbox 2004 4673 3584 4743; baseline 0.002 -16"><span class='ocrx_word' id='word_1_808' title='bbox 2004 4674 2127 4727; x_wconf 91' lang='lat' dir='ltr'><strong>ullis</strong></span> <span class='ocrx_word' id='word_1_809' title='bbox 2159 4673 2526 4743; x_wconf 88' lang='lat' dir='ltr'><strong>temporalium</strong></span> <span class='ocrx_word' id='word_1_810' title='bbox 2568 4689 2832 4728; x_wconf 71' lang='lat' dir='ltr'><strong>tuorarum</strong></span> <span class='ocrx_word' id='word_1_811' title='bbox 2861 4674 3185 4742; x_wconf 84' lang='lat' dir='ltr'><strong>intervallis;</strong></span> <span class='ocrx_word' id='word_1_812' title='bbox 3226 4692 3366 4731; x_wconf 90' lang='lat' dir='ltr'><strong>nunc</strong></span> <span class='ocrx_word' id='word_1_813' title='bbox 3407 4689 3584 4734; x_wconf 86' lang='lat' dir='ltr'><strong>autem</strong></span> 
     </span>
    </p>
   </div>
   <div class='ocr_carea' id='block_1_112' title="bbox 2006 4764 3585 4833">
    <p class='ocr_par' dir='ltr' id='par_1_112' title="bbox 2006 4764 3585 4833">
     <span class='ocr_line' id='line_1_112' title="bbox 2006 4764 3585 4833; baseline 0.006 -16"><span class='ocrx_word' id='word_1_814' title='bbox 2006 4779 2101 4833; x_wconf 88' lang='lat' dir='ltr'><strong>per</strong></span> <span class='ocrx_word' id='word_1_815' title='bbox 2132 4773 2427 4832; x_wconf 90' lang='lat' dir='ltr'><strong>temporum</strong></span> <span class='ocrx_word' id='word_1_816' title='bbox 2459 4778 2654 4828; x_wconf 85' lang='lat' dir='ltr'><strong>moras,</strong></span> <span class='ocrx_word' id='word_1_817' title='bbox 2701 4764 2887 4831; x_wconf 83' lang='lat' dir='ltr'><strong>quibus</strong></span> <span class='ocrx_word' id='word_1_818' title='bbox 2917 4765 3154 4820; x_wconf 87' lang='lat' dir='ltr'><strong>videmus</strong></span> <span class='ocrx_word' id='word_1_819' title='bbox 3183 4767 3356 4823; x_wconf 88' lang='lat' dir='ltr'><strong>sidera</strong></span> <span class='ocrx_word' id='word_1_820' title='bbox 3382 4771 3585 4825; x_wconf 82' lang='lat' dir='ltr'><strong>moveri</strong></span> 
     </span>
    </p>
   </div>
   <div class='ocr_carea' id='block_1_113' title="bbox 2002 4853 3586 4919">
    <p class='ocr_par' dir='ltr' id='par_1_113' title="bbox 2002 4853 3586 4919">
     <span class='ocr_line' id='line_1_113' title="bbox 2002 4853 3586 4919; baseline 0.004 -11"><span class='ocrx_word' id='word_1_821' title='bbox 2002 4854 2071 4909; x_wconf 88' lang='lat' dir='ltr'><strong>ab</strong></span> <span class='ocrx_word' id='word_1_822' title='bbox 2097 4862 2217 4909; x_wconf 92' lang='lat' dir='ltr'><strong>ortu</strong></span> <span class='ocrx_word' id='word_1_823' title='bbox 2240 4853 2307 4908; x_wconf 88' lang='lat' dir='ltr'><strong>ad</strong></span> <span class='ocrx_word' id='word_1_824' title='bbox 2333 4868 2600 4919; x_wconf 89' lang='lat' dir='ltr'><strong>occasum,</strong></span> <span class='ocrx_word' id='word_1_825' title='bbox 2633 4855 2826 4910; x_wconf 69' lang='lat' dir='ltr'><strong>(mlum</strong></span> <span class='ocrx_word' id='word_1_826' title='bbox 2856 4858 3047 4910; x_wconf 89' lang='lat' dir='ltr'><strong>mutari</strong></span> <span class='ocrx_word' id='word_1_827' title='bbox 3069 4857 3136 4911; x_wconf 89' lang='lat' dir='ltr'><strong>ab</strong></span> <span class='ocrx_word' id='word_1_828' title='bbox 3164 4868 3347 4914; x_wconf 70' lang='lat' dir='ltr'><strong>aestate</strong></span> <span class='ocrx_word' id='word_1_829' title='bbox 3372 4860 3437 4914; x_wconf 88' lang='lat' dir='ltr'><strong>ad</strong></span> <span class='ocrx_word' id='word_1_830' title='bbox 3470 4861 3586 4915; x_wconf 82' lang='lat' dir='ltr'><strong>bic—</strong></span> 
     </span>
    </p>
   </div>
   <div class='ocr_carea' id='block_1_114' title="bbox 1986 4946 3581 5020">
    <p class='ocr_par' dir='ltr' id='par_1_114' title="bbox 1986 4946 3581 5020">
     <span class='ocr_line' id='line_1_114' title="bbox 1986 4946 3581 5020; baseline 0.004 -20"><span class='ocrx_word' id='word_1_831' title='bbox 1986 4962 2175 5010; x_wconf 13' lang='lat' dir='ltr'><strong>amem,</strong></span> <span class='ocrx_word' id='word_1_832' title='bbox 2218 4947 2452 5015; x_wconf 87' lang='lat' dir='ltr'><strong>germina</strong></span> <span class='ocrx_word' id='word_1_833' title='bbox 2492 4946 2654 5000; x_wconf 86' lang='lat' dir='ltr'><strong>certis</strong></span> <span class='ocrx_word' id='word_1_834' title='bbox 2702 4947 2905 5001; x_wconf 89' lang='lat' dir='ltr'><strong>dierutn</strong></span> <span class='ocrx_word' id='word_1_835' title='bbox 2963 4950 3247 5005; x_wconf 88' lang='lat' dir='ltr'><strong>momentis</strong></span> <span class='ocrx_word' id='word_1_836' title='bbox 3304 4951 3581 5020; x_wconf 79' lang='lat' dir='ltr'><strong>pullulare.</strong></span> 
     </span>
    </p>
   </div>
   <div class='ocr_carea' id='block_1_115' title="bbox 2002 5037 3638 5112">
    <p class='ocr_par' dir='ltr' id='par_1_115' title="bbox 2002 5037 3638 5112">
     <span class='ocr_line' id='line_1_115' title="bbox 2002 5037 3638 5112; baseline 0.004 -21"><span class='ocrx_word' id='word_1_837' title='bbox 2002 5037 2375 5109; x_wconf 87' lang='lat' dir='ltr'><strong>grandescere,</strong></span> <span class='ocrx_word' id='word_1_838' title='bbox 2416 5039 2703 5104; x_wconf 87' lang='lat' dir='ltr'><strong>virescere,</strong></span> <span class='ocrx_word' id='word_1_839' title='bbox 2749 5054 3011 5095; x_wconf 89' lang='lat' dir='ltr'><strong>arescere.</strong></span> <span class='ocrx_word' id='word_1_840' title='bbox 3065 5042 3323 5096; x_wconf 86' lang='lat' dir='ltr'><strong>Animalia</strong></span> <span class='ocrx_word' id='word_1_841' title='bbox 3377 5059 3586 5112; x_wconf 85' lang='lat' dir='ltr'><strong>quoque</strong></span> <span class='ocrx_word' id='word_1_842' title='bbox 3632 5040 3638 5045; x_wconf 85' lang='grc'><strong>’</strong></span> 
     </span>
    </p>
   </div>
   <div class='ocr_carea' id='block_1_116' title="bbox 2002 5127 3585 5202">
    <p class='ocr_par' dir='ltr' id='par_1_116' title="bbox 2002 5127 3585 5202">
     <span class='ocr_line' id='line_1_116' title="bbox 2002 5127 3585 5202; baseline 0.003 -19"><span class='ocrx_word' id='word_1_843' title='bbox 2002 5127 2213 5183; x_wconf 87' lang='lat' dir='ltr'><strong>statutis</strong></span> <span class='ocrx_word' id='word_1_844' title='bbox 2244 5136 2540 5197; x_wconf 90' lang='lat' dir='ltr'><strong>temporum</strong></span> <span class='ocrx_word' id='word_1_845' title='bbox 2564 5130 2718 5183; x_wconf 89' lang='lat' dir='ltr'><strong>metis</strong></span> <span class='ocrx_word' id='word_1_846' title='bbox 2737 5138 2791 5183; x_wconf 90' lang='lat' dir='ltr'><strong>et</strong></span> <span class='ocrx_word' id='word_1_847' title='bbox 2804 5131 3122 5201; x_wconf 36' lang='lat' dir='ltr'><strong>cursibus‘et</strong></span> <span class='ocrx_word' id='word_1_848' title='bbox 3150 5134 3377 5201; x_wconf 89' lang='lat' dir='ltr'><strong>concipi,</strong></span> <span class='ocrx_word' id='word_1_849' title='bbox 3396 5144 3447 5189; x_wconf 91' lang='lat' dir='ltr'><strong>et</strong></span> <span class='ocrx_word' id='word_1_850' title='bbox 3467 5150 3585 5202; x_wconf 73' lang='lat' dir='ltr'><strong>pcr-</strong></span> 
     </span>
    </p>
   </div>
   <div class='ocr_carea' id='block_1_117' title="bbox 2005 5219 3583 5292">
    <p class='ocr_par' dir='ltr' id='par_1_117' title="bbox 2005 5219 3583 5292">
     <span class='ocr_line' id='line_1_117' title="bbox 2005 5219 3583 5292; baseline 0.006 -19"><span class='ocrx_word' id='word_1_851' title='bbox 2005 5219 2110 5285; x_wconf 86' lang='lat' dir='ltr'><strong>ﬁci,</strong></span> <span class='ocrx_word' id='word_1_852' title='bbox 2140 5228 2193 5274; x_wconf 91' lang='lat' dir='ltr'><strong>et</strong></span> <span class='ocrx_word' id='word_1_853' title='bbox 2216 5221 2379 5283; x_wconf 87' lang='lat' dir='ltr'><strong>nasci,</strong></span> <span class='ocrx_word' id='word_1_854' title='bbox 2407 5230 2461 5274; x_wconf 91' lang='lat' dir='ltr'><strong>et</strong></span> <span class='ocrx_word' id='word_1_855' title='bbox 2490 5235 2583 5289; x_wconf 92' lang='lat' dir='ltr'><strong>per</strong></span> <span class='ocrx_word' id='word_1_856' title='bbox 2611 5230 2794 5275; x_wconf 66' lang='lat' dir='ltr'><strong>aetates</strong></span> <span class='ocrx_word' id='word_1_857' title='bbox 2816 5238 2980 5292; x_wconf 91' lang='lat' dir='ltr'><strong>usque</strong></span> <span class='ocrx_word' id='word_1_858' title='bbox 3006 5224 3056 5277; x_wconf 90' lang='lat' dir='ltr'><strong>in</strong></span> <span class='ocrx_word' id='word_1_859' title='bbox 3085 5226 3287 5279; x_wconf 88' lang='lat' dir='ltr'><strong>senium</strong></span> <span class='ocrx_word' id='word_1_860' title='bbox 3328 5237 3583 5282; x_wconf 71' lang='grc' dir='ltr'><strong>ιηοιίειιη-</strong></span> 
     </span>
    </p>
   </div>
   <div class='ocr_carea' id='block_1_118' title="bbox 2003 5309 3585 5383">
    <p class='ocr_par' dir='ltr' id='par_1_118' title="bbox 2003 5309 3585 5383">
     <span class='ocr_line' id='line_1_118' title="bbox 2003 5309 3585 5383; baseline 0.006 -21"><span class='ocrx_word' id='word_1_861' title='bbox 2003 5326 2105 5379; x_wconf 90' lang='lat' dir='ltr'><strong>que</strong></span> <span class='ocrx_word' id='word_1_862' title='bbox 2136 5309 2438 5374; x_wconf 90' lang='lat' dir='ltr'><strong>decurrere,</strong></span> <span class='ocrx_word' id='word_1_863' title='bbox 2466 5318 2519 5364; x_wconf 89' lang='lat' dir='ltr'><strong>et</strong></span> <span class='ocrx_word' id='word_1_864' title='bbox 2547 5320 2739 5365; x_wconf 71' lang='lat' dir='ltr'><strong>cmtera</strong></span> <span class='ocrx_word' id='word_1_865' title='bbox 2769 5311 3066 5382; x_wconf 87' lang='lat' dir='ltr'><strong>hujusmodi</strong></span> <span class='ocrx_word' id='word_1_866' title='bbox 3099 5316 3425 5383; x_wconf 87' lang='lat' dir='ltr'><strong>temporalia.</strong></span> <span class='ocrx_word' id='word_1_867' title='bbox 3455 5318 3585 5383; x_wconf 77' lang='lat' dir='ltr'><strong>Quis</strong></span> 
     </span>
    </p>
   </div>
   <div class='ocr_carea' id='block_1_119' title="bbox 2005 5402 3586 5473">
    <p class='ocr_par' dir='ltr' id='par_1_119' title="bbox 2005 5402 3586 5473">
     <span class='ocr_line' id='line_1_119' title="bbox 2005 5402 3586 5473; baseline 0.004 -16"><span class='ocrx_word' id='word_1_868' title='bbox 2005 5402 2147 5458; x_wconf 90' lang='lat' dir='ltr'><strong>enim</strong></span> <span class='ocrx_word' id='word_1_869' title='bbox 2179 5411 2431 5473; x_wconf 88' lang='lat' dir='ltr'><strong>operatur</strong></span> <span class='ocrx_word' id='word_1_870' title='bbox 2458 5402 2558 5457; x_wconf 90' lang='lat' dir='ltr'><strong>ista</strong></span> <span class='ocrx_word' id='word_1_871' title='bbox 2589 5403 2689 5457; x_wconf 91' lang='lat' dir='ltr'><strong>nisi</strong></span> <span class='ocrx_word' id='word_1_872' title='bbox 2717 5403 2875 5469; x_wconf 83' lang='lat' dir='ltr'><strong>Deus,</strong></span> <span class='ocrx_word' id='word_1_873' title='bbox 2909 5406 3066 5460; x_wconf 90' lang='lat' dir='ltr'><strong>etiam</strong></span> <span class='ocrx_word' id='word_1_874' title='bbox 3093 5407 3215 5461; x_wconf 86' lang='lat' dir='ltr'><strong>sine‘</strong></span> <span class='ocrx_word' id='word_1_875' title='bbox 3237 5406 3343 5461; x_wconf 88' lang='lat' dir='ltr'><strong>ullo</strong></span> <span class='ocrx_word' id='word_1_876' title='bbox 3374 5409 3462 5461; x_wconf 91' lang='lat' dir='ltr'><strong>tali</strong></span> <span class='ocrx_word' id='word_1_877' title='bbox 3488 5426 3586 5464; x_wconf 56' lang='lat' dir='ltr'><strong>sui</strong></span> 
     </span>
    </p>
   </div>
   <div class='ocr_carea' id='block_1_120' title="bbox 2067 5574 3585 5650">
    <p class='ocr_par' dir='ltr' id='par_1_120' title="bbox 2067 5574 3585 5650">
     <span class='ocr_line' id='line_1_120' title="bbox 2067 5574 3585 5650; baseline 0.006 -20"><span class='ocrx_word' id='word_1_878' title='bbox 2067 5582 2084 5614; x_wconf 77' lang='grc' dir='ltr'>ί</span> <span class='ocrx_word' id='word_1_879' title='bbox 2111 5581 2249 5641; x_wconf 81' lang='lat' dir='ltr'><strong>Editi,</strong></span> <span class='ocrx_word' id='word_1_880' title='bbox 2273 5594 2413 5650; x_wconf 53' lang='lat' dir='ltr'><strong>aqum</strong></span> <span class='ocrx_word' id='word_1_881' title='bbox 2436 5574 2585 5650; x_wconf 56' lang='lat' dir='ltr'><strong>maris</strong></span> <span class='ocrx_word' id='word_1_882' title='bbox 2628 5581 2873 5650; x_wconf 57' lang='lat' dir='ltr'><strong>ﬂuetibus,</strong></span> <span class='ocrx_word' id='word_1_883' title='bbox 2900 5592 2993 5650; x_wconf 84' lang='lat' dir='ltr'><strong>etc.</strong></span> <span class='ocrx_word' id='word_1_884' title='bbox 3026 5583 3170 5650; x_wconf 78' lang='lat' dir='ltr'><strong>Paulo</strong></span> <span class='ocrx_word' id='word_1_885' title='bbox 3203 5592 3338 5650; x_wconf 49' lang='grc' dir='ltr'><strong>ωειλ</strong></span> <span class='ocrx_word' id='word_1_886' title='bbox 3366 5588 3515 5650; x_wconf 80' lang='lat' dir='ltr'><strong>fontes</strong></span> <span class='ocrx_word' id='word_1_887' title='bbox 3540 5596 3585 5638; x_wconf 85' lang='lat' dir='ltr'><strong>et</strong></span> 
     </span>
    </p>
   </div>
   <div class='ocr_carea' id='block_1_121' title="bbox 2000 5643 3582 5709">
    <p class='ocr_par' dir='ltr' id='par_1_121' title="bbox 2000 5643 3582 5709">
     <span class='ocr_line' id='line_1_121' title="bbox 2000 5643 3582 5709; baseline 0.003 -16"><span class='ocrx_word' id='word_1_888' title='bbox 2000 5655 2161 5693; x_wconf 84' lang='lat' dir='ltr'><strong>omnes</strong></span> <span class='ocrx_word' id='word_1_889' title='bbox 2182 5643 2325 5705; x_wconf 62' lang='lat' dir='ltr'><strong>aqua!</strong></span> <span class='ocrx_word' id='word_1_890' title='bbox 2344 5643 2542 5695; x_wconf 76' lang='lat' dir='ltr'><strong>diversis</strong></span> <span class='ocrx_word' id='word_1_891' title='bbox 2565 5643 2793 5696; x_wconf 65' lang='lat' dir='ltr'><strong>tractibus</strong></span> <span class='ocrx_word' id='word_1_892' title='bbox 2821 5659 2837 5696; x_wconf 92' lang='lat'><strong><em>:</em></strong></span> <span class='ocrx_word' id='word_1_893' title='bbox 2862 5643 3037 5709; x_wconf 85' lang='lat' dir='ltr'><strong>quibus</strong></span> <span class='ocrx_word' id='word_1_894' title='bbox 3058 5645 3173 5696; x_wconf 79' lang='lat' dir='ltr'><strong>locis</strong></span> <span class='ocrx_word' id='word_1_895' title='bbox 3196 5643 3299 5697; x_wconf 64' lang='lat' dir='ltr'><strong>Stss.</strong></span> <span class='ocrx_word' id='word_1_896' title='bbox 3326 5643 3582 5701; x_wconf 67' lang='lat' dir='ltr'><strong>lectiuncm</strong></span> 
     </span>
    </p>
   </div>
   <div class='ocr_carea' id='block_1_122' title="bbox 2001 5714 2425 5767">
    <p class='ocr_par' dir='ltr' id='par_1_122' title="bbox 2001 5714 2425 5767">
     <span class='ocr_line' id='line_1_122' title="bbox 2001 5714 2425 5767; baseline 0.002 -14"><span class='ocrx_word' id='word_1_897' title='bbox 2001 5714 2425 5767; x_wconf 49' lang='lat' dir='ltr'><strong>repraaseatamus.</strong></span> 
     </span>
    </p>
   </div>
   <div class='ocr_carea' id='block_1_123' title="bbox 3012 5790 3278 5865">
    <p class='ocr_par' dir='ltr' id='par_1_123' title="bbox 3012 5790 3278 5865">
     <span class='ocr_line' id='line_1_123' title="bbox 3012 5790 3278 5865; baseline -0.011 -11"><span class='ocrx_word' id='word_1_898' title='bbox 3012 5790 3278 5865; x_wconf 65' lang='lat'><strong>{07:19.}</strong></span> 
     </span>
    </p>
   </div>
  </div>
