4090 6476
537 366 633 426 33!

533 477 714 535 motu?
745 490 850 532 non
876 472 1017 532 enim
1045 481 1096 530 et
1117 471 1217 544 ipsi
1244 470 1432 528 accidit
1454 477 1679 538 tempus.
1707 466 1850 522 Inter
1877 465 1966 521 illa
1989 480 2119 538 ergo

533 584 698 641 opera
737 567 904 634 Dei,a
945 564 1136 637 quibus
1176 561 1435 634 requievit
1461 561 1516 614 in
1542 558 1629 615 die
1655 557 1902 628 septimo,
1942 565 1996 612 et
2017 557 2116 612 ista

534 676 652 732 qua:
683 673 848 730 usque
868 671 1008 712 nunc
1033 661 1302 725 operatur,
1336 649 1618 722 quemdam
1644 648 1916 720 Scriptura
1949 647 2118 702 inter-

535 765 741 822 ponens
768 764 878 805 sua:
905 744 1222 802 narrationis
1259 741 1571 807 articulum,
1619 735 2012 797 commendavit
2058 750 2119 793 se

534 844 624 898 illa
655 841 972 912 explicasse,
1003 847 1058 894 et
1081 837 1242 907 coepit
1268 836 1380 906 jam
1411 835 1509 890 ista
1545 842 1852 891 contexere.
1901 831 2118 888 Illorum

534 934 917 1004 cxplicatorum
945 928 1336 988 commendatio
1360 927 1438 983 sic
1459 925 1594 982 facta
1618 935 1700 983 est
1728 942 1743 981 :
1776 925 1878 980 Hic
1901 934 1972 981 est
1997 923 2120 980 liber

532 1032 774 1079 creatum
797 1019 911 1079 caeli
933 1029 980 1076 et
1005 1029 1170 1088 terras,
1195 1033 1314 1074 cum
1341 1020 1504 1092 factus
1542 1033 1614 1072 est
1648 1016 1776 1086 dies,
1822 1016 1937 1087 fecit
1979 1013 2120 1070 Deus

532 1118 710 1172 caelum
727 1127 772 1172 et
797 1125 1002 1180 terram,
1022 1122 1066 1169 et
1087 1128 1234 1168 omne
1246 1111 1404 1168 uiride
1416 1111 1527 1184 agri
1543 1119 1807 1182 antequam
1828 1116 1952 1164 esset
1969 1107 2122 1180 super

533 1219 738 1271 terram.
767 1216 813 1262 et
837 1220 983 1261 omne
1005 1207 1173 1280 fenum
1205 1205 1317 1278 agri
1356 1213 1626 1272 antequam
1663 1207 1960 1258 ea‘oriretur.
1998 1200 2122 1256 Non

533 1302 666 1356 enim
687 1299 884 1371 pluerat
909 1295 1048 1351 Deus
1069 1312 1223 1368 super
1244 1304 1450 1363 terram,
1479 1311 1571 1350 nec
1588 1303 1694 1350 erat
1719 1294 1868 1349 homo
1893 1292 1978 1362 qui
2003 1307 2123 1363 ope«

530 1400 726 1447 ταγείαν
772 1399 976 1444 terram.
1023 1387 1250 1444 Istorum
1286 1395 1463 1442 autem
1505 1388 1780 1442 eontextio
1812 1385 1891 1440 sic
1918 1384 2118 1453 cmpit:

531 1483 674 1538 Fons
699 1491 867 1537 autem
889 1478 1184 1536 ascendebat
1203 1479 1268 1535 de
1293 1488 1447 1545 terra,
1473 1488 1519 1533 et
1545 1477 1786 1551 irrigabat
1813 1493 2010 1533 omnem
2042 1481 2124 1548 fa-

529 1575 656 1629 ciem
697 1582 863 1628 terris.
910 1571 993 1626 Ab
1038 1569 1136 1627 hac
1163 1568 1668 1626 commemoratione
1695 1567 1857 1624 fontis
1884 1567 2042 1638 hujus
2069 1574 2124 1622 et

531 1664 788 1734 deinceps
813 1677 874 1718 ea
895 1678 1012 1734 qua:
1030 1670 1332 1730 narrantur,
1359 1675 1457 1732 per
1471 1673 1649 1714 moras
1667 1665 1965 1729 temporum
1982 1656 2120 1712 facta

531 1763 675 1822 sunt,
703 1769 808 1810 non
837 1752 1013 1809 omnia
1038 1751 1218 1808 simul.

533 1845 758 1904 CAPUT
796 1845 1028 1903 Xll..-—
1064 1843 1236 1916 Opera
1258 1840 1356 1900 Dei
1377 1843 1468 1899 sub
1489 1841 1678 1916 triplici
1700 1841 2117 1898 consideratione.

601 1937 694 1994 28.
735 1937 865 1992 Cum
891 1951 1018 2007 ergo
1042 1935 1198 1991 aliter
1225 1950 1285 1991 se
1312 1933 1541 1989 habeant
1589 1933 1826 1989 omnium
1852 1940 2123 1989 creatura-

534 2043 652 2082 rum
673 2027 909 2083 rationes
937 2024 1467 2081 incomnmtabilesin
1501 2023 1676 2079 Verbo
1706 2024 1820 2090 Dei,
1850 2023 2004 2078 aliter
2032 2021 2122 2076 illa

535 2118 652 2190 ejus
677 2132 838 2188 opera
867 2133 896 2170 a
935 2115 1210 2187 quibusin
1249 2113 1338 2170 die
1376 2113 1603 2184 septimo
1645 2113 1922 2184 requievit,
1971 2113 2126 2167 aliter

537 2211 638 2267 ista
663 2225 781 2280 qua:
801 2224 868 2266 ex
895 2209 998 2264 illis
1026 2222 1194 2278 usque
1222 2221 1360 2261 nunc
1405 2213 1691 2275 operatur;
1723 2203 1914 2259 horum
1962 2203 2120 2258 trium

537 2301 640 2356 hoc
666 2297 810 2370 quod
857 2306 1150 2354 extremum
1183 2295 1357 2366 posui,
1415 2295 1568 2350 nobis
1616 2303 1900 2364 utcumque
1942 2301 2124 2348 notum

537 2400 622 2446 est
644 2407 737 2462 per
761 2389 1000 2459 corporis
1029 2402 1237 2452 sensus,
1263 2395 1319 2442 et
1341 2385 1497 2455 hujus
1515 2384 1954 2441 consuetudinem
1979 2383 2124 2439 vim.

540 2485 656 2539 Dno
683 2498 810 2538 vero
831 2482 916 2542 illa
939 2491 1145 2538 remota
1175 2495 1205 2534 a
1233 2479 1476 2535 sensibus
1501 2518 1520 2547 ,
1547 2487 1602 2534 et
1627 2478 1695 2532 ab
1723 2493 1821 2532 usu
1847 2475 2124 2547 cogitatio-

542 2575 625 2629 nis
673 2574 940 2638 humanac,
979 2570 1123 2641 prius
1160 2583 1230 2626 ex
1282 2568 1459 2625 divina
1493 2568 1811 2623 auctoritate
1860 2565 2126 2621 credenda

539 2673 703 2730 sunt;
753 2662 944 2719 deinde
990 2676 1088 2732 per
1137 2660 1256 2716 ιιωο
1311 2675 1430 2730 quae
1481 2667 1604 2714 nota
1659 2667 1797 2722 sunt,
1843 2667 2128 2726 utcumque

543 2753 834 2823 noscenda,
872 2761 1071 2824 quanto
1105 2752 1333 2822 quisque
1381 2750 1550 2821 magis
1604 2749 1846 2804 minusve
1897 2749 2129 2818 potuerit

543 2861 643 2918 pro
670 2860 786 2902 sua:
806 2843 1113 2916 capacitatis
1139 2841 1320 2908 modo,
1364 2841 1621 2896 divinitus
1657 2839 1867 2910 adjutus
1907 2836 2129 2894 internis

544 2935 867 3005 aeternisque
897 2933 1191 2989 rationibus
1213 2933 1229 2989 ἓ
1253 2941 1311 2987 ut
1339 2931 1523 3002 possit.

544 3023 941 3084 CAPUT‘XIII.
967 3053 1041 3066 —
1069 3022 1254 3079 Omnia
1279 3032 1547 3094 antequam
1575 3022 1750 3092 ﬁerent
1767 3061 1784 3088 ,
1801 3022 1854 3076 in
1869 3020 2131 3093 Sapientia

1283 3115 1401 3171 Dei.

545 3223 559 3238 ‘
616 3211 709 3270 29.
751 3211 828 3267 De
853 3209 1038 3281 primis
1071 3222 1200 3279 ergo
1240 3206 1350 3263 illis
1385 3205 1579 3262 divinis
1617 3203 2133 3260 incommutabilibus

550 3305 874 3376 aeternisque
918 3302 1233 3369 rationibus,
1267 3299 1517 3371 quoniam
1556 3299 1670 3370 ipsa
1710 3299 1804 3354 Dei
1841 3297 2132 3368 Sapientia,

549 3415 648 3472 per
678 3413 838 3470 quam
879 3395 1017 3451 facta
1067 3404 1190 3449 sunt
1246 3393 1446 3460 omnia,
1485 3391 1791 3462 priusquam
1844 3389 2032 3446 ﬁerent
2073 3405 2138 3446 ea

552 3499 795 3559 noverat,
819 3490 899 3546 sic
920 3488 1191 3559 Scriptura
1219 3493 1442 3542 testatur
1471 3501 1485 3538 :
1515 3482 1584 3538 In
1608 3482 1856 3555 principio
1885 3491 1990 3537 erat
2015 3480 2140 3537 Ver-

551 3586 690 3652 bum,
715 3592 761 3638 et
785 3581 1000 3636 Verbum
1021 3587 1126 3634 erat
1150 3577 1293 3648 apud
1319 3576 1500 3640 Deum,
1526 3583 1574 3631 et
1597 3574 1734 3629 Deus
1753 3583 1860 3629 erat
1882 3571 2138 3638 Verbum;

553 3679 660 3732 hoc.
673 3683 780 3730 erat
804 3675 858 3728 in
879 3671 1127 3744 principio
1142 3669 1280 3740 apud
1301 3668 1485 3723 Deum.
1504 3666 1687 3722 Omnia
1706 3682 1795 3738 per
1808 3667 1975 3737 ipsum
2002 3667 2138 3737 facta

551 3777 688 3836 sunt,
709 3776 754 3821 et
773 3765 1004 3836 sineipso
1019 3768 1209 3835 factum
1227 3766 1302 3817 est
1320 3760 1448 3815 nihil
1463 3758 1638 3832 (Joan.
1651 3774 1691 3827 ι,
1712 3757 1847 3831 1-5).
1866 3757 1996 3827 Quis
2009 3772 2138 3827 ergo

555 3869 663 3914 tam
677 3857 747 3913 sit
758 3856 1000 3922 demens,
1018 3863 1074 3908 ut
1095 3852 1235 3908 dicat
1251 3866 1356 3906 non
1371 3865 1435 3907 ea
1454 3851 1620 3905 Deum
1641 3848 1830 3905 fecisse
1845 3864 1963 3919 quae
1978 3864 2140 3905 nove-

557 3951 676 4008 rat?
696 3951 861 4004 Porro
887 3948 931 4002 si
950 3953 1191 4013 noverat,
1208 3943 1299 4000 ubi
1317 3944 1419 3998 nisi
1447 3941 1585 4012 apud
1609 3941 1802 4013 ipsum,
1824 3940 1962 4011 apud
1979 3956 2137 4011 quem

561 4042 797 4099 Verbum
821 4047 957 4105 erat,
987 4052 1085 4108 per
1123 4034 1263 4108 quod
1312 4034 1448 4090 facta
1499 4041 1621 4089 sunt
1668 4032 1880 4087 omnia?
1923 4032 2052 4087 Nam
2093 4031 2140 4086 si

561 4142 713 4191 extra
749 4133 981 4202 seipsum
1015 4143 1078 4185 ea
1112 4136 1364 4195 noverat,
1389 4126 1508 4197 quis
1533 4139 1654 4181 eum
1696 4123 1984 4180 docuerat?
2009 4123 2140 4190 Quis

561 4226 703 4282 enim
732 4221 978 4294 cognovit
1000 4234 1218 4276 sensum
1246 4216 1499 4274 Domini?
1531 4226 1624 4271 aut
1653 4215 1772 4287 quis
1803 4214 2141 4272 consiliarius

560 4319 678 4389 ejus
706 4316 842 4371 fuit?
867 4315 973 4370 Aut
999 4312 1120 4383 quis
1147 4310 1294 4383 prior
1316 4308 1461 4365 dedit
1482 4308 1559 4364 illi
1583 4349 1598 4375 ,
1626 4305 2026 4363 etretribuetur
2053 4307 2138 4363 ei?

561 4410 820 4478 Quoniam
847 4421 912 4462 ex
937 4405 1076 4476 ipso,
1102 4413 1156 4459 et
1179 4417 1275 4474 per
1303 4401 1497 4473 ipsum,
1519 4407 1574 4456 et
1599 4398 1651 4454 in
1674 4397 1788 4469 ipso
1813 4406 1936 4452 sunt
1958 4397 2137 4453 omnia

565 4502 740 4574 (Rom.
761 4515 838 4565 ιι,
861 4495 1071 4570 '54-'56).

636 4591 726 4646 '50.
765 4589 1076 4658 Quanquam
1104 4592 1158 4641 et
1183 4599 1246 4641 ea
1266 4597 1386 4655 qua:
1412 4587 1705 4652 sequuntur
1731 4580 1785 4635 in
1815 4579 2104 4651 Evangelio
2123 4621 2140 4649 ,

563 4683 694 4740 satis
724 4690 965 4738 asserant
992 4681 1146 4734 istam
1173 4675 1524 4733 sententiam:
1552 4674 1788 4744 adjungit
1809 4674 1952 4728 enim
1975 4673 2146 4729 Evan-

563 4775 750 4846 gelista
775 4781 830 4830 et
854 4771 1001 4839 dicit,
1035 4769 1184 4837 Quod
1206 4769 1397 4841 factum
1420 4776 1511 4832 est,
1544 4767 1597 4821 in
1620 4765 1710 4822 illo
1734 4767 1834 4820 vita
1859 4775 1951 4832 est,
1974 4777 2020 4820 et
2045 4767 2146 4822 vita

567 4877 676 4921 erat
708 4866 798 4922 tua.
837 4864 1098 4920 hominum
1129 4859 1307 4933 (Joan.
1333 4875 1372 4926 ι,
1403 4859 1484 4930 4).
1514 4858 1645 4926 Quia
1675 4858 1879 4913 scilicet
1909 4858 2145 4914 rationa-

565 4962 649 5018 les
673 4966 880 5015 mentes
901 4999 916 5026 ,
949 4957 1000 5010 in
1028 4969 1132 5025 quo
1159 4969 1354 5025 genere
1377 4952 1538 5008 homo
1562 4951 1730 5008 factus
1757 4960 1840 5007 est
1863 4952 1930 5006 ad
1957 4952 2148 5023 imagi-

568 5069 691 5110 nem
721 5051 833 5118 Dei,
857 5063 962 5104 non
987 5047 1185 5104 habent
1214 5060 1396 5104 veram
1425 5045 1594 5104 lucem
1622 5059 1772 5101 suam
1824 5043 1927 5099 nisi
1971 5044 2144 5113 ipsum

569 5142 806 5200 Verbum
833 5140 949 5207 Dei,
977 5153 1075 5211 per
1097 5136 1239 5209 quod
1259 5135 1398 5193 facta
1424 5145 1548 5191 sunt
1572 5134 1771 5202 omnia,
1802 5135 1952 5204 cujus
1977 5134 2144 5204 parti-

567 5237 718 5307 cipes
743 5248 864 5291 esse
884 5238 1135 5304 poterunt
1153 5229 1221 5287 ab
1239 5229 1384 5286 omni
1413 5227 1688 5298 iniquitate
1714 5235 1768 5283 et
1787 5241 1968 5282 errore
1988 5243 2144 5282 mun-

567 5327 728 5383 data}.

569 5415 795 5472 CAPUT
819 5409 1186 5472 XlV.--Illud
1201 5425 1265 5465 ea:
1281 5408 1500 5472 Joanne,
1517 5406 1668 5475 Quod
1684 5405 1877 5464 factum
1897 5413 1996 5476 est,
2020 5416 2142 5479 etc.,

1007 5502 1256 5574 quomodo
1276 5499 1705 5571 distinguendum.

571 5631 575 5636 ι
643 5598 733 5654 3|.
771 5597 887 5653 Non
915 5612 1042 5666 ergo
1071 5597 1139 5650 ita
1159 5592 1488 5666 pronuntiari
1509 5600 1720 5662 oportet
1741 5632 1756 5657 ,
1789 5590 1936 5660 Quod
1954 5595 2144 5664 factum

633 5693 654 5724 s
677 5689 749 5760 ξιο
771 5688 906 5760 9am:
944 5695 998 5739 Αι
1158 5686 1350 5760 optima:
1372 5692 1498 5760 noue
1518 5691 1688 5760 carent
1706 5684 1840 5760 hisce
1863 5687 2046 5747 verbis,
2073 5687 2148 5740 in-

567 5749 718 5815 ternis
737 5749 1020 5815 intentisque
1041 5746 1330 5811 rationibus;
1364 5759 1476 5812 qua:
1496 5759 1561 5811 qu
1581 5746 1692 5798 dem
1713 5746 1848 5800 salvo
1875 5746 2036 5800 sensu
2057 5762 2148 5802 ex-

570 5814 717 5881 pungi
737 5814 951 5876 possunt.

1356 432 1368 438 _
1449 357 1537 414 DE
1574 353 1818 413 GENESI
1854 354 1946 410 AD
1983 351 2360 422 LITTERAM,
2399 351 2456 409 S.
2497 347 2865 410 AUGUSTINI
2953 299 2955 301 ι

3685 351 3794 417 339.

2224 473 2295 522 est
2323 464 2376 520 in
2391 462 2503 532 illo,
2524 465 2626 522 vita
2646 474 2742 533 est,
2767 474 2830 522 ut
2872 463 3354 538 subdistinguamus
3371 511 3386 538 ,
3429 466 3582 536 Quod
3611 471 3806 542 factum

2225 566 2297 611 est
2316 557 2368 612 in
2387 554 2500 626 illo,
2527 565 2583 612 et
2601 556 2793 614 deinde
2815 557 3123 626 inferamus,
3151 559 3252 613 uita
3270 569 3362 614 est.
3379 561 3518 629 Quid
3534 563 3678 618 enim
3698 581 3806 620 non

2224 647 2278 703 in
2309 648 2396 704 illo
2421 647 2618 705 factum
2639 658 2721 706 est
2737 674 2762 718 ,-
2791 665 2914 706 cum
2953 653 3382 708 commemoratis
3423 655 3602 710 multis
3643 657 3806 712 etiam

2225 738 2453 796 terrenis
2491 741 2750 796 creaturis
2773 780 2788 806 ,
2818 739 3026 796 dicatur
3052 741 3102 795 in
3135 741 3345 796 Psalmo
3367 781 3386 810 ,
3417 741 3604 798 Omnia
3622 745 3676 800 in
3697 744 3806 801 Sa-

2223 829 2412 902 pientia
2448 831 2610 904 [eriin
2653 829 2823 905 (Psal.
2865 845 2977 900 cru,
3034 831 3174 904 24);
3215 833 3357 889 dicat
3395 836 3804 906 etlApostolus,

2229 923 2482 991 Quoniam
2503 924 2556 980 in
2581 926 2693 996 ipso
2715 926 2918 982 condita
2937 937 3053 983 sunt
3077 929 3245 983 omnia
3269 929 3323 983 in
3349 929 3471 984 caelo
3497 939 3543 984 et
3567 931 3620 985 in
3643 939 3800 999 terra,

2223 1013 2439 1069 sisibilia
2457 1024 2502 1069 et
2521 1015 2790 1070 invisibilia
2819 1015 3051 1087 (Coloss.
3077 1033 3124 1086 ι,
3159 1018 3270 1089 16).
3303 1018 3648 1089 Consequens
3676 1036 3808 1090 ergo

2224 1107 2344 1172 erit,
2372 1107 2418 1164 si
2444 1107 2517 1163 ita
2543 1107 2962 1178 distinxerimus,
2993 1119 3050 1165 ut
3074 1119 3128 1166 et
3146 1103 3263 1182 ipsa
3281 1120 3440 1180 terra,
3465 1123 3519 1168 et
3537 1129 3809 1184 quaecum-

2223 1213 2326 1268 que
2356 1198 2408 1253 in
2438 1213 2501 1254 ea
2528 1207 2651 1254 sunt
2670 1242 2684 1263 ,
2714 1201 2820 1255 vita
2848 1202 2975 1256 sint.
3005 1202 3133 1269 Quae
3159 1217 3278 1256 cum
3305 1202 3534 1258 absurde
3561 1203 3809 1261 dicantur

2224 1289 2403 1346 omnia
2448 1289 2645 1356 vivere,
2691 1302 2890 1362 quanto
2931 1292 3216 1350 absurdius
3249 1301 3309 1350 ut
3347 1296 3506 1351 etiam
3531 1295 3636 1351 vita
3661 1297 3809 1352 sint?

2224 1381 2520 1451 praesertim
2549 1384 2670 1452 quia
2696 1383 2968 1454 distinguit
2994 1385 3061 1440 de
3087 1387 3228 1456 quali
3260 1387 3364 1441 vita
3391 1387 3654 1456 loquatur,
3682 1403 3806 1442 cum

2223 1474 2391 1543 addit,
2418 1475 2486 1530 Et
2509 1477 2608 1530 uita
2637 1487 2744 1531 erat
2764 1478 2854 1532 lux
2873 1479 3152 1532 laciniatim.
3189 1479 3280 1536 Sic
3303 1493 3431 1551 ergo
3469 1479 3806 1551 distinguen-

2223 1565 2350 1623 dum
2373 1577 2476 1636 est,
2508 1577 2564 1624 ut
2589 1584 2708 1625 cum
2733 1569 3045 1637 dixerimus,
3077 1570 3225 1636 Quod
3261 1573 3452 1642 factum
3489 1583 3583 1641 est,
3613 1572 3808 1630 deinde

2225 1655 2513 1713 inferamus
2534 1702 2550 1728 ,
2581 1661 2633 1715 in
2659 1659 2748 1715 illo
2773 1661 2874 1715 vita
2899 1671 2973 1717 est
2999 1677 3021 1717 :
3043 1677 3151 1717 non
3181 1663 3235 1718 in
3263 1678 3322 1718 se
3350 1664 3570 1731 scilicet,
3600 1664 3702 1720 hoc
3726 1675 3809 1721 est

2225 1749 2279 1804 in
2304 1765 2400 1806 sua
2427 1759 2630 1816 natura,
2665 1769 2766 1823 qua
2795 1753 2992 1809 factum
3017 1763 3100 1811 est
3125 1765 3179 1810 ut
3198 1755 3431 1811 conditio
3459 1766 3810 1830 creatumqtie

2224 1841 2330 1909 sit;
2359 1840 2454 1899 sed
2485 1843 2534 1897 in
2579 1844 2669 1900 illo
2698 1846 2802 1900 vita
2831 1855 2914 1902 est
2934 1888 2948 1910 ,
2976 1847 3099 1917 quia
3127 1847 3304 1902 omnia
3339 1865 3456 1919 qua:
3493 1865 3589 1920 per
3633 1850 3808 1920 ipsum

2225 1934 2363 1991 facta
2411 1945 2565 2004 sunt,
2610 1947 2830 1993 noverat
2865 1947 3146 2015 antequam
3179 1939 3396 2005 tierent;
3423 1956 3485 1996 ac
3512 1957 3608 2011 per
3653 1941 3756 1998 hoc
3788 1944 3806 1977 ι

2226 2043 2331 2083 non
2384 2028 2521 2085 sicut
2560 2039 2800 2086 creatura
2827 2045 2982 2101 quam
3013 2029 3160 2097 fecit,
3191 2033 3283 2088 sed
3308 2033 3444 2088 sicut
3481 2034 3587 2088 vita
3620 2043 3677 2090 et
3718 2035 3808 2092 lux

2228 2122 2520 2189 hominum,
2547 2123 2688 2193 quod
2717 2132 2800 2180 cst
2822 2124 2935 2195 ipsa
2957 2123 3223 2195 Sapientia
3246 2166 3260 2190 ,
3291 2136 3346 2182 et
3374 2125 3544 2197 ipsum
3574 2126 3807 2182 Verbum

2227 2214 2528 2284 unigenitus
2554 2216 2646 2271 Dei
2671 2215 2858 2272 Filius.
2891 2217 2970 2272 Eo
2997 2217 3156 2272 modo
3189 2232 3317 2288 ergo
3357 2219 3410 2273 in
3445 2218 3532 2273 illo
3575 2221 3684 2274 vita
3725 2229 3809 2275 est

2227 2307 2368 2376 quod
2392 2306 2583 2362 factum
2613 2317 2715 2374 est,
2735 2309 3002 2379 quomodo
3025 2309 3222 2365 dictum
3246 2321 3346 2378 est,
3363 2309 3509 2366 Sicut
3529 2311 3677 2366 habet
3699 2310 3810 2364 Pa-

2228 2406 2304 2452 ter
2326 2398 2474 2452 vitam
2495 2399 2548 2452 in
2572 2399 2858 2472 semetipso,
2885 2401 2958 2455 sic
2991 2400 3128 2456 dedit
3160 2400 3299 2456 Filio
3343 2401 3524 2456 habere
3562 2403 3718 2457 uitam
3755 2404 3810 2458 in

2227 2489 2492 2560 semetipso
2517 2489 2696 2560 (Joan.
2725 2506 2778 2556 ν,
2808 2489 2899 2560 26)
2912 2531 2925 2544 .

2299 2579 2393 2636 52.
2429 2580 2540 2636 Nec
2566 2581 3074 2650 praetermittendum
3101 2589 3185 2638 est
3206 2623 3220 2647 ,
3253 2581 3393 2653 quod
3419 2581 3810 2639 emendatiores

2229 2672 2441 2728 codices
2470 2673 2685 2740 habent,
2722 2674 2870 2739 Quod
2895 2677 3087 2746 factum
3113 2683 3207 2738 est,
3233 2674 3286 2727 in
3322 2673 3410 2728 illo
3442 2672 3542 2727 vita
3581 2681 3722 2740 erat,
3753 2679 3812 2728 ut

2231 2763 2308 2816 sic
2329 2761 2673 2833 intelligatur,
2705 2763 2805 2816 uita
2824 2772 2951 2826 erat,
2991 2762 3258 2833 quomodo
3303 2762 3370 2817 In
3411 2763 3660 2833 principio
3707 2772 3814 2817 erat

2239 2852 2520 2923 Verbum’,
2549 2862 2597 2908 et
2625 2852 2839 2908 Verbum
2884 2863 2990 2907 erat
3028 2854 3166 2923 apud
3202 2853 3405 2921 Deum,
3434 2864 3484 2909 et
3526 2854 3661 2909 Deus
3709 2862 3815 2909 aut

2241 2945 2480 3001 Verbum.
2509 2945 2658 3011 Quod
2674 2961 2792 3017 ergo
2818 2947 3006 3018 factum
3023 2953 3117 3011 est,
3140 2944 3249 3015 jam
3273 2947 3374 3000 vita
3408 2955 3516 3000 erat
3548 2946 3601 3000 in
3627 2946 3738 3014 illo,
3760 2954 3816 3001 et

2231 3037 2340 3094 vita
2368 3052 2473 3092 non
2503 3038 2932 3108 qualiscumque;
2961 3052 3082 3092 nam
3106 3044 3162 3092 et
3190 3051 3381 3107 pecora
3403 3037 3650 3097 dicuntur
3671 3037 3816 3092 vive-

2234 3145 2336 3198 re,
2373 3146 2492 3202 qua:
2515 3129 2618 3184 frui
2656 3145 2761 3184 non
2803 3137 3027 3199 possunt
3063 3129 3467 3201 participatione
3505 3129 3814 3198 sapientiae;

2235 3222 2334 3279 sed
2365 3224 2468 3277 vita
2500 3232 2606 3276 erat
2635 3223 2727 3278 lus
2749 3221 3027 3276 hominum.
3059 3221 3262 3277 Montes
3299 3220 3495 3290 quippe
3532 3215 3818 3274 rationales

2238 3322 2473 3385 purgatae
2497 3312 2663 3384 gratia
2692 3313 2829 3383 ejus,
2851 3320 3078 3384 possunt
3122 3311 3398 3380 pervenire
3440 3309 3505 3365 ad
3557 3309 3821 3380 ejusmodi

2238 3407 2496 3462 visionem
2521 3447 2537 3474 ,
2567 3422 2669 3478 qua
2696 3420 2796 3461 nec
2831 3404 3077 3476 superius
3119 3403 3407 3474 quidquam
3435 3403 3539 3468 sit,
3569 3415 3667 3456 nec
3694 3397 3824 3455 bea-

2241 3499 2365 3554 tius.

2347 3589 2570 3648 CAPUT
2606 3589 2727 3648 XV.
2763 3618 2837 3631 —
2873 3586 3057 3643 Omnia
3075 3585 3239 3659 qualis
3257 3585 3358 3640 uita
3376 3593 3492 3639 sunt
3509 3583 3562 3662 in
3584 3581 3713 3637 Deo.

2313 3685 2402 3740 33.
2440 3681 2545 3739 Sed
2571 3683 2730 3738 etiam
2749 3681 2794 3736 si
2815 3680 2916 3734 hoc
2935 3680 3175 3749 legamus
3197 3686 3251 3732 et
3272 3677 3646 3746 intelligamus,
3674 3671 3826 3740 Quod

2245 3776 2432 3847 factum
2455 3782 2547 3839 est,
2569 3773 2623 3826 in
2654 3773 2744 3826 illo
2769 3772 2868 3825 vita
2911 3779 3026 3838 est;
3067 3777 3245 3823 manet
3268 3767 3289 3799 ³
3320 3767 3419 3823 ista
3442 3766 3728 3831 sententia,
3769 3775 3828 3819 ut

2244 3866 2296 3921 id
2323 3864 2463 3936 quod
2489 3879 2586 3935 per
2613 3864 2786 3934 ipsum
2816 3862 3016 3918 factum
3041 3869 3124 3917 est
3147 3903 3162 3929 ,
3190 3861 3293 3914 vita
3323 3874 3442 3914 esse
3469 3859 3524 3914 in
3553 3858 3642 3913 illo
3669 3858 3827 3911 intel-

2244 3957 2454 4027 ligatur,
2483 3955 2534 4009 in
2560 3969 2660 4024 qua
2680 3954 2788 4008 vita
2817 3953 2945 4008 vidit
2972 3952 3172 4018 omnia,
3195 3949 3405 4021 quando
3425 3948 3585 4013 fecit;
3615 3957 3670 4004 et
3690 3949 3829 4002 sicut

2242 4047 2398 4115 vidit,
2426 4047 2498 4101 ita
2527 4044 2692 4102 fecit:
2725 4059 2833 4100 non
2876 4053 3066 4114 praeter
3103 4043 3336 4112 seipsum
3375 4039 3594 4105 videns,
3635 4038 3730 4093 sed
3775 4039 3826 4091 in

2243 4141 2422 4210 seipse
2451 4139 2521 4193 ita
2550 4136 2880 4193 enumeravit
2903 4135 3078 4189 omnia
3108 4149 3226 4203 quae
3251 4131 3392 4200 fecit.
3419 4129 3530 4188 Nec
3557 4129 3660 4184 alia
3691 4129 3831 4182 visio

2247 4233 2414 4303 ipsius
2428 4240 2481 4287 et
2507 4231 2698 4296 Patris,
2726 4229 2820 4284 sed
2844 4243 2970 4294 una,
2993 4227 3131 4283 sicut
3147 4241 3251 4280 una
3275 4224 3586 4279 substantia.
3612 4219 3742 4277 Nam
3773 4233 3831 4276 et

2246 4327 2298 4381 in
2329 4326 2460 4380 libro
2484 4323 2586 4380 Job
2610 4322 2680 4378 ita
2705 4322 2817 4392 ipsa
2843 4319 3112 4389 Sapientia
3135 4359 3152 4386 ,
3182 4333 3277 4388 per
3317 4330 3476 4387 quam
3521 4315 3658 4370 facta
3704 4322 3830 4367 sunt

2247 4416 2422 4472 omnia
2444 4456 2461 4483 ,
2505 4413 2825 4484 praedicatur
2854 4428 2868 4465 :
2898 4409 3162 4481 Sapientia
3188 4423 3318 4469 uero,
3354 4405 3544 4477 inquit,
3575 4402 3711 4456 unde
3751 4403 3832 4454 in-

2245 4516 2390 4563 uenta
2415 4504 2617 4561 est?oel
2635 4504 2746 4575 quis
2773 4503 2836 4557 sit
2875 4501 3012 4556 locus
3049 4498 3302 4554 scientiar?
3342 4493 3554 4565 Ignorat
3600 4491 3832 4546 mortalis

2247 4602 2377 4655 uiam
2398 4599 2526 4670 ejus,
2557 4613 2647 4651 nec
2671 4594 2947 4650 invenietur
2973 4593 3023 4645 in
3051 4589 3352 4646 hominibus.
3376 4584 3444 4639 Ει
3469 4583 3631 4654 paulo
3659 4590 3783 4651 post
3813 4598 3826 4633 :

2248 4693 2546 4749 Audiuimus
2563 4732 2580 4759 ,
2607 4690 2808 4760 inquit,
2831 4689 2940 4758 ejus
2960 4686 3171 4758 gloriam
3192 4698 3211 4746 ,°
3239 4680 3488 4737 Dominus
3507 4677 3831 4734 commenda-

2248 4789 2316 4842 uit
2337 4787 2467 4840 viam
2494 4784 2623 4856 ejus,
2655 4792 2699 4837 et
2719 4783 2827 4850 ipse
2854 4779 2988 4834 novit
3009 4779 3172 4833 locum
3195 4779 3322 4847 ejus.
3362 4772 3487 4845 Ipse
3523 4771 3658 4827 enim
3685 4783 3833 4824 autne

2249 4877 2384 4946 quod
2413 4884 2483 4931 est
2509 4875 2600 4930 sub
2627 4873 2750 4928 calo
2785 4869 3010 4944 perfecit,
3044 4878 3090 4923 et
3129 4870 3391 4938 not-iiquae
3428 4870 3544 4918 sunt
3584 4861 3640 4914 in
3675 4867 3828 4918 terra,

2249 4967 2420 5022 omnia
2444 4982 2555 5035 quae
2579 4965 2693 5034 fecit
2718 4980 2737 5020 :
2762 4972 3017 5016 uentorum
3041 4959 3333 5012 libramenta
3349 4997 3362 5019 ,
3399 4967 3546 5023 aqua:
3569 4964 3832 5003 mensuras

2250 5059 2452 5129 quando
2472 5057 2606 5127 fecit,
2628 5055 2756 5110 sicut
2800 5052 2925 5106 uidit
2974 5046 3274 5103 enumerabit
3332 5042 3469 5117 (Job.
3518 5055 3709 5104 sunt,
3745 5039 3830 5100 Η,

2249 5149 2477 5220 22-25).
2530 5146 2622 5203 His
2669 5155 2825 5215 atque
2861 5138 3161 5211 hujusmodi
3211 5132 3530 5192 testimoniis
3578 5131 3833 5200 probatur

2251 5241 2391 5314 quod
2419 5239 2534 5294 haec
2557 5236 2758 5304 omnia,
2788 5235 3092 5306 priusquam
3124 5231 3342 5293 tierent,
3369 5231 3522 5280 erant
3560 5223 3614 5276 in
3645 5221 3830 5275 notitia

2314 5375 2331 5407 ί
2357 5381 2488 5434 Lov.,
2515 5384 2572 5422 ac
2588 5368 2783 5435 perhoc
2804 5367 2857 5420 in
2877 5363 2962 5418 illo
2977 5368 3098 5435 erat.
3123 5359 3269 5434 istud,
3286 5357 3448 5435 in'illo
3461 5353 3833 5435 erattabestzaji

2250 5422 2600 5499 antiquioribus
2619 5432 2777 5499 editis,
2807 5439 2904 5499 Arn.
2930 5435 3005 5499 Er_.
3031 5433 3082 5475 et
3103 5437 3138 5493 δ’
3172 5422 3521 5499 εξηςεξείρτὶψ
3541 5425 3672 5477 stss.,
3696 5422 3834 5477 cujus

2249 5483 2556 5562 glossernatts
2572 5494 2689 5562 loco,
2699 5483 3097 5562 subaudiendum,
3190 5483 3496 5562 ἱζζρεςξξᾳξςςξ.

2312 5543 2825 5619 iVlitslsfciptimaenoue
2845 5560 2894 5601 et
2920 5543 3136 5619 plerique
3163 5560 3192 5619 :_
3207 5555 3260 5595 In
3281 5543 3364 5619 illo
3381 5543 3624 5619 vita-emt,
3641 5549 3834 5619 Tranio:

2252 5621 2317 5672 do
2338 5602 2807 5685 iﬁ'ﬁ'rtiz‘ciiii‘o'eiu;
2831 5602 2992 5676 neque
3019 5602 3218 5670 habent,
3244 5607 3388 5659 utsic
3421 5602 3719 5667 intelligatur
3741 5602 3833 5650 vita

2249 5689 2466 5794 mitius.
2497 5740 2697 5807 aliquot,
2731 5742 2915 5798 movet;
2947 5733 3046 5797 alii,
3089 5736 3246 5784 monet
3260 5743 3280 5796 ;
3317 5730 3482 5783 caeteri
3514 5740 3624 5779 cum
3670 5723 3832 5781 editis,

2247 5809 2422 5858 mmet.
