  <div class='ocr_page' id='page_1' title='image "/cluster/home/n/w/nwhite01/storage/ocr_20150623/34/hvd.32044015706310/172.png"; bbox 0 0 4090 6450; ppageno 0'>
   <div class='ocr_carea' id='block_1_1' title="bbox 299 279 404 338">
    <p class='ocr_par' dir='ltr' id='par_1_1' title="bbox 299 279 404 338">
     <span class='ocr_line' id='line_1_1' title="bbox 299 279 404 338; baseline -0.01 0"><span class='ocrx_word' id='word_1_1' title='bbox 299 279 404 338; x_wconf 75' lang='lat'><strong>335</strong></span> 
     </span>
    </p>
   </div>
   <div class='ocr_carea' id='block_1_2' title="bbox 296 382 1878 461">
    <p class='ocr_par' dir='ltr' id='par_1_2' title="bbox 296 382 1878 461">
     <span class='ocr_line' id='line_1_2' title="bbox 296 382 1878 461; baseline -0.004 -12"><span class='ocrx_word' id='word_1_2' title='bbox 296 393 564 449; x_wconf 78' lang='lat' dir='ltr'><strong>facientis.</strong></span> <span class='ocrx_word' id='word_1_3' title='bbox 619 392 687 457; x_wconf 84' lang='lat' dir='ltr'><strong>Et</strong></span> <span class='ocrx_word' id='word_1_4' title='bbox 738 390 919 461; x_wconf 89' lang='lat' dir='ltr'><strong>utique</strong></span> <span class='ocrx_word' id='word_1_5' title='bbox 962 386 1032 443; x_wconf 91' lang='lat' dir='ltr'><strong>ibi</strong></span> <span class='ocrx_word' id='word_1_6' title='bbox 1086 386 1325 455; x_wconf 79' lang='lat' dir='ltr'><strong>meliora,</strong></span> <span class='ocrx_word' id='word_1_7' title='bbox 1384 382 1473 443; x_wconf 87' lang='lat' dir='ltr'><strong>ubi</strong></span> <span class='ocrx_word' id='word_1_8' title='bbox 1513 386 1740 454; x_wconf 88' lang='lat' dir='ltr'><strong>veriora,</strong></span> <span class='ocrx_word' id='word_1_9' title='bbox 1789 387 1878 443; x_wconf 83' lang='lat' dir='ltr'><strong>ubi</strong></span> 
     </span>
    </p>
   </div>
   <div class='ocr_carea' id='block_1_3' title="bbox 296 468 1883 552">
    <p class='ocr_par' dir='ltr' id='par_1_3' title="bbox 296 468 1883 552">
     <span class='ocr_line' id='line_1_3' title="bbox 296 468 1883 552; baseline -0.004 -10"><span class='ocrx_word' id='word_1_10' title='bbox 296 497 502 543; x_wconf 70' lang='lat' dir='ltr'><strong>artema</strong></span> <span class='ocrx_word' id='word_1_11' title='bbox 526 468 1073 541; x_wconf 11' lang='lat' dir='ltr'><strong>etiincommutabilia.</strong></span> <span class='ocrx_word' id='word_1_12' title='bbox 1099 480 1407 552; x_wconf 83' lang='lat' dir='ltr'><strong>Quanquam</strong></span> <span class='ocrx_word' id='word_1_13' title='bbox 1431 481 1672 537; x_wconf 75' lang='lat' dir='ltr'><strong>sufﬁcere</strong></span> <span class='ocrx_word' id='word_1_14' title='bbox 1691 482 1883 545; x_wconf 79' lang='lat' dir='ltr'><strong>debeat</strong></span> 
     </span>
    </p>
   </div>
   <div class='ocr_carea' id='block_1_4' title="bbox 295 572 1879 648">
    <p class='ocr_par' dir='ltr' id='par_1_4' title="bbox 295 572 1879 648">
     <span class='ocr_line' id='line_1_4' title="bbox 295 572 1879 648; baseline -0.004 -15"><span class='ocrx_word' id='word_1_15' title='bbox 295 589 355 633; x_wconf 83' lang='lat' dir='ltr'><strong>ut</strong></span> <span class='ocrx_word' id='word_1_16' title='bbox 382 578 613 648; x_wconf 88' lang='lat' dir='ltr'><strong>quisque</strong></span> <span class='ocrx_word' id='word_1_17' title='bbox 640 576 866 641; x_wconf 88' lang='lat' dir='ltr'><strong>noverit,</strong></span> <span class='ocrx_word' id='word_1_18' title='bbox 896 574 977 627; x_wconf 90' lang='lat' dir='ltr'><strong>vel</strong></span> <span class='ocrx_word' id='word_1_19' title='bbox 1007 573 1320 628; x_wconf 77' lang='lat' dir='ltr'><strong>inconcusse</strong></span> <span class='ocrx_word' id='word_1_20' title='bbox 1357 572 1537 627; x_wconf 91' lang='lat' dir='ltr'><strong>credat</strong></span> <span class='ocrx_word' id='word_1_21' title='bbox 1567 572 1706 643; x_wconf 90' lang='lat' dir='ltr'><strong>quod</strong></span> <span class='ocrx_word' id='word_1_22' title='bbox 1742 573 1879 627; x_wconf 85' lang='lat' dir='ltr'><strong>Deus</strong></span> 
     </span>
    </p>
   </div>
   <div class='ocr_carea' id='block_1_5' title="bbox 295 664 1880 735">
    <p class='ocr_par' dir='ltr' id='par_1_5' title="bbox 295 664 1880 735">
     <span class='ocr_line' id='line_1_5' title="bbox 295 664 1880 735; baseline -0.003 -13"><span class='ocrx_word' id='word_1_23' title='bbox 295 668 413 723; x_wconf 70' lang='lat' dir='ltr'><strong>bare</strong></span> <span class='ocrx_word' id='word_1_24' title='bbox 445 667 626 722; x_wconf 86' lang='lat' dir='ltr'><strong>omnia</strong></span> <span class='ocrx_word' id='word_1_25' title='bbox 650 666 869 730; x_wconf 82' lang='lat' dir='ltr'><strong>iecerit;</strong></span> <span class='ocrx_word' id='word_1_26' title='bbox 894 679 998 719; x_wconf 92' lang='lat' dir='ltr'><strong>non</strong></span> <span class='ocrx_word' id='word_1_27' title='bbox 1034 664 1224 735; x_wconf 87' lang='lat' dir='ltr'><strong>opinor</strong></span> <span class='ocrx_word' id='word_1_28' title='bbox 1261 679 1382 719; x_wconf 89' lang='lat' dir='ltr'><strong>eum</strong></span> <span class='ocrx_word' id='word_1_29' title='bbox 1407 679 1527 719; x_wconf 88' lang='lat' dir='ltr'><strong>esse</strong></span> <span class='ocrx_word' id='word_1_30' title='bbox 1560 672 1664 718; x_wconf 90' lang='lat' dir='ltr'><strong>tam</strong></span> <span class='ocrx_word' id='word_1_31' title='bbox 1695 678 1880 719; x_wconf 80' lang='lat' dir='ltr'><strong>excor-</strong></span> 
     </span>
    </p>
   </div>
   <div class='ocr_carea' id='block_1_6' title="bbox 293 755 1876 828">
    <p class='ocr_par' dir='ltr' id='par_1_6' title="bbox 293 755 1876 828">
     <span class='ocr_line' id='line_1_6' title="bbox 293 755 1876 828; baseline -0.002 -15"><span class='ocrx_word' id='word_1_32' title='bbox 293 759 441 821; x_wconf 87' lang='lat' dir='ltr'><strong>dem,</strong></span> <span class='ocrx_word' id='word_1_33' title='bbox 476 764 536 813; x_wconf 81' lang='lat' dir='ltr'><strong>nt</strong></span> <span class='ocrx_word' id='word_1_34' title='bbox 574 758 740 813; x_wconf 90' lang='lat' dir='ltr'><strong>Deum</strong></span> <span class='ocrx_word' id='word_1_35' title='bbox 775 773 891 828; x_wconf 62' lang='lat' dir='ltr'><strong>quae</strong></span> <span class='ocrx_word' id='word_1_36' title='bbox 932 771 1036 811; x_wconf 88' lang='lat' dir='ltr'><strong>non</strong></span> <span class='ocrx_word' id='word_1_37' title='bbox 1075 765 1294 811; x_wconf 79' lang='lat' dir='ltr'><strong>noverat</strong></span> <span class='ocrx_word' id='word_1_38' title='bbox 1336 755 1524 810; x_wconf 80' lang='lat' dir='ltr'><strong>fecisse</strong></span> <span class='ocrx_word' id='word_1_39' title='bbox 1572 757 1876 811; x_wconf 76' lang='lat' dir='ltr'><strong>arbitretur.</strong></span> 
     </span>
    </p>
   </div>
   <div class='ocr_carea' id='block_1_7' title="bbox 294 845 1880 919">
    <p class='ocr_par' dir='ltr' id='par_1_7' title="bbox 294 845 1880 919">
     <span class='ocr_line' id='line_1_7' title="bbox 294 845 1880 919; baseline -0.001 -16"><span class='ocrx_word' id='word_1_40' title='bbox 294 848 487 910; x_wconf 77' lang='lat' dir='ltr'><strong>Porro,</strong></span> <span class='ocrx_word' id='word_1_41' title='bbox 513 848 558 902; x_wconf 92' lang='lat' dir='ltr'><strong>si</strong></span> <span class='ocrx_word' id='word_1_42' title='bbox 586 858 805 902; x_wconf 78' lang='lat' dir='ltr'><strong>noverat</strong></span> <span class='ocrx_word' id='word_1_43' title='bbox 824 862 891 902; x_wconf 91' lang='lat' dir='ltr'><strong>ea</strong></span> <span class='ocrx_word' id='word_1_44' title='bbox 915 889 929 913; x_wconf 93' lang='lat'><strong>,</strong></span> <span class='ocrx_word' id='word_1_45' title='bbox 958 848 1261 919; x_wconf 74' lang='lat' dir='ltr'><strong>priusquam</strong></span> <span class='ocrx_word' id='word_1_46' title='bbox 1290 845 1487 901; x_wconf 89' lang='lat' dir='ltr'><strong>faceret</strong></span> <span class='ocrx_word' id='word_1_47' title='bbox 1513 861 1575 901; x_wconf 87' lang='lat' dir='ltr'><strong>ea</strong></span> <span class='ocrx_word' id='word_1_48' title='bbox 1599 863 1613 912; x_wconf 93' lang='lat'><strong>;</strong></span> <span class='ocrx_word' id='word_1_49' title='bbox 1644 848 1880 916; x_wconf 85' lang='lat' dir='ltr'><strong>profecto</strong></span> 
     </span>
    </p>
   </div>
   <div class='ocr_carea' id='block_1_8' title="bbox 292 938 1875 1011">
    <p class='ocr_par' dir='ltr' id='par_1_8' title="bbox 292 938 1875 1011">
     <span class='ocr_line' id='line_1_8' title="bbox 292 938 1875 1011; baseline -0.001 -17"><span class='ocrx_word' id='word_1_50' title='bbox 292 942 608 1011; x_wconf 82' lang='lat' dir='ltr'><strong>priusquam</strong></span> <span class='ocrx_word' id='word_1_51' title='bbox 636 940 844 1003; x_wconf 83' lang='lat' dir='ltr'><strong>tierent,</strong></span> <span class='ocrx_word' id='word_1_52' title='bbox 874 939 1012 1008; x_wconf 90' lang='lat' dir='ltr'><strong>apud</strong></span> <span class='ocrx_word' id='word_1_53' title='bbox 1040 939 1186 993; x_wconf 89' lang='lat' dir='ltr'><strong>illum</strong></span> <span class='ocrx_word' id='word_1_54' title='bbox 1230 948 1379 993; x_wconf 89' lang='lat' dir='ltr'><strong>erant</strong></span> <span class='ocrx_word' id='word_1_55' title='bbox 1424 954 1487 993; x_wconf 90' lang='lat' dir='ltr'><strong>eo</strong></span> <span class='ocrx_word' id='word_1_56' title='bbox 1533 938 1691 993; x_wconf 87' lang='lat' dir='ltr'><strong>modo</strong></span> <span class='ocrx_word' id='word_1_57' title='bbox 1732 950 1875 1006; x_wconf 91' lang='lat' dir='ltr'><strong>nota,</strong></span> 
     </span>
    </p>
   </div>
   <div class='ocr_carea' id='block_1_9' title="bbox 292 1028 1878 1100">
    <p class='ocr_par' dir='ltr' id='par_1_9' title="bbox 292 1028 1878 1100">
     <span class='ocr_line' id='line_1_9' title="bbox 292 1028 1878 1100; baseline -0.001 -16"><span class='ocrx_word' id='word_1_58' title='bbox 292 1046 399 1100; x_wconf 87' lang='lat' dir='ltr'><strong>quo</strong></span> <span class='ocrx_word' id='word_1_59' title='bbox 422 1031 749 1098; x_wconf 89' lang='lat' dir='ltr'><strong>sempiterne</strong></span> <span class='ocrx_word' id='word_1_60' title='bbox 771 1039 930 1100; x_wconf 88' lang='lat' dir='ltr'><strong>atque</strong></span> <span class='ocrx_word' id='word_1_61' title='bbox 944 1028 1448 1083; x_wconf 88' lang='lat' dir='ltr'><strong>incommutabiliter</strong></span> <span class='ocrx_word' id='word_1_62' title='bbox 1469 1031 1669 1093; x_wconf 90' lang='lat' dir='ltr'><strong>vivunt,</strong></span> <span class='ocrx_word' id='word_1_63' title='bbox 1698 1038 1752 1083; x_wconf 92' lang='lat' dir='ltr'><strong>et</strong></span> <span class='ocrx_word' id='word_1_64' title='bbox 1776 1029 1878 1083; x_wconf 86' lang='lat' dir='ltr'><strong>vita</strong></span> 
     </span>
    </p>
   </div>
   <div class='ocr_carea' id='block_1_10' title="bbox 292 1118 1879 1190">
    <p class='ocr_par' dir='ltr' id='par_1_10' title="bbox 292 1118 1879 1190">
     <span class='ocr_line' id='line_1_10' title="bbox 292 1118 1879 1190; baseline -0.001 -14"><span class='ocrx_word' id='word_1_65' title='bbox 292 1130 419 1176; x_wconf 84' lang='lat' dir='ltr'><strong>sunt</strong></span> <span class='ocrx_word' id='word_1_66' title='bbox 449 1139 463 1173; x_wconf 93' lang='lat'><strong>:</strong></span> <span class='ocrx_word' id='word_1_67' title='bbox 494 1123 630 1175; x_wconf 87' lang='lat' dir='ltr'><strong>facta</strong></span> <span class='ocrx_word' id='word_1_68' title='bbox 660 1128 837 1175; x_wconf 85' lang='lat' dir='ltr'><strong>autem</strong></span> <span class='ocrx_word' id='word_1_69' title='bbox 862 1136 926 1174; x_wconf 91' lang='lat' dir='ltr'><strong>eo</strong></span> <span class='ocrx_word' id='word_1_70' title='bbox 953 1118 1131 1185; x_wconf 85' lang='lat' dir='ltr'><strong>modo,</strong></span> <span class='ocrx_word' id='word_1_71' title='bbox 1159 1134 1263 1189; x_wconf 92' lang='lat' dir='ltr'><strong>quo</strong></span> <span class='ocrx_word' id='word_1_72' title='bbox 1290 1133 1615 1190; x_wconf 71' lang='lat' dir='ltr'><strong>unaqumque</strong></span> <span class='ocrx_word' id='word_1_73' title='bbox 1638 1131 1879 1175; x_wconf 85' lang='lat' dir='ltr'><strong>creatura</strong></span> 
     </span>
    </p>
   </div>
   <div class='ocr_carea' id='block_1_11' title="bbox 294 1216 827 1283">
    <p class='ocr_par' dir='ltr' id='par_1_11' title="bbox 294 1216 827 1283">
     <span class='ocr_line' id='line_1_11' title="bbox 294 1216 827 1283; baseline -0.002 -17"><span class='ocrx_word' id='word_1_74' title='bbox 294 1216 345 1266; x_wconf 90' lang='lat' dir='ltr'><strong>In</strong></span> <span class='ocrx_word' id='word_1_75' title='bbox 367 1226 572 1283; x_wconf 84' lang='lat' dir='ltr'><strong>genere</strong></span> <span class='ocrx_word' id='word_1_76' title='bbox 596 1226 695 1267; x_wconf 91' lang='lat' dir='ltr'><strong>suo</strong></span> <span class='ocrx_word' id='word_1_77' title='bbox 723 1218 827 1267; x_wconf 90' lang='lat' dir='ltr'><strong>est.</strong></span> 
     </span>
    </p>
   </div>
   <div class='ocr_carea' id='block_1_12' title="bbox 289 1301 1879 1375">
    <p class='ocr_par' dir='ltr' id='par_1_12' title="bbox 289 1301 1879 1375">
     <span class='ocr_line' id='line_1_12' title="bbox 289 1301 1879 1375; baseline -0.002 -16"><span class='ocrx_word' id='word_1_78' title='bbox 289 1301 521 1360; x_wconf 76' lang='lat' dir='ltr'><strong>CAPUT</strong></span> <span class='ocrx_word' id='word_1_79' title='bbox 542 1301 683 1358; x_wconf 80' lang='lat' dir='ltr'><strong>XVI.</strong></span> <span class='ocrx_word' id='word_1_80' title='bbox 717 1332 790 1344; x_wconf 92' lang='lat'><strong><em>—</em></strong></span> <span class='ocrx_word' id='word_1_81' title='bbox 827 1301 989 1358; x_wconf 70' lang='lat' dir='ltr'><strong>Deum</strong></span> <span class='ocrx_word' id='word_1_82' title='bbox 1009 1301 1209 1375; x_wconf 83' lang='lat' dir='ltr'><strong>facilius</strong></span> <span class='ocrx_word' id='word_1_83' title='bbox 1231 1310 1392 1357; x_wconf 83' lang='lat' dir='ltr'><strong>mente</strong></span> <span class='ocrx_word' id='word_1_84' title='bbox 1411 1301 1711 1373; x_wconf 79' lang='lat' dir='ltr'><strong>percipiums</strong></span> <span class='ocrx_word' id='word_1_85' title='bbox 1730 1318 1879 1373; x_wconf 82' lang='lat' dir='ltr'><strong>quam</strong></span> 
     </span>
    </p>
   </div>
   <div class='ocr_carea' id='block_1_13' title="bbox 950 1403 1224 1448">
    <p class='ocr_par' dir='ltr' id='par_1_13' title="bbox 950 1403 1224 1448">
     <span class='ocr_line' id='line_1_13' title="bbox 950 1403 1224 1448; baseline -0.007 0"><span class='ocrx_word' id='word_1_86' title='bbox 950 1403 1224 1448; x_wconf 79' lang='lat' dir='ltr'><strong>creaturas.</strong></span> 
     </span>
    </p>
   </div>
   <div class='ocr_carea' id='block_1_14' title="bbox 362 1486 1880 1559">
    <p class='ocr_par' dir='ltr' id='par_1_14' title="bbox 362 1486 1880 1559">
     <span class='ocr_line' id='line_1_14' title="bbox 362 1486 1880 1559; baseline -0.001 -16"><span class='ocrx_word' id='word_1_87' title='bbox 362 1489 453 1543; x_wconf 60' lang='grc'><strong>58.</strong></span> <span class='ocrx_word' id='word_1_88' title='bbox 496 1488 754 1556; x_wconf 78' lang='lat' dir='ltr'><strong>Quamvis</strong></span> <span class='ocrx_word' id='word_1_89' title='bbox 776 1502 904 1559; x_wconf 88' lang='lat' dir='ltr'><strong>ergo</strong></span> <span class='ocrx_word' id='word_1_90' title='bbox 952 1488 1038 1542; x_wconf 85' lang='lat' dir='ltr'><strong>illa</strong></span> <span class='ocrx_word' id='word_1_91' title='bbox 1082 1497 1281 1543; x_wconf 75' lang='lat' dir='ltr'><strong>:eterua</strong></span> <span class='ocrx_word' id='word_1_92' title='bbox 1326 1486 1880 1557; x_wconf 88' lang='lat' dir='ltr'><strong>incommutabilisque</strong></span> 
     </span>
    </p>
   </div>
   <div class='ocr_carea' id='block_1_15' title="bbox 290 1576 1878 1650">
    <p class='ocr_par' dir='ltr' id='par_1_15' title="bbox 290 1576 1878 1650">
     <span class='ocr_line' id='line_1_15' title="bbox 290 1576 1878 1650; baseline -0.001 -17"><span class='ocrx_word' id='word_1_93' title='bbox 290 1589 507 1645; x_wconf 83' lang='lat' dir='ltr'><strong>natura,</strong></span> <span class='ocrx_word' id='word_1_94' title='bbox 545 1579 685 1650; x_wconf 91' lang='lat' dir='ltr'><strong>quod</strong></span> <span class='ocrx_word' id='word_1_95' title='bbox 707 1580 845 1633; x_wconf 86' lang='lat' dir='ltr'><strong>Deus</strong></span> <span class='ocrx_word' id='word_1_96' title='bbox 869 1587 969 1643; x_wconf 89' lang='lat' dir='ltr'><strong>est,</strong></span> <span class='ocrx_word' id='word_1_97' title='bbox 994 1577 1192 1633; x_wconf 81' lang='lat' dir='ltr'><strong>habens</strong></span> <span class='ocrx_word' id='word_1_98' title='bbox 1222 1577 1271 1631; x_wconf 92' lang='lat' dir='ltr'><strong>in</strong></span> <span class='ocrx_word' id='word_1_99' title='bbox 1300 1592 1356 1631; x_wconf 92' lang='lat' dir='ltr'><strong>se</strong></span> <span class='ocrx_word' id='word_1_100' title='bbox 1376 1587 1431 1631; x_wconf 92' lang='lat' dir='ltr'><strong>ut</strong></span> <span class='ocrx_word' id='word_1_101' title='bbox 1451 1578 1539 1644; x_wconf 92' lang='lat' dir='ltr'><strong>sit,</strong></span> <span class='ocrx_word' id='word_1_102' title='bbox 1559 1578 1694 1631; x_wconf 83' lang='lat' dir='ltr'><strong>sicut</strong></span> <span class='ocrx_word' id='word_1_103' title='bbox 1712 1576 1878 1649; x_wconf 80' lang='lat' dir='ltr'><strong>Moysi</strong></span> 
     </span>
    </p>
   </div>
   <div class='ocr_carea' id='block_1_16' title="bbox 288 1668 1880 1742">
    <p class='ocr_par' dir='ltr' id='par_1_16' title="bbox 288 1668 1880 1742">
     <span class='ocr_line' id='line_1_16' title="bbox 288 1668 1880 1742; baseline -0.001 -17"><span class='ocrx_word' id='word_1_104' title='bbox 288 1672 495 1726; x_wconf 86' lang='lat' dir='ltr'><strong>dictum</strong></span> <span class='ocrx_word' id='word_1_105' title='bbox 534 1679 638 1734; x_wconf 91' lang='lat' dir='ltr'><strong>est,</strong></span> <span class='ocrx_word' id='word_1_106' title='bbox 681 1670 791 1742; x_wconf 79' lang='lat' dir='ltr'><strong>Ego</strong></span> <span class='ocrx_word' id='word_1_107' title='bbox 826 1686 937 1724; x_wconf 77' lang='lat' dir='ltr'><strong>sum</strong></span> <span class='ocrx_word' id='word_1_108' title='bbox 977 1670 1063 1740; x_wconf 86' lang='lat' dir='ltr'><strong>qui</strong></span> <span class='ocrx_word' id='word_1_109' title='bbox 1095 1685 1205 1723; x_wconf 86' lang='lat' dir='ltr'><strong>sum</strong></span> <span class='ocrx_word' id='word_1_110' title='bbox 1238 1668 1428 1741; x_wconf 74' lang='lat' dir='ltr'><strong>(Exod.</strong></span> <span class='ocrx_word' id='word_1_111' title='bbox 1460 1685 1534 1733; x_wconf 89' lang='lat' dir='ltr'><strong>III,</strong></span> <span class='ocrx_word' id='word_1_112' title='bbox 1568 1668 1699 1740; x_wconf 71' lang='lat' dir='ltr'><strong>I4);</strong></span> <span class='ocrx_word' id='word_1_113' title='bbox 1727 1668 1880 1739; x_wconf 85' lang='lat' dir='ltr'><strong>longe</strong></span> 
     </span>
    </p>
   </div>
   <div class='ocr_carea' id='block_1_17' title="bbox 293 1760 1877 1831">
    <p class='ocr_par' dir='ltr' id='par_1_17' title="bbox 293 1760 1877 1831">
     <span class='ocr_line' id='line_1_17' title="bbox 293 1760 1877 1831; baseline -0.001 -16"><span class='ocrx_word' id='word_1_114' title='bbox 293 1763 502 1816; x_wconf 84' lang='lat' dir='ltr'><strong>scilicet</strong></span> <span class='ocrx_word' id='word_1_115' title='bbox 527 1762 683 1817; x_wconf 82' lang='lat' dir='ltr'><strong>aliter</strong></span> <span class='ocrx_word' id='word_1_116' title='bbox 706 1777 863 1831; x_wconf 88' lang='lat' dir='ltr'><strong>quam</strong></span> <span class='ocrx_word' id='word_1_117' title='bbox 886 1770 1006 1815; x_wconf 85' lang='lat' dir='ltr'><strong>sunt</strong></span> <span class='ocrx_word' id='word_1_118' title='bbox 1031 1760 1126 1814; x_wconf 89' lang='lat' dir='ltr'><strong>ista</strong></span> <span class='ocrx_word' id='word_1_119' title='bbox 1146 1776 1262 1830; x_wconf 68' lang='lat' dir='ltr'><strong>qum.</strong></span> <span class='ocrx_word' id='word_1_120' title='bbox 1283 1760 1417 1814; x_wconf 89' lang='lat' dir='ltr'><strong>facta</strong></span> <span class='ocrx_word' id='word_1_121' title='bbox 1436 1769 1560 1814; x_wconf 90' lang='lat' dir='ltr'><strong>sunt</strong></span> <span class='ocrx_word' id='word_1_122' title='bbox 1587 1777 1600 1813; x_wconf 90' lang='lat'><strong>:</strong></span> <span class='ocrx_word' id='word_1_123' title='bbox 1631 1761 1877 1830; x_wconf 89' lang='lat' dir='ltr'><strong>quoniam</strong></span> 
     </span>
    </p>
   </div>
   <div class='ocr_carea' id='block_1_18' title="bbox 292 1850 1881 1923">
    <p class='ocr_par' dir='ltr' id='par_1_18' title="bbox 292 1850 1881 1923">
     <span class='ocr_line' id='line_1_18' title="bbox 292 1850 1881 1923; baseline -0.002 -15"><span class='ocrx_word' id='word_1_124' title='bbox 292 1853 425 1908; x_wconf 82' lang='lat' dir='ltr'><strong>illud</strong></span> <span class='ocrx_word' id='word_1_125' title='bbox 450 1869 580 1908; x_wconf 90' lang='lat' dir='ltr'><strong>vere</strong></span> <span class='ocrx_word' id='word_1_126' title='bbox 609 1868 672 1908; x_wconf 90' lang='lat' dir='ltr'><strong>ac</strong></span> <span class='ocrx_word' id='word_1_127' title='bbox 698 1852 940 1923; x_wconf 85' lang='lat' dir='ltr'><strong>primitus</strong></span> <span class='ocrx_word' id='word_1_128' title='bbox 965 1859 1083 1917; x_wconf 90' lang='lat' dir='ltr'><strong>est,</strong></span> <span class='ocrx_word' id='word_1_129' title='bbox 1114 1850 1255 1922; x_wconf 92' lang='lat' dir='ltr'><strong>quod</strong></span> <span class='ocrx_word' id='word_1_130' title='bbox 1280 1854 1467 1906; x_wconf 92' lang='lat' dir='ltr'><strong>eodem</strong></span> <span class='ocrx_word' id='word_1_131' title='bbox 1494 1850 1651 1906; x_wconf 89' lang='lat' dir='ltr'><strong>modo</strong></span> <span class='ocrx_word' id='word_1_132' title='bbox 1671 1866 1881 1920; x_wconf 87' lang='lat' dir='ltr'><strong>semper</strong></span> 
     </span>
    </p>
   </div>
   <div class='ocr_carea' id='block_1_19' title="bbox 290 1941 1879 2010">
    <p class='ocr_par' dir='ltr' id='par_1_19' title="bbox 290 1941 1879 2010">
     <span class='ocr_line' id='line_1_19' title="bbox 290 1941 1879 2010; baseline -0.001 -11"><span class='ocrx_word' id='word_1_133' title='bbox 290 1952 405 2010; x_wconf 88' lang='lat' dir='ltr'><strong>est,</strong></span> <span class='ocrx_word' id='word_1_134' title='bbox 461 1959 567 2000; x_wconf 91' lang='lat' dir='ltr'><strong>nec</strong></span> <span class='ocrx_word' id='word_1_135' title='bbox 612 1944 784 1998; x_wconf 91' lang='lat' dir='ltr'><strong>solum</strong></span> <span class='ocrx_word' id='word_1_136' title='bbox 833 1959 938 1997; x_wconf 90' lang='lat' dir='ltr'><strong>non</strong></span> <span class='ocrx_word' id='word_1_137' title='bbox 990 1951 1379 2008; x_wconf 87' lang='lat' dir='ltr'><strong>commutatur,</strong></span> <span class='ocrx_word' id='word_1_138' title='bbox 1426 1941 1521 1997; x_wconf 87' lang='lat' dir='ltr'><strong>sed</strong></span> <span class='ocrx_word' id='word_1_139' title='bbox 1567 1944 1879 1998; x_wconf 87' lang='lat' dir='ltr'><strong>commutari</strong></span> 
     </span>
    </p>
   </div>
   <div class='ocr_carea' id='block_1_20' title="bbox 291 2033 1877 2105">
    <p class='ocr_par' dir='ltr' id='par_1_20' title="bbox 291 2033 1877 2105">
     <span class='ocr_line' id='line_1_20' title="bbox 291 2033 1877 2105; baseline -0.001 -14"><span class='ocrx_word' id='word_1_140' title='bbox 291 2038 515 2091; x_wconf 88' lang='lat' dir='ltr'><strong>omnino</strong></span> <span class='ocrx_word' id='word_1_141' title='bbox 541 2052 648 2091; x_wconf 93' lang='lat' dir='ltr'><strong>non</strong></span> <span class='ocrx_word' id='word_1_142' title='bbox 677 2043 885 2105; x_wconf 87' lang='lat' dir='ltr'><strong>potest;</strong></span> <span class='ocrx_word' id='word_1_143' title='bbox 915 2034 1046 2089; x_wconf 88' lang='lat' dir='ltr'><strong>nihil</strong></span> <span class='ocrx_word' id='word_1_144' title='bbox 1084 2033 1270 2089; x_wconf 93' lang='lat' dir='ltr'><strong>horum</strong></span> <span class='ocrx_word' id='word_1_145' title='bbox 1309 2049 1427 2105; x_wconf 65' lang='lat' dir='ltr'><strong>qua:</strong></span> <span class='ocrx_word' id='word_1_146' title='bbox 1461 2034 1585 2089; x_wconf 81' lang='lat' dir='ltr'><strong>fecit</strong></span> <span class='ocrx_word' id='word_1_147' title='bbox 1611 2035 1877 2103; x_wconf 81' lang='lat' dir='ltr'><strong>existens,</strong></span> 
     </span>
    </p>
   </div>
   <div class='ocr_carea' id='block_1_21' title="bbox 289 2126 1878 2199">
    <p class='ocr_par' dir='ltr' id='par_1_21' title="bbox 289 2126 1878 2199">
     <span class='ocr_line' id='line_1_21' title="bbox 289 2126 1878 2199; baseline -0.004 -13"><span class='ocrx_word' id='word_1_148' title='bbox 289 2142 343 2186; x_wconf 90' lang='lat' dir='ltr'><strong>et</strong></span> <span class='ocrx_word' id='word_1_149' title='bbox 374 2132 559 2186; x_wconf 86' lang='lat' dir='ltr'><strong>omnia</strong></span> <span class='ocrx_word' id='word_1_150' title='bbox 587 2130 831 2199; x_wconf 90' lang='lat' dir='ltr'><strong>primitus</strong></span> <span class='ocrx_word' id='word_1_151' title='bbox 856 2128 1080 2193; x_wconf 82' lang='lat' dir='ltr'><strong>habens,</strong></span> <span class='ocrx_word' id='word_1_152' title='bbox 1103 2126 1243 2182; x_wconf 82' lang='lat' dir='ltr'><strong>sicut</strong></span> <span class='ocrx_word' id='word_1_153' title='bbox 1263 2127 1375 2195; x_wconf 91' lang='lat' dir='ltr'><strong>ipse</strong></span> <span class='ocrx_word' id='word_1_154' title='bbox 1397 2134 1484 2182; x_wconf 90' lang='lat' dir='ltr'><strong>est</strong></span> <span class='ocrx_word' id='word_1_155' title='bbox 1512 2144 1527 2183; x_wconf 86' lang='lat'><strong>:</strong></span> <span class='ocrx_word' id='word_1_156' title='bbox 1552 2142 1721 2197; x_wconf 90' lang='lat' dir='ltr'><strong>neque</strong></span> <span class='ocrx_word' id='word_1_157' title='bbox 1734 2127 1878 2184; x_wconf 90' lang='lat' dir='ltr'><strong>enim</strong></span> 
     </span>
    </p>
   </div>
   <div class='ocr_carea' id='block_1_22' title="bbox 293 2210 1883 2281">
    <p class='ocr_par' dir='ltr' id='par_1_22' title="bbox 293 2210 1883 2281">
     <span class='ocr_line' id='line_1_22' title="bbox 293 2210 1883 2281; baseline -0.002 -12"><span class='ocrx_word' id='word_1_158' title='bbox 293 2230 351 2269; x_wconf 75' lang='lat' dir='ltr'><strong>ea</strong></span> <span class='ocrx_word' id='word_1_159' title='bbox 405 2213 638 2279; x_wconf 91' lang='lat' dir='ltr'><strong>faceret,</strong></span> <span class='ocrx_word' id='word_1_160' title='bbox 686 2213 788 2267; x_wconf 91' lang='lat' dir='ltr'><strong>nisi</strong></span> <span class='ocrx_word' id='word_1_161' title='bbox 831 2227 894 2267; x_wconf 90' lang='lat' dir='ltr'><strong>ea</strong></span> <span class='ocrx_word' id='word_1_162' title='bbox 945 2220 1129 2267; x_wconf 88' lang='lat' dir='ltr'><strong>nosset</strong></span> <span class='ocrx_word' id='word_1_163' title='bbox 1174 2219 1460 2281; x_wconf 87' lang='lat' dir='ltr'><strong>antequam</strong></span> <span class='ocrx_word' id='word_1_164' title='bbox 1503 2210 1733 2276; x_wconf 88' lang='lat' dir='ltr'><strong>faceret;</strong></span> <span class='ocrx_word' id='word_1_165' title='bbox 1782 2226 1883 2266; x_wconf 90' lang='lat' dir='ltr'><strong>nec</strong></span> 
     </span>
    </p>
   </div>
   <div class='ocr_carea' id='block_1_23' title="bbox 291 2299 1884 2369">
    <p class='ocr_par' dir='ltr' id='par_1_23' title="bbox 291 2299 1884 2369">
     <span class='ocr_line' id='line_1_23' title="bbox 291 2299 1884 2369; baseline -0.002 -10"><span class='ocrx_word' id='word_1_166' title='bbox 291 2313 495 2369; x_wconf 88' lang='lat' dir='ltr'><strong>nosset,</strong></span> <span class='ocrx_word' id='word_1_167' title='bbox 517 2304 621 2358; x_wconf 91' lang='lat' dir='ltr'><strong>nisi</strong></span> <span class='ocrx_word' id='word_1_168' title='bbox 670 2301 902 2367; x_wconf 79' lang='lat' dir='ltr'><strong>videret;</strong></span> <span class='ocrx_word' id='word_1_169' title='bbox 935 2317 1033 2357; x_wconf 90' lang='lat' dir='ltr'><strong>nec</strong></span> <span class='ocrx_word' id='word_1_170' title='bbox 1065 2300 1290 2367; x_wconf 81' lang='lat' dir='ltr'><strong>videret,</strong></span> <span class='ocrx_word' id='word_1_171' title='bbox 1338 2302 1437 2355; x_wconf 89' lang='lat' dir='ltr'><strong>nisi</strong></span> <span class='ocrx_word' id='word_1_172' title='bbox 1478 2299 1731 2366; x_wconf 79' lang='lat' dir='ltr'><strong>haberet;</strong></span> <span class='ocrx_word' id='word_1_173' title='bbox 1782 2316 1884 2357; x_wconf 90' lang='lat' dir='ltr'><strong>nec</strong></span> 
     </span>
    </p>
   </div>
   <div class='ocr_carea' id='block_1_24' title="bbox 294 2391 1884 2464">
    <p class='ocr_par' dir='ltr' id='par_1_24' title="bbox 294 2391 1884 2464">
     <span class='ocr_line' id='line_1_24' title="bbox 294 2391 1884 2464; baseline -0.001 -15"><span class='ocrx_word' id='word_1_174' title='bbox 294 2395 519 2449; x_wconf 84' lang='lat' dir='ltr'><strong>haberet</strong></span> <span class='ocrx_word' id='word_1_175' title='bbox 545 2410 606 2449; x_wconf 87' lang='lat' dir='ltr'><strong>ea</strong></span> <span class='ocrx_word' id='word_1_176' title='bbox 632 2410 750 2464; x_wconf 63' lang='lat' dir='ltr'><strong>qua:</strong></span> <span class='ocrx_word' id='word_1_177' title='bbox 778 2392 1010 2447; x_wconf 88' lang='lat' dir='ltr'><strong>nondum</strong></span> <span class='ocrx_word' id='word_1_178' title='bbox 1034 2391 1165 2446; x_wconf 87' lang='lat' dir='ltr'><strong>facta</strong></span> <span class='ocrx_word' id='word_1_179' title='bbox 1196 2401 1351 2447; x_wconf 87' lang='lat' dir='ltr'><strong>erant</strong></span> <span class='ocrx_word' id='word_1_180' title='bbox 1368 2433 1384 2458; x_wconf 95' lang='lat'><strong>,</strong></span> <span class='ocrx_word' id='word_1_181' title='bbox 1413 2391 1513 2446; x_wconf 83' lang='lat' dir='ltr'><strong>nisi</strong></span> <span class='ocrx_word' id='word_1_182' title='bbox 1538 2391 1884 2461; x_wconf 79' lang='lat' dir='ltr'><strong>quemadmo-</strong></span> 
     </span>
    </p>
   </div>
   <div class='ocr_carea' id='block_1_25' title="bbox 290 2481 1882 2554">
    <p class='ocr_par' dir='ltr' id='par_1_25' title="bbox 290 2481 1882 2554">
     <span class='ocr_line' id='line_1_25' title="bbox 290 2481 1882 2554; baseline -0.002 -14"><span class='ocrx_word' id='word_1_183' title='bbox 290 2487 416 2540; x_wconf 86' lang='lat' dir='ltr'><strong>dum</strong></span> <span class='ocrx_word' id='word_1_184' title='bbox 448 2495 533 2540; x_wconf 88' lang='lat' dir='ltr'><strong>est</strong></span> <span class='ocrx_word' id='word_1_185' title='bbox 553 2486 665 2554; x_wconf 90' lang='lat' dir='ltr'><strong>ipse</strong></span> <span class='ocrx_word' id='word_1_186' title='bbox 692 2500 797 2537; x_wconf 85' lang='lat' dir='ltr'><strong>non</strong></span> <span class='ocrx_word' id='word_1_187' title='bbox 821 2484 986 2538; x_wconf 88' lang='lat' dir='ltr'><strong>factus</strong></span> <span class='ocrx_word' id='word_1_188' title='bbox 1015 2500 1030 2537; x_wconf 90' lang='lat'><strong>:</strong></span> <span class='ocrx_word' id='word_1_189' title='bbox 1057 2482 1331 2553; x_wconf 84' lang='lat' dir='ltr'><strong>quamvis,</strong></span> <span class='ocrx_word' id='word_1_190' title='bbox 1356 2482 1590 2552; x_wconf 88' lang='lat' dir='ltr'><strong>inquam,</strong></span> <span class='ocrx_word' id='word_1_191' title='bbox 1634 2481 1723 2536; x_wconf 91' lang='lat' dir='ltr'><strong>illa</strong></span> <span class='ocrx_word' id='word_1_192' title='bbox 1746 2482 1882 2537; x_wconf 77' lang='lat' dir='ltr'><strong>sub~</strong></span> 
     </span>
    </p>
   </div>
   <div class='ocr_carea' id='block_1_26' title="bbox 290 2572 1881 2643">
    <p class='ocr_par' dir='ltr' id='par_1_26' title="bbox 290 2572 1881 2643">
     <span class='ocr_line' id='line_1_26' title="bbox 290 2572 1881 2643; baseline -0.002 -12"><span class='ocrx_word' id='word_1_193' title='bbox 290 2577 483 2631; x_wconf 85' lang='lat' dir='ltr'><strong>stantia</strong></span> <span class='ocrx_word' id='word_1_194' title='bbox 532 2576 814 2631; x_wconf 77' lang='lat' dir='ltr'><strong>ineﬂ&#39;abilis</strong></span> <span class='ocrx_word' id='word_1_195' title='bbox 851 2576 938 2641; x_wconf 89' lang='lat' dir='ltr'><strong>sit,</strong></span> <span class='ocrx_word' id='word_1_196' title='bbox 968 2590 1066 2629; x_wconf 92' lang='lat' dir='ltr'><strong>nec</strong></span> <span class='ocrx_word' id='word_1_197' title='bbox 1104 2573 1208 2627; x_wconf 89' lang='lat' dir='ltr'><strong>dici</strong></span> <span class='ocrx_word' id='word_1_198' title='bbox 1247 2581 1531 2643; x_wconf 84' lang='lat' dir='ltr'><strong>utcumque</strong></span> <span class='ocrx_word' id='word_1_199' title='bbox 1560 2572 1760 2627; x_wconf 88' lang='lat' dir='ltr'><strong>homini</strong></span> <span class='ocrx_word' id='word_1_200' title='bbox 1787 2587 1881 2643; x_wconf 89' lang='lat' dir='ltr'><strong>per</strong></span> 
     </span>
    </p>
   </div>
   <div class='ocr_carea' id='block_1_27' title="bbox 288 2664 1883 2738">
    <p class='ocr_par' dir='ltr' id='par_1_27' title="bbox 288 2664 1883 2738">
     <span class='ocr_line' id='line_1_27' title="bbox 288 2664 1883 2738; baseline -0.003 -15"><span class='ocrx_word' id='word_1_201' title='bbox 288 2668 566 2723; x_wconf 79' lang='lat' dir='ltr'><strong>hominem</strong></span> <span class='ocrx_word' id='word_1_202' title='bbox 596 2668 784 2738; x_wconf 83' lang='lat' dir='ltr'><strong>possit,</strong></span> <span class='ocrx_word' id='word_1_203' title='bbox 820 2667 925 2720; x_wconf 86' lang='lat' dir='ltr'><strong>nisi</strong></span> <span class='ocrx_word' id='word_1_204' title='bbox 970 2666 1236 2736; x_wconf 88' lang='lat' dir='ltr'><strong>usurpatis</strong></span> <span class='ocrx_word' id='word_1_205' title='bbox 1286 2664 1595 2735; x_wconf 89' lang='lat' dir='ltr'><strong>quibusdam</strong></span> <span class='ocrx_word' id='word_1_206' title='bbox 1646 2664 1883 2719; x_wconf 83' lang='lat' dir='ltr'><strong>locorum</strong></span> 
     </span>
    </p>
   </div>
   <div class='ocr_carea' id='block_1_28' title="bbox 293 2756 1885 2830">
    <p class='ocr_par' dir='ltr' id='par_1_28' title="bbox 293 2756 1885 2830">
     <span class='ocr_line' id='line_1_28' title="bbox 293 2756 1885 2830; baseline -0.003 -16"><span class='ocrx_word' id='word_1_207' title='bbox 293 2775 354 2814; x_wconf 84' lang='lat' dir='ltr'><strong>ac</strong></span> <span class='ocrx_word' id='word_1_208' title='bbox 385 2770 689 2830; x_wconf 89' lang='lat' dir='ltr'><strong>temporum</strong></span> <span class='ocrx_word' id='word_1_209' title='bbox 710 2757 888 2812; x_wconf 86' lang='lat' dir='ltr'><strong>verbis</strong></span> <span class='ocrx_word' id='word_1_210' title='bbox 907 2799 921 2822; x_wconf 94' lang='lat'><strong>,</strong></span> <span class='ocrx_word' id='word_1_211' title='bbox 946 2773 1069 2811; x_wconf 88' lang='lat' dir='ltr'><strong>cum</strong></span> <span class='ocrx_word' id='word_1_212' title='bbox 1110 2757 1180 2810; x_wconf 87' lang='lat' dir='ltr'><strong>sit</strong></span> <span class='ocrx_word' id='word_1_213' title='bbox 1207 2766 1330 2810; x_wconf 90' lang='lat' dir='ltr'><strong>ante</strong></span> <span class='ocrx_word' id='word_1_214' title='bbox 1356 2756 1532 2810; x_wconf 90' lang='lat' dir='ltr'><strong>omnia</strong></span> <span class='ocrx_word' id='word_1_215' title='bbox 1565 2764 1801 2825; x_wconf 88' lang='lat' dir='ltr'><strong>tempora</strong></span> <span class='ocrx_word' id='word_1_216' title='bbox 1829 2764 1885 2810; x_wconf 90' lang='lat' dir='ltr'><strong>et</strong></span> 
     </span>
    </p>
   </div>
   <div class='ocr_carea' id='block_1_29' title="bbox 290 2848 1883 2920">
    <p class='ocr_par' dir='ltr' id='par_1_29' title="bbox 290 2848 1883 2920">
     <span class='ocr_line' id='line_1_29' title="bbox 290 2848 1883 2920; baseline -0.001 -15"><span class='ocrx_word' id='word_1_217' title='bbox 290 2863 416 2907; x_wconf 92' lang='lat' dir='ltr'><strong>ante</strong></span> <span class='ocrx_word' id='word_1_218' title='bbox 438 2867 632 2907; x_wconf 88' lang='lat' dir='ltr'><strong>omnes</strong></span> <span class='ocrx_word' id='word_1_219' title='bbox 662 2852 843 2915; x_wconf 88' lang='lat' dir='ltr'><strong>locos;</strong></span> <span class='ocrx_word' id='word_1_220' title='bbox 876 2860 1054 2904; x_wconf 89' lang='lat' dir='ltr'><strong>tamen</strong></span> <span class='ocrx_word' id='word_1_221' title='bbox 1098 2849 1443 2920; x_wconf 88' lang='lat' dir='ltr'><strong>propinquior</strong></span> <span class='ocrx_word' id='word_1_222' title='bbox 1474 2848 1627 2903; x_wconf 89' lang='lat' dir='ltr'><strong>nobis</strong></span> <span class='ocrx_word' id='word_1_223' title='bbox 1669 2856 1755 2904; x_wconf 58' lang='lat' dir='ltr'><strong>est</strong></span> <span class='ocrx_word' id='word_1_224' title='bbox 1793 2849 1883 2919; x_wconf 89' lang='lat' dir='ltr'><strong>qui</strong></span> 
     </span>
    </p>
   </div>
   <div class='ocr_carea' id='block_1_30' title="bbox 294 2939 1881 3014">
    <p class='ocr_par' dir='ltr' id='par_1_30' title="bbox 294 2939 1881 3014">
     <span class='ocr_line' id='line_1_30' title="bbox 294 2939 1881 3014; baseline -0.003 -17"><span class='ocrx_word' id='word_1_225' title='bbox 294 2944 440 3007; x_wconf 72' lang='lat' dir='ltr'><strong>fecit,</strong></span> <span class='ocrx_word' id='word_1_226' title='bbox 472 2958 634 3014; x_wconf 86' lang='lat' dir='ltr'><strong>quam</strong></span> <span class='ocrx_word' id='word_1_227' title='bbox 662 2944 825 2996; x_wconf 91' lang='lat' dir='ltr'><strong>multa</strong></span> <span class='ocrx_word' id='word_1_228' title='bbox 846 2957 963 3011; x_wconf 74' lang='lat' dir='ltr'><strong>qum</strong></span> <span class='ocrx_word' id='word_1_229' title='bbox 985 2941 1123 2995; x_wconf 84' lang='lat' dir='ltr'><strong>facta</strong></span> <span class='ocrx_word' id='word_1_230' title='bbox 1145 2948 1288 2995; x_wconf 91' lang='lat' dir='ltr'><strong>sunt.</strong></span> <span class='ocrx_word' id='word_1_231' title='bbox 1333 2940 1387 2993; x_wconf 91' lang='lat' dir='ltr'><strong>In</strong></span> <span class='ocrx_word' id='word_1_232' title='bbox 1432 2940 1521 2993; x_wconf 92' lang='lat' dir='ltr'><strong>illo</strong></span> <span class='ocrx_word' id='word_1_233' title='bbox 1560 2939 1703 2994; x_wconf 91' lang='lat' dir='ltr'><strong>enim</strong></span> <span class='ocrx_word' id='word_1_234' title='bbox 1744 2939 1881 2993; x_wconf 82' lang='lat' dir='ltr'><strong>vivi-</strong></span> 
     </span>
    </p>
   </div>
   <div class='ocr_carea' id='block_1_31' title="bbox 295 3029 1881 3103">
    <p class='ocr_par' dir='ltr' id='par_1_31' title="bbox 295 3029 1881 3103">
     <span class='ocr_line' id='line_1_31' title="bbox 295 3029 1881 3103; baseline -0.002 -15"><span class='ocrx_word' id='word_1_235' title='bbox 295 3050 433 3097; x_wconf 91' lang='lat' dir='ltr'><strong>mus,</strong></span> <span class='ocrx_word' id='word_1_236' title='bbox 459 3044 515 3089; x_wconf 94' lang='lat' dir='ltr'><strong>et</strong></span> <span class='ocrx_word' id='word_1_237' title='bbox 546 3049 841 3098; x_wconf 85' lang='lat' dir='ltr'><strong>movemur,</strong></span> <span class='ocrx_word' id='word_1_238' title='bbox 865 3040 920 3086; x_wconf 88' lang='lat' dir='ltr'><strong>et</strong></span> <span class='ocrx_word' id='word_1_239' title='bbox 943 3047 1127 3086; x_wconf 91' lang='lat' dir='ltr'><strong>sumus</strong></span> <span class='ocrx_word' id='word_1_240' title='bbox 1157 3030 1291 3103; x_wconf 78' lang='lat' dir='ltr'><strong>(Act.</strong></span> <span class='ocrx_word' id='word_1_241' title='bbox 1324 3046 1454 3095; x_wconf 80' lang='lat' dir='ltr'><strong>xvii,</strong></span> <span class='ocrx_word' id='word_1_242' title='bbox 1488 3029 1583 3100; x_wconf 73' lang='grc'><strong>28)</strong></span> <span class='ocrx_word' id='word_1_243' title='bbox 1615 3049 1627 3084; x_wconf 91' lang='lat'>:</span> <span class='ocrx_word' id='word_1_244' title='bbox 1657 3031 1881 3087; x_wconf 86' lang='lat' dir='ltr'><strong>istorum</strong></span> 
     </span>
    </p>
   </div>
   <div class='ocr_carea' id='block_1_32' title="bbox 295 3126 1885 3195">
    <p class='ocr_par' dir='ltr' id='par_1_32' title="bbox 295 3126 1885 3195">
     <span class='ocr_line' id='line_1_32' title="bbox 295 3126 1885 3195; baseline -0.001 -18"><span class='ocrx_word' id='word_1_245' title='bbox 295 3134 468 3179; x_wconf 88' lang='lat' dir='ltr'><strong>autem</strong></span> <span class='ocrx_word' id='word_1_246' title='bbox 501 3126 753 3195; x_wconf 89' lang='lat' dir='ltr'><strong>pleraque</strong></span> <span class='ocrx_word' id='word_1_247' title='bbox 793 3132 995 3178; x_wconf 86' lang='lat' dir='ltr'><strong>remota</strong></span> <span class='ocrx_word' id='word_1_248' title='bbox 1025 3130 1151 3176; x_wconf 92' lang='lat' dir='ltr'><strong>sunt</strong></span> <span class='ocrx_word' id='word_1_249' title='bbox 1176 3136 1206 3175; x_wconf 89' lang='lat' dir='ltr'><strong>a</strong></span> <span class='ocrx_word' id='word_1_250' title='bbox 1234 3130 1409 3176; x_wconf 91' lang='lat' dir='ltr'><strong>mente</strong></span> <span class='ocrx_word' id='word_1_251' title='bbox 1446 3132 1625 3175; x_wconf 90' lang='lat' dir='ltr'><strong>nostra</strong></span> <span class='ocrx_word' id='word_1_252' title='bbox 1665 3130 1885 3191; x_wconf 87' lang='lat' dir='ltr'><strong>propter</strong></span> 
     </span>
    </p>
   </div>
   <div class='ocr_carea' id='block_1_33' title="bbox 292 3212 1875 3284">
    <p class='ocr_par' dir='ltr' id='par_1_33' title="bbox 292 3212 1875 3284">
     <span class='ocr_line' id='line_1_33' title="bbox 292 3212 1875 3284; baseline -0.003 -13"><span class='ocrx_word' id='word_1_253' title='bbox 292 3215 779 3271; x_wconf 86' lang='lat' dir='ltr'><strong>dissimilitudinem</strong></span> <span class='ocrx_word' id='word_1_254' title='bbox 794 3215 876 3269; x_wconf 87' lang='lat' dir='ltr'><strong>sui</strong></span> <span class='ocrx_word' id='word_1_255' title='bbox 898 3214 1127 3284; x_wconf 82' lang='lat' dir='ltr'><strong>generis,</strong></span> <span class='ocrx_word' id='word_1_256' title='bbox 1142 3212 1389 3283; x_wconf 86' lang='lat' dir='ltr'><strong>quoniam</strong></span> <span class='ocrx_word' id='word_1_257' title='bbox 1401 3212 1695 3281; x_wconf 83' lang='lat' dir='ltr'><strong>corporalia</strong></span> <span class='ocrx_word' id='word_1_258' title='bbox 1712 3221 1833 3266; x_wconf 91' lang='lat' dir='ltr'><strong>sunt</strong></span> <span class='ocrx_word' id='word_1_259' title='bbox 1859 3227 1875 3279; x_wconf 92' lang='lat'><strong>;</strong></span> 
     </span>
    </p>
   </div>
   <div class='ocr_carea' id='block_1_34' title="bbox 294 3302 1881 3374">
    <p class='ocr_par' dir='ltr' id='par_1_34' title="bbox 294 3302 1881 3374">
     <span class='ocr_line' id='line_1_34' title="bbox 294 3302 1881 3374; baseline -0.001 -13"><span class='ocrx_word' id='word_1_260' title='bbox 294 3322 394 3363; x_wconf 86' lang='lat' dir='ltr'><strong>nec</strong></span> <span class='ocrx_word' id='word_1_261' title='bbox 422 3306 851 3374; x_wconf 81' lang='lat' dir='ltr'><strong>idoneaestipsa</strong></span> <span class='ocrx_word' id='word_1_262' title='bbox 885 3320 1038 3360; x_wconf 89' lang='lat' dir='ltr'><strong>mens</strong></span> <span class='ocrx_word' id='word_1_263' title='bbox 1072 3312 1281 3369; x_wconf 91' lang='lat' dir='ltr'><strong>nostra,</strong></span> <span class='ocrx_word' id='word_1_264' title='bbox 1320 3303 1371 3357; x_wconf 91' lang='lat' dir='ltr'><strong>in</strong></span> <span class='ocrx_word' id='word_1_265' title='bbox 1411 3302 1541 3373; x_wconf 85' lang='lat' dir='ltr'><strong>ipsis</strong></span> <span class='ocrx_word' id='word_1_266' title='bbox 1588 3304 1881 3359; x_wconf 86' lang='lat' dir='ltr'><strong>rationibus</strong></span> 
     </span>
    </p>
   </div>
   <div class='ocr_carea' id='block_1_35' title="bbox 292 3394 1883 3469">
    <p class='ocr_par' dir='ltr' id='par_1_35' title="bbox 292 3394 1883 3469">
     <span class='ocr_line' id='line_1_35' title="bbox 292 3394 1883 3469; baseline -0.002 -16"><span class='ocrx_word' id='word_1_267' title='bbox 292 3399 486 3469; x_wconf 86' lang='lat' dir='ltr'><strong>quibus</strong></span> <span class='ocrx_word' id='word_1_268' title='bbox 506 3398 647 3452; x_wconf 81' lang='lat' dir='ltr'><strong>facta</strong></span> <span class='ocrx_word' id='word_1_269' title='bbox 673 3405 835 3464; x_wconf 93' lang='lat' dir='ltr'><strong>sunt,</strong></span> <span class='ocrx_word' id='word_1_270' title='bbox 860 3410 923 3451; x_wconf 90' lang='lat' dir='ltr'><strong>ea</strong></span> <span class='ocrx_word' id='word_1_271' title='bbox 952 3395 1134 3450; x_wconf 88' lang='lat' dir='ltr'><strong>videre</strong></span> <span class='ocrx_word' id='word_1_272' title='bbox 1158 3394 1297 3464; x_wconf 88' lang='lat' dir='ltr'><strong>apud</strong></span> <span class='ocrx_word' id='word_1_273' title='bbox 1328 3394 1493 3448; x_wconf 88' lang='lat' dir='ltr'><strong>Deum</strong></span> <span class='ocrx_word' id='word_1_274' title='bbox 1517 3433 1535 3461; x_wconf 92' lang='lat'><strong>,</strong></span> <span class='ocrx_word' id='word_1_275' title='bbox 1558 3402 1616 3449; x_wconf 88' lang='lat' dir='ltr'><strong>ut</strong></span> <span class='ocrx_word' id='word_1_276' title='bbox 1652 3409 1747 3465; x_wconf 90' lang='lat' dir='ltr'><strong>per</strong></span> <span class='ocrx_word' id='word_1_277' title='bbox 1780 3394 1883 3450; x_wconf 87' lang='lat' dir='ltr'><strong>hoc</strong></span> 
     </span>
    </p>
   </div>
   <div class='ocr_carea' id='block_1_36' title="bbox 297 3484 1882 3559">
    <p class='ocr_par' dir='ltr' id='par_1_36' title="bbox 297 3484 1882 3559">
     <span class='ocr_line' id='line_1_36' title="bbox 297 3484 1882 3559; baseline -0.003 -15"><span class='ocrx_word' id='word_1_278' title='bbox 297 3490 530 3544; x_wconf 87' lang='lat' dir='ltr'><strong>sciamus</strong></span> <span class='ocrx_word' id='word_1_279' title='bbox 556 3496 684 3559; x_wconf 89' lang='lat' dir='ltr'><strong>quot</strong></span> <span class='ocrx_word' id='word_1_280' title='bbox 714 3496 768 3543; x_wconf 91' lang='lat' dir='ltr'><strong>et</strong></span> <span class='ocrx_word' id='word_1_281' title='bbox 808 3495 1001 3557; x_wconf 89' lang='lat' dir='ltr'><strong>quanta</strong></span> <span class='ocrx_word' id='word_1_282' title='bbox 1039 3484 1319 3556; x_wconf 87' lang='lat' dir='ltr'><strong>qualiaque</strong></span> <span class='ocrx_word' id='word_1_283' title='bbox 1359 3484 1487 3549; x_wconf 91' lang='lat' dir='ltr'><strong>sint,</strong></span> <span class='ocrx_word' id='word_1_284' title='bbox 1528 3484 1735 3540; x_wconf 91' lang='lat' dir='ltr'><strong>etiamsi</strong></span> <span class='ocrx_word' id='word_1_285' title='bbox 1774 3501 1882 3541; x_wconf 86' lang='lat' dir='ltr'><strong>non</strong></span> 
     </span>
    </p>
   </div>
   <div class='ocr_carea' id='block_1_37' title="bbox 294 3577 1883 3651">
    <p class='ocr_par' dir='ltr' id='par_1_37' title="bbox 294 3577 1883 3651">
     <span class='ocr_line' id='line_1_37' title="bbox 294 3577 1883 3651; baseline -0.003 -14"><span class='ocrx_word' id='word_1_286' title='bbox 294 3599 359 3637; x_wconf 83' lang='lat' dir='ltr'><strong>ea</strong></span> <span class='ocrx_word' id='word_1_287' title='bbox 387 3582 665 3637; x_wconf 86' lang='lat' dir='ltr'><strong>videamus</strong></span> <span class='ocrx_word' id='word_1_288' title='bbox 687 3596 782 3651; x_wconf 89' lang='lat' dir='ltr'><strong>per</strong></span> <span class='ocrx_word' id='word_1_289' title='bbox 798 3578 1040 3649; x_wconf 89' lang='lat' dir='ltr'><strong>corporis</strong></span> <span class='ocrx_word' id='word_1_290' title='bbox 1061 3593 1271 3633; x_wconf 84' lang='lat' dir='ltr'><strong>sensus.</strong></span> <span class='ocrx_word' id='word_1_291' title='bbox 1293 3577 1515 3633; x_wconf 82' lang='lat' dir='ltr'><strong>Remota</strong></span> <span class='ocrx_word' id='word_1_292' title='bbox 1542 3578 1735 3647; x_wconf 87' lang='lat' dir='ltr'><strong>quippe</strong></span> <span class='ocrx_word' id='word_1_293' title='bbox 1758 3584 1883 3632; x_wconf 88' lang='lat' dir='ltr'><strong>sunt</strong></span> 
     </span>
    </p>
   </div>
   <div class='ocr_carea' id='block_1_38' title="bbox 294 3668 1880 3742">
    <p class='ocr_par' dir='ltr' id='par_1_38' title="bbox 294 3668 1880 3742">
     <span class='ocr_line' id='line_1_38' title="bbox 294 3668 1880 3742; baseline -0.003 -14"><span class='ocrx_word' id='word_1_294' title='bbox 294 3681 353 3728; x_wconf 90' lang='lat' dir='ltr'><strong>et</strong></span> <span class='ocrx_word' id='word_1_295' title='bbox 378 3688 407 3726; x_wconf 88' lang='lat' dir='ltr'><strong>a</strong></span> <span class='ocrx_word' id='word_1_296' title='bbox 431 3673 685 3729; x_wconf 86' lang='lat' dir='ltr'><strong>sensibus</strong></span> <span class='ocrx_word' id='word_1_297' title='bbox 708 3672 948 3742; x_wconf 88' lang='lat' dir='ltr'><strong>corporis</strong></span> <span class='ocrx_word' id='word_1_298' title='bbox 970 3670 1159 3738; x_wconf 81' lang='lat' dir='ltr'><strong>nostri,</strong></span> <span class='ocrx_word' id='word_1_299' title='bbox 1187 3668 1431 3740; x_wconf 90' lang='lat' dir='ltr'><strong>quoniam</strong></span> <span class='ocrx_word' id='word_1_300' title='bbox 1453 3669 1610 3741; x_wconf 91' lang='lat' dir='ltr'><strong>longe</strong></span> <span class='ocrx_word' id='word_1_301' title='bbox 1634 3678 1776 3734; x_wconf 90' lang='lat' dir='ltr'><strong>sunt,</strong></span> <span class='ocrx_word' id='word_1_302' title='bbox 1797 3669 1880 3724; x_wconf 87' lang='lat' dir='ltr'><strong>vel</strong></span> 
     </span>
    </p>
   </div>
   <div class='ocr_carea' id='block_1_39' title="bbox 295 3761 1879 3835">
    <p class='ocr_par' dir='ltr' id='par_1_39' title="bbox 295 3761 1879 3835">
     <span class='ocr_line' id='line_1_39' title="bbox 295 3761 1879 3835; baseline -0.003 -16"><span class='ocrx_word' id='word_1_303' title='bbox 295 3765 627 3835; x_wconf 84' lang='lat' dir='ltr'><strong>interpositis</strong></span> <span class='ocrx_word' id='word_1_304' title='bbox 648 3772 739 3819; x_wconf 91' lang='lat' dir='ltr'><strong>aut</strong></span> <span class='ocrx_word' id='word_1_305' title='bbox 762 3762 1019 3835; x_wconf 82' lang='lat' dir='ltr'><strong>Oppositis</strong></span> <span class='ocrx_word' id='word_1_306' title='bbox 1043 3762 1160 3817; x_wconf 86' lang='lat' dir='ltr'><strong>aliis</strong></span> <span class='ocrx_word' id='word_1_307' title='bbox 1182 3776 1215 3818; x_wconf 84' lang='lat' dir='ltr'><strong>a</strong></span> <span class='ocrx_word' id='word_1_308' title='bbox 1235 3769 1416 3816; x_wconf 87' lang='lat' dir='ltr'><strong>nostro</strong></span> <span class='ocrx_word' id='word_1_309' title='bbox 1439 3761 1681 3816; x_wconf 89' lang='lat' dir='ltr'><strong>contuitu</strong></span> <span class='ocrx_word' id='word_1_310' title='bbox 1709 3769 1879 3815; x_wconf 84' lang='lat' dir='ltr'><strong>tactu-</strong></span> 
     </span>
    </p>
   </div>
   <div class='ocr_carea' id='block_1_40' title="bbox 297 3851 1879 3925">
    <p class='ocr_par' dir='ltr' id='par_1_40' title="bbox 297 3851 1879 3925">
     <span class='ocr_line' id='line_1_40' title="bbox 297 3851 1879 3925; baseline -0.002 -16"><span class='ocrx_word' id='word_1_311' title='bbox 297 3870 401 3924; x_wconf 89' lang='lat' dir='ltr'><strong>que</strong></span> <span class='ocrx_word' id='word_1_312' title='bbox 422 3857 441 3889; x_wconf 74' lang='grc' dir='ltr'><strong>ι</strong></span> <span class='ocrx_word' id='word_1_313' title='bbox 460 3863 799 3925; x_wconf 85' lang='lat' dir='ltr'><strong>separantur.</strong></span> <span class='ocrx_word' id='word_1_314' title='bbox 831 3855 911 3908; x_wconf 82' lang='lat' dir='ltr'><strong>Ex</strong></span> <span class='ocrx_word' id='word_1_315' title='bbox 931 3869 1036 3923; x_wconf 89' lang='lat' dir='ltr'><strong>quo</strong></span> <span class='ocrx_word' id='word_1_316' title='bbox 1054 3853 1112 3907; x_wconf 87' lang='lat' dir='ltr'><strong>Iit</strong></span> <span class='ocrx_word' id='word_1_317' title='bbox 1130 3861 1191 3908; x_wconf 88' lang='lat' dir='ltr'><strong>ut</strong></span> <span class='ocrx_word' id='word_1_318' title='bbox 1216 3854 1385 3921; x_wconf 81' lang='lat' dir='ltr'><strong>major</strong></span> <span class='ocrx_word' id='word_1_319' title='bbox 1402 3851 1470 3906; x_wconf 90' lang='lat' dir='ltr'><strong>ad</strong></span> <span class='ocrx_word' id='word_1_320' title='bbox 1492 3851 1581 3905; x_wconf 91' lang='lat' dir='ltr'><strong>illa</strong></span> <span class='ocrx_word' id='word_1_321' title='bbox 1602 3852 1879 3906; x_wconf 71' lang='lat' dir='ltr'><strong>invenien~</strong></span> 
     </span>
    </p>
   </div>
   <div class='ocr_carea' id='block_1_41' title="bbox 296 3944 1879 4018">
    <p class='ocr_par' dir='ltr' id='par_1_41' title="bbox 296 3944 1879 4018">
     <span class='ocr_line' id='line_1_41' title="bbox 296 3944 1879 4018; baseline 0 -17"><span class='ocrx_word' id='word_1_322' title='bbox 296 3948 359 4001; x_wconf 85' lang='lat' dir='ltr'><strong>da</strong></span> <span class='ocrx_word' id='word_1_323' title='bbox 390 3949 461 4003; x_wconf 89' lang='lat' dir='ltr'><strong>sit</strong></span> <span class='ocrx_word' id='word_1_324' title='bbox 478 3948 653 4015; x_wconf 89' lang='lat' dir='ltr'><strong>labor,</strong></span> <span class='ocrx_word' id='word_1_325' title='bbox 680 3963 841 4018; x_wconf 82' lang='lat' dir='ltr'><strong>quam</strong></span> <span class='ocrx_word' id='word_1_326' title='bbox 869 3946 934 4001; x_wconf 91' lang='lat' dir='ltr'><strong>ad</strong></span> <span class='ocrx_word' id='word_1_327' title='bbox 965 3947 1115 4001; x_wconf 92' lang='lat' dir='ltr'><strong>illum</strong></span> <span class='ocrx_word' id='word_1_328' title='bbox 1146 3960 1174 3999; x_wconf 90' lang='lat' dir='ltr'><strong>a</strong></span> <span class='ocrx_word' id='word_1_329' title='bbox 1199 3960 1306 4015; x_wconf 92' lang='lat' dir='ltr'><strong>quo</strong></span> <span class='ocrx_word' id='word_1_330' title='bbox 1334 3944 1473 4000; x_wconf 87' lang='lat' dir='ltr'><strong>facta</strong></span> <span class='ocrx_word' id='word_1_331' title='bbox 1498 3954 1641 4011; x_wconf 85' lang='lat' dir='ltr'><strong>sunt,</strong></span> <span class='ocrx_word' id='word_1_332' title='bbox 1666 3961 1787 4001; x_wconf 91' lang='lat' dir='ltr'><strong>cum</strong></span> <span class='ocrx_word' id='word_1_333' title='bbox 1810 3947 1879 4002; x_wconf 86' lang='lat' dir='ltr'><strong>sit</strong></span> 
     </span>
    </p>
   </div>
   <div class='ocr_carea' id='block_1_42' title="bbox 296 4037 1881 4111">
    <p class='ocr_par' dir='ltr' id='par_1_42' title="bbox 296 4037 1881 4111">
     <span class='ocr_line' id='line_1_42' title="bbox 296 4037 1881 4111; baseline 0.001 -17"><span class='ocrx_word' id='word_1_334' title='bbox 296 4040 699 4111; x_wconf 80' lang='lat' dir='ltr'><strong>incomparabili</strong></span> <span class='ocrx_word' id='word_1_335' title='bbox 740 4040 986 4095; x_wconf 80' lang='lat' dir='ltr'><strong>felicitate</strong></span> <span class='ocrx_word' id='word_1_336' title='bbox 1021 4037 1357 4109; x_wconf 66' lang='lat' dir='ltr'><strong>praestantius</strong></span> <span class='ocrx_word' id='word_1_337' title='bbox 1382 4038 1531 4093; x_wconf 89' lang='lat' dir='ltr'><strong>illum</strong></span> <span class='ocrx_word' id='word_1_338' title='bbox 1558 4054 1625 4094; x_wconf 83' lang='lat' dir='ltr'><strong>ex</strong></span> <span class='ocrx_word' id='word_1_339' title='bbox 1653 4048 1881 4109; x_wconf 69' lang='lat' dir='ltr'><strong>quantu~</strong></span> 
     </span>
    </p>
   </div>
   <div class='ocr_carea' id='block_1_43' title="bbox 294 4128 1877 4199">
    <p class='ocr_par' dir='ltr' id='par_1_43' title="bbox 294 4128 1877 4199">
     <span class='ocr_line' id='line_1_43' title="bbox 294 4128 1877 4199; baseline -0.001 -15"><span class='ocrx_word' id='word_1_340' title='bbox 294 4130 576 4199; x_wconf 88' lang='lat' dir='ltr'><strong>lacumque</strong></span> <span class='ocrx_word' id='word_1_341' title='bbox 597 4130 853 4199; x_wconf 84' lang='lat' dir='ltr'><strong>particula</strong></span> <span class='ocrx_word' id='word_1_342' title='bbox 882 4129 963 4198; x_wconf 91' lang='lat' dir='ltr'><strong>pia</strong></span> <span class='ocrx_word' id='word_1_343' title='bbox 988 4135 1169 4183; x_wconf 88' lang='lat' dir='ltr'><strong>mente</strong></span> <span class='ocrx_word' id='word_1_344' title='bbox 1192 4129 1389 4183; x_wconf 90' lang='lat' dir='ltr'><strong>sentire</strong></span> <span class='ocrx_word' id='word_1_345' title='bbox 1405 4168 1421 4195; x_wconf 92' lang='lat'><strong>,</strong></span> <span class='ocrx_word' id='word_1_346' title='bbox 1447 4143 1606 4197; x_wconf 91' lang='lat' dir='ltr'><strong>quam</strong></span> <span class='ocrx_word' id='word_1_347' title='bbox 1634 4128 1722 4183; x_wconf 89' lang='lat' dir='ltr'><strong>illa</strong></span> <span class='ocrx_word' id='word_1_348' title='bbox 1757 4130 1877 4184; x_wconf 65' lang='lat' dir='ltr'><strong>uitio</strong></span> 
     </span>
    </p>
   </div>
   <div class='ocr_carea' id='block_1_44' title="bbox 295 4216 1877 4289">
    <p class='ocr_par' dir='ltr' id='par_1_44' title="bbox 295 4216 1877 4289">
     <span class='ocr_line' id='line_1_44' title="bbox 295 4216 1877 4289; baseline 0.001 -17"><span class='ocrx_word' id='word_1_349' title='bbox 295 4234 443 4273; x_wconf 86' lang='lat' dir='ltr'><strong>versa</strong></span> <span class='ocrx_word' id='word_1_350' title='bbox 467 4218 944 4289; x_wconf 83' lang='lat' dir='ltr'><strong>comprehendere.</strong></span> <span class='ocrx_word' id='word_1_351' title='bbox 982 4216 1134 4272; x_wconf 89' lang='lat' dir='ltr'><strong>Unde</strong></span> <span class='ocrx_word' id='word_1_352' title='bbox 1161 4226 1306 4272; x_wconf 90' lang='lat' dir='ltr'><strong>recte</strong></span> <span class='ocrx_word' id='word_1_353' title='bbox 1340 4218 1621 4286; x_wconf 84' lang='lat' dir='ltr'><strong>culpantur</strong></span> <span class='ocrx_word' id='word_1_354' title='bbox 1654 4218 1707 4273; x_wconf 93' lang='lat' dir='ltr'><strong>in</strong></span> <span class='ocrx_word' id='word_1_355' title='bbox 1742 4218 1877 4274; x_wconf 88' lang='lat' dir='ltr'><strong>libro</strong></span> 
     </span>
    </p>
   </div>
   <div class='ocr_carea' id='block_1_45' title="bbox 294 4306 1874 4381">
    <p class='ocr_par' dir='ltr' id='par_1_45' title="bbox 294 4306 1874 4381">
     <span class='ocr_line' id='line_1_45' title="bbox 294 4306 1874 4381; baseline 0 -18"><span class='ocrx_word' id='word_1_356' title='bbox 294 4309 582 4381; x_wconf 67' lang='lat' dir='ltr'><strong>Sapientiae</strong></span> <span class='ocrx_word' id='word_1_357' title='bbox 604 4309 945 4379; x_wconf 90' lang='lat' dir='ltr'><strong>inquisitores</strong></span> <span class='ocrx_word' id='word_1_358' title='bbox 968 4307 1127 4377; x_wconf 88' lang='lat' dir='ltr'><strong>hujus</strong></span> <span class='ocrx_word' id='word_1_359' title='bbox 1148 4308 1328 4363; x_wconf 62' lang='lat' dir='ltr'><strong>saeculi</strong></span> <span class='ocrx_word' id='word_1_360' title='bbox 1362 4325 1375 4361; x_wconf 92' lang='lat'>:</span> <span class='ocrx_word' id='word_1_361' title='bbox 1409 4306 1470 4363; x_wconf 85' lang='lat' dir='ltr'><strong>Si</strong></span> <span class='ocrx_word' id='word_1_362' title='bbox 1494 4309 1630 4363; x_wconf 87' lang='lat' dir='ltr'><strong>enim</strong></span> <span class='ocrx_word' id='word_1_363' title='bbox 1660 4317 1874 4378; x_wconf 86' lang='lat' dir='ltr'><strong>tantum,</strong></span> 
     </span>
    </p>
   </div>
   <div class='ocr_carea' id='block_1_46' title="bbox 294 4397 1876 4469">
    <p class='ocr_par' dir='ltr' id='par_1_46' title="bbox 294 4397 1876 4469">
     <span class='ocr_line' id='line_1_46' title="bbox 294 4397 1876 4469; baseline 0.001 -18"><span class='ocrx_word' id='word_1_364' title='bbox 294 4398 482 4469; x_wconf 81' lang='lat' dir='ltr'><strong>inquit,</strong></span> <span class='ocrx_word' id='word_1_365' title='bbox 512 4407 776 4462; x_wconf 84' lang='lat' dir='ltr'><strong>potuerunt</strong></span> <span class='ocrx_word' id='word_1_366' title='bbox 804 4398 987 4466; x_wconf 81' lang='lat' dir='ltr'><strong>valere,</strong></span> <span class='ocrx_word' id='word_1_367' title='bbox 1016 4407 1071 4452; x_wconf 87' lang='lat' dir='ltr'><strong>ut</strong></span> <span class='ocrx_word' id='word_1_368' title='bbox 1098 4406 1295 4468; x_wconf 77' lang='lat' dir='ltr'><strong>possent</strong></span> <span class='ocrx_word' id='word_1_369' title='bbox 1325 4397 1576 4453; x_wconf 78' lang='lat' dir='ltr'><strong>mstimare</strong></span> <span class='ocrx_word' id='word_1_370' title='bbox 1594 4397 1876 4464; x_wconf 76' lang='lat' dir='ltr'><strong>steculum;</strong></span> 
     </span>
    </p>
   </div>
   <div class='ocr_carea' id='block_1_47' title="bbox 293 4489 1871 4563">
    <p class='ocr_par' dir='ltr' id='par_1_47' title="bbox 293 4489 1871 4563">
     <span class='ocr_line' id='line_1_47' title="bbox 293 4489 1871 4563; baseline 0.001 -19"><span class='ocrx_word' id='word_1_371' title='bbox 293 4492 543 4561; x_wconf 83' lang='lat' dir='ltr'><strong>quomodo</strong></span> <span class='ocrx_word' id='word_1_372' title='bbox 584 4494 695 4561; x_wconf 84' lang='lat' dir='ltr'><strong>ejus</strong></span> <span class='ocrx_word' id='word_1_373' title='bbox 728 4490 1005 4546; x_wconf 84' lang='lat' dir='ltr'><strong>Dominum</strong></span> <span class='ocrx_word' id='word_1_374' title='bbox 1038 4496 1139 4546; x_wconf 65' lang='lat' dir='ltr'><strong>non</strong></span> <span class='ocrx_word' id='word_1_375' title='bbox 1169 4489 1371 4560; x_wconf 81' lang='lat' dir='ltr'><strong>facilius</strong></span> <span class='ocrx_word' id='word_1_376' title='bbox 1400 4490 1693 4545; x_wconf 77' lang='lat' dir='ltr'><strong>invenerunt</strong></span> <span class='ocrx_word' id='word_1_377' title='bbox 1718 4490 1871 4563; x_wconf 86' lang='lat' dir='ltr'><strong>(Sap.</strong></span> 
     </span>
    </p>
   </div>
   <div class='ocr_carea' id='block_1_48' title="bbox 295 4580 1876 4655">
    <p class='ocr_par' dir='ltr' id='par_1_48' title="bbox 295 4580 1876 4655">
     <span class='ocr_line' id='line_1_48' title="bbox 295 4580 1876 4655; baseline 0 -18"><span class='ocrx_word' id='word_1_378' title='bbox 295 4582 527 4655; x_wconf 69' lang='lat' dir='ltr'><strong>XIII,9)?</strong></span> <span class='ocrx_word' id='word_1_379' title='bbox 556 4582 738 4654; x_wconf 89' lang='lat' dir='ltr'><strong>Ignota</strong></span> <span class='ocrx_word' id='word_1_380' title='bbox 759 4584 903 4638; x_wconf 88' lang='lat' dir='ltr'><strong>enim</strong></span> <span class='ocrx_word' id='word_1_381' title='bbox 949 4590 1075 4637; x_wconf 88' lang='lat' dir='ltr'><strong>sunt</strong></span> <span class='ocrx_word' id='word_1_382' title='bbox 1120 4580 1461 4637; x_wconf 78' lang='lat' dir='ltr'><strong>fundamenta</strong></span> <span class='ocrx_word' id='word_1_383' title='bbox 1504 4590 1660 4637; x_wconf 64' lang='lat' dir='ltr'><strong>terra:</strong></span> <span class='ocrx_word' id='word_1_384' title='bbox 1705 4583 1876 4638; x_wconf 87' lang='lat' dir='ltr'><strong>oculis</strong></span> 
     </span>
    </p>
   </div>
   <div class='ocr_carea' id='block_1_49' title="bbox 294 4673 1876 4745">
    <p class='ocr_par' dir='ltr' id='par_1_49' title="bbox 294 4673 1876 4745">
     <span class='ocr_line' id='line_1_49' title="bbox 294 4673 1876 4745; baseline 0.002 -18"><span class='ocrx_word' id='word_1_385' title='bbox 294 4674 517 4741; x_wconf 87' lang='lat' dir='ltr'><strong>nostris,</strong></span> <span class='ocrx_word' id='word_1_386' title='bbox 554 4683 611 4731; x_wconf 88' lang='lat' dir='ltr'><strong>et</strong></span> <span class='ocrx_word' id='word_1_387' title='bbox 641 4675 732 4745; x_wconf 86' lang='lat' dir='ltr'><strong>qui</strong></span> <span class='ocrx_word' id='word_1_388' title='bbox 755 4674 994 4729; x_wconf 80' lang='lat' dir='ltr'><strong>fundavit</strong></span> <span class='ocrx_word' id='word_1_389' title='bbox 1019 4683 1232 4740; x_wconf 76' lang='lat' dir='ltr'><strong>terram,</strong></span> <span class='ocrx_word' id='word_1_390' title='bbox 1267 4673 1580 4744; x_wconf 89' lang='lat' dir='ltr'><strong>propinquat</strong></span> <span class='ocrx_word' id='word_1_391' title='bbox 1607 4674 1876 4730; x_wconf 85' lang='lat' dir='ltr'><strong>mentibus</strong></span> 
     </span>
    </p>
   </div>
   <div class='ocr_carea' id='block_1_50' title="bbox 294 4767 513 4822">
    <p class='ocr_par' dir='ltr' id='par_1_50' title="bbox 294 4767 513 4822">
     <span class='ocr_line' id='line_1_50' title="bbox 294 4767 513 4822; baseline 0.005 -3"><span class='ocrx_word' id='word_1_392' title='bbox 294 4767 513 4822; x_wconf 87' lang='lat' dir='ltr'><strong>nostris.</strong></span> 
     </span>
    </p>
   </div>
   <div class='ocr_carea' id='block_1_51' title="bbox 296 4855 1873 4924">
    <p class='ocr_par' dir='ltr' id='par_1_51' title="bbox 296 4855 1873 4924">
     <span class='ocr_line' id='line_1_51' title="bbox 296 4855 1873 4924; baseline -0.002 -11"><span class='ocrx_word' id='word_1_393' title='bbox 296 4856 521 4913; x_wconf 77' lang='lat' dir='ltr'><strong>CAPUT</strong></span> <span class='ocrx_word' id='word_1_394' title='bbox 559 4856 721 4912; x_wconf 75' lang='lat' dir='ltr'><strong>XVII.</strong></span> <span class='ocrx_word' id='word_1_395' title='bbox 759 4887 831 4898; x_wconf 92' lang='lat'><strong>—-</strong></span> <span class='ocrx_word' id='word_1_396' title='bbox 868 4856 996 4911; x_wconf 82' lang='lat' dir='ltr'><strong>Ante</strong></span> <span class='ocrx_word' id='word_1_397' title='bbox 1036 4857 1252 4924; x_wconf 68' lang='lat' dir='ltr'><strong>meum,</strong></span> <span class='ocrx_word' id='word_1_398' title='bbox 1279 4873 1310 4910; x_wconf 87' lang='grc' dir='ltr'><em>α</em></span> <span class='ocrx_word' id='word_1_399' title='bbox 1352 4855 1565 4924; x_wconf 73' lang='lat' dir='ltr'><strong>uetula,</strong></span> <span class='ocrx_word' id='word_1_400' title='bbox 1590 4856 1643 4910; x_wconf 81' lang='lat' dir='ltr'><strong>in</strong></span> <span class='ocrx_word' id='word_1_401' title='bbox 1668 4857 1873 4911; x_wconf 66' lang='lat' dir='ltr'><strong>sarculo.</strong></span> 
     </span>
    </p>
   </div>
   <div class='ocr_carea' id='block_1_52' title="bbox 362 4946 1876 5018">
    <p class='ocr_par' dir='ltr' id='par_1_52' title="bbox 362 4946 1876 5018">
     <span class='ocr_line' id='line_1_52' title="bbox 362 4946 1876 5018; baseline -0.002 -14"><span class='ocrx_word' id='word_1_402' title='bbox 362 4949 451 5004; x_wconf 78' lang='lat'><strong>55.</strong></span> <span class='ocrx_word' id='word_1_403' title='bbox 492 4947 613 5004; x_wconf 81' lang='lat' dir='ltr'><strong>Jam</strong></span> <span class='ocrx_word' id='word_1_404' title='bbox 656 4964 802 5004; x_wconf 90' lang='lat' dir='ltr'><strong>nunc</strong></span> <span class='ocrx_word' id='word_1_405' title='bbox 848 4950 1246 5003; x_wconf 79' lang='lat' dir='ltr'><strong>consideremus</strong></span> <span class='ocrx_word' id='word_1_406' title='bbox 1300 4963 1363 5003; x_wconf 92' lang='lat' dir='ltr'><strong>ea</strong></span> <span class='ocrx_word' id='word_1_407' title='bbox 1410 4964 1527 5018; x_wconf 74' lang='lat' dir='ltr'><strong>qum</strong></span> <span class='ocrx_word' id='word_1_408' title='bbox 1572 4946 1697 5003; x_wconf 83' lang='lat' dir='ltr'><strong>fecit</strong></span> <span class='ocrx_word' id='word_1_409' title='bbox 1738 4949 1876 5003; x_wconf 89' lang='lat' dir='ltr'><strong>Deus</strong></span> 
     </span>
    </p>
   </div>
   <div class='ocr_carea' id='block_1_53' title="bbox 292 5038 1877 5109">
    <p class='ocr_par' dir='ltr' id='par_1_53' title="bbox 292 5038 1877 5109">
     <span class='ocr_line' id='line_1_53' title="bbox 292 5038 1877 5109; baseline -0.001 -15"><span class='ocrx_word' id='word_1_410' title='bbox 292 5041 469 5094; x_wconf 85' lang='lat' dir='ltr'><strong>omnia</strong></span> <span class='ocrx_word' id='word_1_411' title='bbox 499 5040 680 5106; x_wconf 88' lang='lat' dir='ltr'><strong>simul,</strong></span> <span class='ocrx_word' id='word_1_412' title='bbox 706 5040 947 5109; x_wconf 82' lang='lat' dir='ltr'><strong>aquibus</strong></span> <span class='ocrx_word' id='word_1_413' title='bbox 974 5040 1025 5093; x_wconf 93' lang='lat' dir='ltr'><strong>in</strong></span> <span class='ocrx_word' id='word_1_414' title='bbox 1066 5039 1153 5093; x_wconf 91' lang='lat' dir='ltr'><strong>die</strong></span> <span class='ocrx_word' id='word_1_415' title='bbox 1192 5048 1344 5095; x_wconf 80' lang='lat' dir='ltr'><strong>sexto</strong></span> <span class='ocrx_word' id='word_1_416' title='bbox 1376 5038 1756 5093; x_wconf 87' lang='lat' dir='ltr'><strong>consummatis</strong></span> <span class='ocrx_word' id='word_1_417' title='bbox 1792 5054 1877 5093; x_wconf 82' lang='lat' dir='ltr'><strong>re-</strong></span> 
     </span>
    </p>
   </div>
   <div class='ocr_carea' id='block_1_54' title="bbox 282 5129 1872 5203">
    <p class='ocr_par' dir='ltr' id='par_1_54' title="bbox 282 5129 1872 5203">
     <span class='ocr_line' id='line_1_54' title="bbox 282 5129 1872 5203; baseline -0.001 -17"><span class='ocrx_word' id='word_1_418' title='bbox 282 5134 494 5203; x_wconf 88' lang='lat' dir='ltr'><strong>-quievit</strong></span> <span class='ocrx_word' id='word_1_419' title='bbox 518 5132 570 5187; x_wconf 89' lang='lat' dir='ltr'><strong>in</strong></span> <span class='ocrx_word' id='word_1_420' title='bbox 602 5134 860 5203; x_wconf 78' lang='lat' dir='ltr'><strong>septimo,</strong></span> <span class='ocrx_word' id='word_1_421' title='bbox 890 5143 1071 5202; x_wconf 87' lang='lat' dir='ltr'><strong>postea</strong></span> <span class='ocrx_word' id='word_1_422' title='bbox 1112 5130 1497 5186; x_wconf 88' lang='lat' dir='ltr'><strong>consideraturi</strong></span> <span class='ocrx_word' id='word_1_423' title='bbox 1534 5144 1696 5199; x_wconf 91' lang='lat' dir='ltr'><strong>opera</strong></span> <span class='ocrx_word' id='word_1_424' title='bbox 1736 5129 1872 5200; x_wconf 90' lang='lat' dir='ltr'><strong>ejus,</strong></span> 
     </span>
    </p>
   </div>
   <div class='ocr_carea' id='block_1_55' title="bbox 295 5221 1876 5295">
    <p class='ocr_par' dir='ltr' id='par_1_55' title="bbox 295 5221 1876 5295">
     <span class='ocr_line' id='line_1_55' title="bbox 295 5221 1876 5295; baseline -0.003 -15"><span class='ocrx_word' id='word_1_425' title='bbox 295 5225 345 5279; x_wconf 92' lang='lat' dir='ltr'><strong>in</strong></span> <span class='ocrx_word' id='word_1_426' title='bbox 367 5226 563 5295; x_wconf 87' lang='lat' dir='ltr'><strong>quibus</strong></span> <span class='ocrx_word' id='word_1_427' title='bbox 579 5240 749 5295; x_wconf 89' lang='lat' dir='ltr'><strong>usque</strong></span> <span class='ocrx_word' id='word_1_428' title='bbox 774 5238 914 5278; x_wconf 91' lang='lat' dir='ltr'><strong>nunc</strong></span> <span class='ocrx_word' id='word_1_429' title='bbox 941 5233 1213 5294; x_wconf 87' lang='lat' dir='ltr'><strong>operatur.</strong></span> <span class='ocrx_word' id='word_1_430' title='bbox 1237 5221 1352 5293; x_wconf 89' lang='lat' dir='ltr'><strong>Ipse</strong></span> <span class='ocrx_word' id='word_1_431' title='bbox 1388 5223 1528 5277; x_wconf 92' lang='lat' dir='ltr'><strong>enim</strong></span> <span class='ocrx_word' id='word_1_432' title='bbox 1558 5231 1682 5277; x_wconf 89' lang='lat' dir='ltr'><strong>ante</strong></span> <span class='ocrx_word' id='word_1_433' title='bbox 1704 5236 1876 5277; x_wconf 64' lang='lat' dir='ltr'><strong>siccu-</strong></span> 
     </span>
    </p>
   </div>
   <div class='ocr_carea' id='block_1_56' title="bbox 295 5313 1875 5383">
    <p class='ocr_par' dir='ltr' id='par_1_56' title="bbox 295 5313 1875 5383">
     <span class='ocr_line' id='line_1_56' title="bbox 295 5313 1875 5383; baseline -0.003 -12"><span class='ocrx_word' id='word_1_434' title='bbox 295 5318 343 5371; x_wconf 89' lang='lat' dir='ltr'><strong>la</strong></span> <span class='ocrx_word' id='word_1_435' title='bbox 370 5335 384 5370; x_wconf 75' lang='grc' dir='ltr'>ε</span> <span class='ocrx_word' id='word_1_436' title='bbox 412 5333 443 5371; x_wconf 87' lang='lat' dir='ltr'><strong>a</strong></span> <span class='ocrx_word' id='word_1_437' title='bbox 475 5318 672 5373; x_wconf 68' lang='lat' dir='ltr'><strong>smculo</strong></span> <span class='ocrx_word' id='word_1_438' title='bbox 691 5326 868 5371; x_wconf 90' lang='lat' dir='ltr'><strong>autem</strong></span> <span class='ocrx_word' id='word_1_439' title='bbox 900 5331 959 5370; x_wconf 91' lang='lat' dir='ltr'><strong>ea</strong></span> <span class='ocrx_word' id='word_1_440' title='bbox 992 5315 1217 5370; x_wconf 88' lang='lat' dir='ltr'><strong>dicimus</strong></span> <span class='ocrx_word' id='word_1_441' title='bbox 1240 5354 1255 5380; x_wconf 97' lang='lat'><strong>,</strong></span> <span class='ocrx_word' id='word_1_442' title='bbox 1281 5330 1349 5369; x_wconf 78' lang='lat' dir='ltr'><strong>ex</strong></span> <span class='ocrx_word' id='word_1_443' title='bbox 1370 5329 1475 5383; x_wconf 92' lang='lat' dir='ltr'><strong>quo</strong></span> <span class='ocrx_word' id='word_1_444' title='bbox 1502 5313 1664 5383; x_wconf 65' lang='lat' dir='ltr'><strong>coapit</strong></span> <span class='ocrx_word' id='word_1_445' title='bbox 1701 5327 1875 5368; x_wconf 81' lang='lat' dir='ltr'><strong>saecu-</strong></span> 
     </span>
    </p>
   </div>
   <div class='ocr_carea' id='block_1_57' title="bbox 296 5404 1876 5477">
    <p class='ocr_par' dir='ltr' id='par_1_57' title="bbox 296 5404 1876 5477">
     <span class='ocr_line' id='line_1_57' title="bbox 296 5404 1876 5477; baseline -0.001 -16"><span class='ocrx_word' id='word_1_446' title='bbox 296 5407 422 5476; x_wconf 90' lang='lat' dir='ltr'><strong>lum,</strong></span> <span class='ocrx_word' id='word_1_447' title='bbox 454 5409 596 5464; x_wconf 88' lang='lat' dir='ltr'><strong>sicut</strong></span> <span class='ocrx_word' id='word_1_448' title='bbox 624 5408 797 5477; x_wconf 85' lang='lat' dir='ltr'><strong>ipsum</strong></span> <span class='ocrx_word' id='word_1_449' title='bbox 820 5406 1073 5462; x_wconf 85' lang='lat' dir='ltr'><strong>mundum</strong></span> <span class='ocrx_word' id='word_1_450' title='bbox 1097 5423 1114 5473; x_wconf 91' lang='lat'><strong>;</strong></span> <span class='ocrx_word' id='word_1_451' title='bbox 1144 5404 1195 5460; x_wconf 91' lang='lat' dir='ltr'><strong>in</strong></span> <span class='ocrx_word' id='word_1_452' title='bbox 1217 5406 1412 5461; x_wconf 64' lang='lat' dir='ltr'><strong>sarculo</strong></span> <span class='ocrx_word' id='word_1_453' title='bbox 1437 5413 1635 5470; x_wconf 89' lang='lat' dir='ltr'><strong>autem,</strong></span> <span class='ocrx_word' id='word_1_454' title='bbox 1658 5405 1794 5460; x_wconf 89' lang='lat' dir='ltr'><strong>sicut</strong></span> <span class='ocrx_word' id='word_1_455' title='bbox 1812 5420 1876 5459; x_wconf 88' lang='lat' dir='ltr'><strong>ea</strong></span> 
     </span>
    </p>
   </div>
   <div class='ocr_carea' id='block_1_58' title="bbox 295 5497 1873 5571">
    <p class='ocr_par' dir='ltr' id='par_1_58' title="bbox 295 5497 1873 5571">
     <span class='ocr_line' id='line_1_58' title="bbox 295 5497 1873 5571; baseline -0.003 -15"><span class='ocrx_word' id='word_1_456' title='bbox 295 5515 409 5570; x_wconf 70' lang='lat' dir='ltr'><strong>qum</strong></span> <span class='ocrx_word' id='word_1_457' title='bbox 422 5510 721 5556; x_wconf 87' lang='lat' dir='ltr'><strong>nascuntur</strong></span> <span class='ocrx_word' id='word_1_458' title='bbox 737 5502 786 5555; x_wconf 91' lang='lat' dir='ltr'><strong>in</strong></span> <span class='ocrx_word' id='word_1_459' title='bbox 807 5500 1022 5555; x_wconf 88' lang='lat' dir='ltr'><strong>mundo.</strong></span> <span class='ocrx_word' id='word_1_460' title='bbox 1050 5500 1183 5556; x_wconf 86' lang='lat' dir='ltr'><strong>Cum</strong></span> <span class='ocrx_word' id='word_1_461' title='bbox 1208 5514 1335 5571; x_wconf 88' lang='lat' dir='ltr'><strong>ergo</strong></span> <span class='ocrx_word' id='word_1_462' title='bbox 1350 5499 1619 5567; x_wconf 87' lang='lat' dir='ltr'><strong>Scriptura</strong></span> <span class='ocrx_word' id='word_1_463' title='bbox 1634 5497 1873 5561; x_wconf 75' lang='lat' dir='ltr'><strong>dixisset,</strong></span> 
     </span>
    </p>
   </div>
   <div class='ocr_carea' id='block_1_59' title="bbox 300 5588 1877 5665">
    <p class='ocr_par' dir='ltr' id='par_1_59' title="bbox 300 5588 1877 5665">
     <span class='ocr_line' id='line_1_59' title="bbox 300 5588 1877 5665; baseline -0.003 -19"><span class='ocrx_word' id='word_1_464' title='bbox 300 5591 480 5646; x_wconf 85' lang='lat' dir='ltr'><strong>Omnia</strong></span> <span class='ocrx_word' id='word_1_465' title='bbox 506 5609 598 5665; x_wconf 83' lang='lat' dir='ltr'><strong>per</strong></span> <span class='ocrx_word' id='word_1_466' title='bbox 624 5592 791 5663; x_wconf 84' lang='lat' dir='ltr'><strong>ipsum</strong></span> <span class='ocrx_word' id='word_1_467' title='bbox 826 5593 963 5662; x_wconf 80' lang='lat' dir='ltr'><strong>{acta</strong></span> <span class='ocrx_word' id='word_1_468' title='bbox 991 5602 1132 5658; x_wconf 85' lang='lat' dir='ltr'><strong>sunt,</strong></span> <span class='ocrx_word' id='word_1_469' title='bbox 1178 5601 1227 5648; x_wconf 79' lang='lat' dir='ltr'><strong>et</strong></span> <span class='ocrx_word' id='word_1_470' title='bbox 1269 5590 1376 5647; x_wconf 77' lang='lat' dir='ltr'><strong>sine</strong></span> <span class='ocrx_word' id='word_1_471' title='bbox 1417 5589 1525 5663; x_wconf 80' lang='lat' dir='ltr'><strong>ipso</strong></span> <span class='ocrx_word' id='word_1_472' title='bbox 1575 5588 1763 5644; x_wconf 80' lang='lat' dir='ltr'><strong>factum</strong></span> <span class='ocrx_word' id='word_1_473' title='bbox 1804 5596 1877 5642; x_wconf 83' lang='lat' dir='ltr'><strong>est</strong></span> 
     </span>
    </p>
   </div>
   <div class='ocr_carea' id='block_1_60' title="bbox 356 5743 1093 5808">
    <p class='ocr_par' dir='ltr' id='par_1_60' title="bbox 356 5743 1093 5808">
     <span class='ocr_line' id='line_1_60' title="bbox 356 5743 1093 5808; baseline 0 -14"><span class='ocrx_word' id='word_1_474' title='bbox 356 5747 370 5777; x_wconf 80' lang='grc' dir='ltr'><strong>ι</strong></span> <span class='ocrx_word' id='word_1_475' title='bbox 398 5748 504 5794; x_wconf 72' lang='lat' dir='ltr'><strong>uss.</strong></span> <span class='ocrx_word' id='word_1_476' title='bbox 532 5743 640 5795; x_wconf 87' lang='lat' dir='ltr'><strong>fere</strong></span> <span class='ocrx_word' id='word_1_477' title='bbox 663 5757 851 5808; x_wconf 86' lang='lat' dir='ltr'><strong>omnes,</strong></span> <span class='ocrx_word' id='word_1_478' title='bbox 875 5750 1093 5806; x_wconf 74' lang='lat' dir='ltr'><strong>ortuque.</strong></span> 
     </span>
    </p>
   </div>
   <div class='ocr_carea' id='block_1_61' title="bbox 1651 268 2207 340">
    <p class='ocr_par' dir='ltr' id='par_1_61' title="bbox 1651 268 2207 340">
     <span class='ocr_line' id='line_1_61' title="bbox 1651 268 2207 340; baseline 0.005 -11"><span class='ocrx_word' id='word_1_479' title='bbox 1651 272 1853 337; x_wconf 72' lang='lat' dir='ltr'><strong>LIBER</strong></span> <span class='ocrx_word' id='word_1_480' title='bbox 1891 268 2207 340; x_wconf 77' lang='lat' dir='ltr'><strong>QUINTUS.</strong></span> 
     </span>
    </p>
   </div>
   <div class='ocr_carea' id='block_1_62' title="bbox 3458 283 3562 338">
    <p class='ocr_par' dir='ltr' id='par_1_62' title="bbox 3458 283 3562 338">
     <span class='ocr_line' id='line_1_62' title="bbox 3458 283 3562 338; baseline 0 0"><span class='ocrx_word' id='word_1_481' title='bbox 3458 283 3562 338; x_wconf 57' lang='lat'><strong>53$</strong></span> 
     </span>
    </p>
   </div>
   <div class='ocr_carea' id='block_1_63' title="bbox 1985 384 3562 464">
    <p class='ocr_par' dir='ltr' id='par_1_63' title="bbox 1985 384 3562 464">
     <span class='ocr_line' id='line_1_63' title="bbox 1985 384 3562 464; baseline 0.008 -24"><span class='ocrx_word' id='word_1_482' title='bbox 1985 386 2152 452; x_wconf 78' lang='lat' dir='ltr'><strong>nihil;</strong></span> <span class='ocrx_word' id='word_1_483' title='bbox 2179 386 2337 458; x_wconf 87' lang='lat' dir='ltr'><strong>paulo</strong></span> <span class='ocrx_word' id='word_1_484' title='bbox 2361 397 2480 460; x_wconf 87' lang='lat' dir='ltr'><strong>post</strong></span> <span class='ocrx_word' id='word_1_485' title='bbox 2502 388 2594 455; x_wconf 86' lang='lat' dir='ltr'><strong>ait,</strong></span> <span class='ocrx_word' id='word_1_486' title='bbox 2628 384 2693 446; x_wconf 79' lang='lat' dir='ltr'><strong>In</strong></span> <span class='ocrx_word' id='word_1_487' title='bbox 2728 391 2821 447; x_wconf 80' lang='lat' dir='ltr'><strong>hoc</strong></span> <span class='ocrx_word' id='word_1_488' title='bbox 2846 392 3032 448; x_wconf 74' lang='lat' dir='ltr'><strong>mundo</strong></span> <span class='ocrx_word' id='word_1_489' title='bbox 3076 402 3219 464; x_wconf 81' lang='lat' dir='ltr'><strong>erat,</strong></span> <span class='ocrx_word' id='word_1_490' title='bbox 3258 400 3306 451; x_wconf 86' lang='lat' dir='ltr'><strong>et</strong></span> <span class='ocrx_word' id='word_1_491' title='bbox 3344 399 3562 452; x_wconf 79' lang='lat' dir='ltr'><strong>mundus</strong></span> 
     </span>
    </p>
   </div>
   <div class='ocr_carea' id='block_1_64' title="bbox 1988 478 3562 557">
    <p class='ocr_par' dir='ltr' id='par_1_64' title="bbox 1988 478 3562 557">
     <span class='ocr_line' id='line_1_64' title="bbox 1988 478 3562 557; baseline 0.01 -29"><span class='ocrx_word' id='word_1_492' title='bbox 1988 493 2076 546; x_wconf 82' lang='lat' dir='ltr'><strong>per</strong></span> <span class='ocrx_word' id='word_1_493' title='bbox 2099 478 2263 548; x_wconf 85' lang='lat' dir='ltr'><strong>ipsum</strong></span> <span class='ocrx_word' id='word_1_494' title='bbox 2291 480 2456 552; x_wconf 80' lang='lat' dir='ltr'><strong>factus</strong></span> <span class='ocrx_word' id='word_1_495' title='bbox 2484 490 2557 535; x_wconf 87' lang='lat' dir='ltr'><strong>est</strong></span> <span class='ocrx_word' id='word_1_496' title='bbox 2604 478 2779 553; x_wconf 83' lang='grc' dir='ltr'><strong>(Ιοαη.</strong></span> <span class='ocrx_word' id='word_1_497' title='bbox 2822 498 2862 550; x_wconf 89' lang='lat' dir='ltr'><strong>t,</strong></span> <span class='ocrx_word' id='word_1_498' title='bbox 2902 484 2956 549; x_wconf 82' lang='lat'><strong>5,</strong></span> <span class='ocrx_word' id='word_1_499' title='bbox 2983 483 3093 556; x_wconf 87' lang='lat' dir='ltr'><strong>I0).</strong></span> <span class='ocrx_word' id='word_1_500' title='bbox 3133 485 3209 543; x_wconf 91' lang='lat' dir='ltr'><strong>De</strong></span> <span class='ocrx_word' id='word_1_501' title='bbox 3259 486 3359 542; x_wconf 84' lang='lat' dir='ltr'><strong>hoc</strong></span> <span class='ocrx_word' id='word_1_502' title='bbox 3401 504 3562 557; x_wconf 86' lang='lat' dir='ltr'><strong>opere</strong></span> 
     </span>
    </p>
   </div>
   <div class='ocr_carea' id='block_1_65' title="bbox 1988 566 3563 648">
    <p class='ocr_par' dir='ltr' id='par_1_65' title="bbox 1988 566 3563 648">
     <span class='ocr_line' id='line_1_65' title="bbox 1988 566 3563 648; baseline 0.008 -28"><span class='ocrx_word' id='word_1_503' title='bbox 1988 566 2083 621; x_wconf 89' lang='lat' dir='ltr'><strong>Dei</strong></span> <span class='ocrx_word' id='word_1_504' title='bbox 2112 569 2214 622; x_wconf 85' lang='lat' dir='ltr'><strong>alio</strong></span> <span class='ocrx_word' id='word_1_505' title='bbox 2239 569 2356 624; x_wconf 92' lang='lat' dir='ltr'><strong>loco</strong></span> <span class='ocrx_word' id='word_1_506' title='bbox 2376 570 2629 641; x_wconf 87' lang='lat' dir='ltr'><strong>scriptum</strong></span> <span class='ocrx_word' id='word_1_507' title='bbox 2655 581 2767 628; x_wconf 89' lang='lat' dir='ltr'><strong>est:</strong></span> <span class='ocrx_word' id='word_1_508' title='bbox 2794 572 2894 640; x_wconf 84' lang='lat' dir='ltr'><strong>Qui</strong></span> <span class='ocrx_word' id='word_1_509' title='bbox 2917 574 3078 648; x_wconf 81' lang='lat' dir='ltr'><strong>fecisti</strong></span> <span class='ocrx_word' id='word_1_510' title='bbox 3102 576 3346 632; x_wconf 85' lang='lat' dir='ltr'><strong>mundum</strong></span> <span class='ocrx_word' id='word_1_511' title='bbox 3365 577 3427 632; x_wconf 84' lang='lat' dir='ltr'><strong>de</strong></span> <span class='ocrx_word' id='word_1_512' title='bbox 3452 595 3563 632; x_wconf 84' lang='lat' dir='ltr'><strong>ma-</strong></span> 
     </span>
    </p>
   </div>
   <div class='ocr_carea' id='block_1_66' title="bbox 1989 658 3561 739">
    <p class='ocr_par' dir='ltr' id='par_1_66' title="bbox 1989 658 3561 739">
     <span class='ocr_line' id='line_1_66' title="bbox 1989 658 3561 739; baseline 0.011 -31"><span class='ocrx_word' id='word_1_513' title='bbox 1989 658 2113 711; x_wconf 85' lang='lat' dir='ltr'><strong>teria</strong></span> <span class='ocrx_word' id='word_1_514' title='bbox 2135 660 2341 731; x_wconf 78' lang='lat' dir='ltr'><strong>informi</strong></span> <span class='ocrx_word' id='word_1_515' title='bbox 2390 661 2542 733; x_wconf 88' lang='lat' dir='ltr'><strong>(Sap.</strong></span> <span class='ocrx_word' id='word_1_516' title='bbox 2572 679 2642 727; x_wconf 71' lang='grc' dir='ltr'><strong>ιι,</strong></span> <span class='ocrx_word' id='word_1_517' title='bbox 2676 664 2783 735; x_wconf 88' lang='grc'><strong>18).</strong></span> <span class='ocrx_word' id='word_1_518' title='bbox 2832 665 2929 720; x_wconf 81' lang='lat' dir='ltr'><strong>Hic</strong></span> <span class='ocrx_word' id='word_1_519' title='bbox 2972 667 3202 723; x_wconf 85' lang='lat' dir='ltr'><strong>mundus</strong></span> <span class='ocrx_word' id='word_1_520' title='bbox 3254 669 3561 739; x_wconf 84' lang='lat' dir='ltr'><strong>plerumque</strong></span> 
     </span>
    </p>
   </div>
   <div class='ocr_carea' id='block_1_67' title="bbox 1987 751 3560 830">
    <p class='ocr_par' dir='ltr' id='par_1_67' title="bbox 1987 751 3560 830">
     <span class='ocr_line' id='line_1_67' title="bbox 1987 751 3560 830; baseline 0.01 -29"><span class='ocrx_word' id='word_1_521' title='bbox 1987 751 2107 803; x_wconf 66' lang='lat' dir='ltr'><strong>coeli</strong></span> <span class='ocrx_word' id='word_1_522' title='bbox 2130 760 2182 804; x_wconf 84' lang='lat' dir='ltr'><strong>et</strong></span> <span class='ocrx_word' id='word_1_523' title='bbox 2204 761 2359 806; x_wconf 74' lang='lat' dir='ltr'><strong>terrat-</strong></span> <span class='ocrx_word' id='word_1_524' title='bbox 2387 756 2600 810; x_wconf 88' lang='lat' dir='ltr'><strong>nomine</strong></span> <span class='ocrx_word' id='word_1_525' title='bbox 2625 766 2973 829; x_wconf 88' lang='lat' dir='ltr'><strong>nuncupatur,</strong></span> <span class='ocrx_word' id='word_1_526' title='bbox 3011 761 3143 814; x_wconf 92' lang='lat' dir='ltr'><strong>sicut</strong></span> <span class='ocrx_word' id='word_1_527' title='bbox 3169 760 3278 830; x_wconf 90' lang='lat' dir='ltr'><strong>jam</strong></span> <span class='ocrx_word' id='word_1_528' title='bbox 3322 776 3560 818; x_wconf 86' lang='lat' dir='ltr'><strong>comme-</strong></span> 
     </span>
    </p>
   </div>
   <div class='ocr_carea' id='block_1_68' title="bbox 1988 840 3559 915">
    <p class='ocr_par' dir='ltr' id='par_1_68' title="bbox 1988 840 3559 915">
     <span class='ocr_line' id='line_1_68' title="bbox 1988 840 3559 915; baseline 0.011 -25"><span class='ocrx_word' id='word_1_529' title='bbox 1988 840 2331 907; x_wconf 87' lang='lat' dir='ltr'><strong>moravimus,</strong></span> <span class='ocrx_word' id='word_1_530' title='bbox 2364 858 2483 912; x_wconf 73' lang='lat' dir='ltr'><strong>qua:</strong></span> <span class='ocrx_word' id='word_1_531' title='bbox 2509 843 2781 915; x_wconf 86' lang='lat' dir='ltr'><strong>Scriptura</strong></span> <span class='ocrx_word' id='word_1_532' title='bbox 2822 846 2952 903; x_wconf 88' lang='lat' dir='ltr'><strong>dicit</strong></span> <span class='ocrx_word' id='word_1_533' title='bbox 2989 849 3153 904; x_wconf 89' lang='lat' dir='ltr'><strong>Deum</strong></span> <span class='ocrx_word' id='word_1_534' title='bbox 3189 848 3397 915; x_wconf 86' lang='lat' dir='ltr'><strong>fecisse,</strong></span> <span class='ocrx_word' id='word_1_535' title='bbox 3438 867 3559 907; x_wconf 92' lang='lat' dir='ltr'><strong>cum</strong></span> 
     </span>
    </p>
   </div>
   <div class='ocr_carea' id='block_1_69' title="bbox 1987 930 3559 1010">
    <p class='ocr_par' dir='ltr' id='par_1_69' title="bbox 1987 930 3559 1010">
     <span class='ocr_line' id='line_1_69' title="bbox 1987 930 3559 1010; baseline 0.009 -28"><span class='ocrx_word' id='word_1_536' title='bbox 1987 930 2153 984; x_wconf 87' lang='lat' dir='ltr'><strong>factus</strong></span> <span class='ocrx_word' id='word_1_537' title='bbox 2175 940 2256 985; x_wconf 93' lang='lat' dir='ltr'><strong>est</strong></span> <span class='ocrx_word' id='word_1_538' title='bbox 2282 932 2393 986; x_wconf 85' lang='lat' dir='ltr'><strong>dies</strong></span> <span class='ocrx_word' id='word_1_539' title='bbox 2415 948 2430 985; x_wconf 92' lang='lat'><strong>:</strong></span> <span class='ocrx_word' id='word_1_540' title='bbox 2460 933 2527 990; x_wconf 84' lang='lat' dir='ltr'><strong>de</strong></span> <span class='ocrx_word' id='word_1_541' title='bbox 2550 937 2741 1005; x_wconf 90' lang='lat' dir='ltr'><strong>quibus</strong></span> <span class='ocrx_word' id='word_1_542' title='bbox 2764 938 2938 992; x_wconf 83' lang='lat' dir='ltr'><strong>verbis</strong></span> <span class='ocrx_word' id='word_1_543' title='bbox 2961 939 3093 1009; x_wconf 88' lang='lat' dir='ltr'><strong>jam,</strong></span> <span class='ocrx_word' id='word_1_544' title='bbox 3115 950 3366 1010; x_wconf 88' lang='lat' dir='ltr'><strong>quantum</strong></span> <span class='ocrx_word' id='word_1_545' title='bbox 3390 941 3559 997; x_wconf 82' lang='lat' dir='ltr'><strong>visum</strong></span> 
     </span>
    </p>
   </div>
   <div class='ocr_carea' id='block_1_70' title="bbox 1986 1022 3559 1101">
    <p class='ocr_par' dir='ltr' id='par_1_70' title="bbox 1986 1022 3559 1101">
     <span class='ocr_line' id='line_1_70' title="bbox 1986 1022 3559 1101; baseline 0.008 -27"><span class='ocrx_word' id='word_1_546' title='bbox 1986 1030 2085 1088; x_wconf 87' lang='lat' dir='ltr'><strong>est,</strong></span> <span class='ocrx_word' id='word_1_547' title='bbox 2117 1022 2525 1094; x_wconf 83' lang='lat' dir='ltr'><strong>diSputavimus,</strong></span> <span class='ocrx_word' id='word_1_548' title='bbox 2557 1029 3000 1098; x_wconf 89' lang='lat' dir='ltr'><strong>quemadmodum</strong></span> <span class='ocrx_word' id='word_1_549' title='bbox 3024 1041 3279 1101; x_wconf 83' lang='lat' dir='ltr'><strong>congruat</strong></span> <span class='ocrx_word' id='word_1_550' title='bbox 3297 1032 3559 1087; x_wconf 85' lang='lat' dir='ltr'><strong>conditio-</strong></span> 
     </span>
    </p>
   </div>
   <div class='ocr_carea' id='block_1_71' title="bbox 1984 1112 3562 1188">
    <p class='ocr_par' dir='ltr' id='par_1_71' title="bbox 1984 1112 3562 1188">
     <span class='ocr_line' id='line_1_71' title="bbox 1984 1112 3562 1188; baseline 0.01 -23"><span class='ocrx_word' id='word_1_551' title='bbox 1984 1112 2040 1166; x_wconf 90' lang='lat' dir='ltr'><strong>ni</strong></span> <span class='ocrx_word' id='word_1_552' title='bbox 2082 1114 2264 1169; x_wconf 93' lang='lat' dir='ltr'><strong>mundi</strong></span> <span class='ocrx_word' id='word_1_553' title='bbox 2306 1114 2485 1185; x_wconf 82' lang='lat' dir='ltr'><strong>hujus,</strong></span> <span class='ocrx_word' id='word_1_554' title='bbox 2514 1128 2569 1172; x_wconf 88' lang='lat' dir='ltr'><strong>et</strong></span> <span class='ocrx_word' id='word_1_555' title='bbox 2604 1120 2743 1188; x_wconf 91' lang='lat' dir='ltr'><strong>quod</strong></span> <span class='ocrx_word' id='word_1_556' title='bbox 2793 1136 2888 1176; x_wconf 80' lang='lat' dir='ltr'><strong>sex</strong></span> <span class='ocrx_word' id='word_1_557' title='bbox 2934 1120 3120 1178; x_wconf 90' lang='lat' dir='ltr'><strong>diebus</strong></span> <span class='ocrx_word' id='word_1_558' title='bbox 3166 1137 3562 1181; x_wconf 86' lang='lat' dir='ltr'><strong>consummatus</strong></span> 
     </span>
    </p>
   </div>
   <div class='ocr_carea' id='block_1_72' title="bbox 1983 1206 3559 1284">
    <p class='ocr_par' dir='ltr' id='par_1_72' title="bbox 1983 1206 3559 1284">
     <span class='ocr_line' id='line_1_72' title="bbox 1983 1206 3559 1284; baseline 0.008 -27"><span class='ocrx_word' id='word_1_559' title='bbox 1983 1210 2067 1257; x_wconf 92' lang='lat' dir='ltr'><strong>est</strong></span> <span class='ocrx_word' id='word_1_560' title='bbox 2087 1218 2207 1257; x_wconf 93' lang='lat' dir='ltr'><strong>cum</strong></span> <span class='ocrx_word' id='word_1_561' title='bbox 2232 1206 2481 1267; x_wconf 91' lang='lat' dir='ltr'><strong>omnibus</strong></span> <span class='ocrx_word' id='word_1_562' title='bbox 2511 1224 2628 1277; x_wconf 75' lang='lat' dir='ltr'><strong>qum</strong></span> <span class='ocrx_word' id='word_1_563' title='bbox 2657 1209 2708 1263; x_wconf 93' lang='lat' dir='ltr'><strong>in</strong></span> <span class='ocrx_word' id='word_1_564' title='bbox 2730 1225 2793 1265; x_wconf 93' lang='lat' dir='ltr'><strong>eo</strong></span> <span class='ocrx_word' id='word_1_565' title='bbox 2814 1220 2958 1277; x_wconf 92' lang='lat' dir='ltr'><strong>sunt,</strong></span> <span class='ocrx_word' id='word_1_566' title='bbox 2987 1221 3039 1267; x_wconf 89' lang='lat' dir='ltr'><strong>et</strong></span> <span class='ocrx_word' id='word_1_567' title='bbox 3060 1212 3202 1284; x_wconf 89' lang='lat' dir='ltr'><strong>quod</strong></span> <span class='ocrx_word' id='word_1_568' title='bbox 3223 1222 3347 1269; x_wconf 89' lang='lat' dir='ltr'><strong>tunc</strong></span> <span class='ocrx_word' id='word_1_569' title='bbox 3372 1216 3559 1280; x_wconf 83' lang='lat' dir='ltr'><strong>factus,</strong></span> 
     </span>
    </p>
   </div>
   <div class='ocr_carea' id='block_1_73' title="bbox 1983 1293 3562 1377">
    <p class='ocr_par' dir='ltr' id='par_1_73' title="bbox 1983 1293 3562 1377">
     <span class='ocr_line' id='line_1_73' title="bbox 1983 1293 3562 1377; baseline 0.009 -29"><span class='ocrx_word' id='word_1_570' title='bbox 1983 1307 2105 1348; x_wconf 91' lang='lat' dir='ltr'><strong>cum</strong></span> <span class='ocrx_word' id='word_1_571' title='bbox 2134 1293 2303 1351; x_wconf 83' lang='lat' dir='ltr'><strong>iactus</strong></span> <span class='ocrx_word' id='word_1_572' title='bbox 2327 1306 2409 1350; x_wconf 91' lang='lat' dir='ltr'><strong>est</strong></span> <span class='ocrx_word' id='word_1_573' title='bbox 2434 1297 2571 1364; x_wconf 89' lang='lat' dir='ltr'><strong>dies,</strong></span> <span class='ocrx_word' id='word_1_574' title='bbox 2598 1308 2655 1353; x_wconf 93' lang='lat' dir='ltr'><strong>ut</strong></span> <span class='ocrx_word' id='word_1_575' title='bbox 2681 1308 2737 1354; x_wconf 91' lang='lat' dir='ltr'><strong>et</strong></span> <span class='ocrx_word' id='word_1_576' title='bbox 2763 1301 2888 1357; x_wconf 89' lang='lat' dir='ltr'><strong>illud</strong></span> <span class='ocrx_word' id='word_1_577' title='bbox 2912 1313 3168 1373; x_wconf 78' lang='lat' dir='ltr'><strong>congruat</strong></span> <span class='ocrx_word' id='word_1_578' title='bbox 3195 1304 3335 1377; x_wconf 89' lang='lat' dir='ltr'><strong>quod</strong></span> <span class='ocrx_word' id='word_1_579' title='bbox 3360 1308 3562 1363; x_wconf 81' lang='lat' dir='ltr'><strong>creavit</strong></span> 
     </span>
    </p>
   </div>
   <div class='ocr_carea' id='block_1_74' title="bbox 1983 1384 2832 1462">
    <p class='ocr_par' dir='ltr' id='par_1_74' title="bbox 1983 1384 2832 1462">
     <span class='ocr_line' id='line_1_74' title="bbox 1983 1384 2832 1462; baseline 0.012 -25"><span class='ocrx_word' id='word_1_580' title='bbox 1983 1384 2161 1440; x_wconf 86' lang='lat' dir='ltr'><strong>omnia</strong></span> <span class='ocrx_word' id='word_1_581' title='bbox 2190 1386 2346 1442; x_wconf 87' lang='lat' dir='ltr'><strong>simul</strong></span> <span class='ocrx_word' id='word_1_582' title='bbox 2371 1388 2560 1458; x_wconf 85' lang='lat' dir='ltr'><strong>(Eccti.</strong></span> <span class='ocrx_word' id='word_1_583' title='bbox 2583 1407 2729 1446; x_wconf 79' lang='lat' dir='ltr'><strong>xvut.</strong></span> <span class='ocrx_word' id='word_1_584' title='bbox 2755 1392 2832 1462; x_wconf 82' lang='lat' dir='ltr'><strong>I).</strong></span> 
     </span>
    </p>
   </div>
   <div class='ocr_carea' id='block_1_75' title="bbox 1984 1476 3563 1560">
    <p class='ocr_par' dir='ltr' id='par_1_75' title="bbox 1984 1476 3563 1560">
     <span class='ocr_line' id='line_1_75' title="bbox 1984 1476 3563 1560; baseline 0.009 -29"><span class='ocrx_word' id='word_1_585' title='bbox 1984 1476 2211 1533; x_wconf 80' lang='lat' dir='ltr'><strong>CAPUT</strong></span> <span class='ocrx_word' id='word_1_586' title='bbox 2250 1480 2433 1535; x_wconf 81' lang='lat' dir='ltr'><strong>XVIII.</strong></span> <span class='ocrx_word' id='word_1_587' title='bbox 2470 1511 2545 1523; x_wconf 93' lang='lat'><strong><em>—</em></strong></span> <span class='ocrx_word' id='word_1_588' title='bbox 2580 1482 2835 1538; x_wconf 73' lang='lat' dir='ltr'><strong>Creatura:</strong></span> <span class='ocrx_word' id='word_1_589' title='bbox 2857 1485 3027 1557; x_wconf 81' lang='lat' dir='ltr'><strong>plures</strong></span> <span class='ocrx_word' id='word_1_590' title='bbox 3046 1487 3185 1543; x_wconf 86' lang='lat' dir='ltr'><strong>nobis</strong></span> <span class='ocrx_word' id='word_1_591' title='bbox 3204 1488 3407 1560; x_wconf 69' lang='lat' dir='ltr'><strong>ignotaz.</strong></span> <span class='ocrx_word' id='word_1_592' title='bbox 3448 1492 3563 1557; x_wconf 75' lang='lat' dir='ltr'><strong>Qua</strong></span> 
     </span>
    </p>
   </div>
   <div class='ocr_carea' id='block_1_76' title="bbox 2054 1571 3563 1653">
    <p class='ocr_par' dir='ltr' id='par_1_76' title="bbox 2054 1571 3563 1653">
     <span class='ocr_line' id='line_1_76' title="bbox 2054 1571 3563 1653; baseline 0.01 -29"><span class='ocrx_word' id='word_1_593' title='bbox 2054 1571 2247 1625; x_wconf 84' lang='lat' dir='ltr'><strong>ratione</strong></span> <span class='ocrx_word' id='word_1_594' title='bbox 2265 1588 2297 1624; x_wconf 88' lang='lat' dir='ltr'><strong>a</strong></span> <span class='ocrx_word' id='word_1_595' title='bbox 2323 1571 2429 1627; x_wconf 86' lang='lat' dir='ltr'><strong>Deo</strong></span> <span class='ocrx_word' id='word_1_596' title='bbox 2456 1584 2504 1629; x_wconf 87' lang='lat' dir='ltr'><strong>et</strong></span> <span class='ocrx_word' id='word_1_597' title='bbox 2531 1572 2594 1628; x_wconf 83' lang='lat' dir='ltr'><strong>ab</strong></span> <span class='ocrx_word' id='word_1_598' title='bbox 2618 1575 2823 1647; x_wconf 74' lang='lat' dir='ltr'><strong>Angelis</strong></span> <span class='ocrx_word' id='word_1_599' title='bbox 2850 1590 3139 1635; x_wconf 79' lang='lat' dir='ltr'><strong>noscuntur.</strong></span> <span class='ocrx_word' id='word_1_600' title='bbox 3171 1580 3398 1653; x_wconf 84' lang='lat' dir='ltr'><strong>Cognitio</strong></span> <span class='ocrx_word' id='word_1_601' title='bbox 3449 1603 3563 1639; x_wconf 84' lang='lat' dir='ltr'><strong>ma-</strong></span> 
     </span>
    </p>
   </div>
   <div class='ocr_carea' id='block_1_77' title="bbox 2056 1663 2613 1734">
    <p class='ocr_par' dir='ltr' id='par_1_77' title="bbox 2056 1663 2613 1734">
     <span class='ocr_line' id='line_1_77' title="bbox 2056 1663 2613 1734; baseline 0.013 -21"><span class='ocrx_word' id='word_1_602' title='bbox 2056 1663 2215 1715; x_wconf 81' lang='lat' dir='ltr'><strong>tutina</strong></span> <span class='ocrx_word' id='word_1_603' title='bbox 2239 1671 2283 1715; x_wconf 87' lang='lat' dir='ltr'><strong>et</strong></span> <span class='ocrx_word' id='word_1_604' title='bbox 2315 1665 2613 1734; x_wconf 82' lang='lat' dir='ltr'><strong>vespertina.</strong></span> 
     </span>
    </p>
   </div>
   <div class='ocr_carea' id='block_1_78' title="bbox 2056 1749 3565 1821">
    <p class='ocr_par' dir='ltr' id='par_1_78' title="bbox 2056 1749 3565 1821">
     <span class='ocr_line' id='line_1_78' title="bbox 2056 1749 3565 1821; baseline 0.013 -18"><span class='ocrx_word' id='word_1_605' title='bbox 2056 1749 2146 1803; x_wconf 81' lang='lat'><strong>&#39;56.</strong></span> <span class='ocrx_word' id='word_1_606' title='bbox 2189 1751 2353 1821; x_wconf 86' lang='lat' dir='ltr'><strong>Ilujus</strong></span> <span class='ocrx_word' id='word_1_607' title='bbox 2382 1754 2645 1811; x_wconf 72' lang='lat' dir='ltr'><strong>universa:</strong></span> <span class='ocrx_word' id='word_1_608' title='bbox 2683 1756 2777 1812; x_wconf 89' lang='lat' dir='ltr'><strong>Dei</strong></span> <span class='ocrx_word' id='word_1_609' title='bbox 2813 1768 3068 1815; x_wconf 73' lang='lat' dir='ltr'><strong>creatura:</strong></span> <span class='ocrx_word' id='word_1_610' title='bbox 3100 1762 3261 1816; x_wconf 82' lang='lat' dir='ltr'><strong>multa</strong></span> <span class='ocrx_word' id='word_1_611' title='bbox 3286 1781 3389 1818; x_wconf 90' lang='lat' dir='ltr'><strong>non</strong></span> <span class='ocrx_word' id='word_1_612' title='bbox 3416 1766 3565 1821; x_wconf 87' lang='lat' dir='ltr'><strong>novi-</strong></span> 
     </span>
    </p>
   </div>
   <div class='ocr_carea' id='block_1_79' title="bbox 1988 1840 3565 1920">
    <p class='ocr_par' dir='ltr' id='par_1_79' title="bbox 1988 1840 3565 1920">
     <span class='ocr_line' id='line_1_79' title="bbox 1988 1840 3565 1920; baseline 0.013 -31"><span class='ocrx_word' id='word_1_613' title='bbox 1988 1853 2128 1899; x_wconf 83' lang='lat' dir='ltr'><strong>mus.</strong></span> <span class='ocrx_word' id='word_1_614' title='bbox 2161 1840 2273 1895; x_wconf 86' lang='lat' dir='ltr'><strong>sive</strong></span> <span class='ocrx_word' id='word_1_615' title='bbox 2299 1857 2420 1910; x_wconf 75' lang='lat' dir='ltr'><strong>qua:</strong></span> <span class='ocrx_word' id='word_1_616' title='bbox 2452 1844 2502 1897; x_wconf 92' lang='lat' dir='ltr'><strong>in</strong></span> <span class='ocrx_word' id='word_1_617' title='bbox 2527 1845 2677 1898; x_wconf 76' lang='lat' dir='ltr'><strong>cmlis</strong></span> <span class='ocrx_word' id='word_1_618' title='bbox 2702 1855 2827 1901; x_wconf 93' lang='lat' dir='ltr'><strong>sunt</strong></span> <span class='ocrx_word' id='word_1_619' title='bbox 2849 1848 3023 1913; x_wconf 89' lang='lat' dir='ltr'><strong>altius,</strong></span> <span class='ocrx_word' id='word_1_620' title='bbox 3068 1864 3226 1920; x_wconf 90' lang='lat' dir='ltr'><strong>quam</strong></span> <span class='ocrx_word' id='word_1_621' title='bbox 3281 1862 3336 1906; x_wconf 94' lang='lat' dir='ltr'><strong>ut</strong></span> <span class='ocrx_word' id='word_1_622' title='bbox 3380 1866 3565 1909; x_wconf 85' lang='lat' dir='ltr'><strong>noster</strong></span> 
     </span>
    </p>
   </div>
   <div class='ocr_carea' id='block_1_80' title="bbox 1986 1936 3566 2014">
    <p class='ocr_par' dir='ltr' id='par_1_80' title="bbox 1986 1936 3566 2014">
     <span class='ocr_line' id='line_1_80' title="bbox 1986 1936 3566 2014; baseline 0.011 -29"><span class='ocrx_word' id='word_1_623' title='bbox 1986 1947 2174 1987; x_wconf 90' lang='lat' dir='ltr'><strong>sensus</strong></span> <span class='ocrx_word' id='word_1_624' title='bbox 2203 1949 2264 1989; x_wconf 87' lang='lat' dir='ltr'><strong>ea</strong></span> <span class='ocrx_word' id='word_1_625' title='bbox 2286 1936 2453 2003; x_wconf 89' lang='lat' dir='ltr'><strong>possit</strong></span> <span class='ocrx_word' id='word_1_626' title='bbox 2499 1940 2799 2008; x_wconf 80' lang='lat' dir='ltr'><strong>attingere;</strong></span> <span class='ocrx_word' id='word_1_627' title='bbox 2842 1940 2956 1996; x_wconf 85' lang='lat' dir='ltr'><strong>sive</strong></span> <span class='ocrx_word' id='word_1_628' title='bbox 2999 1957 3117 2013; x_wconf 73' lang='lat' dir='ltr'><strong>quze</strong></span> <span class='ocrx_word' id='word_1_629' title='bbox 3161 1944 3211 1997; x_wconf 92' lang='lat' dir='ltr'><strong>iu</strong></span> <span class='ocrx_word' id='word_1_630' title='bbox 3261 1946 3566 2014; x_wconf 81' lang='lat' dir='ltr'><strong>regionibus</strong></span> 
     </span>
    </p>
   </div>
   <div class='ocr_carea' id='block_1_81' title="bbox 1987 2024 3565 2105">
    <p class='ocr_par' dir='ltr' id='par_1_81' title="bbox 1987 2024 3565 2105">
     <span class='ocr_line' id='line_1_81' title="bbox 1987 2024 3565 2105; baseline 0.01 -29"><span class='ocrx_word' id='word_1_631' title='bbox 1987 2030 2247 2078; x_wconf 89' lang='lat' dir='ltr'><strong>terrarum</strong></span> <span class='ocrx_word' id='word_1_632' title='bbox 2280 2024 2523 2082; x_wconf 76' lang='lat' dir='ltr'><strong>fortassis</strong></span> <span class='ocrx_word' id='word_1_633' title='bbox 2550 2030 2978 2086; x_wconf 83' lang='lat' dir='ltr'><strong>inhabitabilibus</strong></span> <span class='ocrx_word' id='word_1_634' title='bbox 2999 2049 3013 2098; x_wconf 91' lang='lat'><strong>;</strong></span> <span class='ocrx_word' id='word_1_635' title='bbox 3036 2034 3149 2089; x_wconf 85' lang='lat' dir='ltr'><strong>sive</strong></span> <span class='ocrx_word' id='word_1_636' title='bbox 3174 2050 3290 2105; x_wconf 72' lang='lat' dir='ltr'><strong>qum</strong></span> <span class='ocrx_word' id='word_1_637' title='bbox 3316 2036 3565 2092; x_wconf 88' lang='lat' dir='ltr'><strong>deorsum</strong></span> 
     </span>
    </p>
   </div>
   <div class='ocr_carea' id='block_1_82' title="bbox 1986 2113 3567 2192">
    <p class='ocr_par' dir='ltr' id='par_1_82' title="bbox 1986 2113 3567 2192">
     <span class='ocr_line' id='line_1_82' title="bbox 1986 2113 3567 2192; baseline 0.012 -25"><span class='ocrx_word' id='word_1_638' title='bbox 1986 2113 2183 2182; x_wconf 84' lang='lat' dir='ltr'><strong>lateat,</strong></span> <span class='ocrx_word' id='word_1_639' title='bbox 2213 2115 2297 2170; x_wconf 88' lang='lat' dir='ltr'><strong>vel</strong></span> <span class='ocrx_word' id='word_1_640' title='bbox 2324 2116 2375 2170; x_wconf 93' lang='lat' dir='ltr'><strong>in</strong></span> <span class='ocrx_word' id='word_1_641' title='bbox 2409 2119 2669 2187; x_wconf 83' lang='lat' dir='ltr'><strong>proinndo</strong></span> <span class='ocrx_word' id='word_1_642' title='bbox 2697 2120 2895 2192; x_wconf 82' lang='lat' dir='ltr'><strong>abyssi,</strong></span> <span class='ocrx_word' id='word_1_643' title='bbox 2929 2124 3010 2178; x_wconf 89' lang='lat' dir='ltr'><strong>vel</strong></span> <span class='ocrx_word' id='word_1_644' title='bbox 3038 2123 3089 2178; x_wconf 87' lang='lat' dir='ltr'><strong>in</strong></span> <span class='ocrx_word' id='word_1_645' title='bbox 3117 2125 3343 2179; x_wconf 86' lang='lat' dir='ltr'><strong>occultis</strong></span> <span class='ocrx_word' id='word_1_646' title='bbox 3362 2126 3567 2186; x_wconf 84' lang='lat' dir='ltr'><strong>sinibutl</strong></span> 
     </span>
    </p>
   </div>
   <div class='ocr_carea' id='block_1_83' title="bbox 1988 2207 3564 2285">
    <p class='ocr_par' dir='ltr' id='par_1_83' title="bbox 1988 2207 3564 2285">
     <span class='ocr_line' id='line_1_83' title="bbox 1988 2207 3564 2285; baseline 0.006 -25"><span class='ocrx_word' id='word_1_647' title='bbox 1988 2214 2165 2261; x_wconf 69' lang='lat' dir='ltr'><strong>terrm.</strong></span> <span class='ocrx_word' id='word_1_648' title='bbox 2190 2207 2314 2263; x_wconf 76' lang='lat' dir='ltr'><strong>llaec</strong></span> <span class='ocrx_word' id='word_1_649' title='bbox 2336 2209 2492 2279; x_wconf 78' lang='lat' dir='ltr'><strong>igitur</strong></span> <span class='ocrx_word' id='word_1_650' title='bbox 2514 2222 2794 2280; x_wconf 88' lang='lat' dir='ltr'><strong>antequam</strong></span> <span class='ocrx_word' id='word_1_651' title='bbox 2826 2212 3033 2279; x_wconf 82' lang='lat' dir='ltr'><strong>tierent,</strong></span> <span class='ocrx_word' id='word_1_652' title='bbox 3058 2215 3238 2285; x_wconf 91' lang='lat' dir='ltr'><strong>utique</strong></span> <span class='ocrx_word' id='word_1_653' title='bbox 3265 2231 3367 2270; x_wconf 90' lang='lat' dir='ltr'><strong>non</strong></span> <span class='ocrx_word' id='word_1_654' title='bbox 3392 2228 3564 2271; x_wconf 88' lang='lat' dir='ltr'><strong>erant.</strong></span> 
     </span>
    </p>
   </div>
   <div class='ocr_carea' id='block_1_84' title="bbox 1988 2297 3610 2373">
    <p class='ocr_par' dir='ltr' id='par_1_84' title="bbox 1988 2297 3610 2373">
     <span class='ocr_line' id='line_1_84' title="bbox 1988 2297 3610 2373; baseline 0.008 -22"><span class='ocrx_word' id='word_1_655' title='bbox 1988 2297 2268 2363; x_wconf 86' lang='lat' dir='ltr'><strong>Quomodo</strong></span> <span class='ocrx_word' id='word_1_656' title='bbox 2302 2315 2438 2370; x_wconf 88' lang='lat' dir='ltr'><strong>ergo</strong></span> <span class='ocrx_word' id='word_1_657' title='bbox 2480 2301 2590 2355; x_wconf 88' lang='lat' dir='ltr'><strong>Deo</strong></span> <span class='ocrx_word' id='word_1_658' title='bbox 2630 2310 2755 2357; x_wconf 86' lang='lat' dir='ltr'><strong>nota</strong></span> <span class='ocrx_word' id='word_1_659' title='bbox 2777 2312 2930 2358; x_wconf 90' lang='lat' dir='ltr'><strong>erant</strong></span> <span class='ocrx_word' id='word_1_660' title='bbox 2974 2321 3093 2373; x_wconf 76' lang='lat' dir='ltr'><strong>qua:</strong></span> <span class='ocrx_word' id='word_1_661' title='bbox 3139 2320 3243 2361; x_wconf 88' lang='lat' dir='ltr'><strong>non</strong></span> <span class='ocrx_word' id='word_1_662' title='bbox 3286 2308 3473 2362; x_wconf 87' lang='lat' dir='ltr'><strong>erant?</strong></span> <span class='ocrx_word' id='word_1_663' title='bbox 3501 2308 3569 2364; x_wconf 86' lang='lat' dir='ltr'><strong>Et</strong></span> <span class='ocrx_word' id='word_1_664' title='bbox 3604 2305 3610 2311; x_wconf 74' lang='grc'><strong>’</strong></span> 
     </span>
    </p>
   </div>
   <div class='ocr_carea' id='block_1_85' title="bbox 1989 2391 3568 2464">
    <p class='ocr_par' dir='ltr' id='par_1_85' title="bbox 1989 2391 3568 2464">
     <span class='ocr_line' id='line_1_85' title="bbox 1989 2391 3568 2464; baseline 0.008 -23"><span class='ocrx_word' id='word_1_665' title='bbox 1989 2402 2173 2443; x_wconf 88' lang='lat' dir='ltr'><strong>rursus</strong></span> <span class='ocrx_word' id='word_1_666' title='bbox 2197 2391 2461 2459; x_wconf 91' lang='lat' dir='ltr'><strong>quomodo</strong></span> <span class='ocrx_word' id='word_1_667' title='bbox 2485 2405 2551 2446; x_wconf 88' lang='lat' dir='ltr'><strong>ea</strong></span> <span class='ocrx_word' id='word_1_668' title='bbox 2584 2391 2780 2447; x_wconf 82' lang='lat' dir='ltr'><strong>faceret</strong></span> <span class='ocrx_word' id='word_1_669' title='bbox 2809 2410 2927 2464; x_wconf 62' lang='lat' dir='ltr'><strong>quae</strong></span> <span class='ocrx_word' id='word_1_670' title='bbox 2952 2395 3052 2451; x_wconf 88' lang='lat' dir='ltr'><strong>sibi</strong></span> <span class='ocrx_word' id='word_1_671' title='bbox 3086 2405 3205 2450; x_wconf 88' lang='lat' dir='ltr'><strong>nota</strong></span> <span class='ocrx_word' id='word_1_672' title='bbox 3237 2413 3341 2452; x_wconf 93' lang='lat' dir='ltr'><strong>non</strong></span> <span class='ocrx_word' id='word_1_673' title='bbox 3372 2400 3568 2453; x_wconf 73' lang='lat' dir='ltr'><strong>erant?</strong></span> 
     </span>
    </p>
   </div>
   <div class='ocr_carea' id='block_1_86' title="bbox 1989 2479 3564 2558">
    <p class='ocr_par' dir='ltr' id='par_1_86' title="bbox 1989 2479 3564 2558">
     <span class='ocr_line' id='line_1_86' title="bbox 1989 2479 3564 2558; baseline 0.007 -24"><span class='ocrx_word' id='word_1_674' title='bbox 1989 2479 2105 2534; x_wconf 84' lang='lat' dir='ltr'><strong>Non</strong></span> <span class='ocrx_word' id='word_1_675' title='bbox 2141 2481 2283 2534; x_wconf 90' lang='lat' dir='ltr'><strong>enim</strong></span> <span class='ocrx_word' id='word_1_676' title='bbox 2318 2482 2605 2557; x_wconf 85' lang='lat' dir='ltr'><strong>quidquam</strong></span> <span class='ocrx_word' id='word_1_677' title='bbox 2640 2484 2763 2539; x_wconf 82' lang='lat' dir='ltr'><strong>fecit</strong></span> <span class='ocrx_word' id='word_1_678' title='bbox 2788 2485 3058 2555; x_wconf 81' lang='lat' dir='ltr'><strong>ignorans.</strong></span> <span class='ocrx_word' id='word_1_679' title='bbox 3089 2486 3223 2541; x_wconf 80' lang='lat' dir='ltr'><strong>Nota</strong></span> <span class='ocrx_word' id='word_1_680' title='bbox 3258 2504 3383 2558; x_wconf 88' lang='lat' dir='ltr'><strong>ergo</strong></span> <span class='ocrx_word' id='word_1_681' title='bbox 3411 2489 3564 2555; x_wconf 87' lang='lat' dir='ltr'><strong>fecit,</strong></span> 
     </span>
    </p>
   </div>
   <div class='ocr_carea' id='block_1_87' title="bbox 1989 2558 3571 2648">
    <p class='ocr_par' dir='ltr' id='par_1_87' title="bbox 1989 2558 3571 2648">
     <span class='ocr_line' id='line_1_87' title="bbox 1989 2558 3571 2648; baseline 0.007 -22"><span class='ocrx_word' id='word_1_682' title='bbox 1989 2587 2094 2626; x_wconf 90' lang='lat' dir='ltr'><strong>non</strong></span> <span class='ocrx_word' id='word_1_683' title='bbox 2140 2572 2273 2625; x_wconf 81' lang='lat' dir='ltr'><strong>facta</strong></span> <span class='ocrx_word' id='word_1_684' title='bbox 2310 2558 2575 2643; x_wconf 47' lang='lat' dir='ltr'><strong>cggtiovit.</strong></span> <span class='ocrx_word' id='word_1_685' title='bbox 2632 2576 2883 2643; x_wconf 88' lang='lat' dir='ltr'><strong>Proinde,</strong></span> <span class='ocrx_word' id='word_1_686' title='bbox 2926 2586 3208 2648; x_wconf 89' lang='lat' dir='ltr'><strong>antequam</strong></span> <span class='ocrx_word' id='word_1_687' title='bbox 3257 2580 3463 2644; x_wconf 86' lang='lat' dir='ltr'><strong>fierent,</strong></span> <span class='ocrx_word' id='word_1_688' title='bbox 3510 2593 3571 2637; x_wconf 89' lang='lat' dir='ltr'><strong>et</strong></span> 
     </span>
    </p>
   </div>
   <div class='ocr_carea' id='block_1_88' title="bbox 1990 2666 3571 2733">
    <p class='ocr_par' dir='ltr' id='par_1_88' title="bbox 1990 2666 3571 2733">
     <span class='ocr_line' id='line_1_88' title="bbox 1990 2666 3571 2733; baseline 0.006 -17"><span class='ocrx_word' id='word_1_689' title='bbox 1990 2672 2162 2729; x_wconf 87' lang='lat' dir='ltr'><strong>erant,</strong></span> <span class='ocrx_word' id='word_1_690' title='bbox 2192 2673 2247 2719; x_wconf 89' lang='lat' dir='ltr'><strong>et</strong></span> <span class='ocrx_word' id='word_1_691' title='bbox 2266 2680 2370 2719; x_wconf 91' lang='lat' dir='ltr'><strong>non</strong></span> <span class='ocrx_word' id='word_1_692' title='bbox 2397 2675 2549 2720; x_wconf 91' lang='lat' dir='ltr'><strong>erant</strong></span> <span class='ocrx_word' id='word_1_693' title='bbox 2571 2676 2755 2721; x_wconf 87' lang='lat' dir='ltr'><strong>:eraut</strong></span> <span class='ocrx_word' id='word_1_694' title='bbox 2785 2666 2841 2721; x_wconf 89' lang='lat' dir='ltr'><strong>in</strong></span> <span class='ocrx_word' id='word_1_695' title='bbox 2880 2668 2972 2723; x_wconf 89' lang='lat' dir='ltr'><strong>Dei</strong></span> <span class='ocrx_word' id='word_1_696' title='bbox 3002 2668 3240 2733; x_wconf 79' lang='lat' dir='ltr'><strong>scientia,</strong></span> <span class='ocrx_word' id='word_1_697' title='bbox 3282 2686 3388 2723; x_wconf 90' lang='lat' dir='ltr'><strong>non</strong></span> <span class='ocrx_word' id='word_1_698' title='bbox 3418 2684 3571 2725; x_wconf 78' lang='lat' dir='ltr'><strong>crint</strong></span> 
     </span>
    </p>
   </div>
   <div class='ocr_carea' id='block_1_89' title="bbox 1993 2756 3572 2828">
    <p class='ocr_par' dir='ltr' id='par_1_89' title="bbox 1993 2756 3572 2828">
     <span class='ocr_line' id='line_1_89' title="bbox 1993 2756 3572 2828; baseline 0.004 -19"><span class='ocrx_word' id='word_1_699' title='bbox 1993 2756 2043 2809; x_wconf 92' lang='lat' dir='ltr'><strong>in</strong></span> <span class='ocrx_word' id='word_1_700' title='bbox 2066 2772 2160 2811; x_wconf 89' lang='lat' dir='ltr'><strong>sua</strong></span> <span class='ocrx_word' id='word_1_701' title='bbox 2184 2768 2389 2811; x_wconf 91' lang='lat' dir='ltr'><strong>natura.</strong></span> <span class='ocrx_word' id='word_1_702' title='bbox 2420 2758 2497 2812; x_wconf 83' lang='lat' dir='ltr'><strong>Ac</strong></span> <span class='ocrx_word' id='word_1_703' title='bbox 2537 2774 2633 2828; x_wconf 89' lang='lat' dir='ltr'><strong>per</strong></span> <span class='ocrx_word' id='word_1_704' title='bbox 2668 2758 2770 2815; x_wconf 90' lang='lat' dir='ltr'><strong>hoc</strong></span> <span class='ocrx_word' id='word_1_705' title='bbox 2812 2758 2979 2813; x_wconf 85' lang='lat' dir='ltr'><strong>factus</strong></span> <span class='ocrx_word' id='word_1_706' title='bbox 3031 2769 3116 2815; x_wconf 89' lang='lat' dir='ltr'><strong>est</strong></span> <span class='ocrx_word' id='word_1_707' title='bbox 3162 2760 3274 2815; x_wconf 90' lang='lat' dir='ltr'><strong>dies</strong></span> <span class='ocrx_word' id='word_1_708' title='bbox 3332 2762 3437 2828; x_wconf 90' lang='lat' dir='ltr'><strong>ille,</strong></span> <span class='ocrx_word' id='word_1_709' title='bbox 3482 2764 3572 2822; x_wconf 69' lang='lat' dir='ltr'><strong>cui</strong></span> 
     </span>
    </p>
   </div>
   <div class='ocr_carea' id='block_1_90' title="bbox 1993 2848 3567 2923">
    <p class='ocr_par' dir='ltr' id='par_1_90' title="bbox 1993 2848 3567 2923">
     <span class='ocr_line' id='line_1_90' title="bbox 1993 2848 3567 2923; baseline 0.005 -23"><span class='ocrx_word' id='word_1_710' title='bbox 1993 2856 2218 2917; x_wconf 88' lang='lat' dir='ltr'><strong>utroque</strong></span> <span class='ocrx_word' id='word_1_711' title='bbox 2243 2848 2401 2904; x_wconf 91' lang='lat' dir='ltr'><strong>modo</strong></span> <span class='ocrx_word' id='word_1_712' title='bbox 2430 2848 2848 2917; x_wconf 84' lang='lat' dir='ltr'><strong>innotescerent,</strong></span> <span class='ocrx_word' id='word_1_713' title='bbox 2877 2862 2932 2905; x_wconf 92' lang='lat' dir='ltr'><strong>et</strong></span> <span class='ocrx_word' id='word_1_714' title='bbox 2958 2852 3009 2905; x_wconf 90' lang='lat' dir='ltr'><strong>in</strong></span> <span class='ocrx_word' id='word_1_715' title='bbox 3040 2852 3146 2906; x_wconf 91' lang='lat' dir='ltr'><strong>Deo</strong></span> <span class='ocrx_word' id='word_1_716' title='bbox 3172 2861 3227 2906; x_wconf 93' lang='lat' dir='ltr'><strong>ct</strong></span> <span class='ocrx_word' id='word_1_717' title='bbox 3253 2853 3301 2905; x_wconf 91' lang='lat' dir='ltr'><strong>in</strong></span> <span class='ocrx_word' id='word_1_718' title='bbox 3334 2854 3527 2923; x_wconf 87' lang='lat' dir='ltr'><strong>seipsis</strong></span> <span class='ocrx_word' id='word_1_719' title='bbox 3552 2872 3567 2908; x_wconf 91' lang='lat'><strong>:</strong></span> 
     </span>
    </p>
   </div>
   <div class='ocr_carea' id='block_1_91' title="bbox 1992 2942 3569 3014">
    <p class='ocr_par' dir='ltr' id='par_1_91' title="bbox 1992 2942 3569 3014">
     <span class='ocr_line' id='line_1_91' title="bbox 1992 2942 3569 3014; baseline 0.002 -18"><span class='ocrx_word' id='word_1_720' title='bbox 1992 2942 2078 2996; x_wconf 89' lang='lat' dir='ltr'><strong>illa</strong></span> <span class='ocrx_word' id='word_1_721' title='bbox 2102 2944 2243 2998; x_wconf 86' lang='lat' dir='ltr'><strong>velut</strong></span> <span class='ocrx_word' id='word_1_722' title='bbox 2284 2943 2538 2996; x_wconf 89' lang='lat' dir='ltr'><strong>matutina</strong></span> <span class='ocrx_word' id='word_1_723' title='bbox 2582 2943 2695 2997; x_wconf 88' lang='lat' dir='ltr'><strong>sive</strong></span> <span class='ocrx_word' id='word_1_724' title='bbox 2722 2943 2910 2997; x_wconf 88' lang='lat' dir='ltr'><strong>diurna</strong></span> <span class='ocrx_word' id='word_1_725' title='bbox 2940 2945 3261 3014; x_wconf 81' lang='lat' dir='ltr'><strong>cognitione,</strong></span> <span class='ocrx_word' id='word_1_726' title='bbox 3302 2944 3400 2999; x_wconf 89' lang='lat' dir='ltr'><strong>hac</strong></span> <span class='ocrx_word' id='word_1_727' title='bbox 3442 2962 3569 3000; x_wconf 87' lang='lat' dir='ltr'><strong>vero</strong></span> 
     </span>
    </p>
   </div>
   <div class='ocr_carea' id='block_1_92' title="bbox 1994 3032 3570 3103">
    <p class='ocr_par' dir='ltr' id='par_1_92' title="bbox 1994 3032 3570 3103">
     <span class='ocr_line' id='line_1_92' title="bbox 1994 3032 3570 3103; baseline 0.004 -20"><span class='ocrx_word' id='word_1_728' title='bbox 1994 3032 2139 3086; x_wconf 86' lang='lat' dir='ltr'><strong>velut</strong></span> <span class='ocrx_word' id='word_1_729' title='bbox 2163 3032 2484 3102; x_wconf 88' lang='lat' dir='ltr'><strong>vespertina.</strong></span> <span class='ocrx_word' id='word_1_730' title='bbox 2522 3032 2625 3103; x_wconf 86' lang='lat' dir='ltr'><strong>Ipsi</strong></span> <span class='ocrx_word' id='word_1_731' title='bbox 2658 3042 2836 3088; x_wconf 89' lang='lat' dir='ltr'><strong>autem</strong></span> <span class='ocrx_word' id='word_1_732' title='bbox 2875 3033 2986 3088; x_wconf 91' lang='lat' dir='ltr'><strong>Deo</strong></span> <span class='ocrx_word' id='word_1_733' title='bbox 3032 3048 3136 3088; x_wconf 92' lang='lat' dir='ltr'><strong>non</strong></span> <span class='ocrx_word' id='word_1_734' title='bbox 3178 3034 3349 3089; x_wconf 88' lang='lat' dir='ltr'><strong>audeo</strong></span> <span class='ocrx_word' id='word_1_735' title='bbox 3390 3033 3570 3090; x_wconf 88' lang='lat' dir='ltr'><strong>dicere</strong></span> 
     </span>
    </p>
   </div>
   <div class='ocr_carea' id='block_1_93' title="bbox 1990 3122 3569 3195">
    <p class='ocr_par' dir='ltr' id='par_1_93' title="bbox 1990 3122 3569 3195">
     <span class='ocr_line' id='line_1_93' title="bbox 1990 3122 3569 3195; baseline 0.003 -20"><span class='ocrx_word' id='word_1_736' title='bbox 1990 3122 2095 3176; x_wconf 84' lang='lat' dir='ltr'><strong>alio</strong></span> <span class='ocrx_word' id='word_1_737' title='bbox 2117 3122 2273 3178; x_wconf 90' lang='lat' dir='ltr'><strong>modo</strong></span> <span class='ocrx_word' id='word_1_738' title='bbox 2299 3122 2613 3190; x_wconf 72' lang='lat' dir='ltr'><strong>innotuisse,</strong></span> <span class='ocrx_word' id='word_1_739' title='bbox 2642 3138 2764 3179; x_wconf 89' lang='lat' dir='ltr'><strong>cum</strong></span> <span class='ocrx_word' id='word_1_740' title='bbox 2791 3139 2851 3179; x_wconf 89' lang='lat' dir='ltr'><strong>ea</strong></span> <span class='ocrx_word' id='word_1_741' title='bbox 2889 3122 3136 3191; x_wconf 79' lang='lat' dir='ltr'><strong>fecisset,</strong></span> <span class='ocrx_word' id='word_1_742' title='bbox 3160 3142 3315 3195; x_wconf 77' lang='lat' dir='ltr'><strong>quam</strong></span> <span class='ocrx_word' id='word_1_743' title='bbox 3344 3125 3435 3180; x_wconf 91' lang='lat' dir='ltr'><strong>illo</strong></span> <span class='ocrx_word' id='word_1_744' title='bbox 3463 3141 3569 3195; x_wconf 86' lang='lat' dir='ltr'><strong>quo</strong></span> 
     </span>
    </p>
   </div>
   <div class='ocr_carea' id='block_1_94' title="bbox 1986 3214 3569 3285">
    <p class='ocr_par' dir='ltr' id='par_1_94' title="bbox 1986 3214 3569 3285">
     <span class='ocr_line' id='line_1_94' title="bbox 1986 3214 3569 3285; baseline 0.001 -16"><span class='ocrx_word' id='word_1_745' title='bbox 1986 3216 2051 3269; x_wconf 85' lang='lat' dir='ltr'><strong>ea</strong></span> <span class='ocrx_word' id='word_1_746' title='bbox 2088 3223 2304 3269; x_wconf 89' lang='lat' dir='ltr'><strong>noverat</strong></span> <span class='ocrx_word' id='word_1_747' title='bbox 2328 3223 2385 3269; x_wconf 93' lang='lat' dir='ltr'><strong>ut</strong></span> <span class='ocrx_word' id='word_1_748' title='bbox 2409 3214 2627 3281; x_wconf 84' lang='lat' dir='ltr'><strong>faceret,</strong></span> <span class='ocrx_word' id='word_1_749' title='bbox 2660 3214 2797 3283; x_wconf 90' lang='lat' dir='ltr'><strong>apud</strong></span> <span class='ocrx_word' id='word_1_750' title='bbox 2824 3230 2981 3285; x_wconf 84' lang='lat' dir='ltr'><strong>quem</strong></span> <span class='ocrx_word' id='word_1_751' title='bbox 3012 3230 3116 3269; x_wconf 91' lang='lat' dir='ltr'><strong>non</strong></span> <span class='ocrx_word' id='word_1_752' title='bbox 3148 3226 3229 3271; x_wconf 88' lang='lat' dir='ltr'><strong>est</strong></span> <span class='ocrx_word' id='word_1_753' title='bbox 3273 3227 3569 3271; x_wconf 80' lang='lat' dir='ltr'><strong>commuta-</strong></span> 
     </span>
    </p>
   </div>
   <div class='ocr_carea' id='block_1_95' title="bbox 1991 3305 3338 3378">
    <p class='ocr_par' dir='ltr' id='par_1_95' title="bbox 1991 3305 3338 3378">
     <span class='ocr_line' id='line_1_95' title="bbox 1991 3305 3338 3378; baseline 0.002 -20"><span class='ocrx_word' id='word_1_754' title='bbox 1991 3306 2141 3369; x_wconf 85' lang='lat' dir='ltr'><strong>talio,</strong></span> <span class='ocrx_word' id='word_1_755' title='bbox 2170 3320 2266 3359; x_wconf 90' lang='lat' dir='ltr'><strong>nee</strong></span> <span class='ocrx_word' id='word_1_756' title='bbox 2285 3306 2539 3361; x_wconf 89' lang='lat' dir='ltr'><strong>momenti</strong></span> <span class='ocrx_word' id='word_1_757' title='bbox 2566 3306 2900 3361; x_wconf 84' lang='lat' dir='ltr'><strong>obumbratio</strong></span> <span class='ocrx_word' id='word_1_758' title='bbox 2932 3305 3135 3378; x_wconf 83' lang='lat' dir='ltr'><strong>(Jacobi</strong></span> <span class='ocrx_word' id='word_1_759' title='bbox 3162 3324 3198 3372; x_wconf 88' lang='lat' dir='ltr'><strong>I,</strong></span> <span class='ocrx_word' id='word_1_760' title='bbox 3230 3308 3338 3378; x_wconf 86' lang='lat' dir='ltr'><strong>I7).</strong></span> 
     </span>
    </p>
   </div>
   <div class='ocr_carea' id='block_1_96' title="bbox 1990 3394 3569 3472">
    <p class='ocr_par' dir='ltr' id='par_1_96' title="bbox 1990 3394 3569 3472">
     <span class='ocr_line' id='line_1_96' title="bbox 1990 3394 3569 3472; baseline 0.004 -23"><span class='ocrx_word' id='word_1_761' title='bbox 1990 3394 2213 3451; x_wconf 75' lang='lat' dir='ltr'><strong>CAPUT</strong></span> <span class='ocrx_word' id='word_1_762' title='bbox 2245 3394 2384 3450; x_wconf 76' lang='lat' dir='ltr'><strong>XIX.</strong></span> <span class='ocrx_word' id='word_1_763' title='bbox 2412 3426 2480 3437; x_wconf 88' lang='lat'><strong>-—</strong></span> <span class='ocrx_word' id='word_1_764' title='bbox 2510 3397 2691 3467; x_wconf 84' lang='lat' dir='ltr'><strong>Angeli</strong></span> <span class='ocrx_word' id='word_1_765' title='bbox 2748 3395 2844 3451; x_wconf 88' lang='lat' dir='ltr'><strong>Dei</strong></span> <span class='ocrx_word' id='word_1_766' title='bbox 2890 3398 3053 3451; x_wconf 84' lang='lat' dir='ltr'><strong>nuntii</strong></span> <span class='ocrx_word' id='word_1_767' title='bbox 3096 3401 3387 3469; x_wconf 79' lang='lat' dir='ltr'><strong>mysterium</strong></span> <span class='ocrx_word' id='word_1_768' title='bbox 3424 3402 3569 3472; x_wconf 83' lang='lat' dir='ltr'><strong>regni</strong></span> 
     </span>
    </p>
   </div>
   <div class='ocr_carea' id='block_1_97' title="bbox 2370 3489 3178 3544">
    <p class='ocr_par' dir='ltr' id='par_1_97' title="bbox 2370 3489 3178 3544">
     <span class='ocr_line' id='line_1_97' title="bbox 2370 3489 3178 3544; baseline 0.002 -3"><span class='ocrx_word' id='word_1_769' title='bbox 2370 3489 2605 3542; x_wconf 63' lang='lat' dir='ltr'><strong>caelorum</strong></span> <span class='ocrx_word' id='word_1_770' title='bbox 2636 3498 2876 3543; x_wconf 75' lang='lat' dir='ltr'><strong>noverunt</strong></span> <span class='ocrx_word' id='word_1_771' title='bbox 2904 3506 2937 3542; x_wconf 90' lang='lat' dir='ltr'><strong>a</strong></span> <span class='ocrx_word' id='word_1_772' title='bbox 2959 3490 3178 3544; x_wconf 76' lang='lat' dir='ltr'><strong>strculis.</strong></span> 
     </span>
    </p>
   </div>
   <div class='ocr_carea' id='block_1_98' title="bbox 2059 3577 3567 3651">
    <p class='ocr_par' dir='ltr' id='par_1_98' title="bbox 2059 3577 3567 3651">
     <span class='ocr_line' id='line_1_98' title="bbox 2059 3577 3567 3651; baseline 0.005 -20"><span class='ocrx_word' id='word_1_773' title='bbox 2059 3578 2149 3632; x_wconf 76' lang='grc'><strong>57.</strong></span> <span class='ocrx_word' id='word_1_774' title='bbox 2177 3577 2293 3633; x_wconf 88' lang='lat' dir='ltr'><strong>Non</strong></span> <span class='ocrx_word' id='word_1_775' title='bbox 2322 3593 2451 3633; x_wconf 90' lang='lat' dir='ltr'><strong>sane</strong></span> <span class='ocrx_word' id='word_1_776' title='bbox 2480 3590 2697 3651; x_wconf 90' lang='lat' dir='ltr'><strong>propter</strong></span> <span class='ocrx_word' id='word_1_777' title='bbox 2721 3579 3027 3636; x_wconf 85' lang='lat' dir='ltr'><strong>inferiorum</strong></span> <span class='ocrx_word' id='word_1_778' title='bbox 3055 3582 3331 3637; x_wconf 86' lang='lat' dir='ltr'><strong>scientiam</strong></span> <span class='ocrx_word' id='word_1_779' title='bbox 3368 3585 3567 3639; x_wconf 89' lang='lat' dir='ltr'><strong>nuntiis</strong></span> 
     </span>
    </p>
   </div>
   <div class='ocr_carea' id='block_1_99' title="bbox 1989 3670 3565 3748">
    <p class='ocr_par' dir='ltr' id='par_1_99' title="bbox 1989 3670 3565 3748">
     <span class='ocr_line' id='line_1_99' title="bbox 1989 3670 3565 3748; baseline 0.006 -23"><span class='ocrx_word' id='word_1_780' title='bbox 1989 3670 2206 3742; x_wconf 82' lang='lat' dir='ltr'><strong>indiget,</strong></span> <span class='ocrx_word' id='word_1_781' title='bbox 2237 3672 2388 3741; x_wconf 88' lang='lat' dir='ltr'><strong>quasi</strong></span> <span class='ocrx_word' id='word_1_782' title='bbox 2416 3687 2511 3743; x_wconf 89' lang='lat' dir='ltr'><strong>per</strong></span> <span class='ocrx_word' id='word_1_783' title='bbox 2540 3687 2634 3728; x_wconf 92' lang='lat' dir='ltr'><strong>eos</strong></span> <span class='ocrx_word' id='word_1_784' title='bbox 2666 3674 2756 3727; x_wconf 82' lang='lat' dir='ltr'><strong>fiat</strong></span> <span class='ocrx_word' id='word_1_785' title='bbox 2780 3674 3063 3740; x_wconf 83' lang='lat' dir='ltr'><strong>scicntior;</strong></span> <span class='ocrx_word' id='word_1_786' title='bbox 3090 3676 3184 3729; x_wconf 90' lang='lat' dir='ltr'><strong>sed</strong></span> <span class='ocrx_word' id='word_1_787' title='bbox 3221 3676 3309 3729; x_wconf 89' lang='lat' dir='ltr'><strong>illo</strong></span> <span class='ocrx_word' id='word_1_788' title='bbox 3336 3677 3565 3748; x_wconf 88' lang='lat' dir='ltr'><strong>simplici</strong></span> 
     </span>
    </p>
   </div>
   <div class='ocr_carea' id='block_1_100' title="bbox 1985 3763 3568 3835">
    <p class='ocr_par' dir='ltr' id='par_1_100' title="bbox 1985 3763 3568 3835">
     <span class='ocr_line' id='line_1_100' title="bbox 1985 3763 3568 3835; baseline 0.001 -16"><span class='ocrx_word' id='word_1_789' title='bbox 1985 3778 2051 3819; x_wconf 91' lang='lat' dir='ltr'><strong>ac</strong></span> <span class='ocrx_word' id='word_1_790' title='bbox 2074 3763 2302 3817; x_wconf 88' lang='lat' dir='ltr'><strong>mirabili</strong></span> <span class='ocrx_word' id='word_1_791' title='bbox 2327 3763 2486 3817; x_wconf 89' lang='lat' dir='ltr'><strong>modo</strong></span> <span class='ocrx_word' id='word_1_792' title='bbox 2512 3764 2664 3818; x_wconf 88' lang='lat' dir='ltr'><strong>novit</strong></span> <span class='ocrx_word' id='word_1_793' title='bbox 2688 3764 2867 3818; x_wconf 84' lang='lat' dir='ltr'><strong>omnia</strong></span> <span class='ocrx_word' id='word_1_794' title='bbox 2892 3765 3154 3820; x_wconf 87' lang='lat' dir='ltr'><strong>stabiliter</strong></span> <span class='ocrx_word' id='word_1_795' title='bbox 3180 3778 3337 3835; x_wconf 83' lang='lat' dir='ltr'><strong>atque</strong></span> <span class='ocrx_word' id='word_1_796' title='bbox 3366 3767 3568 3822; x_wconf 71' lang='lat' dir='ltr'><strong>incolu-</strong></span> 
     </span>
    </p>
   </div>
   <div class='ocr_carea' id='block_1_101' title="bbox 1987 3854 3567 3927">
    <p class='ocr_par' dir='ltr' id='par_1_101' title="bbox 1987 3854 3567 3927">
     <span class='ocr_line' id='line_1_101' title="bbox 1987 3854 3567 3927; baseline 0.002 -19"><span class='ocrx_word' id='word_1_797' title='bbox 1987 3854 2332 3909; x_wconf 89' lang='lat' dir='ltr'><strong>mulabiliter.</strong></span> <span class='ocrx_word' id='word_1_798' title='bbox 2363 3854 2532 3907; x_wconf 83' lang='lat' dir='ltr'><strong>Ilabet</strong></span> <span class='ocrx_word' id='word_1_799' title='bbox 2558 3863 2733 3908; x_wconf 93' lang='lat' dir='ltr'><strong>autem</strong></span> <span class='ocrx_word' id='word_1_800' title='bbox 2756 3854 2971 3909; x_wconf 90' lang='lat' dir='ltr'><strong>nuntios</strong></span> <span class='ocrx_word' id='word_1_801' title='bbox 2997 3866 3212 3925; x_wconf 84' lang='lat' dir='ltr'><strong>prOpter</strong></span> <span class='ocrx_word' id='word_1_802' title='bbox 3238 3872 3334 3911; x_wconf 86' lang='lat' dir='ltr'><strong>nos</strong></span> <span class='ocrx_word' id='word_1_803' title='bbox 3363 3866 3416 3912; x_wconf 91' lang='lat' dir='ltr'><strong>et</strong></span> <span class='ocrx_word' id='word_1_804' title='bbox 3440 3874 3567 3927; x_wconf 88' lang='lat' dir='ltr'><strong>pro-</strong></span> 
     </span>
    </p>
   </div>
   <div class='ocr_carea' id='block_1_102' title="bbox 1986 3942 3569 4015">
    <p class='ocr_par' dir='ltr' id='par_1_102' title="bbox 1986 3942 3569 4015">
     <span class='ocr_line' id='line_1_102' title="bbox 1986 3942 3569 4015; baseline 0.003 -18"><span class='ocrx_word' id='word_1_805' title='bbox 1986 3951 2107 4013; x_wconf 89' lang='lat' dir='ltr'><strong>pter</strong></span> <span class='ocrx_word' id='word_1_806' title='bbox 2134 3944 2306 4012; x_wconf 87' lang='lat' dir='ltr'><strong>ipsos;</strong></span> <span class='ocrx_word' id='word_1_807' title='bbox 2336 3945 2459 4013; x_wconf 90' lang='lat' dir='ltr'><strong>quia</strong></span> <span class='ocrx_word' id='word_1_808' title='bbox 2490 3943 2579 3997; x_wconf 91' lang='lat' dir='ltr'><strong>illo</strong></span> <span class='ocrx_word' id='word_1_809' title='bbox 2605 3942 2764 3998; x_wconf 88' lang='lat' dir='ltr'><strong>modo</strong></span> <span class='ocrx_word' id='word_1_810' title='bbox 2786 3943 2898 3999; x_wconf 93' lang='lat' dir='ltr'><strong>Deo</strong></span> <span class='ocrx_word' id='word_1_811' title='bbox 2922 3959 3113 4015; x_wconf 87' lang='lat' dir='ltr'><strong>parere</strong></span> <span class='ocrx_word' id='word_1_812' title='bbox 3136 3954 3192 4000; x_wconf 93' lang='lat' dir='ltr'><strong>et</strong></span> <span class='ocrx_word' id='word_1_813' title='bbox 3216 3947 3483 4011; x_wconf 89' lang='lat' dir='ltr'><strong>assistere,</strong></span> <span class='ocrx_word' id='word_1_814' title='bbox 3512 3958 3569 4001; x_wconf 81' lang='lat' dir='ltr'><strong>ut</strong></span> 
     </span>
    </p>
   </div>
   <div class='ocr_carea' id='block_1_103' title="bbox 1982 4032 3571 4109">
    <p class='ocr_par' dir='ltr' id='par_1_103' title="bbox 1982 4032 3571 4109">
     <span class='ocr_line' id='line_1_103' title="bbox 1982 4032 3571 4109; baseline 0.003 -21"><span class='ocrx_word' id='word_1_815' title='bbox 1982 4048 2105 4088; x_wconf 88' lang='lat' dir='ltr'><strong>eum</strong></span> <span class='ocrx_word' id='word_1_816' title='bbox 2135 4034 2203 4087; x_wconf 91' lang='lat' dir='ltr'><strong>de</strong></span> <span class='ocrx_word' id='word_1_817' title='bbox 2230 4032 2568 4088; x_wconf 82' lang='lat' dir='ltr'><strong>inferioribus</strong></span> <span class='ocrx_word' id='word_1_818' title='bbox 2592 4034 2892 4099; x_wconf 91' lang='lat' dir='ltr'><strong>consulant,</strong></span> <span class='ocrx_word' id='word_1_819' title='bbox 2917 4035 3136 4106; x_wconf 85' lang='lat' dir='ltr'><strong>ejusque</strong></span> <span class='ocrx_word' id='word_1_820' title='bbox 3156 4038 3405 4107; x_wconf 89' lang='lat' dir='ltr'><strong>superuis</strong></span> <span class='ocrx_word' id='word_1_821' title='bbox 3433 4054 3571 4109; x_wconf 72' lang='lat' dir='ltr'><strong>pne-</strong></span> 
     </span>
    </p>
   </div>
   <div class='ocr_carea' id='block_1_104' title="bbox 1982 4124 3569 4197">
    <p class='ocr_par' dir='ltr' id='par_1_104' title="bbox 1982 4124 3569 4197">
     <span class='ocr_line' id='line_1_104' title="bbox 1982 4124 3569 4197; baseline 0.003 -16"><span class='ocrx_word' id='word_1_822' title='bbox 1982 4126 2155 4196; x_wconf 91' lang='lat' dir='ltr'><strong>ceptis</strong></span> <span class='ocrx_word' id='word_1_823' title='bbox 2182 4132 2234 4181; x_wconf 89' lang='lat' dir='ltr'><strong>et</strong></span> <span class='ocrx_word' id='word_1_824' title='bbox 2259 4124 2426 4195; x_wconf 87' lang='lat' dir='ltr'><strong>jussis</strong></span> <span class='ocrx_word' id='word_1_825' title='bbox 2447 4125 2839 4197; x_wconf 88' lang='lat' dir='ltr'><strong>obtemperent,</strong></span> <span class='ocrx_word' id='word_1_826' title='bbox 2870 4127 3068 4182; x_wconf 88' lang='lat' dir='ltr'><strong>bonum</strong></span> <span class='ocrx_word' id='word_1_827' title='bbox 3099 4136 3181 4183; x_wconf 90' lang='lat' dir='ltr'><strong>est</strong></span> <span class='ocrx_word' id='word_1_828' title='bbox 3205 4128 3283 4184; x_wconf 90' lang='lat' dir='ltr'><strong>eis</strong></span> <span class='ocrx_word' id='word_1_829' title='bbox 3307 4128 3359 4184; x_wconf 92' lang='lat' dir='ltr'><strong>in</strong></span> <span class='ocrx_word' id='word_1_830' title='bbox 3380 4131 3569 4185; x_wconf 84' lang='lat' dir='ltr'><strong>ordine</strong></span> 
     </span>
    </p>
   </div>
   <div class='ocr_carea' id='block_1_105' title="bbox 1982 4214 3568 4290">
    <p class='ocr_par' dir='ltr' id='par_1_105' title="bbox 1982 4214 3568 4290">
     <span class='ocr_line' id='line_1_105' title="bbox 1982 4214 3568 4290; baseline 0.004 -21"><span class='ocrx_word' id='word_1_831' title='bbox 1982 4214 2212 4285; x_wconf 79' lang='lat' dir='ltr'><strong>propria:</strong></span> <span class='ocrx_word' id='word_1_832' title='bbox 2242 4224 2443 4270; x_wconf 72' lang='lat' dir='ltr'><strong>natura:</strong></span> <span class='ocrx_word' id='word_1_833' title='bbox 2472 4225 2630 4286; x_wconf 85' lang='lat' dir='ltr'><strong>atque</strong></span> <span class='ocrx_word' id='word_1_834' title='bbox 2650 4216 2982 4272; x_wconf 59' lang='lat' dir='ltr'><strong>substantia.</strong></span> <span class='ocrx_word' id='word_1_835' title='bbox 3007 4217 3185 4273; x_wconf 90' lang='lat' dir='ltr'><strong>Nuntii</strong></span> <span class='ocrx_word' id='word_1_836' title='bbox 3203 4227 3380 4274; x_wconf 89' lang='lat' dir='ltr'><strong>autem</strong></span> <span class='ocrx_word' id='word_1_837' title='bbox 3397 4236 3568 4290; x_wconf 70' lang='lat' dir='ltr'><strong>graece</strong></span> 
     </span>
    </p>
   </div>
   <div class='ocr_carea' id='block_1_106' title="bbox 1981 4307 3567 4380">
    <p class='ocr_par' dir='ltr' id='par_1_106' title="bbox 1981 4307 3567 4380">
     <span class='ocr_line' id='line_1_106' title="bbox 1981 4307 3567 4380; baseline 0.004 -20"><span class='ocrx_word' id='word_1_838' title='bbox 1981 4313 2170 4375; x_wconf 74' lang='grc' dir='ltr'><strong>ἄγγιλοι</strong></span> <span class='ocrx_word' id='word_1_839' title='bbox 2194 4307 2477 4374; x_wconf 90' lang='lat' dir='ltr'><strong>dicuntur;</strong></span> <span class='ocrx_word' id='word_1_840' title='bbox 2509 4323 2614 4378; x_wconf 89' lang='lat' dir='ltr'><strong>quo</strong></span> <span class='ocrx_word' id='word_1_841' title='bbox 2652 4308 2868 4365; x_wconf 89' lang='lat' dir='ltr'><strong>nomine</strong></span> <span class='ocrx_word' id='word_1_842' title='bbox 2909 4309 3146 4380; x_wconf 74' lang='lat' dir='ltr'><strong>generali</strong></span> <span class='ocrx_word' id='word_1_843' title='bbox 3190 4310 3435 4367; x_wconf 89' lang='lat' dir='ltr'><strong>universa</strong></span> <span class='ocrx_word' id='word_1_844' title='bbox 3475 4311 3567 4366; x_wconf 84' lang='lat' dir='ltr'><strong>illa</strong></span> 
     </span>
    </p>
   </div>
   <div class='ocr_carea' id='block_1_107' title="bbox 1982 4398 3567 4470">
    <p class='ocr_par' dir='ltr' id='par_1_107' title="bbox 1982 4398 3567 4470">
     <span class='ocr_line' id='line_1_107' title="bbox 1982 4398 3567 4470; baseline 0.001 -18"><span class='ocrx_word' id='word_1_845' title='bbox 1982 4412 2212 4469; x_wconf 88' lang='lat' dir='ltr'><strong>superna</strong></span> <span class='ocrx_word' id='word_1_846' title='bbox 2239 4398 2427 4453; x_wconf 89' lang='lat' dir='ltr'><strong>civitas</strong></span> <span class='ocrx_word' id='word_1_847' title='bbox 2450 4408 2806 4470; x_wconf 89' lang='lat' dir='ltr'><strong>nuncupatur,</strong></span> <span class='ocrx_word' id='word_1_848' title='bbox 2835 4415 2993 4470; x_wconf 87' lang='lat' dir='ltr'><strong>quem</strong></span> <span class='ocrx_word' id='word_1_849' title='bbox 3025 4400 3253 4469; x_wconf 89' lang='lat' dir='ltr'><strong>primum</strong></span> <span class='ocrx_word' id='word_1_850' title='bbox 3274 4400 3413 4455; x_wconf 89' lang='lat' dir='ltr'><strong>diem</strong></span> <span class='ocrx_word' id='word_1_851' title='bbox 3439 4415 3567 4455; x_wconf 91' lang='lat' dir='ltr'><strong>cou-</strong></span> 
     </span>
    </p>
   </div>
   <div class='ocr_carea' id='block_1_108' title="bbox 1980 4489 2560 4547">
    <p class='ocr_par' dir='ltr' id='par_1_108' title="bbox 1980 4489 2560 4547">
     <span class='ocr_line' id='line_1_108' title="bbox 1980 4489 2560 4547; baseline -0.005 -2"><span class='ocrx_word' id='word_1_852' title='bbox 1980 4489 2147 4547; x_wconf 89' lang='lat' dir='ltr'><strong>ditum</strong></span> <span class='ocrx_word' id='word_1_853' title='bbox 2173 4489 2560 4545; x_wconf 78' lang='lat' dir='ltr'><strong>existimamus.</strong></span> 
     </span>
    </p>
   </div>
   <div class='ocr_carea' id='block_1_109' title="bbox 2052 4579 3563 4653">
    <p class='ocr_par' dir='ltr' id='par_1_109' title="bbox 2052 4579 3563 4653">
     <span class='ocr_line' id='line_1_109' title="bbox 2052 4579 3563 4653; baseline -0.001 -15"><span class='ocrx_word' id='word_1_854' title='bbox 2052 4583 2141 4638; x_wconf 74' lang='lat'><strong>58.</strong></span> <span class='ocrx_word' id='word_1_855' title='bbox 2180 4582 2313 4637; x_wconf 87' lang='lat' dir='ltr'><strong>Nam</strong></span> <span class='ocrx_word' id='word_1_856' title='bbox 2351 4596 2451 4636; x_wconf 91' lang='lat' dir='ltr'><strong>nec</strong></span> <span class='ocrx_word' id='word_1_857' title='bbox 2477 4579 2607 4635; x_wconf 92' lang='lat' dir='ltr'><strong>illud</strong></span> <span class='ocrx_word' id='word_1_858' title='bbox 2636 4594 2730 4636; x_wconf 87' lang='lat' dir='ltr'><strong>eos</strong></span> <span class='ocrx_word' id='word_1_859' title='bbox 2754 4580 2906 4635; x_wconf 90' lang='lat' dir='ltr'><strong>latuit</strong></span> <span class='ocrx_word' id='word_1_860' title='bbox 2931 4579 3244 4653; x_wconf 86' lang='lat' dir='ltr'><strong>mysterium</strong></span> <span class='ocrx_word' id='word_1_861' title='bbox 3269 4581 3421 4651; x_wconf 84' lang='lat' dir='ltr'><strong>regni</strong></span> <span class='ocrx_word' id='word_1_862' title='bbox 3450 4596 3563 4637; x_wconf 70' lang='lat' dir='ltr'><strong>co:-</strong></span> 
     </span>
    </p>
   </div>
   <div class='ocr_carea' id='block_1_110' title="bbox 1980 4672 3565 4744">
    <p class='ocr_par' dir='ltr' id='par_1_110' title="bbox 1980 4672 3565 4744">
     <span class='ocr_line' id='line_1_110' title="bbox 1980 4672 3565 4744; baseline -0.001 -15"><span class='ocrx_word' id='word_1_863' title='bbox 1980 4674 2151 4729; x_wconf 89' lang='lat' dir='ltr'><strong>lorum</strong></span> <span class='ocrx_word' id='word_1_864' title='bbox 2174 4716 2189 4740; x_wconf 93' lang='lat'><strong>,</strong></span> <span class='ocrx_word' id='word_1_865' title='bbox 2238 4672 2381 4743; x_wconf 90' lang='lat' dir='ltr'><strong>quod</strong></span> <span class='ocrx_word' id='word_1_866' title='bbox 2425 4682 2728 4743; x_wconf 81' lang='lat' dir='ltr'><strong>Opportune</strong></span> <span class='ocrx_word' id='word_1_867' title='bbox 2768 4681 3010 4744; x_wconf 88' lang='lat' dir='ltr'><strong>tempore</strong></span> <span class='ocrx_word' id='word_1_868' title='bbox 3035 4674 3327 4729; x_wconf 82' lang='lat' dir='ltr'><strong>revelattun</strong></span> <span class='ocrx_word' id='word_1_869' title='bbox 3357 4684 3441 4730; x_wconf 87' lang='lat' dir='ltr'><strong>est</strong></span> <span class='ocrx_word' id='word_1_870' title='bbox 3470 4690 3565 4744; x_wconf 88' lang='lat' dir='ltr'><strong>pro</strong></span> 
     </span>
    </p>
   </div>
   <div class='ocr_carea' id='block_1_111' title="bbox 1981 4762 3561 4834">
    <p class='ocr_par' dir='ltr' id='par_1_111' title="bbox 1981 4762 3561 4834">
     <span class='ocr_line' id='line_1_111' title="bbox 1981 4762 3561 4834; baseline 0 -15"><span class='ocrx_word' id='word_1_871' title='bbox 1981 4766 2150 4820; x_wconf 89' lang='lat' dir='ltr'><strong>salute</strong></span> <span class='ocrx_word' id='word_1_872' title='bbox 2191 4773 2400 4829; x_wconf 76' lang='lat' dir='ltr'><strong>nostra,</strong></span> <span class='ocrx_word' id='word_1_873' title='bbox 2432 4764 2573 4833; x_wconf 89' lang='lat' dir='ltr'><strong>quod</strong></span> <span class='ocrx_word' id='word_1_874' title='bbox 2602 4763 2619 4795; x_wconf 78' lang='grc' dir='ltr'>ι</span> <span class='ocrx_word' id='word_1_875' title='bbox 2645 4779 2710 4818; x_wconf 81' lang='lat' dir='ltr'><strong>ex</strong></span> <span class='ocrx_word' id='word_1_876' title='bbox 2736 4762 2837 4818; x_wconf 88' lang='lat' dir='ltr'><strong>hac</strong></span> <span class='ocrx_word' id='word_1_877' title='bbox 2876 4766 3303 4834; x_wconf 79' lang='lat' dir='ltr'><strong>peregrinatione</strong></span> <span class='ocrx_word' id='word_1_878' title='bbox 3332 4766 3561 4829; x_wconf 87' lang='lat' dir='ltr'><strong>liberati,</strong></span> 
     </span>
    </p>
   </div>
   <div class='ocr_carea' id='block_1_112' title="bbox 1980 4852 3565 4925">
    <p class='ocr_par' dir='ltr' id='par_1_112' title="bbox 1980 4852 3565 4925">
     <span class='ocr_line' id='line_1_112' title="bbox 1980 4852 3565 4925; baseline 0 -15"><span class='ocrx_word' id='word_1_879' title='bbox 1980 4870 2163 4910; x_wconf 83' lang='lat' dir='ltr'><strong>eorum</strong></span> <span class='ocrx_word' id='word_1_880' title='bbox 2190 4855 2349 4909; x_wconf 74' lang='grc' dir='ltr'><strong>οωιυὶ</strong></span> <span class='ocrx_word' id='word_1_881' title='bbox 2382 4855 2782 4925; x_wconf 86' lang='lat' dir='ltr'><strong>conjungamur.</strong></span> <span class='ocrx_word' id='word_1_882' title='bbox 2828 4852 3011 4924; x_wconf 88' lang='lat' dir='ltr'><strong>Neque</strong></span> <span class='ocrx_word' id='word_1_883' title='bbox 3048 4856 3192 4909; x_wconf 88' lang='lat' dir='ltr'><strong>enim</strong></span> <span class='ocrx_word' id='word_1_884' title='bbox 3222 4854 3323 4910; x_wconf 87' lang='lat' dir='ltr'><strong>hoc</strong></span> <span class='ocrx_word' id='word_1_885' title='bbox 3352 4858 3565 4925; x_wconf 86' lang='lat' dir='ltr'><strong>ignora-</strong></span> 
     </span>
    </p>
   </div>
   <div class='ocr_carea' id='block_1_113' title="bbox 1981 4945 3565 5017">
    <p class='ocr_par' dir='ltr' id='par_1_113' title="bbox 1981 4945 3565 5017">
     <span class='ocr_line' id='line_1_113' title="bbox 1981 4945 3565 5017; baseline -0.001 -15"><span class='ocrx_word' id='word_1_886' title='bbox 1981 4956 2137 5010; x_wconf 91' lang='lat' dir='ltr'><strong>rent;</strong></span> <span class='ocrx_word' id='word_1_887' title='bbox 2178 4945 2606 5017; x_wconf 88' lang='lat' dir='ltr'><strong>quandoquidem</strong></span> <span class='ocrx_word' id='word_1_888' title='bbox 2634 4946 2805 5015; x_wconf 89' lang='lat' dir='ltr'><strong>ipsum</strong></span> <span class='ocrx_word' id='word_1_889' title='bbox 2832 4960 3014 5001; x_wconf 87' lang='lat' dir='ltr'><strong>semen</strong></span> <span class='ocrx_word' id='word_1_890' title='bbox 3037 4987 3052 5011; x_wconf 92' lang='lat'><strong>,</strong></span> <span class='ocrx_word' id='word_1_891' title='bbox 3082 4945 3224 5016; x_wconf 90' lang='lat' dir='ltr'><strong>quod</strong></span> <span class='ocrx_word' id='word_1_892' title='bbox 3266 4960 3565 5016; x_wconf 88' lang='lat' dir='ltr'><strong>opportuno</strong></span> 
     </span>
    </p>
   </div>
   <div class='ocr_carea' id='block_1_114' title="bbox 1981 5037 3563 5112">
    <p class='ocr_par' dir='ltr' id='par_1_114' title="bbox 1981 5037 3563 5112">
     <span class='ocr_line' id='line_1_114' title="bbox 1981 5037 3563 5112; baseline 0 -18"><span class='ocrx_word' id='word_1_893' title='bbox 1981 5048 2224 5109; x_wconf 89' lang='lat' dir='ltr'><strong>tempore</strong></span> <span class='ocrx_word' id='word_1_894' title='bbox 2243 5039 2459 5093; x_wconf 89' lang='lat' dir='ltr'><strong>advenit</strong></span> <span class='ocrx_word' id='word_1_895' title='bbox 2478 5037 2580 5112; x_wconf 87' lang='lat' dir='ltr'><strong>(a),</strong></span> <span class='ocrx_word' id='word_1_896' title='bbox 2605 5038 2857 5107; x_wconf 89' lang='lat' dir='ltr'><strong>peripsos</strong></span> <span class='ocrx_word' id='word_1_897' title='bbox 2874 5037 3192 5109; x_wconf 88' lang='lat' dir='ltr'><strong>dispositum</strong></span> <span class='ocrx_word' id='word_1_898' title='bbox 3215 5048 3298 5094; x_wconf 89' lang='lat' dir='ltr'><strong>est</strong></span> <span class='ocrx_word' id='word_1_899' title='bbox 3324 5041 3376 5093; x_wconf 91' lang='lat' dir='ltr'><strong>in</strong></span> <span class='ocrx_word' id='word_1_900' title='bbox 3402 5055 3563 5094; x_wconf 87' lang='lat' dir='ltr'><strong>manu</strong></span> 
     </span>
    </p>
   </div>
   <div class='ocr_carea' id='block_1_115' title="bbox 1981 5128 3563 5202">
    <p class='ocr_par' dir='ltr' id='par_1_115' title="bbox 1981 5128 3563 5202">
     <span class='ocr_line' id='line_1_115' title="bbox 1981 5128 3563 5202; baseline -0.001 -15"><span class='ocrx_word' id='word_1_901' title='bbox 1981 5131 2292 5187; x_wconf 80' lang='lat' dir='ltr'><strong>mediatoris</strong></span> <span class='ocrx_word' id='word_1_902' title='bbox 2319 5129 2517 5202; x_wconf 85' lang='lat' dir='ltr'><strong>(Galat.</strong></span> <span class='ocrx_word' id='word_1_903' title='bbox 2550 5145 2627 5195; x_wconf 87' lang='grc' dir='ltr'><strong>ιιι,</strong></span> <span class='ocrx_word' id='word_1_904' title='bbox 2656 5128 2765 5201; x_wconf 86' lang='grc'><strong>19),</strong></span> <span class='ocrx_word' id='word_1_905' title='bbox 2795 5128 2846 5183; x_wconf 91' lang='lat' dir='ltr'><strong>id</strong></span> <span class='ocrx_word' id='word_1_906' title='bbox 2873 5140 2956 5184; x_wconf 88' lang='lat' dir='ltr'><strong>est</strong></span> <span class='ocrx_word' id='word_1_907' title='bbox 2976 5131 3029 5184; x_wconf 93' lang='lat' dir='ltr'><strong>in</strong></span> <span class='ocrx_word' id='word_1_908' title='bbox 3051 5130 3166 5200; x_wconf 90' lang='lat' dir='ltr'><strong>ejus</strong></span> <span class='ocrx_word' id='word_1_909' title='bbox 3191 5137 3453 5199; x_wconf 87' lang='lat' dir='ltr'><strong>potestate</strong></span> <span class='ocrx_word' id='word_1_910' title='bbox 3473 5133 3563 5199; x_wconf 86' lang='lat' dir='ltr'><strong>qui</strong></span> 
     </span>
    </p>
   </div>
   <div class='ocr_carea' id='block_1_116' title="bbox 1983 5218 3560 5287">
    <p class='ocr_par' dir='ltr' id='par_1_116' title="bbox 1983 5218 3560 5287">
     <span class='ocr_line' id='line_1_116' title="bbox 1983 5218 3560 5287; baseline -0.003 -10"><span class='ocrx_word' id='word_1_911' title='bbox 1983 5223 2240 5277; x_wconf 92' lang='lat' dir='ltr'><strong>Dominus</strong></span> <span class='ocrx_word' id='word_1_912' title='bbox 2255 5237 2438 5277; x_wconf 91' lang='lat' dir='ltr'><strong>eorum</strong></span> <span class='ocrx_word' id='word_1_913' title='bbox 2460 5229 2562 5287; x_wconf 89' lang='lat' dir='ltr'><strong>est,</strong></span> <span class='ocrx_word' id='word_1_914' title='bbox 2588 5229 2641 5273; x_wconf 90' lang='lat' dir='ltr'><strong>et</strong></span> <span class='ocrx_word' id='word_1_915' title='bbox 2665 5221 2715 5272; x_wconf 89' lang='lat' dir='ltr'><strong>in</strong></span> <span class='ocrx_word' id='word_1_916' title='bbox 2743 5219 2909 5273; x_wconf 86' lang='lat' dir='ltr'><strong>forma</strong></span> <span class='ocrx_word' id='word_1_917' title='bbox 2932 5220 3046 5285; x_wconf 92' lang='lat' dir='ltr'><strong>Dei,</strong></span> <span class='ocrx_word' id='word_1_918' title='bbox 3069 5221 3190 5275; x_wconf 89' lang='lat' dir='ltr'><strong>etin</strong></span> <span class='ocrx_word' id='word_1_919' title='bbox 3208 5218 3376 5274; x_wconf 85' lang='lat' dir='ltr'><strong>forma</strong></span> <span class='ocrx_word' id='word_1_920' title='bbox 3396 5220 3560 5274; x_wconf 83' lang='lat' dir='ltr'><strong>servi.</strong></span> 
     </span>
    </p>
   </div>
   <div class='ocr_carea' id='block_1_117' title="bbox 1987 5310 3560 5384">
    <p class='ocr_par' dir='ltr' id='par_1_117' title="bbox 1987 5310 3560 5384">
     <span class='ocr_line' id='line_1_117' title="bbox 1987 5310 3560 5384; baseline -0.004 -13"><span class='ocrx_word' id='word_1_921' title='bbox 1987 5316 2121 5371; x_wconf 87' lang='lat' dir='ltr'><strong>Dicit</strong></span> <span class='ocrx_word' id='word_1_922' title='bbox 2147 5316 2269 5369; x_wconf 91' lang='lat' dir='ltr'><strong>item</strong></span> <span class='ocrx_word' id='word_1_923' title='bbox 2301 5314 2587 5384; x_wconf 82' lang='lat' dir='ltr'><strong>Apostolus</strong></span> <span class='ocrx_word' id='word_1_924' title='bbox 2612 5330 2626 5366; x_wconf 91' lang='lat'>:</span> <span class='ocrx_word' id='word_1_925' title='bbox 2649 5310 2783 5366; x_wconf 67' lang='lat' dir='ltr'><strong>Milli</strong></span> <span class='ocrx_word' id='word_1_926' title='bbox 2807 5312 3012 5366; x_wconf 84' lang='lat' dir='ltr'><strong>minimo</strong></span> <span class='ocrx_word' id='word_1_927' title='bbox 3033 5313 3255 5366; x_wconf 84' lang='lat' dir='ltr'><strong>omnium</strong></span> <span class='ocrx_word' id='word_1_928' title='bbox 3273 5324 3560 5365; x_wconf 84' lang='lat' dir='ltr'><strong>sanctorum</strong></span> 
     </span>
    </p>
   </div>
   <div class='ocr_carea' id='block_1_118' title="bbox 1979 5402 3559 5475">
    <p class='ocr_par' dir='ltr' id='par_1_118' title="bbox 1979 5402 3559 5475">
     <span class='ocr_line' id='line_1_118' title="bbox 1979 5402 3559 5475; baseline -0.003 -15"><span class='ocrx_word' id='word_1_929' title='bbox 1979 5407 2100 5460; x_wconf 85' lang='lat' dir='ltr'><strong>data</strong></span> <span class='ocrx_word' id='word_1_930' title='bbox 2127 5415 2198 5459; x_wconf 87' lang='lat' dir='ltr'><strong>est</strong></span> <span class='ocrx_word' id='word_1_931' title='bbox 2223 5405 2385 5475; x_wconf 82' lang='lat' dir='ltr'><strong>gratia</strong></span> <span class='ocrx_word' id='word_1_932' title='bbox 2401 5404 2528 5472; x_wconf 72' lang='lat' dir='ltr'><strong>lucc,</strong></span> <span class='ocrx_word' id='word_1_933' title='bbox 2545 5403 2846 5457; x_wconf 84' lang='lat' dir='ltr'><strong>annuntiare</strong></span> <span class='ocrx_word' id='word_1_934' title='bbox 2870 5404 2923 5457; x_wconf 87' lang='lat' dir='ltr'><strong>in</strong></span> <span class='ocrx_word' id='word_1_935' title='bbox 2944 5402 3169 5474; x_wconf 78' lang='lat' dir='ltr'><strong>gentibus</strong></span> <span class='ocrx_word' id='word_1_936' title='bbox 3196 5403 3559 5473; x_wconf 76' lang='lat' dir='ltr'><strong>investigabilcs</strong></span> 
     </span>
    </p>
   </div>
   <div class='ocr_carea' id='block_1_119' title="bbox 1981 5488 3557 5569">
    <p class='ocr_par' dir='ltr' id='par_1_119' title="bbox 1981 5488 3557 5569">
     <span class='ocr_line' id='line_1_119' title="bbox 1981 5488 3557 5569; baseline -0.002 -18"><span class='ocrx_word' id='word_1_937' title='bbox 1981 5498 2182 5551; x_wconf 82' lang='lat' dir='ltr'><strong>divitias</strong></span> <span class='ocrx_word' id='word_1_938' title='bbox 2212 5496 2417 5562; x_wconf 83' lang='lat' dir='ltr'><strong>Christi,</strong></span> <span class='ocrx_word' id='word_1_939' title='bbox 2446 5504 2491 5551; x_wconf 85' lang='lat' dir='ltr'><strong>et</strong></span> <span class='ocrx_word' id='word_1_940' title='bbox 2515 5488 2803 5549; x_wconf 73' lang='lat' dir='ltr'><strong>illuniiuare</strong></span> <span class='ocrx_word' id='word_1_941' title='bbox 2827 5511 2940 5569; x_wconf 78' lang='lat' dir='ltr'><strong>qua:</strong></span> <span class='ocrx_word' id='word_1_942' title='bbox 2961 5495 3025 5549; x_wconf 82' lang='lat' dir='ltr'><strong>sit</strong></span> <span class='ocrx_word' id='word_1_943' title='bbox 3046 5494 3352 5550; x_wconf 67' lang='lat' dir='ltr'><strong>dispensatio</strong></span> <span class='ocrx_word' id='word_1_944' title='bbox 3381 5512 3557 5551; x_wconf 79' lang='lat' dir='ltr'><strong>sacru-</strong></span> 
     </span>
    </p>
   </div>
   <div class='ocr_carea' id='block_1_120' title="bbox 2045 5668 2655 5734">
    <p class='ocr_par' dir='ltr' id='par_1_120' title="bbox 2045 5668 2655 5734">
     <span class='ocr_line' id='line_1_120' title="bbox 2045 5668 2655 5734; baseline -0.005 -10"><span class='ocrx_word' id='word_1_945' title='bbox 2045 5676 2061 5709; x_wconf 77' lang='grc' dir='ltr'><strong>ι</strong></span> <span class='ocrx_word' id='word_1_946' title='bbox 2087 5676 2158 5724; x_wconf 81' lang='lat' dir='ltr'><strong>sic</strong></span> <span class='ocrx_word' id='word_1_947' title='bbox 2172 5668 2285 5723; x_wconf 71' lang='lat' dir='ltr'><strong>Mss.</strong></span> <span class='ocrx_word' id='word_1_948' title='bbox 2310 5679 2365 5723; x_wconf 82' lang='lat' dir='ltr'><strong>At</strong></span> <span class='ocrx_word' id='word_1_949' title='bbox 2387 5673 2524 5734; x_wconf 89' lang='lat' dir='ltr'><strong>editi,</strong></span> <span class='ocrx_word' id='word_1_950' title='bbox 2546 5684 2655 5734; x_wconf 81' lang='lat' dir='ltr'><strong>quo.</strong></span> 
     </span>
    </p>
   </div>
   <div class='ocr_carea' id='block_1_121' title="bbox 2043 5730 2774 5800">
    <p class='ocr_par' dir='ltr' id='par_1_121' title="bbox 2043 5730 2774 5800">
     <span class='ocr_line' id='line_1_121' title="bbox 2043 5730 2774 5800; baseline -0.004 -15"><span class='ocrx_word' id='word_1_951' title='bbox 2043 5737 2117 5800; x_wconf 83' lang='grc' dir='ltr'><strong>(α)</strong></span> <span class='ocrx_word' id='word_1_952' title='bbox 2144 5744 2177 5784; x_wconf 85' lang='lat' dir='ltr'><strong>tt</strong></span> <span class='ocrx_word' id='word_1_953' title='bbox 2198 5744 2399 5791; x_wconf 80' lang='lat' dir='ltr'><strong>ttetract.</strong></span> <span class='ocrx_word' id='word_1_954' title='bbox 2426 5730 2527 5798; x_wconf 20' lang='lat' dir='ltr'><strong>capt.</strong></span> <span class='ocrx_word' id='word_1_955' title='bbox 2556 5730 2615 5785; x_wconf 69' lang='lat' dir='ltr'><strong>ill</strong></span> <span class='ocrx_word' id='word_1_956' title='bbox 2655 5748 2701 5782; x_wconf 80' lang='grc' dir='ltr'><strong>ιι.</strong></span> <span class='ocrx_word' id='word_1_957' title='bbox 2727 5730 2774 5782; x_wconf 64' lang='lat'><strong>2.</strong></span> 
     </span>
    </p>
   </div>
  </div>
