  <div class='ocr_page' id='page_1' title='image "/cluster/home/n/w/nwhite01/storage/ocr_20150623/34/hvd.32044015706310/173.png"; bbox 0 0 4090 6460; ppageno 0'>
   <div class='ocr_carea' id='block_1_1' title="bbox 565 317 2822 403">
    <p class='ocr_par' dir='ltr' id='par_1_1' title="bbox 565 317 2822 403">
     <span class='ocr_line' id='line_1_1' title="bbox 565 317 2822 403; baseline -0.003 -16"><span class='ocrx_word' id='word_1_1' title='bbox 565 338 631 392; x_wconf 61' lang='lat'><strong>35</strong></span> <span class='ocrx_word' id='word_1_2' title='bbox 922 398 923 403; x_wconf 24' lang='grc' dir='ltr'><strong>η</strong></span> <span class='ocrx_word' id='word_1_3' title='bbox 1409 328 1498 386; x_wconf 86' lang='lat' dir='ltr'><strong>DE</strong></span> <span class='ocrx_word' id='word_1_4' title='bbox 1535 325 1781 386; x_wconf 82' lang='lat' dir='ltr'><strong>GENESI</strong></span> <span class='ocrx_word' id='word_1_5' title='bbox 1817 324 1910 381; x_wconf 83' lang='lat' dir='ltr'><strong>AD</strong></span> <span class='ocrx_word' id='word_1_6' title='bbox 1941 317 2314 391; x_wconf 75' lang='lat' dir='ltr'><strong>LITTERAM,</strong></span> <span class='ocrx_word' id='word_1_7' title='bbox 2354 322 2414 381; x_wconf 91' lang='lat' dir='ltr'><strong>S.</strong></span> <span class='ocrx_word' id='word_1_8' title='bbox 2454 323 2822 385; x_wconf 78' lang='lat' dir='ltr'><strong>AUGUSTINI</strong></span> 
     </span>
    </p>
   </div>
   <div class='ocr_carea' id='block_1_2' title="bbox 526 436 2103 516">
    <p class='ocr_par' dir='ltr' id='par_1_2' title="bbox 526 436 2103 516">
     <span class='ocr_line' id='line_1_2' title="bbox 526 436 2103 516; baseline -0.01 -12"><span class='ocrx_word' id='word_1_9' title='bbox 526 448 676 505; x_wconf 76' lang='lat' dir='ltr'><strong>menti</strong></span> <span class='ocrx_word' id='word_1_10' title='bbox 703 445 837 516; x_wconf 82' lang='lat' dir='ltr'><strong>quod</strong></span> <span class='ocrx_word' id='word_1_11' title='bbox 864 447 959 515; x_wconf 75' lang='lat' dir='ltr'><strong>fuit</strong></span> <span class='ocrx_word' id='word_1_12' title='bbox 983 441 1329 499; x_wconf 73' lang='lat' dir='ltr'><strong>absconditum</strong></span> <span class='ocrx_word' id='word_1_13' title='bbox 1353 458 1384 495; x_wconf 91' lang='lat' dir='ltr'><strong><em>a</em></strong></span> <span class='ocrx_word' id='word_1_14' title='bbox 1403 441 1601 497; x_wconf 75' lang='lat' dir='ltr'><strong>steculis</strong></span> <span class='ocrx_word' id='word_1_15' title='bbox 1633 440 1687 494; x_wconf 86' lang='lat' dir='ltr'><strong>in</strong></span> <span class='ocrx_word' id='word_1_16' title='bbox 1710 437 1841 501; x_wconf 88' lang='lat' dir='ltr'><strong>Deo,</strong></span> <span class='ocrx_word' id='word_1_17' title='bbox 1869 436 1957 508; x_wconf 85' lang='lat' dir='ltr'><strong>qui</strong></span> <span class='ocrx_word' id='word_1_18' title='bbox 1982 436 2103 490; x_wconf 79' lang='lat' dir='ltr'><strong>uni-</strong></span> 
     </span>
    </p>
   </div>
   <div class='ocr_carea' id='block_1_3' title="bbox 527 518 2106 609">
    <p class='ocr_par' dir='ltr' id='par_1_3' title="bbox 527 518 2106 609">
     <span class='ocr_line' id='line_1_3' title="bbox 527 518 2106 609; baseline -0.008 -15"><span class='ocrx_word' id='word_1_19' title='bbox 527 554 669 595; x_wconf 74' lang='lat' dir='ltr'><strong>versa</strong></span> <span class='ocrx_word' id='word_1_20' title='bbox 694 526 913 599; x_wconf 55' lang='lat' dir='ltr'><strong>creavit:</strong></span> <span class='ocrx_word' id='word_1_21' title='bbox 941 518 998 590; x_wconf 84' lang='lat' dir='ltr'><strong>ut</strong></span> <span class='ocrx_word' id='word_1_22' title='bbox 1021 539 1343 590; x_wconf 78' lang='lat' dir='ltr'><strong>innotescere!</strong></span> <span class='ocrx_word' id='word_1_23' title='bbox 1371 532 1691 601; x_wconf 75' lang='lat' dir='ltr'><strong>Principibus</strong></span> <span class='ocrx_word' id='word_1_24' title='bbox 1707 539 1751 583; x_wconf 84' lang='lat' dir='ltr'><strong>et</strong></span> <span class='ocrx_word' id='word_1_25' title='bbox 1770 527 2106 609; x_wconf 86' lang='lat' dir='ltr'><strong>Potestatibus</strong></span> 
     </span>
    </p>
   </div>
   <div class='ocr_carea' id='block_1_4' title="bbox 529 616 2107 697">
    <p class='ocr_par' dir='ltr' id='par_1_4' title="bbox 529 616 2107 697">
     <span class='ocr_line' id='line_1_4' title="bbox 529 616 2107 697; baseline -0.009 -13"><span class='ocrx_word' id='word_1_26' title='bbox 529 631 583 684; x_wconf 89' lang='lat' dir='ltr'><strong>in</strong></span> <span class='ocrx_word' id='word_1_27' title='bbox 615 629 891 684; x_wconf 76' lang='lat' dir='ltr'><strong>cwlestibus</strong></span> <span class='ocrx_word' id='word_1_28' title='bbox 931 642 1022 697; x_wconf 87' lang='lat' dir='ltr'><strong>per</strong></span> <span class='ocrx_word' id='word_1_29' title='bbox 1058 625 1335 680; x_wconf 81' lang='lat' dir='ltr'><strong>Ecclesiam</strong></span> <span class='ocrx_word' id='word_1_30' title='bbox 1360 621 1681 692; x_wconf 80' lang='lat' dir='ltr'><strong>multiformis</strong></span> <span class='ocrx_word' id='word_1_31' title='bbox 1705 620 1952 691; x_wconf 73' lang='lat' dir='ltr'><strong>sapientia</strong></span> <span class='ocrx_word' id='word_1_32' title='bbox 1988 616 2107 684; x_wconf 83' lang='lat' dir='ltr'><strong>Dei,</strong></span> 
     </span>
    </p>
   </div>
   <div class='ocr_carea' id='block_1_5' title="bbox 527 697 2110 787">
    <p class='ocr_par' dir='ltr' id='par_1_5' title="bbox 527 697 2110 787">
     <span class='ocr_line' id='line_1_5' title="bbox 527 697 2110 787; baseline -0.007 -14"><span class='ocrx_word' id='word_1_33' title='bbox 527 718 802 775; x_wconf 83' lang='lat' dir='ltr'><strong>seczmdum</strong></span> <span class='ocrx_word' id='word_1_34' title='bbox 832 716 1139 787; x_wconf 86' lang='lat' dir='ltr'><strong>propositum</strong></span> <span class='ocrx_word' id='word_1_35' title='bbox 1158 697 1479 778; x_wconf 80' lang='lat' dir='ltr'><strong>steculorum,</strong></span> <span class='ocrx_word' id='word_1_36' title='bbox 1509 728 1661 782; x_wconf 82' lang='lat' dir='ltr'><strong>quam</strong></span> <span class='ocrx_word' id='word_1_37' title='bbox 1687 712 1804 781; x_wconf 82' lang='lat' dir='ltr'><strong>fecit</strong></span> <span class='ocrx_word' id='word_1_38' title='bbox 1831 711 1884 764; x_wconf 87' lang='lat' dir='ltr'><strong>in</strong></span> <span class='ocrx_word' id='word_1_39' title='bbox 1914 710 2110 765; x_wconf 78' lang='lat' dir='ltr'><strong>Christo</strong></span> 
     </span>
    </p>
   </div>
   <div class='ocr_carea' id='block_1_6' title="bbox 530 801 2113 879">
    <p class='ocr_par' dir='ltr' id='par_1_6' title="bbox 530 801 2113 879">
     <span class='ocr_line' id='line_1_6' title="bbox 530 801 2113 879; baseline -0.009 -8"><span class='ocrx_word' id='word_1_40' title='bbox 530 815 656 871; x_wconf 84' lang='lat' dir='ltr'><strong>.lesu</strong></span> <span class='ocrx_word' id='word_1_41' title='bbox 693 812 911 867; x_wconf 83' lang='lat' dir='ltr'><strong>Domino</strong></span> <span class='ocrx_word' id='word_1_42' title='bbox 953 819 1123 865; x_wconf 87' lang='lat' dir='ltr'><strong>nostra</strong></span> <span class='ocrx_word' id='word_1_43' title='bbox 1164 807 1380 879; x_wconf 84' lang='lat' dir='ltr'><strong>(Epltes.</strong></span> <span class='ocrx_word' id='word_1_44' title='bbox 1414 821 1491 867; x_wconf 85' lang='grc' dir='ltr'>ιιι.</span> <span class='ocrx_word' id='word_1_45' title='bbox 1532 805 1708 875; x_wconf 74' lang='grc'><strong>8-11).</strong></span> <span class='ocrx_word' id='word_1_46' title='bbox 1742 804 1830 859; x_wconf 90' lang='lat' dir='ltr'><strong>Sic</strong></span> <span class='ocrx_word' id='word_1_47' title='bbox 1857 818 1984 873; x_wconf 83' lang='lat' dir='ltr'><strong>ergo</strong></span> <span class='ocrx_word' id='word_1_48' title='bbox 2014 801 2113 856; x_wconf 88' lang='lat' dir='ltr'><strong>fuit</strong></span> 
     </span>
    </p>
   </div>
   <div class='ocr_carea' id='block_1_7' title="bbox 533 894 2111 961">
    <p class='ocr_par' dir='ltr' id='par_1_7' title="bbox 533 894 2111 961">
     <span class='ocr_line' id='line_1_7' title="bbox 533 894 2111 961; baseline -0.011 0"><span class='ocrx_word' id='word_1_49' title='bbox 533 906 636 961; x_wconf 90' lang='lat' dir='ltr'><strong>hoc</strong></span> <span class='ocrx_word' id='word_1_50' title='bbox 673 901 1040 959; x_wconf 88' lang='lat' dir='ltr'><strong>absconditum</strong></span> <span class='ocrx_word' id='word_1_51' title='bbox 1068 915 1099 954; x_wconf 92' lang='lat' dir='ltr'><strong>a</strong></span> <span class='ocrx_word' id='word_1_52' title='bbox 1121 898 1332 954; x_wconf 69' lang='lat' dir='ltr'><strong>saeculis</strong></span> <span class='ocrx_word' id='word_1_53' title='bbox 1360 898 1413 951; x_wconf 91' lang='lat' dir='ltr'><strong>in</strong></span> <span class='ocrx_word' id='word_1_54' title='bbox 1441 896 1551 951; x_wconf 91' lang='lat' dir='ltr'><strong>Deo</strong></span> <span class='ocrx_word' id='word_1_55' title='bbox 1570 936 1586 960; x_wconf 95' lang='lat'><strong>,</strong></span> <span class='ocrx_word' id='word_1_56' title='bbox 1612 902 1673 949; x_wconf 88' lang='lat' dir='ltr'><strong>ut</strong></span> <span class='ocrx_word' id='word_1_57' title='bbox 1698 903 1872 949; x_wconf 86' lang='lat' dir='ltr'><strong>tamen</strong></span> <span class='ocrx_word' id='word_1_58' title='bbox 1900 894 2111 947; x_wconf 85' lang='lat' dir='ltr'><strong>innote-</strong></span> 
     </span>
    </p>
   </div>
   <div class='ocr_carea' id='block_1_8' title="bbox 531 985 2114 1062">
    <p class='ocr_par' dir='ltr' id='par_1_8' title="bbox 531 985 2114 1062">
     <span class='ocr_line' id='line_1_8' title="bbox 531 985 2114 1062; baseline -0.008 -12"><span class='ocrx_word' id='word_1_59' title='bbox 531 1004 705 1052; x_wconf 86' lang='lat' dir='ltr'><strong>sceret</strong></span> <span class='ocrx_word' id='word_1_60' title='bbox 748 991 1080 1062; x_wconf 84' lang='lat' dir='ltr'><strong>Principibus</strong></span> <span class='ocrx_word' id='word_1_61' title='bbox 1116 996 1171 1046; x_wconf 90' lang='lat' dir='ltr'><strong>et</strong></span> <span class='ocrx_word' id='word_1_62' title='bbox 1215 987 1571 1043; x_wconf 84' lang='lat' dir='ltr'><strong>Potestatibus</strong></span> <span class='ocrx_word' id='word_1_63' title='bbox 1602 986 1654 1041; x_wconf 92' lang='lat' dir='ltr'><strong>in</strong></span> <span class='ocrx_word' id='word_1_64' title='bbox 1682 985 1990 1041; x_wconf 64' lang='lat' dir='ltr'><strong>caelestibus</strong></span> <span class='ocrx_word' id='word_1_65' title='bbox 2016 998 2114 1054; x_wconf 88' lang='lat' dir='ltr'><strong>per</strong></span> 
     </span>
    </p>
   </div>
   <div class='ocr_carea' id='block_1_9' title="bbox 533 1074 2111 1157">
    <p class='ocr_par' dir='ltr' id='par_1_9' title="bbox 533 1074 2111 1157">
     <span class='ocr_line' id='line_1_9' title="bbox 533 1074 2111 1157; baseline -0.009 -15"><span class='ocrx_word' id='word_1_66' title='bbox 533 1085 826 1142; x_wconf 80' lang='lat' dir='ltr'><strong>Ecclesium</strong></span> <span class='ocrx_word' id='word_1_67' title='bbox 856 1080 1195 1137; x_wconf 76' lang='lat' dir='ltr'><strong>multiformis</strong></span> <span class='ocrx_word' id='word_1_68' title='bbox 1214 1078 1489 1157; x_wconf 81' lang='lat' dir='ltr'><strong>sapientia</strong></span> <span class='ocrx_word' id='word_1_69' title='bbox 1510 1077 1636 1157; x_wconf 88' lang='lat' dir='ltr'><strong>Dei;</strong></span> <span class='ocrx_word' id='word_1_70' title='bbox 1668 1077 1793 1148; x_wconf 83' lang='lat' dir='ltr'><strong>quia</strong></span> <span class='ocrx_word' id='word_1_71' title='bbox 1824 1074 1895 1130; x_wconf 89' lang='lat' dir='ltr'><strong>ibi</strong></span> <span class='ocrx_word' id='word_1_72' title='bbox 1927 1074 2111 1146; x_wconf 85' lang='lat' dir='ltr'><strong>primi-</strong></span> 
     </span>
    </p>
   </div>
   <div class='ocr_carea' id='block_1_10' title="bbox 534 1155 2113 1243">
    <p class='ocr_par' dir='ltr' id='par_1_10' title="bbox 534 1155 2113 1243">
     <span class='ocr_line' id='line_1_10' title="bbox 534 1155 2113 1243; baseline -0.006 -12"><span class='ocrx_word' id='word_1_73' title='bbox 534 1189 618 1232; x_wconf 86' lang='lat' dir='ltr'><strong>tus</strong></span> <span class='ocrx_word' id='word_1_74' title='bbox 648 1174 907 1239; x_wconf 84' lang='lat' dir='ltr'><strong>Ecclesia,</strong></span> <span class='ocrx_word' id='word_1_75' title='bbox 930 1187 1036 1243; x_wconf 89' lang='lat' dir='ltr'><strong>quo</strong></span> <span class='ocrx_word' id='word_1_76' title='bbox 1058 1179 1179 1243; x_wconf 88' lang='lat' dir='ltr'><strong>post</strong></span> <span class='ocrx_word' id='word_1_77' title='bbox 1206 1155 1649 1227; x_wconf 83' lang='lat' dir='ltr'><strong>resurrectionem</strong></span> <span class='ocrx_word' id='word_1_78' title='bbox 1671 1176 1726 1224; x_wconf 91' lang='lat' dir='ltr'><strong>et</strong></span> <span class='ocrx_word' id='word_1_79' title='bbox 1753 1168 1852 1222; x_wconf 88' lang='lat' dir='ltr'><strong>ista</strong></span> <span class='ocrx_word' id='word_1_80' title='bbox 1877 1166 2113 1223; x_wconf 79' lang='lat' dir='ltr'><strong>Ecclesia</strong></span> 
     </span>
    </p>
   </div>
   <div class='ocr_carea' id='block_1_11' title="bbox 533 1258 2111 1339">
    <p class='ocr_par' dir='ltr' id='par_1_11' title="bbox 533 1258 2111 1339">
     <span class='ocr_line' id='line_1_11' title="bbox 533 1258 2111 1339; baseline -0.006 -16"><span class='ocrx_word' id='word_1_81' title='bbox 533 1265 897 1339; x_wconf 78' lang='lat' dir='ltr'><strong>Congrcganda</strong></span> <span class='ocrx_word' id='word_1_82' title='bbox 919 1273 1021 1329; x_wconf 89' lang='lat' dir='ltr'><strong>cst,</strong></span> <span class='ocrx_word' id='word_1_83' title='bbox 1051 1274 1107 1318; x_wconf 90' lang='lat' dir='ltr'><strong>ut</strong></span> <span class='ocrx_word' id='word_1_84' title='bbox 1126 1263 1293 1320; x_wconf 88' lang='lat' dir='ltr'><strong>simus</strong></span> <span class='ocrx_word' id='word_1_85' title='bbox 1307 1263 1535 1332; x_wconf 75' lang='lat' dir='ltr'><strong>mquales</strong></span> <span class='ocrx_word' id='word_1_86' title='bbox 1551 1261 1765 1331; x_wconf 75' lang='lat' dir='ltr'><strong>Angelis</strong></span> <span class='ocrx_word' id='word_1_87' title='bbox 1781 1260 1876 1315; x_wconf 93' lang='lat' dir='ltr'><strong>Dei</strong></span> <span class='ocrx_word' id='word_1_88' title='bbox 1898 1258 2111 1331; x_wconf 75' lang='lat' dir='ltr'><strong>(Matth.</strong></span> 
     </span>
    </p>
   </div>
   <div class='ocr_carea' id='block_1_12' title="bbox 533 1349 2115 1427">
    <p class='ocr_par' dir='ltr' id='par_1_12' title="bbox 533 1349 2115 1427">
     <span class='ocr_line' id='line_1_12' title="bbox 533 1349 2115 1427; baseline -0.004 -16"><span class='ocrx_word' id='word_1_89' title='bbox 533 1374 673 1422; x_wconf 75' lang='lat' dir='ltr'><strong>xxu,</strong></span> <span class='ocrx_word' id='word_1_90' title='bbox 715 1356 828 1427; x_wconf 78' lang='lat'><strong>50).</strong></span> <span class='ocrx_word' id='word_1_91' title='bbox 864 1354 970 1409; x_wconf 92' lang='lat' dir='ltr'><strong>lllis</strong></span> <span class='ocrx_word' id='word_1_92' title='bbox 1008 1369 1136 1424; x_wconf 77' lang='lat' dir='ltr'><strong>ergo</strong></span> <span class='ocrx_word' id='word_1_93' title='bbox 1160 1368 1191 1407; x_wconf 88' lang='lat' dir='ltr'><strong>a</strong></span> <span class='ocrx_word' id='word_1_94' title='bbox 1220 1352 1429 1407; x_wconf 71' lang='lat' dir='ltr'><strong>smculis</strong></span> <span class='ocrx_word' id='word_1_95' title='bbox 1463 1351 1726 1414; x_wconf 90' lang='lat' dir='ltr'><strong>innotuit;</strong></span> <span class='ocrx_word' id='word_1_96' title='bbox 1775 1349 1897 1418; x_wconf 86' lang='lat' dir='ltr'><strong>quia</strong></span> <span class='ocrx_word' id='word_1_97' title='bbox 1943 1349 2115 1405; x_wconf 88' lang='lat' dir='ltr'><strong>omnis</strong></span> 
     </span>
    </p>
   </div>
   <div class='ocr_carea' id='block_1_13' title="bbox 532 1440 2113 1509">
    <p class='ocr_par' dir='ltr' id='par_1_13' title="bbox 532 1440 2113 1509">
     <span class='ocr_line' id='line_1_13' title="bbox 532 1440 2113 1509; baseline -0.006 -6"><span class='ocrx_word' id='word_1_98' title='bbox 532 1454 776 1503; x_wconf 79' lang='lat' dir='ltr'><strong>creatura</strong></span> <span class='ocrx_word' id='word_1_99' title='bbox 802 1461 905 1499; x_wconf 91' lang='lat' dir='ltr'><strong>non</strong></span> <span class='ocrx_word' id='word_1_100' title='bbox 926 1454 1053 1500; x_wconf 88' lang='lat' dir='ltr'><strong>ante</strong></span> <span class='ocrx_word' id='word_1_101' title='bbox 1076 1444 1292 1509; x_wconf 58' lang='lat' dir='ltr'><strong>saecula,</strong></span> <span class='ocrx_word' id='word_1_102' title='bbox 1319 1442 1412 1497; x_wconf 90' lang='lat' dir='ltr'><strong>sed</strong></span> <span class='ocrx_word' id='word_1_103' title='bbox 1438 1457 1466 1495; x_wconf 89' lang='lat' dir='ltr'><strong>a</strong></span> <span class='ocrx_word' id='word_1_104' title='bbox 1488 1442 1716 1496; x_wconf 71' lang='lat' dir='ltr'><strong>smculis.</strong></span> <span class='ocrx_word' id='word_1_105' title='bbox 1737 1440 1819 1494; x_wconf 86' lang='lat' dir='ltr'><strong>Ab</strong></span> <span class='ocrx_word' id='word_1_106' title='bbox 1840 1440 1949 1508; x_wconf 88' lang='lat' dir='ltr'><strong>ipsa</strong></span> <span class='ocrx_word' id='word_1_107' title='bbox 1972 1441 2113 1495; x_wconf 85' lang='lat' dir='ltr'><strong>enim</strong></span> 
     </span>
    </p>
   </div>
   <div class='ocr_carea' id='block_1_14' title="bbox 445 1532 2113 1605">
    <p class='ocr_par' dir='ltr' id='par_1_14' title="bbox 445 1532 2113 1605">
     <span class='ocr_line' id='line_1_14' title="bbox 445 1532 2113 1605; baseline -0.005 -11"><span class='ocrx_word' id='word_1_108' title='bbox 445 1581 447 1585; x_wconf 61' lang='grc' dir='ltr'><strong>ς</strong></span> <span class='ocrx_word' id='word_1_109' title='bbox 532 1548 715 1594; x_wconf 73' lang='lat' dir='ltr'><strong>exorta</strong></span> <span class='ocrx_word' id='word_1_110' title='bbox 745 1544 868 1593; x_wconf 88' lang='lat' dir='ltr'><strong>sunt</strong></span> <span class='ocrx_word' id='word_1_111' title='bbox 892 1537 1117 1601; x_wconf 71' lang='lat' dir='ltr'><strong>smcula,</strong></span> <span class='ocrx_word' id='word_1_112' title='bbox 1153 1545 1207 1590; x_wconf 89' lang='lat' dir='ltr'><strong>et</strong></span> <span class='ocrx_word' id='word_1_113' title='bbox 1235 1536 1346 1605; x_wconf 91' lang='lat' dir='ltr'><strong>ipsa</strong></span> <span class='ocrx_word' id='word_1_114' title='bbox 1373 1550 1404 1589; x_wconf 89' lang='lat' dir='ltr'><strong>a</strong></span> <span class='ocrx_word' id='word_1_115' title='bbox 1433 1534 1675 1598; x_wconf 61' lang='lat' dir='ltr'><strong>saxulis;</strong></span> <span class='ocrx_word' id='word_1_116' title='bbox 1716 1533 1968 1602; x_wconf 89' lang='lat' dir='ltr'><strong>quoniam</strong></span> <span class='ocrx_word' id='word_1_117' title='bbox 2010 1532 2113 1585; x_wconf 83' lang='lat' dir='ltr'><strong>ini-</strong></span> 
     </span>
    </p>
   </div>
   <div class='ocr_carea' id='block_1_15' title="bbox 530 1623 2113 1699">
    <p class='ocr_par' dir='ltr' id='par_1_15' title="bbox 530 1623 2113 1699">
     <span class='ocr_line' id='line_1_15' title="bbox 530 1623 2113 1699; baseline -0.005 -16"><span class='ocrx_word' id='word_1_118' title='bbox 530 1629 664 1684; x_wconf 90' lang='lat' dir='ltr'><strong>tium</strong></span> <span class='ocrx_word' id='word_1_119' title='bbox 711 1629 824 1699; x_wconf 92' lang='lat' dir='ltr'><strong>ejus</strong></span> <span class='ocrx_word' id='word_1_120' title='bbox 860 1628 1065 1682; x_wconf 90' lang='lat' dir='ltr'><strong>initium</strong></span> <span class='ocrx_word' id='word_1_121' title='bbox 1107 1627 1421 1681; x_wconf 58' lang='lat' dir='ltr'><strong>saeculorum</strong></span> <span class='ocrx_word' id='word_1_122' title='bbox 1449 1634 1569 1679; x_wconf 84' lang='lat' dir='ltr'><strong>est:</strong></span> <span class='ocrx_word' id='word_1_123' title='bbox 1602 1623 1912 1692; x_wconf 76' lang='lat' dir='ltr'><strong>Unigenitus</strong></span> <span class='ocrx_word' id='word_1_124' title='bbox 1938 1632 2113 1678; x_wconf 90' lang='lat' dir='ltr'><strong>autem</strong></span> 
     </span>
    </p>
   </div>
   <div class='ocr_carea' id='block_1_16' title="bbox 532 1713 2113 1791">
    <p class='ocr_par' dir='ltr' id='par_1_16' title="bbox 532 1713 2113 1791">
     <span class='ocr_line' id='line_1_16' title="bbox 532 1713 2113 1791; baseline -0.004 -16"><span class='ocrx_word' id='word_1_125' title='bbox 532 1730 656 1776; x_wconf 86' lang='lat' dir='ltr'><strong>ante</strong></span> <span class='ocrx_word' id='word_1_126' title='bbox 681 1721 896 1788; x_wconf 64' lang='lat' dir='ltr'><strong>sarcula,</strong></span> <span class='ocrx_word' id='word_1_127' title='bbox 926 1736 1024 1791; x_wconf 87' lang='lat' dir='ltr'><strong>per</strong></span> <span class='ocrx_word' id='word_1_128' title='bbox 1046 1735 1202 1791; x_wconf 85' lang='lat' dir='ltr'><strong>quem</strong></span> <span class='ocrx_word' id='word_1_129' title='bbox 1225 1717 1363 1773; x_wconf 85' lang='lat' dir='ltr'><strong>facta</strong></span> <span class='ocrx_word' id='word_1_130' title='bbox 1388 1724 1513 1772; x_wconf 89' lang='lat' dir='ltr'><strong>sunt</strong></span> <span class='ocrx_word' id='word_1_131' title='bbox 1534 1715 1724 1770; x_wconf 80' lang='lat' dir='ltr'><strong>saecula</strong></span> <span class='ocrx_word' id='word_1_132' title='bbox 1752 1713 1936 1787; x_wconf 87' lang='lat' dir='ltr'><strong>(Hebr.</strong></span> <span class='ocrx_word' id='word_1_133' title='bbox 1969 1730 2007 1779; x_wconf 83' lang='grc' dir='ltr'>ι,</span> <span class='ocrx_word' id='word_1_134' title='bbox 2032 1714 2113 1785; x_wconf 73' lang='grc'><strong>2).</strong></span> 
     </span>
    </p>
   </div>
   <div class='ocr_carea' id='block_1_17' title="bbox 530 1804 2113 1885">
    <p class='ocr_par' dir='ltr' id='par_1_17' title="bbox 530 1804 2113 1885">
     <span class='ocr_line' id='line_1_17' title="bbox 530 1804 2113 1885; baseline -0.006 -17"><span class='ocrx_word' id='word_1_135' title='bbox 530 1813 764 1885; x_wconf 81' lang='lat' dir='ltr'><strong>Ideoque</strong></span> <span class='ocrx_word' id='word_1_136' title='bbox 803 1828 867 1867; x_wconf 87' lang='lat' dir='ltr'><strong>ex</strong></span> <span class='ocrx_word' id='word_1_137' title='bbox 899 1826 1125 1882; x_wconf 83' lang='lat' dir='ltr'><strong>persona</strong></span> <span class='ocrx_word' id='word_1_138' title='bbox 1164 1807 1480 1879; x_wconf 74' lang='lat' dir='ltr'><strong>Sapientite,</strong></span> <span class='ocrx_word' id='word_1_139' title='bbox 1516 1806 1647 1861; x_wconf 83' lang='lat' dir='ltr'><strong>Ante</strong></span> <span class='ocrx_word' id='word_1_140' title='bbox 1673 1804 1896 1871; x_wconf 77' lang='lat' dir='ltr'><strong>stecula,</strong></span> <span class='ocrx_word' id='word_1_141' title='bbox 1924 1805 2113 1876; x_wconf 90' lang='lat' dir='ltr'><strong>inquit,</strong></span> 
     </span>
    </p>
   </div>
   <div class='ocr_carea' id='block_1_18' title="bbox 535 1896 2117 1978">
    <p class='ocr_par' dir='ltr' id='par_1_18' title="bbox 535 1896 2117 1978">
     <span class='ocr_line' id='line_1_18' title="bbox 535 1896 2117 1978; baseline -0.004 -19"><span class='ocrx_word' id='word_1_142' title='bbox 535 1906 770 1977; x_wconf 71' lang='lat' dir='ltr'><strong>fraudavit</strong></span> <span class='ocrx_word' id='word_1_143' title='bbox 799 1921 877 1959; x_wconf 86' lang='lat' dir='ltr'><strong>me</strong></span> <span class='ocrx_word' id='word_1_144' title='bbox 905 1904 1086 1978; x_wconf 84' lang='lat' dir='ltr'><strong>(Prov.</strong></span> <span class='ocrx_word' id='word_1_145' title='bbox 1118 1918 1210 1957; x_wconf 80' lang='lat' dir='ltr'><strong>vui</strong></span> <span class='ocrx_word' id='word_1_146' title='bbox 1234 1942 1247 1965; x_wconf 92' lang='lat'><strong>,</strong></span> <span class='ocrx_word' id='word_1_147' title='bbox 1274 1900 1367 1968; x_wconf 75' lang='lat'><strong>25,</strong></span> <span class='ocrx_word' id='word_1_148' title='bbox 1398 1915 1498 1953; x_wconf 89' lang='lat' dir='ltr'><strong>sec.</strong></span> <span class='ocrx_word' id='word_1_149' title='bbox 1526 1896 1692 1969; x_wconf 80' lang='lat' dir='ltr'><strong>LXX)</strong></span> <span class='ocrx_word' id='word_1_150' title='bbox 1718 1912 1733 1963; x_wconf 92' lang='lat'><strong>;</strong></span> <span class='ocrx_word' id='word_1_151' title='bbox 1766 1904 1825 1952; x_wconf 90' lang='lat' dir='ltr'><strong>ut</strong></span> <span class='ocrx_word' id='word_1_152' title='bbox 1850 1897 1904 1952; x_wconf 91' lang='lat' dir='ltr'><strong>in</strong></span> <span class='ocrx_word' id='word_1_153' title='bbox 1948 1913 2010 1953; x_wconf 90' lang='lat' dir='ltr'><strong>ea</strong></span> <span class='ocrx_word' id='word_1_154' title='bbox 2040 1898 2117 1952; x_wconf 84' lang='lat' dir='ltr'><strong>fa-</strong></span> 
     </span>
    </p>
   </div>
   <div class='ocr_carea' id='block_1_19' title="bbox 533 1992 2117 2066">
    <p class='ocr_par' dir='ltr' id='par_1_19' title="bbox 533 1992 2117 2066">
     <span class='ocr_line' id='line_1_19' title="bbox 533 1992 2117 2066; baseline -0.005 -12"><span class='ocrx_word' id='word_1_155' title='bbox 533 2009 681 2054; x_wconf 83' lang='lat' dir='ltr'><strong>ceret</strong></span> <span class='ocrx_word' id='word_1_156' title='bbox 699 1997 897 2063; x_wconf 89' lang='lat' dir='ltr'><strong>omnia,</strong></span> <span class='ocrx_word' id='word_1_157' title='bbox 923 1998 1007 2053; x_wconf 88' lang='lat' dir='ltr'><strong>cui</strong></span> <span class='ocrx_word' id='word_1_158' title='bbox 1031 1997 1230 2052; x_wconf 84' lang='lat' dir='ltr'><strong>dictum</strong></span> <span class='ocrx_word' id='word_1_159' title='bbox 1257 2003 1359 2062; x_wconf 87' lang='lat' dir='ltr'><strong>est,</strong></span> <span class='ocrx_word' id='word_1_160' title='bbox 1386 1992 1569 2048; x_wconf 84' lang='lat' dir='ltr'><strong>Omnia</strong></span> <span class='ocrx_word' id='word_1_161' title='bbox 1588 1994 1642 2048; x_wconf 85' lang='lat' dir='ltr'><strong>iu</strong></span> <span class='ocrx_word' id='word_1_162' title='bbox 1666 1992 1932 2064; x_wconf 77' lang='lat' dir='ltr'><strong><em>Sapientia</em></strong></span> <span class='ocrx_word' id='word_1_163' title='bbox 1953 1993 2117 2066; x_wconf 79' lang='lat' dir='ltr'><strong>fecisti</strong></span> 
     </span>
    </p>
   </div>
   <div class='ocr_carea' id='block_1_20' title="bbox 535 2090 993 2161">
    <p class='ocr_par' dir='ltr' id='par_1_20' title="bbox 535 2090 993 2161">
     <span class='ocr_line' id='line_1_20' title="bbox 535 2090 993 2161; baseline -0.002 -16"><span class='ocrx_word' id='word_1_164' title='bbox 535 2090 709 2161; x_wconf 86' lang='lat' dir='ltr'><strong>(Psal.</strong></span> <span class='ocrx_word' id='word_1_165' title='bbox 738 2106 848 2157; x_wconf 86' lang='lat' dir='ltr'><strong>cut,</strong></span> <span class='ocrx_word' id='word_1_166' title='bbox 876 2090 993 2160; x_wconf 63' lang='lat'><strong>26).</strong></span> 
     </span>
    </p>
   </div>
   <div class='ocr_carea' id='block_1_21' title="bbox 606 2177 2118 2250">
    <p class='ocr_par' dir='ltr' id='par_1_21' title="bbox 606 2177 2118 2250">
     <span class='ocr_line' id='line_1_21' title="bbox 606 2177 2118 2250; baseline -0.004 -12"><span class='ocrx_word' id='word_1_167' title='bbox 606 2182 695 2238; x_wconf 77' lang='lat'><strong>&#39;59.</strong></span> <span class='ocrx_word' id='word_1_168' title='bbox 736 2181 885 2250; x_wconf 83' lang='lat' dir='ltr'><strong>Quod</strong></span> <span class='ocrx_word' id='word_1_169' title='bbox 914 2189 1090 2237; x_wconf 89' lang='lat' dir='ltr'><strong>autem</strong></span> <span class='ocrx_word' id='word_1_170' title='bbox 1121 2195 1227 2235; x_wconf 87' lang='lat' dir='ltr'><strong>non</strong></span> <span class='ocrx_word' id='word_1_171' title='bbox 1258 2181 1308 2234; x_wconf 92' lang='lat' dir='ltr'><strong>iu</strong></span> <span class='ocrx_word' id='word_1_172' title='bbox 1341 2180 1449 2235; x_wconf 88' lang='lat' dir='ltr'><strong>Deo</strong></span> <span class='ocrx_word' id='word_1_173' title='bbox 1475 2185 1674 2234; x_wconf 91' lang='lat' dir='ltr'><strong>tantum</strong></span> <span class='ocrx_word' id='word_1_174' title='bbox 1703 2177 1986 2234; x_wconf 88' lang='lat' dir='ltr'><strong>innotescit</strong></span> <span class='ocrx_word' id='word_1_175' title='bbox 2007 2179 2118 2233; x_wconf 58' lang='lat' dir='ltr'><strong>An.-</strong></span> 
     </span>
    </p>
   </div>
   <div class='ocr_carea' id='block_1_22' title="bbox 532 2270 2113 2345">
    <p class='ocr_par' dir='ltr' id='par_1_22' title="bbox 532 2270 2113 2345">
     <span class='ocr_line' id='line_1_22' title="bbox 532 2270 2113 2345; baseline -0.003 -16"><span class='ocrx_word' id='word_1_176' title='bbox 532 2274 670 2345; x_wconf 75' lang='lat' dir='ltr'><strong>gelis</strong></span> <span class='ocrx_word' id='word_1_177' title='bbox 694 2273 834 2343; x_wconf 88' lang='lat' dir='ltr'><strong>quod</strong></span> <span class='ocrx_word' id='word_1_178' title='bbox 864 2272 1232 2328; x_wconf 69' lang='lat' dir='ltr'><strong>absconditum</strong></span> <span class='ocrx_word' id='word_1_179' title='bbox 1261 2280 1364 2339; x_wconf 89' lang='lat' dir='ltr'><strong>est,</strong></span> <span class='ocrx_word' id='word_1_180' title='bbox 1392 2286 1581 2328; x_wconf 85' lang='lat' dir='ltr'><strong>verum</strong></span> <span class='ocrx_word' id='word_1_181' title='bbox 1608 2271 1768 2326; x_wconf 89' lang='lat' dir='ltr'><strong>etiam</strong></span> <span class='ocrx_word' id='word_1_182' title='bbox 1800 2270 1888 2326; x_wconf 89' lang='lat' dir='ltr'><strong>hic</strong></span> <span class='ocrx_word' id='word_1_183' title='bbox 1910 2271 1990 2325; x_wconf 90' lang='lat' dir='ltr'><strong>eis</strong></span> <span class='ocrx_word' id='word_1_184' title='bbox 2017 2286 2113 2339; x_wconf 86' lang='lat' dir='ltr'><strong>ap-</strong></span> 
     </span>
    </p>
   </div>
   <div class='ocr_carea' id='block_1_23' title="bbox 534 2361 2217 2435">
    <p class='ocr_par' dir='ltr' id='par_1_23' title="bbox 534 2361 2217 2435">
     <span class='ocr_line' id='line_1_23' title="bbox 534 2361 2217 2435; baseline 0.001 -15"><span class='ocrx_word' id='word_1_185' title='bbox 534 2373 707 2435; x_wconf 83' lang='lat' dir='ltr'><strong>paret,</strong></span> <span class='ocrx_word' id='word_1_186' title='bbox 735 2380 856 2420; x_wconf 89' lang='lat' dir='ltr'><strong>cum</strong></span> <span class='ocrx_word' id='word_1_187' title='bbox 884 2363 1115 2420; x_wconf 88' lang='lat' dir='ltr'><strong>efﬁcitur</strong></span> <span class='ocrx_word' id='word_1_188' title='bbox 1133 2372 1294 2434; x_wconf 87' lang='lat' dir='ltr'><strong>atque</strong></span> <span class='ocrx_word' id='word_1_189' title='bbox 1322 2363 1649 2434; x_wconf 85' lang='lat' dir='ltr'><strong>prepalatur,</strong></span> <span class='ocrx_word' id='word_1_190' title='bbox 1677 2361 1816 2416; x_wconf 89' lang='lat' dir='ltr'><strong>idem</strong></span> <span class='ocrx_word' id='word_1_191' title='bbox 1844 2363 2117 2431; x_wconf 81' lang='lat' dir='ltr'><strong>apostolus</strong></span> <span class='ocrx_word' id='word_1_192' title='bbox 2212 2416 2217 2421; x_wconf 82' lang='lat'><strong>.</strong></span> 
     </span>
    </p>
   </div>
   <div class='ocr_carea' id='block_1_24' title="bbox 534 2452 2119 2524">
    <p class='ocr_par' dir='ltr' id='par_1_24' title="bbox 534 2452 2119 2524">
     <span class='ocr_line' id='line_1_24' title="bbox 534 2452 2119 2524; baseline -0.001 -16"><span class='ocrx_word' id='word_1_193' title='bbox 534 2455 606 2509; x_wconf 89' lang='lat' dir='ltr'><strong>ita</strong></span> <span class='ocrx_word' id='word_1_194' title='bbox 634 2455 783 2511; x_wconf 85' lang='lat' dir='ltr'><strong>testis</strong></span> <span class='ocrx_word' id='word_1_195' title='bbox 809 2466 927 2510; x_wconf 88' lang='lat' dir='ltr'><strong>cst:</strong></span> <span class='ocrx_word' id='word_1_196' title='bbox 958 2454 1026 2509; x_wconf 77' lang='lat' dir='ltr'><strong>Et</strong></span> <span class='ocrx_word' id='word_1_197' title='bbox 1049 2455 1156 2509; x_wconf 77' lang='lat' dir='ltr'><strong>sine</strong></span> <span class='ocrx_word' id='word_1_198' title='bbox 1181 2453 1353 2517; x_wconf 86' lang='lat' dir='ltr'><strong>dubio,</strong></span> <span class='ocrx_word' id='word_1_199' title='bbox 1381 2452 1569 2523; x_wconf 90' lang='lat' dir='ltr'><strong>inquit,</strong></span> <span class='ocrx_word' id='word_1_200' title='bbox 1598 2468 1836 2524; x_wconf 86' lang='lat' dir='ltr'><strong>magnum</strong></span> <span class='ocrx_word' id='word_1_201' title='bbox 1863 2461 1935 2507; x_wconf 88' lang='lat' dir='ltr'><strong>est</strong></span> <span class='ocrx_word' id='word_1_202' title='bbox 1958 2453 2119 2524; x_wconf 82' lang='lat' dir='ltr'><strong>pieta-</strong></span> 
     </span>
    </p>
   </div>
   <div class='ocr_carea' id='block_1_25' title="bbox 532 2532 2116 2616">
    <p class='ocr_par' dir='ltr' id='par_1_25' title="bbox 532 2532 2116 2616">
     <span class='ocr_line' id='line_1_25' title="bbox 532 2532 2116 2616; baseline 0 -17"><span class='ocrx_word' id='word_1_203' title='bbox 532 2547 597 2601; x_wconf 90' lang='lat' dir='ltr'><strong>tis</strong></span> <span class='ocrx_word' id='word_1_204' title='bbox 623 2555 1012 2609; x_wconf 81' lang='lat' dir='ltr'><strong>sacramentum,</strong></span> <span class='ocrx_word' id='word_1_205' title='bbox 1036 2547 1170 2616; x_wconf 83' lang='lat' dir='ltr'><strong>quod</strong></span> <span class='ocrx_word' id='word_1_206' title='bbox 1198 2532 1569 2616; x_wconf 77' lang='lat' dir='ltr'><strong>manifestatum</strong></span> <span class='ocrx_word' id='word_1_207' title='bbox 1593 2554 1665 2598; x_wconf 89' lang='lat' dir='ltr'><strong>est</strong></span> <span class='ocrx_word' id='word_1_208' title='bbox 1689 2544 1743 2599; x_wconf 87' lang='lat' dir='ltr'><strong>in</strong></span> <span class='ocrx_word' id='word_1_209' title='bbox 1766 2561 1934 2610; x_wconf 78' lang='lat' dir='ltr'><strong>carne,</strong></span> <span class='ocrx_word' id='word_1_210' title='bbox 1953 2545 2116 2614; x_wconf 88' lang='lat' dir='ltr'><strong>justi-</strong></span> 
     </span>
    </p>
   </div>
   <div class='ocr_carea' id='block_1_26' title="bbox 533 2635 2115 2707">
    <p class='ocr_par' dir='ltr' id='par_1_26' title="bbox 533 2635 2115 2707">
     <span class='ocr_line' id='line_1_26' title="bbox 533 2635 2115 2707; baseline 0.001 -18"><span class='ocrx_word' id='word_1_211' title='bbox 533 2637 744 2706; x_wconf 81' lang='lat' dir='ltr'><strong>ﬁcatuus</strong></span> <span class='ocrx_word' id='word_1_212' title='bbox 763 2646 835 2691; x_wconf 91' lang='lat' dir='ltr'><strong>est</strong></span> <span class='ocrx_word' id='word_1_213' title='bbox 862 2638 914 2691; x_wconf 82' lang='lat' dir='ltr'><strong>in</strong></span> <span class='ocrx_word' id='word_1_214' title='bbox 938 2636 1141 2707; x_wconf 89' lang='lat' dir='ltr'><strong>spiritu,</strong></span> <span class='ocrx_word' id='word_1_215' title='bbox 1167 2635 1405 2706; x_wconf 90' lang='lat' dir='ltr'><strong>apparuit</strong></span> <span class='ocrx_word' id='word_1_216' title='bbox 1432 2636 1657 2706; x_wconf 82' lang='lat' dir='ltr'><strong>Angelis,</strong></span> <span class='ocrx_word' id='word_1_217' title='bbox 1686 2635 2015 2706; x_wconf 68' lang='lat' dir='ltr'><strong>praedicatum</strong></span> <span class='ocrx_word' id='word_1_218' title='bbox 2043 2645 2115 2690; x_wconf 92' lang='lat' dir='ltr'><strong>est</strong></span> 
     </span>
    </p>
   </div>
   <div class='ocr_carea' id='block_1_27' title="bbox 530 2725 2116 2801">
    <p class='ocr_par' dir='ltr' id='par_1_27' title="bbox 530 2725 2116 2801">
     <span class='ocr_line' id='line_1_27' title="bbox 530 2725 2116 2801; baseline 0.001 -22"><span class='ocrx_word' id='word_1_219' title='bbox 530 2728 586 2781; x_wconf 82' lang='lat' dir='ltr'><strong>in</strong></span> <span class='ocrx_word' id='word_1_220' title='bbox 624 2726 874 2798; x_wconf 78' lang='lat' dir='ltr'><strong>gentibus,</strong></span> <span class='ocrx_word' id='word_1_221' title='bbox 914 2725 1157 2781; x_wconf 81' lang='lat' dir='ltr'><strong>creditum</strong></span> <span class='ocrx_word' id='word_1_222' title='bbox 1194 2734 1267 2780; x_wconf 90' lang='lat' dir='ltr'><strong>est</strong></span> <span class='ocrx_word' id='word_1_223' title='bbox 1294 2726 1347 2779; x_wconf 82' lang='lat' dir='ltr'><strong>iu</strong></span> <span class='ocrx_word' id='word_1_224' title='bbox 1377 2725 1596 2792; x_wconf 83' lang='lat' dir='ltr'><strong>mundo,</strong></span> <span class='ocrx_word' id='word_1_225' title='bbox 1624 2734 1936 2801; x_wconf 75' lang='lat' dir='ltr'><strong>assumptum</strong></span> <span class='ocrx_word' id='word_1_226' title='bbox 1965 2736 2039 2781; x_wconf 91' lang='lat' dir='ltr'><strong>est</strong></span> <span class='ocrx_word' id='word_1_227' title='bbox 2062 2727 2116 2781; x_wconf 82' lang='lat' dir='ltr'><strong>iu</strong></span> 
     </span>
    </p>
   </div>
   <div class='ocr_carea' id='block_1_28' title="bbox 532 2813 2113 2888">
    <p class='ocr_par' dir='ltr' id='par_1_28' title="bbox 532 2813 2113 2888">
     <span class='ocr_line' id='line_1_28' title="bbox 532 2813 2113 2888; baseline 0 -17"><span class='ocrx_word' id='word_1_228' title='bbox 532 2817 696 2888; x_wconf 76' lang='lat' dir='ltr'><strong>gloria</strong></span> <span class='ocrx_word' id='word_1_229' title='bbox 720 2816 761 2885; x_wconf 91' lang='lat' dir='ltr'><strong>(l</strong></span> <span class='ocrx_word' id='word_1_230' title='bbox 781 2815 917 2872; x_wconf 83' lang='lat' dir='ltr'><strong>Tim.</strong></span> <span class='ocrx_word' id='word_1_231' title='bbox 947 2832 1025 2881; x_wconf 83' lang='lat' dir='ltr'><strong>tu,</strong></span> <span class='ocrx_word' id='word_1_232' title='bbox 1057 2817 1168 2885; x_wconf 75' lang='grc'><strong>16).</strong></span> <span class='ocrx_word' id='word_1_233' title='bbox 1197 2816 1283 2881; x_wconf 86' lang='grc' dir='ltr'><strong>Ει,</strong></span> <span class='ocrx_word' id='word_1_234' title='bbox 1306 2816 1406 2871; x_wconf 90' lang='lat' dir='ltr'><strong>nisi</strong></span> <span class='ocrx_word' id='word_1_235' title='bbox 1430 2813 1603 2880; x_wconf 90' lang='lat' dir='ltr'><strong>fallor,</strong></span> <span class='ocrx_word' id='word_1_236' title='bbox 1632 2816 1823 2869; x_wconf 89' lang='lat' dir='ltr'><strong>mirum</strong></span> <span class='ocrx_word' id='word_1_237' title='bbox 1844 2818 1986 2871; x_wconf 90' lang='lat' dir='ltr'><strong>estsi</strong></span> <span class='ocrx_word' id='word_1_238' title='bbox 2009 2832 2113 2871; x_wconf 87' lang='lat' dir='ltr'><strong>non</strong></span> 
     </span>
    </p>
   </div>
   <div class='ocr_carea' id='block_1_29' title="bbox 530 2906 2114 2978">
    <p class='ocr_par' dir='ltr' id='par_1_29' title="bbox 530 2906 2114 2978">
     <span class='ocr_line' id='line_1_29' title="bbox 530 2906 2114 2978; baseline 0 -15"><span class='ocrx_word' id='word_1_239' title='bbox 530 2907 707 2963; x_wconf 83' lang='lat' dir='ltr'><strong>omnia</strong></span> <span class='ocrx_word' id='word_1_240' title='bbox 734 2923 855 2978; x_wconf 67' lang='lat' dir='ltr'><strong>quas</strong></span> <span class='ocrx_word' id='word_1_241' title='bbox 883 2907 1079 2963; x_wconf 84' lang='lat' dir='ltr'><strong>dicitur</strong></span> <span class='ocrx_word' id='word_1_242' title='bbox 1106 2907 1246 2962; x_wconf 88' lang='lat' dir='ltr'><strong>Deus</strong></span> <span class='ocrx_word' id='word_1_243' title='bbox 1273 2915 1522 2976; x_wconf 84' lang='lat' dir='ltr'><strong>tanquam</strong></span> <span class='ocrx_word' id='word_1_244' title='bbox 1549 2906 1615 2961; x_wconf 88' lang='lat' dir='ltr'><strong>ad</strong></span> <span class='ocrx_word' id='word_1_245' title='bbox 1642 2922 1877 2976; x_wconf 66' lang='lat' dir='ltr'><strong>praesens</strong></span> <span class='ocrx_word' id='word_1_246' title='bbox 1905 2917 2114 2977; x_wconf 86' lang='lat' dir='ltr'><strong>tempus</strong></span> 
     </span>
    </p>
   </div>
   <div class='ocr_carea' id='block_1_30' title="bbox 531 2997 2115 3071">
    <p class='ocr_par' dir='ltr' id='par_1_30' title="bbox 531 2997 2115 3071">
     <span class='ocr_line' id='line_1_30' title="bbox 531 2997 2115 3071; baseline 0.002 -17"><span class='ocrx_word' id='word_1_247' title='bbox 531 3014 879 3071; x_wconf 78' lang='lat' dir='ltr'><strong>cognoscere,</strong></span> <span class='ocrx_word' id='word_1_248' title='bbox 904 2998 1025 3055; x_wconf 89' lang='lat' dir='ltr'><strong>ideo</strong></span> <span class='ocrx_word' id='word_1_249' title='bbox 1054 2999 1269 3064; x_wconf 89' lang='lat' dir='ltr'><strong>dicitur,</strong></span> <span class='ocrx_word' id='word_1_250' title='bbox 1297 2999 1419 3069; x_wconf 85' lang='lat' dir='ltr'><strong>quia</strong></span> <span class='ocrx_word' id='word_1_251' title='bbox 1448 2999 1698 3069; x_wconf 81' lang='lat' dir='ltr'><strong>cognosci</strong></span> <span class='ocrx_word' id='word_1_252' title='bbox 1728 2997 1873 3063; x_wconf 81' lang='lat' dir='ltr'><strong>facit,</strong></span> <span class='ocrx_word' id='word_1_253' title='bbox 1904 3000 2019 3055; x_wconf 89' lang='lat' dir='ltr'><strong>sive</strong></span> <span class='ocrx_word' id='word_1_254' title='bbox 2047 3002 2115 3057; x_wconf 89' lang='lat' dir='ltr'><strong>ab</strong></span> 
     </span>
    </p>
   </div>
   <div class='ocr_carea' id='block_1_31' title="bbox 533 3089 2112 3162">
    <p class='ocr_par' dir='ltr' id='par_1_31' title="bbox 533 3089 2112 3162">
     <span class='ocr_line' id='line_1_31' title="bbox 533 3089 2112 3162; baseline -0.001 -15"><span class='ocrx_word' id='word_1_255' title='bbox 533 3090 774 3162; x_wconf 81' lang='lat' dir='ltr'><strong>Angelis,</strong></span> <span class='ocrx_word' id='word_1_256' title='bbox 800 3092 914 3147; x_wconf 88' lang='lat' dir='ltr'><strong>sive</strong></span> <span class='ocrx_word' id='word_1_257' title='bbox 940 3090 1008 3146; x_wconf 92' lang='lat' dir='ltr'><strong>ab</strong></span> <span class='ocrx_word' id='word_1_258' title='bbox 1034 3089 1358 3146; x_wconf 87' lang='lat' dir='ltr'><strong>hominibus.</strong></span> <span class='ocrx_word' id='word_1_259' title='bbox 1389 3090 1575 3145; x_wconf 78' lang='lat' dir='ltr'><strong>Modus</strong></span> <span class='ocrx_word' id='word_1_260' title='bbox 1606 3091 1800 3160; x_wconf 85' lang='lat' dir='ltr'><strong>quippe</strong></span> <span class='ocrx_word' id='word_1_261' title='bbox 1826 3090 1927 3146; x_wconf 91' lang='lat' dir='ltr'><strong>iste</strong></span> <span class='ocrx_word' id='word_1_262' title='bbox 1963 3092 2112 3147; x_wconf 89' lang='lat' dir='ltr'><strong>locu-</strong></span> 
     </span>
    </p>
   </div>
   <div class='ocr_carea' id='block_1_32' title="bbox 535 3180 2110 3253">
    <p class='ocr_par' dir='ltr' id='par_1_32' title="bbox 535 3180 2110 3253">
     <span class='ocr_line' id='line_1_32' title="bbox 535 3180 2110 3253; baseline 0.001 -17"><span class='ocrx_word' id='word_1_263' title='bbox 535 3182 694 3238; x_wconf 86' lang='lat' dir='ltr'><strong>tionis</strong></span> <span class='ocrx_word' id='word_1_264' title='bbox 719 3196 839 3238; x_wconf 91' lang='lat' dir='ltr'><strong>cum</strong></span> <span class='ocrx_word' id='word_1_265' title='bbox 867 3197 963 3253; x_wconf 88' lang='lat' dir='ltr'><strong>per</strong></span> <span class='ocrx_word' id='word_1_266' title='bbox 988 3182 1307 3238; x_wconf 86' lang='lat' dir='ltr'><strong>efﬁcientem</strong></span> <span class='ocrx_word' id='word_1_267' title='bbox 1338 3181 1392 3236; x_wconf 90' lang='lat' dir='ltr'><strong>id</strong></span> <span class='ocrx_word' id='word_1_268' title='bbox 1417 3181 1558 3252; x_wconf 87' lang='lat' dir='ltr'><strong>quod</strong></span> <span class='ocrx_word' id='word_1_269' title='bbox 1584 3180 1816 3238; x_wconf 82' lang='lat' dir='ltr'><strong>efﬁcitur</strong></span> <span class='ocrx_word' id='word_1_270' title='bbox 1841 3183 2110 3253; x_wconf 76' lang='lat' dir='ltr'><strong>signiﬁca-</strong></span> 
     </span>
    </p>
   </div>
   <div class='ocr_carea' id='block_1_33' title="bbox 532 3273 2112 3343">
    <p class='ocr_par' dir='ltr' id='par_1_33' title="bbox 532 3273 2112 3343">
     <span class='ocr_line' id='line_1_33' title="bbox 532 3273 2112 3343; baseline 0.001 -14"><span class='ocrx_word' id='word_1_271' title='bbox 532 3282 640 3339; x_wconf 90' lang='lat' dir='ltr'><strong>tur,</strong></span> <span class='ocrx_word' id='word_1_272' title='bbox 665 3273 854 3329; x_wconf 86' lang='lat' dir='ltr'><strong>creber</strong></span> <span class='ocrx_word' id='word_1_273' title='bbox 882 3280 962 3328; x_wconf 89' lang='lat' dir='ltr'><strong>est</strong></span> <span class='ocrx_word' id='word_1_274' title='bbox 990 3274 1042 3329; x_wconf 92' lang='lat' dir='ltr'><strong>iu</strong></span> <span class='ocrx_word' id='word_1_275' title='bbox 1070 3273 1360 3343; x_wconf 88' lang='lat' dir='ltr'><strong>Scripturis</strong></span> <span class='ocrx_word' id='word_1_276' title='bbox 1390 3274 1624 3339; x_wconf 91' lang='lat' dir='ltr'><strong>sanctis;</strong></span> <span class='ocrx_word' id='word_1_277' title='bbox 1655 3275 1883 3329; x_wconf 78' lang='lat' dir='ltr'><strong>maxime</strong></span> <span class='ocrx_word' id='word_1_278' title='bbox 1903 3290 2021 3329; x_wconf 90' lang='lat' dir='ltr'><strong>cum</strong></span> <span class='ocrx_word' id='word_1_279' title='bbox 2045 3276 2112 3331; x_wconf 86' lang='lat' dir='ltr'><strong>de</strong></span> 
     </span>
    </p>
   </div>
   <div class='ocr_carea' id='block_1_34' title="bbox 532 3362 2108 3434">
    <p class='ocr_par' dir='ltr' id='par_1_34' title="bbox 532 3362 2108 3434">
     <span class='ocr_line' id='line_1_34' title="bbox 532 3362 2108 3434; baseline 0.001 -16"><span class='ocrx_word' id='word_1_280' title='bbox 532 3363 645 3420; x_wconf 89' lang='lat' dir='ltr'><strong>Deo</strong></span> <span class='ocrx_word' id='word_1_281' title='bbox 671 3363 869 3434; x_wconf 87' lang='lat' dir='ltr'><strong>aliquid</strong></span> <span class='ocrx_word' id='word_1_282' title='bbox 894 3362 1108 3429; x_wconf 89' lang='lat' dir='ltr'><strong>dicitur,</strong></span> <span class='ocrx_word' id='word_1_283' title='bbox 1140 3363 1281 3434; x_wconf 89' lang='lat' dir='ltr'><strong>quod</strong></span> <span class='ocrx_word' id='word_1_284' title='bbox 1306 3363 1355 3419; x_wconf 91' lang='lat' dir='ltr'><strong>ei</strong></span> <span class='ocrx_word' id='word_1_285' title='bbox 1383 3364 1449 3418; x_wconf 89' lang='lat' dir='ltr'><strong>ad</strong></span> <span class='ocrx_word' id='word_1_286' title='bbox 1477 3363 1853 3433; x_wconf 83' lang='lat' dir='ltr'><strong>proprietatem</strong></span> <span class='ocrx_word' id='word_1_287' title='bbox 1880 3364 2108 3421; x_wconf 88' lang='lat' dir='ltr'><strong>locutio-</strong></span> 
     </span>
    </p>
   </div>
   <div class='ocr_carea' id='block_1_35' title="bbox 531 3455 2112 3529">
    <p class='ocr_par' dir='ltr' id='par_1_35' title="bbox 531 3455 2112 3529">
     <span class='ocr_line' id='line_1_35' title="bbox 531 3455 2112 3529; baseline 0.001 -18"><span class='ocrx_word' id='word_1_288' title='bbox 531 3457 615 3512; x_wconf 89' lang='lat' dir='ltr'><strong>nis</strong></span> <span class='ocrx_word' id='word_1_289' title='bbox 643 3471 750 3511; x_wconf 90' lang='lat' dir='ltr'><strong>non</strong></span> <span class='ocrx_word' id='word_1_290' title='bbox 792 3456 1083 3512; x_wconf 87' lang='lat' dir='ltr'><strong>convenire</strong></span> <span class='ocrx_word' id='word_1_291' title='bbox 1127 3457 1422 3527; x_wconf 65' lang='lat' dir='ltr'><strong>praesidens</strong></span> <span class='ocrx_word' id='word_1_292' title='bbox 1461 3455 1728 3511; x_wconf 82' lang='lat' dir='ltr'><strong>mentibus</strong></span> <span class='ocrx_word' id='word_1_293' title='bbox 1764 3458 1957 3512; x_wconf 87' lang='lat' dir='ltr'><strong>nostris</strong></span> <span class='ocrx_word' id='word_1_294' title='bbox 1999 3457 2112 3529; x_wconf 81' lang='lat' dir='ltr'><strong>ipsa</strong></span> 
     </span>
    </p>
   </div>
   <div class='ocr_carea' id='block_1_36' title="bbox 530 3547 969 3603">
    <p class='ocr_par' dir='ltr' id='par_1_36' title="bbox 530 3547 969 3603">
     <span class='ocr_line' id='line_1_36' title="bbox 530 3547 969 3603; baseline 0.005 -4"><span class='ocrx_word' id='word_1_295' title='bbox 530 3547 727 3603; x_wconf 86' lang='lat' dir='ltr'><strong>veritas</strong></span> <span class='ocrx_word' id='word_1_296' title='bbox 752 3547 969 3602; x_wconf 90' lang='lat' dir='ltr'><strong>clamat.</strong></span> 
     </span>
    </p>
   </div>
   <div class='ocr_carea' id='block_1_37' title="bbox 521 3639 1879 3715">
    <p class='ocr_par' dir='ltr' id='par_1_37' title="bbox 521 3639 1879 3715">
     <span class='ocr_line' id='line_1_37' title="bbox 521 3639 1879 3715; baseline 0.002 -22"><span class='ocrx_word' id='word_1_297' title='bbox 521 3702 529 3715; x_wconf 31' lang='grc' dir='ltr'><strong>ν</strong></span> <span class='ocrx_word' id='word_1_298' title='bbox 760 3639 989 3696; x_wconf 82' lang='lat' dir='ltr'><strong>CAPUT</strong></span> <span class='ocrx_word' id='word_1_299' title='bbox 1028 3639 1146 3695; x_wconf 74' lang='lat' dir='ltr'><strong>XX.</strong></span> <span class='ocrx_word' id='word_1_300' title='bbox 1174 3670 1248 3681; x_wconf 90' lang='lat'>—</span> <span class='ocrx_word' id='word_1_301' title='bbox 1275 3639 1439 3696; x_wconf 86' lang='lat' dir='ltr'><strong>Deum</strong></span> <span class='ocrx_word' id='word_1_302' title='bbox 1467 3642 1634 3697; x_wconf 80' lang='lat' dir='ltr'><strong>adhuc</strong></span> <span class='ocrx_word' id='word_1_303' title='bbox 1659 3643 1879 3715; x_wconf 76' lang='lat' dir='ltr'><strong>operari.</strong></span> 
     </span>
    </p>
   </div>
   <div class='ocr_carea' id='block_1_38' title="bbox 603 3728 2114 3806">
    <p class='ocr_par' dir='ltr' id='par_1_38' title="bbox 603 3728 2114 3806">
     <span class='ocr_line' id='line_1_38' title="bbox 603 3728 2114 3806; baseline 0.003 -19"><span class='ocrx_word' id='word_1_304' title='bbox 603 3728 693 3787; x_wconf 69' lang='lat'><strong>40.</strong></span> <span class='ocrx_word' id='word_1_305' title='bbox 731 3729 848 3786; x_wconf 85' lang='lat' dir='ltr'><strong>Jam</strong></span> <span class='ocrx_word' id='word_1_306' title='bbox 878 3745 1021 3786; x_wconf 91' lang='lat' dir='ltr'><strong>nunc</strong></span> <span class='ocrx_word' id='word_1_307' title='bbox 1054 3745 1183 3802; x_wconf 78' lang='lat' dir='ltr'><strong>ergo</strong></span> <span class='ocrx_word' id='word_1_308' title='bbox 1221 3730 1586 3788; x_wconf 87' lang='lat' dir='ltr'><strong>discernamus</strong></span> <span class='ocrx_word' id='word_1_309' title='bbox 1624 3750 1784 3804; x_wconf 89' lang='lat' dir='ltr'><strong>cpera</strong></span> <span class='ocrx_word' id='word_1_310' title='bbox 1832 3734 1963 3799; x_wconf 84' lang='lat' dir='ltr'><strong>Dei,</strong></span> <span class='ocrx_word' id='word_1_311' title='bbox 1994 3748 2114 3806; x_wconf 77' lang='lat' dir='ltr'><strong>qua:</strong></span> 
     </span>
    </p>
   </div>
   <div class='ocr_carea' id='block_1_39' title="bbox 521 3821 2115 3895">
    <p class='ocr_par' dir='ltr' id='par_1_39' title="bbox 521 3821 2115 3895">
     <span class='ocr_line' id='line_1_39' title="bbox 521 3821 2115 3895; baseline 0.006 -22"><span class='ocrx_word' id='word_1_312' title='bbox 521 3834 704 3890; x_wconf 75' lang='lat' dir='ltr'><strong>usque</strong></span> <span class='ocrx_word' id='word_1_313' title='bbox 730 3834 872 3876; x_wconf 91' lang='lat' dir='ltr'><strong>nunc</strong></span> <span class='ocrx_word' id='word_1_314' title='bbox 896 3828 1168 3890; x_wconf 82' lang='lat' dir='ltr'><strong>operatur,</strong></span> <span class='ocrx_word' id='word_1_315' title='bbox 1197 3821 1266 3876; x_wconf 89' lang='lat' dir='ltr'><strong>ab</strong></span> <span class='ocrx_word' id='word_1_316' title='bbox 1285 3821 1390 3877; x_wconf 86' lang='lat' dir='ltr'><strong>illis</strong></span> <span class='ocrx_word' id='word_1_317' title='bbox 1413 3824 1662 3893; x_wconf 87' lang='lat' dir='ltr'><strong>operibus</strong></span> <span class='ocrx_word' id='word_1_318' title='bbox 1686 3839 1715 3878; x_wconf 90' lang='lat' dir='ltr'><strong>a</strong></span> <span class='ocrx_word' id='word_1_319' title='bbox 1741 3824 1934 3895; x_wconf 90' lang='lat' dir='ltr'><strong>quibus</strong></span> <span class='ocrx_word' id='word_1_320' title='bbox 1955 3825 2005 3880; x_wconf 91' lang='lat' dir='ltr'><strong>in</strong></span> <span class='ocrx_word' id='word_1_321' title='bbox 2026 3826 2115 3883; x_wconf 90' lang='lat' dir='ltr'><strong>die</strong></span> 
     </span>
    </p>
   </div>
   <div class='ocr_carea' id='block_1_40' title="bbox 530 3910 2113 3983">
    <p class='ocr_par' dir='ltr' id='par_1_40' title="bbox 530 3910 2113 3983">
     <span class='ocr_line' id='line_1_40' title="bbox 530 3910 2113 3983; baseline 0.004 -18"><span class='ocrx_word' id='word_1_322' title='bbox 530 3910 762 3981; x_wconf 85' lang='lat' dir='ltr'><strong>septimo</strong></span> <span class='ocrx_word' id='word_1_323' title='bbox 795 3910 1073 3980; x_wconf 81' lang='lat' dir='ltr'><strong>requievit.</strong></span> <span class='ocrx_word' id='word_1_324' title='bbox 1109 3910 1245 3967; x_wconf 85' lang='lat' dir='ltr'><strong>Sunt</strong></span> <span class='ocrx_word' id='word_1_325' title='bbox 1281 3912 1423 3969; x_wconf 89' lang='lat' dir='ltr'><strong>enim</strong></span> <span class='ocrx_word' id='word_1_326' title='bbox 1470 3914 1560 3983; x_wconf 87' lang='lat' dir='ltr'><strong>qui</strong></span> <span class='ocrx_word' id='word_1_327' title='bbox 1588 3915 1913 3973; x_wconf 85' lang='lat' dir='ltr'><strong>arbitrentur</strong></span> <span class='ocrx_word' id='word_1_328' title='bbox 1945 3917 1963 3950; x_wconf 77' lang='grc' dir='ltr'>ί</span> <span class='ocrx_word' id='word_1_329' title='bbox 1994 3927 2113 3972; x_wconf 89' lang='lat' dir='ltr'><strong>tan-</strong></span> 
     </span>
    </p>
   </div>
   <div class='ocr_carea' id='block_1_41' title="bbox 532 4000 2112 4081">
    <p class='ocr_par' dir='ltr' id='par_1_41' title="bbox 532 4000 2112 4081">
     <span class='ocr_line' id='line_1_41' title="bbox 532 4000 2112 4081; baseline 0.007 -26"><span class='ocrx_word' id='word_1_330' title='bbox 532 4000 808 4056; x_wconf 79' lang='lat' dir='ltr'><strong>tummodo</strong></span> <span class='ocrx_word' id='word_1_331' title='bbox 832 4001 1085 4056; x_wconf 89' lang='lat' dir='ltr'><strong>mundum</strong></span> <span class='ocrx_word' id='word_1_332' title='bbox 1120 4002 1292 4072; x_wconf 89' lang='lat' dir='ltr'><strong>ipsum</strong></span> <span class='ocrx_word' id='word_1_333' title='bbox 1320 4001 1516 4060; x_wconf 87' lang='lat' dir='ltr'><strong>factum</strong></span> <span class='ocrx_word' id='word_1_334' title='bbox 1546 4020 1575 4059; x_wconf 90' lang='lat' dir='ltr'><strong>a</strong></span> <span class='ocrx_word' id='word_1_335' title='bbox 1605 4006 1740 4070; x_wconf 87' lang='lat' dir='ltr'><strong>Deo,</strong></span> <span class='ocrx_word' id='word_1_336' title='bbox 1786 4017 1980 4064; x_wconf 60' lang='lat' dir='ltr'><strong>caitera</strong></span> <span class='ocrx_word' id='word_1_337' title='bbox 2000 4009 2112 4081; x_wconf 86' lang='lat' dir='ltr'><strong>jam</strong></span> 
     </span>
    </p>
   </div>
   <div class='ocr_carea' id='block_1_42' title="bbox 532 4092 2111 4170">
    <p class='ocr_par' dir='ltr' id='par_1_42' title="bbox 532 4092 2111 4170">
     <span class='ocr_line' id='line_1_42' title="bbox 532 4092 2111 4170; baseline 0.005 -23"><span class='ocrx_word' id='word_1_338' title='bbox 532 4092 648 4148; x_wconf 82' lang='lat' dir='ltr'><strong>ﬁeri</strong></span> <span class='ocrx_word' id='word_1_339' title='bbox 676 4092 744 4148; x_wconf 89' lang='lat' dir='ltr'><strong>ab</strong></span> <span class='ocrx_word' id='word_1_340' title='bbox 787 4093 903 4163; x_wconf 86' lang='lat' dir='ltr'><strong>ipso</strong></span> <span class='ocrx_word' id='word_1_341' title='bbox 932 4093 1159 4161; x_wconf 90' lang='lat' dir='ltr'><strong>mundo,</strong></span> <span class='ocrx_word' id='word_1_342' title='bbox 1211 4094 1350 4149; x_wconf 88' lang='lat' dir='ltr'><strong>sicut</strong></span> <span class='ocrx_word' id='word_1_343' title='bbox 1390 4095 1478 4149; x_wconf 87' lang='lat' dir='ltr'><strong>ille</strong></span> <span class='ocrx_word' id='word_1_344' title='bbox 1515 4095 1779 4152; x_wconf 85' lang='lat' dir='ltr'><strong>ordinavit</strong></span> <span class='ocrx_word' id='word_1_345' title='bbox 1823 4108 1878 4154; x_wconf 92' lang='lat' dir='ltr'><strong>et</strong></span> <span class='ocrx_word' id='word_1_346' title='bbox 1914 4100 2111 4170; x_wconf 87' lang='lat' dir='ltr'><strong>jussit;</strong></span> 
     </span>
    </p>
   </div>
   <div class='ocr_carea' id='block_1_43' title="bbox 531 4183 2116 4260">
    <p class='ocr_par' dir='ltr' id='par_1_43' title="bbox 531 4183 2116 4260">
     <span class='ocr_line' id='line_1_43' title="bbox 531 4183 2116 4260; baseline 0.004 -22"><span class='ocrx_word' id='word_1_347' title='bbox 531 4183 700 4239; x_wconf 89' lang='lat' dir='ltr'><strong>Deum</strong></span> <span class='ocrx_word' id='word_1_348' title='bbox 728 4193 905 4240; x_wconf 90' lang='lat' dir='ltr'><strong>autem</strong></span> <span class='ocrx_word' id='word_1_349' title='bbox 931 4184 1102 4254; x_wconf 89' lang='lat' dir='ltr'><strong>ipsum</strong></span> <span class='ocrx_word' id='word_1_350' title='bbox 1131 4184 1262 4239; x_wconf 87' lang='lat' dir='ltr'><strong>nihil</strong></span> <span class='ocrx_word' id='word_1_351' title='bbox 1282 4185 1512 4256; x_wconf 87' lang='lat' dir='ltr'><strong>operari.</strong></span> <span class='ocrx_word' id='word_1_352' title='bbox 1540 4185 1736 4242; x_wconf 86' lang='lat' dir='ltr'><strong>Contra</strong></span> <span class='ocrx_word' id='word_1_353' title='bbox 1755 4204 1890 4259; x_wconf 90' lang='lat' dir='ltr'><strong>quos</strong></span> <span class='ocrx_word' id='word_1_354' title='bbox 1912 4191 2116 4260; x_wconf 86' lang='lat' dir='ltr'><strong>profer-</strong></span> 
     </span>
    </p>
   </div>
   <div class='ocr_carea' id='block_1_44' title="bbox 531 4276 2117 4355">
    <p class='ocr_par' dir='ltr' id='par_1_44' title="bbox 531 4276 2117 4355">
     <span class='ocr_line' id='line_1_44' title="bbox 531 4276 2117 4355; baseline 0.003 -22"><span class='ocrx_word' id='word_1_355' title='bbox 531 4287 617 4333; x_wconf 85' lang='lat' dir='ltr'><strong>tur</strong></span> <span class='ocrx_word' id='word_1_356' title='bbox 638 4278 726 4333; x_wconf 83' lang='lat' dir='ltr'><strong>illa</strong></span> <span class='ocrx_word' id='word_1_357' title='bbox 753 4278 1016 4333; x_wconf 83' lang='lat' dir='ltr'><strong>sententia</strong></span> <span class='ocrx_word' id='word_1_358' title='bbox 1039 4277 1248 4333; x_wconf 86' lang='lat' dir='ltr'><strong>Domini</strong></span> <span class='ocrx_word' id='word_1_359' title='bbox 1273 4296 1285 4328; x_wconf 92' lang='lat'><strong>:</strong></span> <span class='ocrx_word' id='word_1_360' title='bbox 1316 4276 1472 4345; x_wconf 86' lang='lat' dir='ltr'><strong>Pater</strong></span> <span class='ocrx_word' id='word_1_361' title='bbox 1498 4296 1635 4333; x_wconf 90' lang='lat' dir='ltr'><strong>meus</strong></span> <span class='ocrx_word' id='word_1_362' title='bbox 1664 4297 1816 4351; x_wconf 87' lang='lat' dir='ltr'><strong>usque</strong></span> <span class='ocrx_word' id='word_1_363' title='bbox 1845 4300 1978 4337; x_wconf 84' lang='lat' dir='ltr'><strong>nunc</strong></span> <span class='ocrx_word' id='word_1_364' title='bbox 1997 4300 2117 4355; x_wconf 87' lang='lat' dir='ltr'><strong>ope-</strong></span> 
     </span>
    </p>
   </div>
   <div class='ocr_carea' id='block_1_45' title="bbox 518 4367 2114 4445">
    <p class='ocr_par' dir='ltr' id='par_1_45' title="bbox 518 4367 2114 4445">
     <span class='ocr_line' id='line_1_45' title="bbox 518 4367 2114 4445; baseline 0.004 -22"><span class='ocrx_word' id='word_1_365' title='bbox 518 4378 692 4423; x_wconf 71' lang='lat' dir='ltr'><strong>ratur.</strong></span> <span class='ocrx_word' id='word_1_366' title='bbox 723 4367 791 4423; x_wconf 85' lang='lat' dir='ltr'><strong>Et</strong></span> <span class='ocrx_word' id='word_1_367' title='bbox 819 4383 887 4425; x_wconf 88' lang='lat' dir='ltr'><strong>ne</strong></span> <span class='ocrx_word' id='word_1_368' title='bbox 913 4368 1192 4439; x_wconf 83' lang='lat' dir='ltr'><strong>quisquam</strong></span> <span class='ocrx_word' id='word_1_369' title='bbox 1226 4377 1435 4437; x_wconf 89' lang='lat' dir='ltr'><strong>putaret</strong></span> <span class='ocrx_word' id='word_1_370' title='bbox 1462 4369 1598 4439; x_wconf 89' lang='lat' dir='ltr'><strong>apud</strong></span> <span class='ocrx_word' id='word_1_371' title='bbox 1631 4386 1690 4426; x_wconf 90' lang='lat' dir='ltr'><strong>se</strong></span> <span class='ocrx_word' id='word_1_372' title='bbox 1729 4372 1879 4428; x_wconf 88' lang='lat' dir='ltr'><strong>illum</strong></span> <span class='ocrx_word' id='word_1_373' title='bbox 1918 4375 2114 4445; x_wconf 85' lang='lat' dir='ltr'><strong>aliquid</strong></span> 
     </span>
    </p>
   </div>
   <div class='ocr_carea' id='block_1_46' title="bbox 529 4458 2117 4530">
    <p class='ocr_par' dir='ltr' id='par_1_46' title="bbox 529 4458 2117 4530">
     <span class='ocr_line' id='line_1_46' title="bbox 529 4458 2117 4530; baseline 0.005 -17"><span class='ocrx_word' id='word_1_374' title='bbox 529 4459 766 4529; x_wconf 87' lang='lat' dir='ltr'><strong>operari,</strong></span> <span class='ocrx_word' id='word_1_375' title='bbox 798 4474 904 4514; x_wconf 89' lang='lat' dir='ltr'><strong>non</strong></span> <span class='ocrx_word' id='word_1_376' title='bbox 932 4460 984 4513; x_wconf 89' lang='lat' dir='ltr'><strong>in</strong></span> <span class='ocrx_word' id='word_1_377' title='bbox 1016 4460 1117 4514; x_wconf 86' lang='lat' dir='ltr'><strong>hoc</strong></span> <span class='ocrx_word' id='word_1_378' title='bbox 1142 4459 1379 4514; x_wconf 86' lang='lat' dir='ltr'><strong>mundo:</strong></span> <span class='ocrx_word' id='word_1_379' title='bbox 1411 4458 1568 4515; x_wconf 87' lang='lat' dir='ltr'><strong>Pater</strong></span> <span class='ocrx_word' id='word_1_380' title='bbox 1587 4462 1641 4515; x_wconf 82' lang='lat' dir='ltr'><strong><em>in</em></strong></span> <span class='ocrx_word' id='word_1_381' title='bbox 1669 4479 1747 4516; x_wconf 89' lang='lat' dir='ltr'><strong>me</strong></span> <span class='ocrx_word' id='word_1_382' title='bbox 1772 4480 1998 4530; x_wconf 83' lang='lat' dir='ltr'><strong>mouens,</strong></span> <span class='ocrx_word' id='word_1_383' title='bbox 2033 4467 2117 4521; x_wconf 85' lang='lat' dir='ltr'><strong>iu-</strong></span> 
     </span>
    </p>
   </div>
   <div class='ocr_carea' id='block_1_47' title="bbox 529 4548 2114 4622">
    <p class='ocr_par' dir='ltr' id='par_1_47' title="bbox 529 4548 2114 4622">
     <span class='ocr_line' id='line_1_47' title="bbox 529 4548 2114 4622; baseline 0.006 -19"><span class='ocrx_word' id='word_1_384' title='bbox 529 4551 665 4620; x_wconf 87' lang='lat' dir='ltr'><strong>quit,</strong></span> <span class='ocrx_word' id='word_1_385' title='bbox 696 4551 817 4622; x_wconf 80' lang='lat' dir='ltr'><strong>facit</strong></span> <span class='ocrx_word' id='word_1_386' title='bbox 847 4567 1003 4622; x_wconf 83' lang='lat' dir='ltr'><strong>opera</strong></span> <span class='ocrx_word' id='word_1_387' title='bbox 1030 4567 1155 4616; x_wconf 86' lang='lat' dir='ltr'><strong>sua;</strong></span> <span class='ocrx_word' id='word_1_388' title='bbox 1182 4559 1228 4604; x_wconf 93' lang='lat' dir='ltr'><strong>et</strong></span> <span class='ocrx_word' id='word_1_389' title='bbox 1248 4550 1377 4605; x_wconf 80' lang='lat' dir='ltr'><strong>sicut</strong></span> <span class='ocrx_word' id='word_1_390' title='bbox 1403 4548 1561 4606; x_wconf 86' lang='lat' dir='ltr'><strong>Pater</strong></span> <span class='ocrx_word' id='word_1_391' title='bbox 1586 4554 1796 4609; x_wconf 85' lang='lat' dir='ltr'><strong>suscitat</strong></span> <span class='ocrx_word' id='word_1_392' title='bbox 1824 4566 2045 4612; x_wconf 87' lang='lat' dir='ltr'><strong>mortuos</strong></span> <span class='ocrx_word' id='word_1_393' title='bbox 2067 4569 2114 4613; x_wconf 92' lang='lat' dir='ltr'><strong>et</strong></span> 
     </span>
    </p>
   </div>
   <div class='ocr_carea' id='block_1_48' title="bbox 530 4639 2111 4718">
    <p class='ocr_par' dir='ltr' id='par_1_48' title="bbox 530 4639 2111 4718">
     <span class='ocr_line' id='line_1_48' title="bbox 530 4639 2111 4718; baseline 0.006 -24"><span class='ocrx_word' id='word_1_394' title='bbox 530 4641 778 4710; x_wconf 70' lang='lat' dir='ltr'><strong>siviﬁcat,</strong></span> <span class='ocrx_word' id='word_1_395' title='bbox 817 4641 889 4694; x_wconf 88' lang='lat' dir='ltr'><strong>sic</strong></span> <span class='ocrx_word' id='word_1_396' title='bbox 919 4649 965 4694; x_wconf 90' lang='lat' dir='ltr'><strong>et</strong></span> <span class='ocrx_word' id='word_1_397' title='bbox 993 4639 1162 4695; x_wconf 85' lang='lat' dir='ltr'><strong>Filius</strong></span> <span class='ocrx_word' id='word_1_398' title='bbox 1188 4658 1312 4712; x_wconf 86' lang='lat' dir='ltr'><strong>quos</strong></span> <span class='ocrx_word' id='word_1_399' title='bbox 1350 4642 1454 4695; x_wconf 81' lang='lat' dir='ltr'><strong>vult</strong></span> <span class='ocrx_word' id='word_1_400' title='bbox 1480 4644 1697 4713; x_wconf 79' lang='lat' dir='ltr'><strong>vieiﬁcat</strong></span> <span class='ocrx_word' id='word_1_401' title='bbox 1724 4644 1903 4718; x_wconf 84' lang='lat' dir='ltr'><strong>(Joan.</strong></span> <span class='ocrx_word' id='word_1_402' title='bbox 1936 4663 1992 4711; x_wconf 80' lang='grc' dir='ltr'><strong>ν,</strong></span> <span class='ocrx_word' id='word_1_403' title='bbox 2024 4650 2111 4717; x_wconf 82' lang='lat' dir='ltr'><strong>i7,</strong></span> 
     </span>
    </p>
   </div>
   <div class='ocr_carea' id='block_1_49' title="bbox 528 4729 2113 4808">
    <p class='ocr_par' dir='ltr' id='par_1_49' title="bbox 528 4729 2113 4808">
     <span class='ocr_line' id='line_1_49' title="bbox 528 4729 2113 4808; baseline -0.004 -21"><span class='ocrx_word' id='word_1_404' title='bbox 528 4731 621 4795; x_wconf 69' lang='lat'><strong>20,</strong></span> <span class='ocrx_word' id='word_1_405' title='bbox 651 4729 764 4802; x_wconf 76' lang='lat'><strong>2|).</strong></span> <span class='ocrx_word' id='word_1_406' title='bbox 799 4729 1020 4793; x_wconf 89' lang='lat' dir='ltr'><strong>Deinde.</strong></span> <span class='ocrx_word' id='word_1_407' title='bbox 1050 4734 1174 4801; x_wconf 85' lang='lat' dir='ltr'><strong>quia</strong></span> <span class='ocrx_word' id='word_1_408' title='bbox 1204 4746 1310 4785; x_wconf 91' lang='lat' dir='ltr'><strong>non</strong></span> <span class='ocrx_word' id='word_1_409' title='bbox 1333 4733 1502 4788; x_wconf 88' lang='lat' dir='ltr'><strong>solum</strong></span> <span class='ocrx_word' id='word_1_410' title='bbox 1526 4750 1715 4805; x_wconf 77' lang='lat' dir='ltr'><strong>magna</strong></span> <span class='ocrx_word' id='word_1_411' title='bbox 1739 4744 1899 4807; x_wconf 86' lang='lat' dir='ltr'><strong>atque</strong></span> <span class='ocrx_word' id='word_1_412' title='bbox 1927 4740 2113 4808; x_wconf 66' lang='grc' dir='ltr'><strong>ριιωοξ-</strong></span> 
     </span>
    </p>
   </div>
   <div class='ocr_carea' id='block_1_50' title="bbox 530 4821 2116 4900">
    <p class='ocr_par' dir='ltr' id='par_1_50' title="bbox 530 4821 2116 4900">
     <span class='ocr_line' id='line_1_50' title="bbox 530 4821 2116 4900; baseline 0.006 -24"><span class='ocrx_word' id='word_1_413' title='bbox 530 4837 660 4891; x_wconf 86' lang='lat' dir='ltr'><strong>pua,</strong></span> <span class='ocrx_word' id='word_1_414' title='bbox 688 4837 870 4876; x_wconf 86' lang='lat' dir='ltr'><strong>verum</strong></span> <span class='ocrx_word' id='word_1_415' title='bbox 900 4821 1059 4877; x_wconf 87' lang='lat' dir='ltr'><strong>etiam</strong></span> <span class='ocrx_word' id='word_1_416' title='bbox 1087 4823 1186 4876; x_wconf 88' lang='lat' dir='ltr'><strong>ista</strong></span> <span class='ocrx_word' id='word_1_417' title='bbox 1213 4830 1424 4879; x_wconf 88' lang='lat' dir='ltr'><strong>terrena</strong></span> <span class='ocrx_word' id='word_1_418' title='bbox 1445 4834 1502 4880; x_wconf 89' lang='lat' dir='ltr'><strong>et</strong></span> <span class='ocrx_word' id='word_1_419' title='bbox 1526 4834 1764 4893; x_wconf 78' lang='lat' dir='ltr'><strong>extrema</strong></span> <span class='ocrx_word' id='word_1_420' title='bbox 1793 4829 1905 4898; x_wconf 83' lang='lat' dir='ltr'><strong>ipse</strong></span> <span class='ocrx_word' id='word_1_421' title='bbox 1922 4844 2116 4900; x_wconf 81' lang='lat' dir='ltr'><strong>opera-</strong></span> 
     </span>
    </p>
   </div>
   <div class='ocr_carea' id='block_1_51' title="bbox 531 4910 2114 4984">
    <p class='ocr_par' dir='ltr' id='par_1_51' title="bbox 531 4910 2114 4984">
     <span class='ocr_line' id='line_1_51' title="bbox 531 4910 2114 4984; baseline 0.006 -18"><span class='ocrx_word' id='word_1_422' title='bbox 531 4921 639 4979; x_wconf 86' lang='lat' dir='ltr'><strong>tur,</strong></span> <span class='ocrx_word' id='word_1_423' title='bbox 671 4912 739 4966; x_wconf 89' lang='lat' dir='ltr'><strong>ita</strong></span> <span class='ocrx_word' id='word_1_424' title='bbox 770 4910 897 4983; x_wconf 85' lang='lat' dir='ltr'><strong>dicit</strong></span> <span class='ocrx_word' id='word_1_425' title='bbox 924 4912 1207 4983; x_wconf 77' lang='lat' dir='ltr'><strong>Apostolus</strong></span> <span class='ocrx_word' id='word_1_426' title='bbox 1233 4929 1246 4966; x_wconf 89' lang='lat'><strong>:</strong></span> <span class='ocrx_word' id='word_1_427' title='bbox 1277 4912 1478 4978; x_wconf 83' lang='lat' dir='ltr'><strong>Stulte,</strong></span> <span class='ocrx_word' id='word_1_428' title='bbox 1519 4926 1573 4970; x_wconf 87' lang='lat' dir='ltr'><strong>tu</strong></span> <span class='ocrx_word' id='word_1_429' title='bbox 1598 4918 1732 4984; x_wconf 84' lang='lat' dir='ltr'><strong>quod</strong></span> <span class='ocrx_word' id='word_1_430' title='bbox 1768 4920 1985 4975; x_wconf 81' lang='lat' dir='ltr'><strong>seminus</strong></span> <span class='ocrx_word' id='word_1_431' title='bbox 2013 4937 2114 4976; x_wconf 81' lang='lat' dir='ltr'><strong>non</strong></span> 
     </span>
    </p>
   </div>
   <div class='ocr_carea' id='block_1_52' title="bbox 528 5004 2113 5085">
    <p class='ocr_par' dir='ltr' id='par_1_52' title="bbox 528 5004 2113 5085">
     <span class='ocr_line' id='line_1_52' title="bbox 528 5004 2113 5085; baseline 0.007 -27"><span class='ocrx_word' id='word_1_432' title='bbox 528 5005 833 5074; x_wconf 66' lang='lat' dir='ltr'><strong>t&#39;iviﬁt&#39;atur,</strong></span> <span class='ocrx_word' id='word_1_433' title='bbox 866 5004 965 5058; x_wconf 87' lang='lat' dir='ltr'><strong>nisi</strong></span> <span class='ocrx_word' id='word_1_434' title='bbox 990 5004 1270 5070; x_wconf 87' lang='lat' dir='ltr'><strong>moriatur;</strong></span> <span class='ocrx_word' id='word_1_435' title='bbox 1297 5014 1345 5060; x_wconf 93' lang='lat' dir='ltr'><strong>et</strong></span> <span class='ocrx_word' id='word_1_436' title='bbox 1368 5008 1502 5076; x_wconf 86' lang='lat' dir='ltr'><strong>quod</strong></span> <span class='ocrx_word' id='word_1_437' title='bbox 1530 5010 1765 5075; x_wconf 86' lang='lat' dir='ltr'><strong>seminas,</strong></span> <span class='ocrx_word' id='word_1_438' title='bbox 1802 5028 1902 5066; x_wconf 78' lang='lat' dir='ltr'><strong>non</strong></span> <span class='ocrx_word' id='word_1_439' title='bbox 1927 5029 2113 5085; x_wconf 86' lang='lat' dir='ltr'><strong>corpus</strong></span> 
     </span>
    </p>
   </div>
   <div class='ocr_carea' id='block_1_53' title="bbox 528 5097 2111 5177">
    <p class='ocr_par' dir='ltr' id='par_1_53' title="bbox 528 5097 2111 5177">
     <span class='ocr_line' id='line_1_53' title="bbox 528 5097 2111 5177; baseline 0.008 -27"><span class='ocrx_word' id='word_1_440' title='bbox 528 5097 662 5167; x_wconf 82' lang='lat' dir='ltr'><strong>quod</strong></span> <span class='ocrx_word' id='word_1_441' title='bbox 686 5102 913 5168; x_wconf 81' lang='lat' dir='ltr'><strong>futurum</strong></span> <span class='ocrx_word' id='word_1_442' title='bbox 940 5105 1011 5150; x_wconf 87' lang='lat' dir='ltr'><strong>est</strong></span> <span class='ocrx_word' id='word_1_443' title='bbox 1036 5097 1254 5152; x_wconf 77' lang='lat' dir='ltr'><strong>seminus</strong></span> <span class='ocrx_word' id='word_1_444' title='bbox 1271 5139 1288 5166; x_wconf 93' lang='lat'><strong>,</strong></span> <span class='ocrx_word' id='word_1_445' title='bbox 1316 5099 1404 5153; x_wconf 85' lang='lat' dir='ltr'><strong>sed</strong></span> <span class='ocrx_word' id='word_1_446' title='bbox 1429 5101 1620 5155; x_wconf 86' lang='lat' dir='ltr'><strong>nudum</strong></span> <span class='ocrx_word' id='word_1_447' title='bbox 1641 5120 1857 5174; x_wconf 80' lang='lat' dir='ltr'><strong>granum</strong></span> <span class='ocrx_word' id='word_1_448' title='bbox 1882 5109 1987 5177; x_wconf 79' lang='lat' dir='ltr'><strong>fere</strong></span> <span class='ocrx_word' id='word_1_449' title='bbox 2016 5109 2111 5163; x_wconf 85' lang='lat' dir='ltr'><strong>tri-</strong></span> 
     </span>
    </p>
   </div>
   <div class='ocr_carea' id='block_1_54' title="bbox 528 5186 2112 5269">
    <p class='ocr_par' dir='ltr' id='par_1_54' title="bbox 528 5186 2112 5269">
     <span class='ocr_line' id='line_1_54' title="bbox 528 5186 2112 5269; baseline 0.009 -30"><span class='ocrx_word' id='word_1_450' title='bbox 528 5187 633 5254; x_wconf 85' lang='lat' dir='ltr'><strong>tici,</strong></span> <span class='ocrx_word' id='word_1_451' title='bbox 665 5196 753 5240; x_wconf 87' lang='lat' dir='ltr'><strong>aut</strong></span> <span class='ocrx_word' id='word_1_452' title='bbox 777 5186 996 5258; x_wconf 82' lang='lat' dir='ltr'><strong>alicujus</strong></span> <span class='ocrx_word' id='word_1_453' title='bbox 1016 5197 1346 5255; x_wconf 61' lang='lat' dir='ltr'><strong>cancrorum;</strong></span> <span class='ocrx_word' id='word_1_454' title='bbox 1373 5188 1511 5245; x_wconf 85' lang='lat' dir='ltr'><strong>Deus</strong></span> <span class='ocrx_word' id='word_1_455' title='bbox 1534 5203 1700 5247; x_wconf 87' lang='lat' dir='ltr'><strong>autem</strong></span> <span class='ocrx_word' id='word_1_456' title='bbox 1724 5195 1810 5249; x_wconf 83' lang='lat' dir='ltr'><strong>dat</strong></span> <span class='ocrx_word' id='word_1_457' title='bbox 1829 5197 1906 5250; x_wconf 87' lang='lat' dir='ltr'><strong>illi</strong></span> <span class='ocrx_word' id='word_1_458' title='bbox 1928 5212 2112 5269; x_wconf 86' lang='lat' dir='ltr'><strong>corpus</strong></span> 
     </span>
    </p>
   </div>
   <div class='ocr_carea' id='block_1_55' title="bbox 528 5277 2110 5358">
    <p class='ocr_par' dir='ltr' id='par_1_55' title="bbox 528 5277 2110 5358">
     <span class='ocr_line' id='line_1_55' title="bbox 528 5277 2110 5358; baseline 0.008 -26"><span class='ocrx_word' id='word_1_459' title='bbox 528 5277 780 5332; x_wconf 82' lang='lat' dir='ltr'><strong>auomodo</strong></span> <span class='ocrx_word' id='word_1_460' title='bbox 836 5278 1047 5332; x_wconf 79' lang='lat' dir='ltr'><strong>voluerit</strong></span> <span class='ocrx_word' id='word_1_461' title='bbox 1074 5319 1089 5343; x_wconf 91' lang='lat'><strong>,</strong></span> <span class='ocrx_word' id='word_1_462' title='bbox 1136 5288 1184 5333; x_wconf 90' lang='lat' dir='ltr'><strong>et</strong></span> <span class='ocrx_word' id='word_1_463' title='bbox 1242 5281 1508 5351; x_wconf 77' lang='lat' dir='ltr'><strong>unicuique</strong></span> <span class='ocrx_word' id='word_1_464' title='bbox 1556 5286 1800 5339; x_wconf 83' lang='lat' dir='ltr'><strong>sentinam</strong></span> <span class='ocrx_word' id='word_1_465' title='bbox 1848 5290 2110 5358; x_wconf 83' lang='lat' dir='ltr'><strong>proprium</strong></span> 
     </span>
    </p>
   </div>
   <div class='ocr_carea' id='block_1_56' title="bbox 531 5366 2108 5447">
    <p class='ocr_par' dir='ltr' id='par_1_56' title="bbox 531 5366 2108 5447">
     <span class='ocr_line' id='line_1_56' title="bbox 531 5366 2108 5447; baseline 0.01 -27"><span class='ocrx_word' id='word_1_466' title='bbox 531 5385 716 5439; x_wconf 86' lang='lat' dir='ltr'><strong>corpus</strong></span> <span class='ocrx_word' id='word_1_467' title='bbox 745 5367 787 5440; x_wconf 92' lang='lat' dir='ltr'><strong>(l</strong></span> <span class='ocrx_word' id='word_1_468' title='bbox 814 5366 930 5422; x_wconf 86' lang='lat' dir='ltr'><strong>Cor.</strong></span> <span class='ocrx_word' id='word_1_469' title='bbox 961 5384 1058 5433; x_wconf 89' lang='lat' dir='ltr'><strong>xv,</strong></span> <span class='ocrx_word' id='word_1_470' title='bbox 1086 5368 1296 5442; x_wconf 74' lang='lat'><strong>56-58).</strong></span> <span class='ocrx_word' id='word_1_471' title='bbox 1326 5368 1415 5427; x_wconf 88' lang='lat' dir='ltr'><strong>Sic</strong></span> <span class='ocrx_word' id='word_1_472' title='bbox 1440 5386 1566 5443; x_wconf 76' lang='lat' dir='ltr'><strong>ergo</strong></span> <span class='ocrx_word' id='word_1_473' title='bbox 1598 5374 1898 5445; x_wconf 88' lang='lat' dir='ltr'><strong>credamus,</strong></span> <span class='ocrx_word' id='word_1_474' title='bbox 1925 5379 2032 5447; x_wconf 86' lang='lat' dir='ltr'><strong>vel,</strong></span> <span class='ocrx_word' id='word_1_475' title='bbox 2062 5382 2108 5436; x_wconf 87' lang='lat' dir='ltr'><strong>si</strong></span> 
     </span>
    </p>
   </div>
   <div class='ocr_carea' id='block_1_57' title="bbox 532 5460 2109 5540">
    <p class='ocr_par' dir='ltr' id='par_1_57' title="bbox 532 5460 2109 5540">
     <span class='ocr_line' id='line_1_57' title="bbox 532 5460 2109 5540; baseline 0.01 -28"><span class='ocrx_word' id='word_1_476' title='bbox 532 5473 855 5527; x_wconf 89' lang='lat' dir='ltr'><strong>possumus,</strong></span> <span class='ocrx_word' id='word_1_477' title='bbox 902 5460 1061 5516; x_wconf 90' lang='lat' dir='ltr'><strong>etiam</strong></span> <span class='ocrx_word' id='word_1_478' title='bbox 1109 5460 1465 5530; x_wconf 72' lang='lat' dir='ltr'><strong>intelligamus</strong></span> <span class='ocrx_word' id='word_1_479' title='bbox 1507 5479 1673 5534; x_wconf 89' lang='lat' dir='ltr'><strong>usque</strong></span> <span class='ocrx_word' id='word_1_480' title='bbox 1718 5482 1860 5524; x_wconf 88' lang='lat' dir='ltr'><strong>nunc</strong></span> <span class='ocrx_word' id='word_1_481' title='bbox 1900 5476 2109 5540; x_wconf 89' lang='lat' dir='ltr'><strong>operari</strong></span> 
     </span>
    </p>
   </div>
   <div class='ocr_carea' id='block_1_58' title="bbox 531 5546 2108 5632">
    <p class='ocr_par' dir='ltr' id='par_1_58' title="bbox 531 5546 2108 5632">
     <span class='ocr_line' id='line_1_58' title="bbox 531 5546 2108 5632; baseline 0.011 -30"><span class='ocrx_word' id='word_1_482' title='bbox 531 5546 722 5615; x_wconf 91' lang='lat' dir='ltr'><strong>Deum,</strong></span> <span class='ocrx_word' id='word_1_483' title='bbox 767 5558 823 5604; x_wconf 89' lang='lat' dir='ltr'><strong>ut</strong></span> <span class='ocrx_word' id='word_1_484' title='bbox 863 5551 906 5604; x_wconf 86' lang='lat' dir='ltr'><strong>si</strong></span> <span class='ocrx_word' id='word_1_485' title='bbox 946 5550 1176 5605; x_wconf 86' lang='lat' dir='ltr'><strong>conditis</strong></span> <span class='ocrx_word' id='word_1_486' title='bbox 1200 5549 1268 5607; x_wconf 89' lang='lat' dir='ltr'><strong>ab</strong></span> <span class='ocrx_word' id='word_1_487' title='bbox 1297 5566 1362 5607; x_wconf 91' lang='lat' dir='ltr'><strong>eo</strong></span> <span class='ocrx_word' id='word_1_488' title='bbox 1390 5552 1551 5608; x_wconf 89' lang='lat' dir='ltr'><strong>rebus</strong></span> <span class='ocrx_word' id='word_1_489' title='bbox 1578 5559 1815 5625; x_wconf 89' lang='lat' dir='ltr'><strong>operatio</strong></span> <span class='ocrx_word' id='word_1_490' title='bbox 1838 5559 1952 5632; x_wconf 87' lang='lat' dir='ltr'><strong>ejus</strong></span> <span class='ocrx_word' id='word_1_491' title='bbox 1979 5564 2108 5620; x_wconf 84' lang='lat' dir='ltr'><strong>sub-</strong></span> 
     </span>
    </p>
   </div>
   <div class='ocr_carea' id='block_1_59' title="bbox 532 5639 1155 5703">
    <p class='ocr_par' dir='ltr' id='par_1_59' title="bbox 532 5639 1155 5703">
     <span class='ocr_line' id='line_1_59' title="bbox 532 5639 1155 5703; baseline 0.008 -12"><span class='ocrx_word' id='word_1_492' title='bbox 532 5639 790 5703; x_wconf 83' lang='lat' dir='ltr'><strong>trahatur,</strong></span> <span class='ocrx_word' id='word_1_493' title='bbox 820 5641 1155 5696; x_wconf 87' lang='lat' dir='ltr'><strong>intercidant.</strong></span> 
     </span>
    </p>
   </div>
   <div class='ocr_carea' id='block_1_60' title="bbox 560 5744 1816 5818">
    <p class='ocr_par' dir='ltr' id='par_1_60' title="bbox 560 5744 1816 5818">
     <span class='ocr_line' id='line_1_60' title="bbox 560 5744 1816 5818; baseline 0.011 -19"><span class='ocrx_word' id='word_1_494' title='bbox 560 5744 565 5747; x_wconf 79' lang='grc'><em>’</em></span> <span class='ocrx_word' id='word_1_495' title='bbox 589 5750 606 5781; x_wconf 82' lang='grc' dir='ltr'>ί</span> <span class='ocrx_word' id='word_1_496' title='bbox 624 5756 700 5800; x_wconf 81' lang='lat' dir='ltr'><strong>Er.</strong></span> <span class='ocrx_word' id='word_1_497' title='bbox 715 5749 863 5814; x_wconf 74' lang='lat' dir='ltr'><strong>Lugd.</strong></span> <span class='ocrx_word' id='word_1_498' title='bbox 890 5758 1007 5801; x_wconf 77' lang='lat' dir='ltr'><strong>\‘en.</strong></span> <span class='ocrx_word' id='word_1_499' title='bbox 1030 5756 1141 5802; x_wconf 70' lang='grc' dir='ltr'><strong>ιον.</strong></span> <span class='ocrx_word' id='word_1_500' title='bbox 1164 5750 1361 5818; x_wconf 83' lang='lat' dir='ltr'><strong>habent,</strong></span> <span class='ocrx_word' id='word_1_501' title='bbox 1383 5754 1695 5811; x_wconf 69' lang='lat' dir='ltr'><strong>arbitrantur.</strong></span> <span class='ocrx_word' id='word_1_502' title='bbox 1757 5767 1816 5813; x_wconf 82' lang='grc' dir='ltr'>ιι.</span> 
     </span>
    </p>
   </div>
   <div class='ocr_carea' id='block_1_61' title="bbox 2285 429 3787 512">
    <p class='ocr_par' dir='ltr' id='par_1_61' title="bbox 2285 429 3787 512">
     <span class='ocr_line' id='line_1_61' title="bbox 2285 429 3787 512; baseline 0.009 -17"><span class='ocrx_word' id='word_1_503' title='bbox 2285 430 2375 495; x_wconf 70' lang='grc'><strong>41.</strong></span> <span class='ocrx_word' id='word_1_504' title='bbox 2415 439 2519 497; x_wconf 89' lang='lat' dir='ltr'><strong>Sed</strong></span> <span class='ocrx_word' id='word_1_505' title='bbox 2549 441 2726 511; x_wconf 83' lang='lat' dir='ltr'><strong>plane,</strong></span> <span class='ocrx_word' id='word_1_506' title='bbox 2753 441 2799 497; x_wconf 89' lang='lat' dir='ltr'><strong>si</strong></span> <span class='ocrx_word' id='word_1_507' title='bbox 2825 439 3052 512; x_wconf 86' lang='lat' dir='ltr'><strong>aliquam</strong></span> <span class='ocrx_word' id='word_1_508' title='bbox 3074 429 3473 504; x_wconf 57' lang='lat' dir='ltr'><strong>ereatufarﬁic</strong></span> <span class='ocrx_word' id='word_1_509' title='bbox 3493 459 3619 505; x_wconf 76' lang='lat' dir='ltr'><strong>cum</strong></span> <span class='ocrx_word' id='word_1_510' title='bbox 3645 465 3787 508; x_wconf 87' lang='lat' dir='ltr'><strong>nunc</strong></span> 
     </span>
    </p>
   </div>
   <div class='ocr_carea' id='block_1_62' title="bbox 2217 530 3789 607">
    <p class='ocr_par' dir='ltr' id='par_1_62' title="bbox 2217 530 3789 607">
     <span class='ocr_line' id='line_1_62' title="bbox 2217 530 3789 607; baseline 0.008 -22"><span class='ocrx_word' id='word_1_511' title='bbox 2217 530 2498 587; x_wconf 83' lang='lat' dir='ltr'><strong>instituere</strong></span> <span class='ocrx_word' id='word_1_512' title='bbox 2527 534 2904 601; x_wconf 80' lang='lat' dir='ltr'><strong>putaverimus,</strong></span> <span class='ocrx_word' id='word_1_513' title='bbox 2932 542 2990 588; x_wconf 88' lang='lat' dir='ltr'><strong>ut</strong></span> <span class='ocrx_word' id='word_1_514' title='bbox 3016 548 3183 604; x_wconf 78' lang='lat' dir='ltr'><strong>genus</strong></span> <span class='ocrx_word' id='word_1_515' title='bbox 3207 535 3323 606; x_wconf 84' lang='lat' dir='ltr'><strong>ejus</strong></span> <span class='ocrx_word' id='word_1_516' title='bbox 3350 540 3537 607; x_wconf 59' lang='lat' dir='ltr'><strong>prima!</strong></span> <span class='ocrx_word' id='word_1_517' title='bbox 3564 541 3643 597; x_wconf 89' lang='lat' dir='ltr'><strong>illi</strong></span> <span class='ocrx_word' id='word_1_518' title='bbox 3675 556 3789 599; x_wconf 74' lang='lat' dir='ltr'><strong>sate</strong></span> 
     </span>
    </p>
   </div>
   <div class='ocr_carea' id='block_1_63' title="bbox 2216 622 3794 698">
    <p class='ocr_par' dir='ltr' id='par_1_63' title="bbox 2216 622 3794 698">
     <span class='ocr_line' id='line_1_63' title="bbox 2216 622 3794 698; baseline 0.011 -27"><span class='ocrx_word' id='word_1_519' title='bbox 2216 622 2510 677; x_wconf 66' lang='lat' dir='ltr'><strong>conditioni</strong></span> <span class='ocrx_word' id='word_1_520' title='bbox 2557 639 2661 678; x_wconf 90' lang='lat' dir='ltr'><strong>non</strong></span> <span class='ocrx_word' id='word_1_521' title='bbox 2707 625 3009 691; x_wconf 84' lang='lat' dir='ltr'><strong>inseruerit,</strong></span> <span class='ocrx_word' id='word_1_522' title='bbox 3053 636 3237 698; x_wconf 87' lang='lat' dir='ltr'><strong>aperte</strong></span> <span class='ocrx_word' id='word_1_523' title='bbox 3264 630 3681 687; x_wconf 89' lang='lat' dir='ltr'><strong>contradieimus</strong></span> <span class='ocrx_word' id='word_1_524' title='bbox 3708 632 3794 689; x_wconf 83' lang='lat' dir='ltr'><strong>di-</strong></span> 
     </span>
    </p>
   </div>
   <div class='ocr_carea' id='block_1_64' title="bbox 2216 714 3798 795">
    <p class='ocr_par' dir='ltr' id='par_1_64' title="bbox 2216 714 3798 795">
     <span class='ocr_line' id='line_1_64' title="bbox 2216 714 3798 795; baseline 0.007 -24"><span class='ocrx_word' id='word_1_525' title='bbox 2216 716 2355 771; x_wconf 78' lang='lat' dir='ltr'><strong>conti</strong></span> <span class='ocrx_word' id='word_1_526' title='bbox 2396 714 2684 787; x_wconf 70' lang='lat' dir='ltr'><strong>Scriptura:</strong></span> <span class='ocrx_word' id='word_1_527' title='bbox 2707 759 2724 782; x_wconf 90' lang='lat'><strong>,</strong></span> <span class='ocrx_word' id='word_1_528' title='bbox 2768 716 2911 787; x_wconf 89' lang='lat' dir='ltr'><strong>quod</strong></span> <span class='ocrx_word' id='word_1_529' title='bbox 2950 722 3405 777; x_wconf 83' lang='lat' dir='ltr'><strong>consummaverit</strong></span> <span class='ocrx_word' id='word_1_530' title='bbox 3429 724 3604 778; x_wconf 84' lang='lat' dir='ltr'><strong>omnia</strong></span> <span class='ocrx_word' id='word_1_531' title='bbox 3634 739 3798 795; x_wconf 84' lang='lat' dir='ltr'><strong>opera</strong></span> 
     </span>
    </p>
   </div>
   <div class='ocr_carea' id='block_1_65' title="bbox 2218 805 3800 887">
    <p class='ocr_par' dir='ltr' id='par_1_65' title="bbox 2218 805 3800 887">
     <span class='ocr_line' id='line_1_65' title="bbox 2218 805 3800 887; baseline 0.008 -27"><span class='ocrx_word' id='word_1_532' title='bbox 2218 821 2312 860; x_wconf 84' lang='lat' dir='ltr'><strong>sua</strong></span> <span class='ocrx_word' id='word_1_533' title='bbox 2338 808 2389 861; x_wconf 87' lang='lat' dir='ltr'><strong>in</strong></span> <span class='ocrx_word' id='word_1_534' title='bbox 2418 805 2506 864; x_wconf 91' lang='lat' dir='ltr'><strong>die</strong></span> <span class='ocrx_word' id='word_1_535' title='bbox 2530 816 2682 863; x_wconf 73' lang='lat' dir='ltr'><strong>sexto</strong></span> <span class='ocrx_word' id='word_1_536' title='bbox 2710 806 2860 878; x_wconf 80' lang='lat' dir='ltr'><strong>(Gen.</strong></span> <span class='ocrx_word' id='word_1_537' title='bbox 2891 824 2952 875; x_wconf 85' lang='grc' dir='ltr'>ιι,</span> <span class='ocrx_word' id='word_1_538' title='bbox 2984 808 3064 881; x_wconf 75' lang='grc'><strong>2).</strong></span> <span class='ocrx_word' id='word_1_539' title='bbox 3093 809 3395 867; x_wconf 84' lang='lat' dir='ltr'><strong>Secundum</strong></span> <span class='ocrx_word' id='word_1_540' title='bbox 3423 813 3512 869; x_wconf 87' lang='lat' dir='ltr'><strong>illa</strong></span> <span class='ocrx_word' id='word_1_541' title='bbox 3539 815 3683 871; x_wconf 89' lang='lat' dir='ltr'><strong>enim</strong></span> <span class='ocrx_word' id='word_1_542' title='bbox 3702 832 3800 887; x_wconf 65' lang='lat' dir='ltr'><strong>ge-</strong></span> 
     </span>
    </p>
   </div>
   <div class='ocr_carea' id='block_1_66' title="bbox 2219 891 3801 969">
    <p class='ocr_par' dir='ltr' id='par_1_66' title="bbox 2219 891 3801 969">
     <span class='ocr_line' id='line_1_66' title="bbox 2219 891 3801 969; baseline 0.009 -19"><span class='ocrx_word' id='word_1_543' title='bbox 2219 912 2346 950; x_wconf 79' lang='lat' dir='ltr'><strong>nera</strong></span> <span class='ocrx_word' id='word_1_544' title='bbox 2386 913 2562 952; x_wconf 90' lang='lat' dir='ltr'><strong>rerum</strong></span> <span class='ocrx_word' id='word_1_545' title='bbox 2607 914 2725 969; x_wconf 73' lang='lat' dir='ltr'><strong>quae</strong></span> <span class='ocrx_word' id='word_1_546' title='bbox 2761 900 2989 969; x_wconf 89' lang='lat' dir='ltr'><strong>primum</strong></span> <span class='ocrx_word' id='word_1_547' title='bbox 3028 901 3299 967; x_wconf 81' lang='lat' dir='ltr'><strong>condidit,</strong></span> <span class='ocrx_word' id='word_1_548' title='bbox 3325 919 3459 959; x_wconf 87' lang='lat' dir='ltr'><strong>nova</strong></span> <span class='ocrx_word' id='word_1_549' title='bbox 3482 891 3602 962; x_wconf 87' lang='lat' dir='ltr'><strong>eum</strong></span> <span class='ocrx_word' id='word_1_550' title='bbox 3634 909 3801 964; x_wconf 89' lang='lat' dir='ltr'><strong>multa</strong></span> 
     </span>
    </p>
   </div>
   <div class='ocr_carea' id='block_1_67' title="bbox 2217 982 3802 1061">
    <p class='ocr_par' dir='ltr' id='par_1_67' title="bbox 2217 982 3802 1061">
     <span class='ocr_line' id='line_1_67' title="bbox 2217 982 3802 1061; baseline 0.009 -17"><span class='ocrx_word' id='word_1_551' title='bbox 2217 988 2416 1055; x_wconf 88' lang='lat' dir='ltr'><strong>facere,</strong></span> <span class='ocrx_word' id='word_1_552' title='bbox 2441 1004 2561 1061; x_wconf 66' lang='lat' dir='ltr'><strong>quas</strong></span> <span class='ocrx_word' id='word_1_553' title='bbox 2592 998 2717 1046; x_wconf 91' lang='lat' dir='ltr'><strong>tunc</strong></span> <span class='ocrx_word' id='word_1_554' title='bbox 2744 1007 2854 1047; x_wconf 91' lang='lat' dir='ltr'><strong>non</strong></span> <span class='ocrx_word' id='word_1_555' title='bbox 2880 991 3040 1061; x_wconf 91' lang='lat' dir='ltr'><strong>fecit,</strong></span> <span class='ocrx_word' id='word_1_556' title='bbox 3082 982 3421 1052; x_wconf 79' lang='lat' dir='ltr'><strong>manifestum</strong></span> <span class='ocrx_word' id='word_1_557' title='bbox 3459 1007 3560 1054; x_wconf 89' lang='lat' dir='ltr'><strong>est.</strong></span> <span class='ocrx_word' id='word_1_558' title='bbox 3590 999 3802 1057; x_wconf 83' lang='lat' dir='ltr'><strong>Novum</strong></span> 
     </span>
    </p>
   </div>
   <div class='ocr_carea' id='block_1_68' title="bbox 2218 1082 3803 1162">
    <p class='ocr_par' dir='ltr' id='par_1_68' title="bbox 2218 1082 3803 1162">
     <span class='ocr_line' id='line_1_68' title="bbox 2218 1082 3803 1162; baseline 0.008 -27"><span class='ocrx_word' id='word_1_559' title='bbox 2218 1089 2396 1137; x_wconf 91' lang='lat' dir='ltr'><strong>autem</strong></span> <span class='ocrx_word' id='word_1_560' title='bbox 2421 1096 2590 1152; x_wconf 75' lang='lat' dir='ltr'><strong>genus</strong></span> <span class='ocrx_word' id='word_1_561' title='bbox 2626 1082 2906 1140; x_wconf 90' lang='lat' dir='ltr'><strong>instituere</strong></span> <span class='ocrx_word' id='word_1_562' title='bbox 2947 1085 3093 1141; x_wconf 89' lang='lat' dir='ltr'><strong>credi</strong></span> <span class='ocrx_word' id='word_1_563' title='bbox 3121 1097 3266 1143; x_wconf 88' lang='lat' dir='ltr'><strong>recte</strong></span> <span class='ocrx_word' id='word_1_564' title='bbox 3290 1103 3396 1143; x_wconf 89' lang='lat' dir='ltr'><strong>non</strong></span> <span class='ocrx_word' id='word_1_565' title='bbox 3427 1100 3629 1159; x_wconf 84' lang='lat' dir='ltr'><strong>potest,</strong></span> <span class='ocrx_word' id='word_1_566' title='bbox 3660 1107 3803 1162; x_wconf 84' lang='lat' dir='ltr'><strong>quo-</strong></span> 
     </span>
    </p>
   </div>
   <div class='ocr_carea' id='block_1_69' title="bbox 2220 1171 3803 1251">
    <p class='ocr_par' dir='ltr' id='par_1_69' title="bbox 2220 1171 3803 1251">
     <span class='ocr_line' id='line_1_69' title="bbox 2220 1171 3803 1251; baseline 0.007 -24"><span class='ocrx_word' id='word_1_567' title='bbox 2220 1171 2362 1227; x_wconf 88' lang='lat' dir='ltr'><strong>niam</strong></span> <span class='ocrx_word' id='word_1_568' title='bbox 2390 1181 2517 1228; x_wconf 90' lang='lat' dir='ltr'><strong>tunc</strong></span> <span class='ocrx_word' id='word_1_569' title='bbox 2540 1173 2717 1229; x_wconf 89' lang='lat' dir='ltr'><strong>omnia</strong></span> <span class='ocrx_word' id='word_1_570' title='bbox 2742 1178 3149 1231; x_wconf 85' lang='lat' dir='ltr'><strong>consummavit.</strong></span> <span class='ocrx_word' id='word_1_571' title='bbox 3179 1177 3352 1234; x_wconf 83' lang='lat' dir='ltr'><strong>Movet</strong></span> <span class='ocrx_word' id='word_1_572' title='bbox 3388 1180 3568 1251; x_wconf 85' lang='lat' dir='ltr'><strong>itaque</strong></span> <span class='ocrx_word' id='word_1_573' title='bbox 3593 1184 3803 1239; x_wconf 89' lang='lat' dir='ltr'><strong>occulta</strong></span> 
     </span>
    </p>
   </div>
   <div class='ocr_carea' id='block_1_70' title="bbox 2221 1264 3805 1343">
    <p class='ocr_par' dir='ltr' id='par_1_70' title="bbox 2221 1264 3805 1343">
     <span class='ocr_line' id='line_1_70' title="bbox 2221 1264 3805 1343; baseline 0.008 -27"><span class='ocrx_word' id='word_1_574' title='bbox 2221 1264 2454 1343; x_wconf 89' lang='lat' dir='ltr'><strong>potentia</strong></span> <span class='ocrx_word' id='word_1_575' title='bbox 2484 1265 2788 1321; x_wconf 87' lang='lat' dir='ltr'><strong>universam</strong></span> <span class='ocrx_word' id='word_1_576' title='bbox 2813 1276 3115 1324; x_wconf 87' lang='lat' dir='ltr'><strong>creaturam</strong></span> <span class='ocrx_word' id='word_1_577' title='bbox 3143 1283 3316 1335; x_wconf 90' lang='lat' dir='ltr'><strong>suam,</strong></span> <span class='ocrx_word' id='word_1_578' title='bbox 3346 1286 3517 1343; x_wconf 87' lang='lat' dir='ltr'><strong>eoque</strong></span> <span class='ocrx_word' id='word_1_579' title='bbox 3541 1283 3691 1329; x_wconf 90' lang='lat' dir='ltr'><strong>motu</strong></span> <span class='ocrx_word' id='word_1_580' title='bbox 3712 1275 3805 1330; x_wconf 81' lang='lat' dir='ltr'><strong>illa</strong></span> 
     </span>
    </p>
   </div>
   <div class='ocr_carea' id='block_1_71' title="bbox 2218 1340 3808 1427">
    <p class='ocr_par' dir='ltr' id='par_1_71' title="bbox 2218 1340 3808 1427">
     <span class='ocr_line' id='line_1_71' title="bbox 2218 1340 3808 1427; baseline 0.01 -21"><span class='ocrx_word' id='word_1_581' title='bbox 2218 1340 2445 1419; x_wconf 87' lang='lat' dir='ltr'><strong>versata,</strong></span> <span class='ocrx_word' id='word_1_582' title='bbox 2470 1353 2595 1408; x_wconf 92' lang='lat' dir='ltr'><strong>dum</strong></span> <span class='ocrx_word' id='word_1_583' title='bbox 2613 1355 2799 1425; x_wconf 78' lang='lat' dir='ltr'><strong>Angeli</strong></span> <span class='ocrx_word' id='word_1_584' title='bbox 2821 1360 2968 1425; x_wconf 89' lang='lat' dir='ltr'><strong>jussa</strong></span> <span class='ocrx_word' id='word_1_585' title='bbox 2991 1357 3291 1427; x_wconf 85' lang='lat' dir='ltr'><strong>perﬁciunt,</strong></span> <span class='ocrx_word' id='word_1_586' title='bbox 3320 1361 3448 1417; x_wconf 89' lang='lat' dir='ltr'><strong>dum</strong></span> <span class='ocrx_word' id='word_1_587' title='bbox 3469 1362 3808 1422; x_wconf 86' lang='lat' dir='ltr'><strong>circumeunt</strong></span> 
     </span>
    </p>
   </div>
   <div class='ocr_carea' id='block_1_72' title="bbox 2219 1442 3805 1526">
    <p class='ocr_par' dir='ltr' id='par_1_72' title="bbox 2219 1442 3805 1526">
     <span class='ocr_line' id='line_1_72' title="bbox 2219 1442 3805 1526; baseline 0.011 -31"><span class='ocrx_word' id='word_1_588' title='bbox 2219 1442 2392 1496; x_wconf 89' lang='lat' dir='ltr'><strong>sidera</strong></span> <span class='ocrx_word' id='word_1_589' title='bbox 2417 1484 2433 1509; x_wconf 93' lang='lat'><strong>,</strong></span> <span class='ocrx_word' id='word_1_590' title='bbox 2478 1444 2604 1499; x_wconf 90' lang='lat' dir='ltr'><strong>dum</strong></span> <span class='ocrx_word' id='word_1_591' title='bbox 2646 1445 2912 1502; x_wconf 87' lang='lat' dir='ltr'><strong>alternant</strong></span> <span class='ocrx_word' id='word_1_592' title='bbox 2938 1449 3112 1514; x_wconf 78' lang='lat' dir='ltr'><strong>venti,</strong></span> <span class='ocrx_word' id='word_1_593' title='bbox 3143 1449 3268 1504; x_wconf 89' lang='lat' dir='ltr'><strong>dum</strong></span> <span class='ocrx_word' id='word_1_594' title='bbox 3296 1452 3521 1524; x_wconf 90' lang='lat' dir='ltr'><strong>abyssus</strong></span> <span class='ocrx_word' id='word_1_595' title='bbox 3544 1469 3805 1526; x_wconf 86' lang='lat' dir='ltr'><strong>aquarum</strong></span> 
     </span>
    </p>
   </div>
   <div class='ocr_carea' id='block_1_73' title="bbox 2220 1533 3806 1617">
    <p class='ocr_par' dir='ltr' id='par_1_73' title="bbox 2220 1533 3806 1617">
     <span class='ocr_line' id='line_1_73' title="bbox 2220 1533 3806 1617; baseline 0.009 -28"><span class='ocrx_word' id='word_1_596' title='bbox 2220 1533 2456 1604; x_wconf 81' lang='lat' dir='ltr'><strong>lapsibus</strong></span> <span class='ocrx_word' id='word_1_597' title='bbox 2483 1545 2537 1591; x_wconf 90' lang='lat' dir='ltr'><strong>et</strong></span> <span class='ocrx_word' id='word_1_598' title='bbox 2562 1536 2788 1593; x_wconf 86' lang='lat' dir='ltr'><strong>diversis</strong></span> <span class='ocrx_word' id='word_1_599' title='bbox 2813 1538 2972 1595; x_wconf 90' lang='lat' dir='ltr'><strong>etiam</strong></span> <span class='ocrx_word' id='word_1_600' title='bbox 2995 1556 3090 1612; x_wconf 91' lang='lat' dir='ltr'><strong>per</strong></span> <span class='ocrx_word' id='word_1_601' title='bbox 3109 1557 3286 1599; x_wconf 88' lang='lat' dir='ltr'><strong>aerem</strong></span> <span class='ocrx_word' id='word_1_602' title='bbox 3308 1547 3806 1617; x_wconf 79' lang='lat' dir='ltr'><strong>conglobationibus</strong></span> 
     </span>
    </p>
   </div>
   <div class='ocr_carea' id='block_1_74' title="bbox 2221 1623 3811 1705">
    <p class='ocr_par' dir='ltr' id='par_1_74' title="bbox 2221 1623 3811 1705">
     <span class='ocr_line' id='line_1_74' title="bbox 2221 1623 3811 1705; baseline 0.011 -28"><span class='ocrx_word' id='word_1_603' title='bbox 2221 1623 2469 1693; x_wconf 78' lang='lat' dir='ltr'><strong>agitatur,</strong></span> <span class='ocrx_word' id='word_1_604' title='bbox 2499 1625 2624 1681; x_wconf 88' lang='lat' dir='ltr'><strong>dum</strong></span> <span class='ocrx_word' id='word_1_605' title='bbox 2652 1628 2821 1683; x_wconf 87' lang='lat' dir='ltr'><strong>vireta</strong></span> <span class='ocrx_word' id='word_1_606' title='bbox 2843 1629 2860 1661; x_wconf 76' lang='grc' dir='ltr'>ί</span> <span class='ocrx_word' id='word_1_607' title='bbox 2886 1630 3171 1702; x_wconf 88' lang='lat' dir='ltr'><strong>pullulant,</strong></span> <span class='ocrx_word' id='word_1_608' title='bbox 3201 1649 3402 1705; x_wconf 88' lang='lat' dir='ltr'><strong>suaque</strong></span> <span class='ocrx_word' id='word_1_609' title='bbox 3426 1638 3630 1693; x_wconf 88' lang='lat' dir='ltr'><strong>semina</strong></span> <span class='ocrx_word' id='word_1_610' title='bbox 3658 1641 3811 1695; x_wconf 86' lang='lat' dir='ltr'><strong>evol-</strong></span> 
     </span>
    </p>
   </div>
   <div class='ocr_carea' id='block_1_75' title="bbox 2220 1717 3807 1804">
    <p class='ocr_par' dir='ltr' id='par_1_75' title="bbox 2220 1717 3807 1804">
     <span class='ocr_line' id='line_1_75' title="bbox 2220 1717 3807 1804; baseline 0.012 -35"><span class='ocrx_word' id='word_1_611' title='bbox 2220 1726 2368 1782; x_wconf 86' lang='lat' dir='ltr'><strong>vunt,</strong></span> <span class='ocrx_word' id='word_1_612' title='bbox 2397 1717 2524 1773; x_wconf 87' lang='lat' dir='ltr'><strong>dum</strong></span> <span class='ocrx_word' id='word_1_613' title='bbox 2543 1720 2793 1776; x_wconf 89' lang='lat' dir='ltr'><strong>animalia</strong></span> <span class='ocrx_word' id='word_1_614' title='bbox 2814 1722 3121 1794; x_wconf 75' lang='lat' dir='ltr'><strong>gignuntur,</strong></span> <span class='ocrx_word' id='word_1_615' title='bbox 3149 1727 3403 1799; x_wconf 90' lang='lat' dir='ltr'><strong>varioque</strong></span> <span class='ocrx_word' id='word_1_616' title='bbox 3422 1732 3658 1801; x_wconf 88' lang='lat' dir='ltr'><strong>appetitu</strong></span> <span class='ocrx_word' id='word_1_617' title='bbox 3682 1749 3807 1804; x_wconf 88' lang='lat' dir='ltr'><strong>pro-</strong></span> 
     </span>
    </p>
   </div>
   <div class='ocr_carea' id='block_1_76' title="bbox 2224 1809 3808 1893">
    <p class='ocr_par' dir='ltr' id='par_1_76' title="bbox 2224 1809 3808 1893">
     <span class='ocr_line' id='line_1_76' title="bbox 2224 1809 3808 1893; baseline 0.013 -33"><span class='ocrx_word' id='word_1_618' title='bbox 2224 1809 2365 1877; x_wconf 90' lang='lat' dir='ltr'><strong>prias</strong></span> <span class='ocrx_word' id='word_1_619' title='bbox 2392 1809 2528 1864; x_wconf 89' lang='lat' dir='ltr'><strong>vitas</strong></span> <span class='ocrx_word' id='word_1_620' title='bbox 2556 1812 2890 1883; x_wconf 54' lang='lat' dir='ltr'><strong>aguntrdum</strong></span> <span class='ocrx_word' id='word_1_621' title='bbox 2918 1815 3082 1887; x_wconf 90' lang='lat' dir='ltr'><strong>iniqui</strong></span> <span class='ocrx_word' id='word_1_622' title='bbox 3104 1817 3279 1887; x_wconf 84' lang='lat' dir='ltr'><strong>justus</strong></span> <span class='ocrx_word' id='word_1_623' title='bbox 3306 1835 3557 1877; x_wconf 88' lang='lat' dir='ltr'><strong>exercere</strong></span> <span class='ocrx_word' id='word_1_624' title='bbox 3582 1825 3808 1893; x_wconf 87' lang='lat' dir='ltr'><strong>permit-</strong></span> 
     </span>
    </p>
   </div>
   <div class='ocr_carea' id='block_1_77' title="bbox 2221 1904 3808 1984">
    <p class='ocr_par' dir='ltr' id='par_1_77' title="bbox 2221 1904 3808 1984">
     <span class='ocr_line' id='line_1_77' title="bbox 2221 1904 3808 1984; baseline 0.013 -32"><span class='ocrx_word' id='word_1_625' title='bbox 2221 1908 2421 1966; x_wconf 84' lang='lat' dir='ltr'><strong>tuutttr,</strong></span> <span class='ocrx_word' id='word_1_626' title='bbox 2455 1904 2684 1973; x_wconf 82' lang='lat' dir='ltr'><strong>explicat</strong></span> <span class='ocrx_word' id='word_1_627' title='bbox 2703 1905 2921 1975; x_wconf 65' lang='lat' dir='ltr'><strong>sarcula,</strong></span> <span class='ocrx_word' id='word_1_628' title='bbox 2941 1923 3061 1978; x_wconf 73' lang='lat' dir='ltr'><strong>qua:</strong></span> <span class='ocrx_word' id='word_1_629' title='bbox 3082 1909 3179 1978; x_wconf 90' lang='lat' dir='ltr'><strong>illi,</strong></span> <span class='ocrx_word' id='word_1_630' title='bbox 3199 1927 3319 1966; x_wconf 90' lang='lat' dir='ltr'><strong>cum</strong></span> <span class='ocrx_word' id='word_1_631' title='bbox 3343 1913 3570 1984; x_wconf 89' lang='lat' dir='ltr'><strong>primum</strong></span> <span class='ocrx_word' id='word_1_632' title='bbox 3588 1916 3808 1972; x_wconf 86' lang='lat' dir='ltr'><strong>condita</strong></span> 
     </span>
    </p>
   </div>
   <div class='ocr_carea' id='block_1_78' title="bbox 2221 1996 3810 2073">
    <p class='ocr_par' dir='ltr' id='par_1_78' title="bbox 2221 1996 3810 2073">
     <span class='ocr_line' id='line_1_78' title="bbox 2221 1996 3810 2073; baseline 0.011 -28"><span class='ocrx_word' id='word_1_633' title='bbox 2221 2000 2305 2046; x_wconf 85' lang='lat' dir='ltr'><strong>est</strong></span> <span class='ocrx_word' id='word_1_634' title='bbox 2326 2035 2341 2058; x_wconf 94' lang='lat'><strong>,</strong></span> <span class='ocrx_word' id='word_1_635' title='bbox 2373 2002 2622 2062; x_wconf 87' lang='lat' dir='ltr'><strong>tanquam</strong></span> <span class='ocrx_word' id='word_1_636' title='bbox 2648 1996 2829 2065; x_wconf 90' lang='lat' dir='ltr'><strong>plicita</strong></span> <span class='ocrx_word' id='word_1_637' title='bbox 2857 1999 2878 2031; x_wconf 82' lang='grc'><strong><em>²</em></strong></span> <span class='ocrx_word' id='word_1_638' title='bbox 2904 1998 3168 2055; x_wconf 89' lang='lat' dir='ltr'><strong>indiderat</strong></span> <span class='ocrx_word' id='word_1_639' title='bbox 3196 2019 3210 2057; x_wconf 89' lang='lat'><strong>:</strong></span> <span class='ocrx_word' id='word_1_640' title='bbox 3236 2018 3356 2073; x_wconf 78' lang='lat' dir='ltr'><strong>qua:</strong></span> <span class='ocrx_word' id='word_1_641' title='bbox 3387 2013 3560 2061; x_wconf 88' lang='lat' dir='ltr'><strong>tamen</strong></span> <span class='ocrx_word' id='word_1_642' title='bbox 3592 2007 3647 2063; x_wconf 90' lang='lat' dir='ltr'><strong>in</strong></span> <span class='ocrx_word' id='word_1_643' title='bbox 3676 2022 3810 2063; x_wconf 74' lang='lat' dir='ltr'><strong>suos</strong></span> 
     </span>
    </p>
   </div>
   <div class='ocr_carea' id='block_1_79' title="bbox 2219 2087 3811 2172">
    <p class='ocr_par' dir='ltr' id='par_1_79' title="bbox 2219 2087 3811 2172">
     <span class='ocr_line' id='line_1_79' title="bbox 2219 2087 3811 2172; baseline 0.013 -34"><span class='ocrx_word' id='word_1_644' title='bbox 2219 2099 2407 2139; x_wconf 88' lang='lat' dir='ltr'><strong>cursus</strong></span> <span class='ocrx_word' id='word_1_645' title='bbox 2434 2102 2540 2140; x_wconf 88' lang='lat' dir='ltr'><strong>non</strong></span> <span class='ocrx_word' id='word_1_646' title='bbox 2571 2087 2986 2160; x_wconf 81' lang='lat' dir='ltr'><strong>explicarentur,</strong></span> <span class='ocrx_word' id='word_1_647' title='bbox 3012 2093 3057 2148; x_wconf 88' lang='lat' dir='ltr'><strong>si</strong></span> <span class='ocrx_word' id='word_1_648' title='bbox 3084 2108 3146 2149; x_wconf 86' lang='lat' dir='ltr'><strong>ea</strong></span> <span class='ocrx_word' id='word_1_649' title='bbox 3168 2095 3256 2150; x_wconf 91' lang='lat' dir='ltr'><strong>ille</strong></span> <span class='ocrx_word' id='word_1_650' title='bbox 3281 2097 3369 2168; x_wconf 90' lang='lat' dir='ltr'><strong>qui</strong></span> <span class='ocrx_word' id='word_1_651' title='bbox 3395 2099 3655 2169; x_wconf 87' lang='lat' dir='ltr'><strong>condidit,</strong></span> <span class='ocrx_word' id='word_1_652' title='bbox 3680 2115 3811 2172; x_wconf 90' lang='lat' dir='ltr'><strong>pro-</strong></span> 
     </span>
    </p>
   </div>
   <div class='ocr_carea' id='block_1_80' title="bbox 2219 2172 3200 2255">
    <p class='ocr_par' dir='ltr' id='par_1_80' title="bbox 2219 2172 3200 2255">
     <span class='ocr_line' id='line_1_80' title="bbox 2219 2172 3200 2255; baseline 0.012 -28"><span class='ocrx_word' id='word_1_653' title='bbox 2219 2174 2341 2229; x_wconf 84' lang='lat' dir='ltr'><strong>vido</strong></span> <span class='ocrx_word' id='word_1_654' title='bbox 2370 2185 2519 2231; x_wconf 89' lang='lat' dir='ltr'><strong>motu</strong></span> <span class='ocrx_word' id='word_1_655' title='bbox 2544 2178 2919 2255; x_wconf 83' lang='lat' dir='ltr'><strong>administrare</strong></span> <span class='ocrx_word' id='word_1_656' title='bbox 2943 2172 3200 2242; x_wconf 86' lang='lat' dir='ltr'><strong>cessaret.</strong></span> 
     </span>
    </p>
   </div>
   <div class='ocr_carea' id='block_1_81' title="bbox 2400 2268 3642 2351">
    <p class='ocr_par' dir='ltr' id='par_1_81' title="bbox 2400 2268 3642 2351">
     <span class='ocr_line' id='line_1_81' title="bbox 2400 2268 3642 2351; baseline 0.014 -28"><span class='ocrx_word' id='word_1_657' title='bbox 2400 2268 2626 2327; x_wconf 82' lang='lat' dir='ltr'><strong>CAPUT</strong></span> <span class='ocrx_word' id='word_1_658' title='bbox 2663 2271 2807 2328; x_wconf 82' lang='lat' dir='ltr'><strong>XXI.</strong></span> <span class='ocrx_word' id='word_1_659' title='bbox 2839 2305 2914 2316; x_wconf 93' lang='lat'>—</span> <span class='ocrx_word' id='word_1_660' title='bbox 2943 2274 3130 2332; x_wconf 81' lang='lat' dir='ltr'><strong>Omnia</strong></span> <span class='ocrx_word' id='word_1_661' title='bbox 3163 2281 3431 2351; x_wconf 82' lang='lat' dir='ltr'><strong>gubernari</strong></span> <span class='ocrx_word' id='word_1_662' title='bbox 3469 2284 3642 2340; x_wconf 70' lang='lat' dir='ltr'><strong>divina</strong></span> 
     </span>
    </p>
   </div>
   <div class='ocr_carea' id='block_1_82' title="bbox 2843 2370 3176 2439">
    <p class='ocr_par' dir='ltr' id='par_1_82' title="bbox 2843 2370 3176 2439">
     <span class='ocr_line' id='line_1_82' title="bbox 2843 2370 3176 2439; baseline 0.018 -17"><span class='ocrx_word' id='word_1_663' title='bbox 2843 2370 3176 2439; x_wconf 80' lang='lat' dir='ltr'><strong>prouidentia.</strong></span> 
     </span>
    </p>
   </div>
   <div class='ocr_carea' id='block_1_83' title="bbox 2288 2453 3808 2543">
    <p class='ocr_par' dir='ltr' id='par_1_83' title="bbox 2288 2453 3808 2543">
     <span class='ocr_line' id='line_1_83' title="bbox 2288 2453 3808 2543; baseline 0.017 -35"><span class='ocrx_word' id='word_1_664' title='bbox 2288 2453 2379 2509; x_wconf 66' lang='grc'><strong>42.</strong></span> <span class='ocrx_word' id='word_1_665' title='bbox 2419 2456 2710 2515; x_wconf 83' lang='lat' dir='ltr'><strong>Admoneri</strong></span> <span class='ocrx_word' id='word_1_666' title='bbox 2753 2470 2930 2519; x_wconf 89' lang='lat' dir='ltr'><strong>autem</strong></span> <span class='ocrx_word' id='word_1_667' title='bbox 2976 2481 3075 2521; x_wconf 89' lang='lat' dir='ltr'><strong>nos</strong></span> <span class='ocrx_word' id='word_1_668' title='bbox 3108 2477 3319 2538; x_wconf 81' lang='lat' dir='ltr'><strong>oportet</strong></span> <span class='ocrx_word' id='word_1_669' title='bbox 3343 2471 3406 2526; x_wconf 87' lang='lat' dir='ltr'><strong>iis</strong></span> <span class='ocrx_word' id='word_1_670' title='bbox 3433 2489 3554 2543; x_wconf 77' lang='lat' dir='ltr'><strong>qua:</strong></span> <span class='ocrx_word' id='word_1_671' title='bbox 3579 2474 3633 2530; x_wconf 93' lang='lat' dir='ltr'><strong>in</strong></span> <span class='ocrx_word' id='word_1_672' title='bbox 3661 2484 3808 2533; x_wconf 76' lang='lat' dir='ltr'><strong>tem-</strong></span> 
     </span>
    </p>
   </div>
   <div class='ocr_carea' id='block_1_84' title="bbox 2218 2548 3810 2631">
    <p class='ocr_par' dir='ltr' id='par_1_84' title="bbox 2218 2548 3810 2631">
     <span class='ocr_line' id='line_1_84' title="bbox 2218 2548 3810 2631; baseline 0.018 -32"><span class='ocrx_word' id='word_1_673' title='bbox 2218 2561 2348 2616; x_wconf 87' lang='lat' dir='ltr'><strong>pore</strong></span> <span class='ocrx_word' id='word_1_674' title='bbox 2375 2548 2668 2606; x_wconf 87' lang='lat' dir='ltr'><strong>formantur</strong></span> <span class='ocrx_word' id='word_1_675' title='bbox 2691 2563 2848 2625; x_wconf 88' lang='lat' dir='ltr'><strong>atque</strong></span> <span class='ocrx_word' id='word_1_676' title='bbox 2871 2566 3180 2625; x_wconf 87' lang='lat' dir='ltr'><strong>nascuntur,</strong></span> <span class='ocrx_word' id='word_1_677' title='bbox 3203 2550 3472 2631; x_wconf 89' lang='lat' dir='ltr'><strong>quomodo</strong></span> <span class='ocrx_word' id='word_1_678' title='bbox 3496 2567 3595 2621; x_wconf 87' lang='lat' dir='ltr'><strong>ista</strong></span> <span class='ocrx_word' id='word_1_679' title='bbox 3622 2572 3810 2626; x_wconf 77' lang='lat' dir='ltr'><strong>consi-</strong></span> 
     </span>
    </p>
   </div>
   <div class='ocr_carea' id='block_1_85' title="bbox 2218 2636 3809 2725">
    <p class='ocr_par' dir='ltr' id='par_1_85' title="bbox 2218 2636 3809 2725">
     <span class='ocr_line' id='line_1_85' title="bbox 2218 2636 3809 2725; baseline 0.017 -35"><span class='ocrx_word' id='word_1_680' title='bbox 2218 2636 2406 2694; x_wconf 85' lang='lat' dir='ltr'><strong>derare</strong></span> <span class='ocrx_word' id='word_1_681' title='bbox 2425 2640 2736 2698; x_wconf 83' lang='lat' dir='ltr'><strong>debeamus.</strong></span> <span class='ocrx_word' id='word_1_682' title='bbox 2766 2644 2882 2702; x_wconf 83' lang='lat' dir='ltr'><strong>Non</strong></span> <span class='ocrx_word' id='word_1_683' title='bbox 2906 2648 3049 2703; x_wconf 88' lang='lat' dir='ltr'><strong>enim</strong></span> <span class='ocrx_word' id='word_1_684' title='bbox 3072 2648 3266 2706; x_wconf 87' lang='lat' dir='ltr'><strong>frustra</strong></span> <span class='ocrx_word' id='word_1_685' title='bbox 3293 2653 3359 2708; x_wconf 91' lang='lat' dir='ltr'><strong>de</strong></span> <span class='ocrx_word' id='word_1_686' title='bbox 3382 2655 3648 2725; x_wconf 84' lang='lat' dir='ltr'><strong>Sapientia</strong></span> <span class='ocrx_word' id='word_1_687' title='bbox 3668 2661 3809 2716; x_wconf 82' lang='lat' dir='ltr'><strong>scri-</strong></span> 
     </span>
    </p>
   </div>
   <div class='ocr_carea' id='block_1_86' title="bbox 2216 2734 3809 2805">
    <p class='ocr_par' dir='ltr' id='par_1_86' title="bbox 2216 2734 3809 2805">
     <span class='ocr_line' id='line_1_86' title="bbox 2216 2734 3809 2805; baseline 0.016 -25"><span class='ocrx_word' id='word_1_688' title='bbox 2216 2738 2362 2797; x_wconf 88' lang='lat' dir='ltr'><strong>ptum</strong></span> <span class='ocrx_word' id='word_1_689' title='bbox 2412 2740 2527 2799; x_wconf 89' lang='lat' dir='ltr'><strong>est,</strong></span> <span class='ocrx_word' id='word_1_690' title='bbox 2572 2734 2713 2804; x_wconf 85' lang='lat' dir='ltr'><strong>quod</strong></span> <span class='ocrx_word' id='word_1_691' title='bbox 2756 2740 3086 2794; x_wconf 85' lang='lat' dir='ltr'><strong>amatoribus</strong></span> <span class='ocrx_word' id='word_1_692' title='bbox 3133 2742 3247 2798; x_wconf 89' lang='lat' dir='ltr'><strong>suis</strong></span> <span class='ocrx_word' id='word_1_693' title='bbox 3292 2747 3507 2799; x_wconf 81' lang='lat' dir='ltr'><strong>ostendit</strong></span> <span class='ocrx_word' id='word_1_694' title='bbox 3543 2764 3598 2802; x_wconf 85' lang='lat' dir='ltr'><strong>se</strong></span> <span class='ocrx_word' id='word_1_695' title='bbox 3631 2749 3809 2805; x_wconf 78' lang='lat' dir='ltr'><strong>inviis</strong></span> 
     </span>
    </p>
   </div>
   <div class='ocr_carea' id='block_1_87' title="bbox 2217 2822 3806 2912">
    <p class='ocr_par' dir='ltr' id='par_1_87' title="bbox 2217 2822 3806 2912">
     <span class='ocr_line' id='line_1_87' title="bbox 2217 2822 3806 2912; baseline 0.016 -39"><span class='ocrx_word' id='word_1_696' title='bbox 2217 2822 2466 2886; x_wconf 78' lang='lat' dir='ltr'><strong>hilariter,</strong></span> <span class='ocrx_word' id='word_1_697' title='bbox 2512 2836 2561 2878; x_wconf 88' lang='lat' dir='ltr'><strong>et</strong></span> <span class='ocrx_word' id='word_1_698' title='bbox 2588 2826 2641 2880; x_wconf 81' lang='lat' dir='ltr'><strong>in</strong></span> <span class='ocrx_word' id='word_1_699' title='bbox 2665 2830 2802 2882; x_wconf 82' lang='lat' dir='ltr'><strong>omni</strong></span> <span class='ocrx_word' id='word_1_700' title='bbox 2822 2832 3135 2900; x_wconf 82' lang='lat' dir='ltr'><strong>providentia</strong></span> <span class='ocrx_word' id='word_1_701' title='bbox 3161 2837 3377 2892; x_wconf 82' lang='lat' dir='ltr'><strong>occurrit</strong></span> <span class='ocrx_word' id='word_1_702' title='bbox 3404 2839 3508 2894; x_wconf 81' lang='lat' dir='ltr'><strong>illis</strong></span> <span class='ocrx_word' id='word_1_703' title='bbox 3538 2840 3692 2912; x_wconf 75' lang='lat' dir='ltr'><strong>(Sep.</strong></span> <span class='ocrx_word' id='word_1_704' title='bbox 3725 2859 3806 2910; x_wconf 76' lang='lat' dir='ltr'><strong>vs,</strong></span> 
     </span>
    </p>
   </div>
   <div class='ocr_carea' id='block_1_88' title="bbox 2219 2910 3807 2997">
    <p class='ocr_par' dir='ltr' id='par_1_88' title="bbox 2219 2910 3807 2997">
     <span class='ocr_line' id='line_1_88' title="bbox 2219 2910 3807 2997; baseline 0.015 -31"><span class='ocrx_word' id='word_1_705' title='bbox 2219 2910 2331 2984; x_wconf 83' lang='grc'><strong>17).</strong></span> <span class='ocrx_word' id='word_1_706' title='bbox 2363 2912 2472 2968; x_wconf 87' lang='lat' dir='ltr'><strong>Nec</strong></span> <span class='ocrx_word' id='word_1_707' title='bbox 2500 2918 2717 2972; x_wconf 89' lang='lat' dir='ltr'><strong>omnino</strong></span> <span class='ocrx_word' id='word_1_708' title='bbox 2740 2920 2987 2977; x_wconf 89' lang='lat' dir='ltr'><strong>audiendi</strong></span> <span class='ocrx_word' id='word_1_709' title='bbox 3018 2934 3142 2979; x_wconf 87' lang='lat' dir='ltr'><strong>sunt</strong></span> <span class='ocrx_word' id='word_1_710' title='bbox 3165 2927 3256 2995; x_wconf 87' lang='lat' dir='ltr'><strong>qui</strong></span> <span class='ocrx_word' id='word_1_711' title='bbox 3290 2910 3609 2997; x_wconf 82' lang='lat' dir='ltr'><strong>putaverunt</strong></span> <span class='ocrx_word' id='word_1_712' title='bbox 3627 2910 3807 2990; x_wconf 64' lang='lat' dir='ltr'><strong>sublio</strong></span> 
     </span>
    </p>
   </div>
   <div class='ocr_carea' id='block_1_89' title="bbox 2218 3004 3809 3094">
    <p class='ocr_par' dir='ltr' id='par_1_89' title="bbox 2218 3004 3809 3094">
     <span class='ocr_line' id='line_1_89' title="bbox 2218 3004 3809 3094; baseline 0.018 -40"><span class='ocrx_word' id='word_1_713' title='bbox 2218 3017 2331 3057; x_wconf 88' lang='lat' dir='ltr'><strong>mes</strong></span> <span class='ocrx_word' id='word_1_714' title='bbox 2357 3004 2569 3073; x_wconf 86' lang='lat' dir='ltr'><strong>quidem</strong></span> <span class='ocrx_word' id='word_1_715' title='bbox 2601 3010 2777 3064; x_wconf 87' lang='lat' dir='ltr'><strong>mundi</strong></span> <span class='ocrx_word' id='word_1_716' title='bbox 2810 3023 3009 3081; x_wconf 86' lang='lat' dir='ltr'><strong>partes,</strong></span> <span class='ocrx_word' id='word_1_717' title='bbox 3035 3015 3088 3070; x_wconf 92' lang='lat' dir='ltr'><strong>id</strong></span> <span class='ocrx_word' id='word_1_718' title='bbox 3112 3025 3196 3072; x_wconf 90' lang='lat' dir='ltr'><strong>est</strong></span> <span class='ocrx_word' id='word_1_719' title='bbox 3216 3034 3248 3072; x_wconf 90' lang='lat' dir='ltr'><strong>a</strong></span> <span class='ocrx_word' id='word_1_720' title='bbox 3269 3020 3500 3086; x_wconf 82' lang='lat' dir='ltr'><strong>conﬁnio</strong></span> <span class='ocrx_word' id='word_1_721' title='bbox 3517 3025 3809 3094; x_wconf 64' lang='lat' dir='ltr'><strong>corpuleno</strong></span> 
     </span>
    </p>
   </div>
   <div class='ocr_carea' id='block_1_90' title="bbox 2219 3093 3806 3186">
    <p class='ocr_par' dir='ltr' id='par_1_90' title="bbox 2219 3093 3806 3186">
     <span class='ocr_line' id='line_1_90' title="bbox 2219 3093 3806 3186; baseline 0.016 -38"><span class='ocrx_word' id='word_1_722' title='bbox 2219 3093 2368 3148; x_wconf 89' lang='lat' dir='ltr'><strong>tioris</strong></span> <span class='ocrx_word' id='word_1_723' title='bbox 2398 3099 2541 3152; x_wconf 83' lang='lat' dir='ltr'><strong>acris</strong></span> <span class='ocrx_word' id='word_1_724' title='bbox 2567 3098 2723 3169; x_wconf 83' lang='lat' dir='ltr'><strong>hujus</strong></span> <span class='ocrx_word' id='word_1_725' title='bbox 2745 3110 2800 3156; x_wconf 89' lang='lat' dir='ltr'><strong>et</strong></span> <span class='ocrx_word' id='word_1_726' title='bbox 2827 3118 3010 3174; x_wconf 89' lang='lat' dir='ltr'><strong>supra,</strong></span> <span class='ocrx_word' id='word_1_727' title='bbox 3041 3106 3217 3163; x_wconf 88' lang='lat' dir='ltr'><strong>divina</strong></span> <span class='ocrx_word' id='word_1_728' title='bbox 3246 3112 3578 3181; x_wconf 82' lang='lat' dir='ltr'><strong>providentia</strong></span> <span class='ocrx_word' id='word_1_729' title='bbox 3598 3093 3806 3186; x_wconf 64' lang='lat' dir='ltr'><strong>guber-</strong></span> 
     </span>
    </p>
   </div>
   <div class='ocr_carea' id='block_1_91' title="bbox 2218 3186 3805 3273">
    <p class='ocr_par' dir='ltr' id='par_1_91' title="bbox 2218 3186 3805 3273">
     <span class='ocr_line' id='line_1_91' title="bbox 2218 3186 3805 3273; baseline 0.015 -36"><span class='ocrx_word' id='word_1_730' title='bbox 2218 3186 2330 3239; x_wconf 88' lang='lat' dir='ltr'><strong>nari</strong></span> <span class='ocrx_word' id='word_1_731' title='bbox 2350 3204 2364 3250; x_wconf 90' lang='lat'><strong>;</strong></span> <span class='ocrx_word' id='word_1_732' title='bbox 2395 3187 2531 3243; x_wconf 86' lang='lat' dir='ltr'><strong>hanc</strong></span> <span class='ocrx_word' id='word_1_733' title='bbox 2542 3199 2722 3246; x_wconf 87' lang='lat' dir='ltr'><strong>autem</strong></span> <span class='ocrx_word' id='word_1_734' title='bbox 2747 3193 2849 3246; x_wconf 89' lang='lat' dir='ltr'><strong>ima</strong></span> <span class='ocrx_word' id='word_1_735' title='bbox 2857 3211 2907 3248; x_wconf 86' lang='grc' dir='ltr'><strong>ιιι</strong></span> <span class='ocrx_word' id='word_1_736' title='bbox 2928 3212 2989 3265; x_wconf 90' lang='lat' dir='ltr'><strong>pa</strong></span> <span class='ocrx_word' id='word_1_737' title='bbox 2997 3206 3133 3252; x_wconf 85' lang='lat' dir='ltr'><strong>rtem</strong></span> <span class='ocrx_word' id='word_1_738' title='bbox 3154 3208 3420 3256; x_wconf 83' lang='lat' dir='ltr'><strong>terrenam</strong></span> <span class='ocrx_word' id='word_1_739' title='bbox 3435 3211 3490 3258; x_wconf 91' lang='lat' dir='ltr'><strong>et</strong></span> <span class='ocrx_word' id='word_1_740' title='bbox 3504 3203 3805 3273; x_wconf 84' lang='lat' dir='ltr'><strong>humidam,</strong></span> 
     </span>
    </p>
   </div>
   <div class='ocr_carea' id='block_1_92' title="bbox 2215 3279 3804 3368">
    <p class='ocr_par' dir='ltr' id='par_1_92' title="bbox 2215 3279 3804 3368">
     <span class='ocr_line' id='line_1_92' title="bbox 2215 3279 3804 3368; baseline 0.016 -39"><span class='ocrx_word' id='word_1_741' title='bbox 2215 3280 2459 3348; x_wconf 80' lang='lat' dir='ltr'><strong>aerisque</strong></span> <span class='ocrx_word' id='word_1_742' title='bbox 2502 3279 2661 3352; x_wconf 85' lang='lat' dir='ltr'><strong>hujus</strong></span> <span class='ocrx_word' id='word_1_743' title='bbox 2707 3284 2976 3342; x_wconf 85' lang='lat' dir='ltr'><strong>vicinioris</strong></span> <span class='ocrx_word' id='word_1_744' title='bbox 3018 3290 3109 3359; x_wconf 86' lang='lat' dir='ltr'><strong>qui</strong></span> <span class='ocrx_word' id='word_1_745' title='bbox 3154 3300 3417 3349; x_wconf 82' lang='lat' dir='ltr'><strong>terrarum</strong></span> <span class='ocrx_word' id='word_1_746' title='bbox 3451 3305 3504 3351; x_wconf 88' lang='lat' dir='ltr'><strong>et</strong></span> <span class='ocrx_word' id='word_1_747' title='bbox 3532 3312 3804 3368; x_wconf 76' lang='lat' dir='ltr'><strong>aquarum</strong></span> 
     </span>
    </p>
   </div>
   <div class='ocr_carea' id='block_1_93' title="bbox 2215 3367 3807 3460">
    <p class='ocr_par' dir='ltr' id='par_1_93' title="bbox 2215 3367 3807 3460">
     <span class='ocr_line' id='line_1_93' title="bbox 2215 3367 3807 3460; baseline 0.017 -41"><span class='ocrx_word' id='word_1_748' title='bbox 2215 3367 2641 3429; x_wconf 87' lang='lat' dir='ltr'><strong>exhalatiouibus</strong></span> <span class='ocrx_word' id='word_1_749' title='bbox 2693 3374 2985 3447; x_wconf 88' lang='lat' dir='ltr'><strong>bumescit,</strong></span> <span class='ocrx_word' id='word_1_750' title='bbox 3045 3380 3097 3434; x_wconf 91' lang='lat' dir='ltr'><strong>in</strong></span> <span class='ocrx_word' id='word_1_751' title='bbox 3155 3398 3260 3451; x_wconf 91' lang='lat' dir='ltr'><strong>quo</strong></span> <span class='ocrx_word' id='word_1_752' title='bbox 3319 3386 3464 3440; x_wconf 85' lang='lat' dir='ltr'><strong>venti</strong></span> <span class='ocrx_word' id='word_1_753' title='bbox 3520 3388 3807 3460; x_wconf 79' lang='lat' dir='ltr'><strong>nubesque</strong></span> 
     </span>
    </p>
   </div>
   <div class='ocr_carea' id='block_1_94' title="bbox 2216 3467 3805 3551">
    <p class='ocr_par' dir='ltr' id='par_1_94' title="bbox 2216 3467 3805 3551">
     <span class='ocr_line' id='line_1_94' title="bbox 2216 3467 3805 3551; baseline 0.016 -37"><span class='ocrx_word' id='word_1_754' title='bbox 2216 3473 2561 3532; x_wconf 80' lang='lat' dir='ltr'><strong>Consurgunt,</strong></span> <span class='ocrx_word' id='word_1_755' title='bbox 2584 3467 2793 3522; x_wconf 87' lang='lat' dir='ltr'><strong>casibus</strong></span> <span class='ocrx_word' id='word_1_756' title='bbox 2814 3471 2987 3539; x_wconf 84' lang='lat' dir='ltr'><strong>potius</strong></span> <span class='ocrx_word' id='word_1_757' title='bbox 3006 3482 3061 3527; x_wconf 90' lang='lat' dir='ltr'><strong>et</strong></span> <span class='ocrx_word' id='word_1_758' title='bbox 3082 3472 3308 3530; x_wconf 84' lang='lat' dir='ltr'><strong>fortuitis</strong></span> <span class='ocrx_word' id='word_1_759' title='bbox 3331 3478 3567 3535; x_wconf 86' lang='lat' dir='ltr'><strong>motibus</strong></span> <span class='ocrx_word' id='word_1_760' title='bbox 3589 3482 3805 3551; x_wconf 75' lang='lat' dir='ltr'><strong>agitari.</strong></span> 
     </span>
    </p>
   </div>
   <div class='ocr_carea' id='block_1_95' title="bbox 2215 3551 3810 3644">
    <p class='ocr_par' dir='ltr' id='par_1_95' title="bbox 2215 3551 3810 3644">
     <span class='ocr_line' id='line_1_95' title="bbox 2215 3551 3810 3644; baseline 0.016 -38"><span class='ocrx_word' id='word_1_761' title='bbox 2215 3551 2410 3608; x_wconf 85' lang='lat' dir='ltr'><strong>Contra</strong></span> <span class='ocrx_word' id='word_1_762' title='bbox 2444 3557 2540 3611; x_wconf 88' lang='lat' dir='ltr'><strong>hos</strong></span> <span class='ocrx_word' id='word_1_763' title='bbox 2560 3559 2701 3613; x_wconf 90' lang='lat' dir='ltr'><strong>enim</strong></span> <span class='ocrx_word' id='word_1_764' title='bbox 2728 3560 2962 3632; x_wconf 89' lang='lat' dir='ltr'><strong>loquitur</strong></span> <span class='ocrx_word' id='word_1_765' title='bbox 2986 3565 3252 3634; x_wconf 85' lang='lat' dir='ltr'><strong>Psalmus,</strong></span> <span class='ocrx_word' id='word_1_766' title='bbox 3279 3571 3371 3639; x_wconf 89' lang='lat' dir='ltr'><strong>qui</strong></span> <span class='ocrx_word' id='word_1_767' title='bbox 3395 3587 3517 3629; x_wconf 89' lang='lat' dir='ltr'><strong>cum</strong></span> <span class='ocrx_word' id='word_1_768' title='bbox 3537 3575 3810 3644; x_wconf 88' lang='lat' dir='ltr'><strong>explicas-</strong></span> 
     </span>
    </p>
   </div>
   <div class='ocr_carea' id='block_1_96' title="bbox 2215 3646 3810 3722">
    <p class='ocr_par' dir='ltr' id='par_1_96' title="bbox 2215 3646 3810 3722">
     <span class='ocr_line' id='line_1_96' title="bbox 2215 3646 3810 3722; baseline 0.016 -24"><span class='ocrx_word' id='word_1_769' title='bbox 2215 3653 2301 3699; x_wconf 82' lang='lat' dir='ltr'><strong>set</strong></span> <span class='ocrx_word' id='word_1_770' title='bbox 2324 3646 2533 3703; x_wconf 84' lang='lat' dir='ltr'><strong>laudem</strong></span> <span class='ocrx_word' id='word_1_771' title='bbox 2557 3652 2879 3721; x_wconf 67' lang='lat' dir='ltr'><strong>caelestium,</strong></span> <span class='ocrx_word' id='word_1_772' title='bbox 2908 3670 2968 3711; x_wconf 91' lang='lat' dir='ltr'><strong>se</strong></span> <span class='ocrx_word' id='word_1_773' title='bbox 2997 3658 3157 3714; x_wconf 90' lang='lat' dir='ltr'><strong>etiam</strong></span> <span class='ocrx_word' id='word_1_774' title='bbox 3178 3660 3245 3715; x_wconf 86' lang='lat' dir='ltr'><strong>ad</strong></span> <span class='ocrx_word' id='word_1_775' title='bbox 3267 3660 3366 3717; x_wconf 90' lang='lat' dir='ltr'><strong>ista</strong></span> <span class='ocrx_word' id='word_1_776' title='bbox 3393 3663 3647 3721; x_wconf 81' lang='lat' dir='ltr'><strong>inferiora</strong></span> <span class='ocrx_word' id='word_1_777' title='bbox 3672 3682 3810 3722; x_wconf 84' lang='lat' dir='ltr'><strong>cou-</strong></span> 
     </span>
    </p>
   </div>
   <div class='ocr_carea' id='block_1_97' title="bbox 2216 3738 3807 3823">
    <p class='ocr_par' dir='ltr' id='par_1_97' title="bbox 2216 3738 3807 3823">
     <span class='ocr_line' id='line_1_97' title="bbox 2216 3738 3807 3823; baseline 0.014 -32"><span class='ocrx_word' id='word_1_778' title='bbox 2216 3738 2393 3803; x_wconf 70' lang='grc' dir='ltr'><strong>νει·ιίι,</strong></span> <span class='ocrx_word' id='word_1_779' title='bbox 2425 3739 2607 3796; x_wconf 89' lang='lat' dir='ltr'><strong>dicens</strong></span> <span class='ocrx_word' id='word_1_780' title='bbox 2631 3761 2645 3797; x_wconf 89' lang='lat'><strong>:</strong></span> <span class='ocrx_word' id='word_1_781' title='bbox 2673 3742 2903 3800; x_wconf 74' lang='lat' dir='ltr'><strong>Laudato</strong></span> <span class='ocrx_word' id='word_1_782' title='bbox 2927 3747 3200 3805; x_wconf 82' lang='lat' dir='ltr'><strong>Dominum</strong></span> <span class='ocrx_word' id='word_1_783' title='bbox 3225 3752 3290 3806; x_wconf 85' lang='lat' dir='ltr'><strong>de</strong></span> <span class='ocrx_word' id='word_1_784' title='bbox 3310 3765 3461 3823; x_wconf 86' lang='lat' dir='ltr'><strong>terra,</strong></span> <span class='ocrx_word' id='word_1_785' title='bbox 3489 3756 3734 3814; x_wconf 82' lang='lat' dir='ltr'><strong>dracones</strong></span> <span class='ocrx_word' id='word_1_786' title='bbox 3754 3769 3807 3814; x_wconf 85' lang='lat' dir='ltr'><strong>et</strong></span> 
     </span>
    </p>
   </div>
   <div class='ocr_carea' id='block_1_98' title="bbox 2217 3831 3809 3918">
    <p class='ocr_par' dir='ltr' id='par_1_98' title="bbox 2217 3831 3809 3918">
     <span class='ocr_line' id='line_1_98' title="bbox 2217 3831 3809 3918; baseline 0.014 -36"><span class='ocrx_word' id='word_1_787' title='bbox 2217 3846 2389 3885; x_wconf 80' lang='lat' dir='ltr'><strong>omnes</strong></span> <span class='ocrx_word' id='word_1_788' title='bbox 2413 3831 2619 3903; x_wconf 84' lang='lat' dir='ltr'><strong>abyssi;</strong></span> <span class='ocrx_word' id='word_1_789' title='bbox 2644 3836 2795 3906; x_wconf 82' lang='lat' dir='ltr'><strong>ignis,</strong></span> <span class='ocrx_word' id='word_1_790' title='bbox 2825 3840 3041 3909; x_wconf 80' lang='lat' dir='ltr'><strong>grando,</strong></span> <span class='ocrx_word' id='word_1_791' title='bbox 3073 3843 3179 3906; x_wconf 71' lang='lat' dir='ltr'><strong>uias,</strong></span> <span class='ocrx_word' id='word_1_792' title='bbox 3216 3844 3426 3914; x_wconf 83' lang='lat' dir='ltr'><strong>glacies,</strong></span> <span class='ocrx_word' id='word_1_793' title='bbox 3452 3848 3659 3918; x_wconf 76' lang='lat' dir='ltr'><strong>spiritus</strong></span> <span class='ocrx_word' id='word_1_794' title='bbox 3675 3859 3809 3904; x_wconf 75' lang='lat' dir='ltr'><strong>tem-</strong></span> 
     </span>
    </p>
   </div>
   <div class='ocr_carea' id='block_1_99' title="bbox 2214 3923 3803 4013">
    <p class='ocr_par' dir='ltr' id='par_1_99' title="bbox 2214 3923 3803 4013">
     <span class='ocr_line' id='line_1_99' title="bbox 2214 3923 3803 4013; baseline 0.015 -40"><span class='ocrx_word' id='word_1_795' title='bbox 2214 3923 2441 3991; x_wconf 78' lang='lat' dir='ltr'><strong>pestatis,</strong></span> <span class='ocrx_word' id='word_1_796' title='bbox 2470 3940 2584 3994; x_wconf 69' lang='lat' dir='ltr'><strong>qua</strong></span> <span class='ocrx_word' id='word_1_797' title='bbox 2608 3928 2802 3997; x_wconf 81' lang='lat' dir='ltr'><strong>faciunt</strong></span> <span class='ocrx_word' id='word_1_798' title='bbox 2828 3930 3026 3985; x_wconf 75' lang='lat' dir='ltr'><strong>verbum</strong></span> <span class='ocrx_word' id='word_1_799' title='bbox 3047 3934 3160 4003; x_wconf 82' lang='lat' dir='ltr'><strong>ejus</strong></span> <span class='ocrx_word' id='word_1_800' title='bbox 3185 3934 3353 4004; x_wconf 87' lang='lat' dir='ltr'><strong>(Psal.</strong></span> <span class='ocrx_word' id='word_1_801' title='bbox 3381 3954 3605 4005; x_wconf 66' lang='lat' dir='ltr'><strong>cxsvm,</strong></span> <span class='ocrx_word' id='word_1_802' title='bbox 3636 3940 3692 4006; x_wconf 85' lang='lat'><strong>7,</strong></span> <span class='ocrx_word' id='word_1_803' title='bbox 3714 3941 3803 4013; x_wconf 89' lang='lat'><strong>8).</strong></span> 
     </span>
    </p>
   </div>
   <div class='ocr_carea' id='block_1_100' title="bbox 2215 4014 3806 4103">
    <p class='ocr_par' dir='ltr' id='par_1_100' title="bbox 2215 4014 3806 4103">
     <span class='ocr_line' id='line_1_100' title="bbox 2215 4014 3806 4103; baseline 0.014 -35"><span class='ocrx_word' id='word_1_804' title='bbox 2215 4014 2362 4070; x_wconf 78' lang='lat' dir='ltr'><strong>Nihil</strong></span> <span class='ocrx_word' id='word_1_805' title='bbox 2399 4019 2538 4072; x_wconf 86' lang='lat' dir='ltr'><strong>enim</strong></span> <span class='ocrx_word' id='word_1_806' title='bbox 2581 4029 2686 4074; x_wconf 86' lang='lat' dir='ltr'><strong>tam</strong></span> <span class='ocrx_word' id='word_1_807' title='bbox 2728 4023 2936 4079; x_wconf 86' lang='lat' dir='ltr'><strong>videtur</strong></span> <span class='ocrx_word' id='word_1_808' title='bbox 2970 4027 3181 4083; x_wconf 84' lang='lat' dir='ltr'><strong>casibus</strong></span> <span class='ocrx_word' id='word_1_809' title='bbox 3208 4029 3382 4097; x_wconf 88' lang='lat' dir='ltr'><strong>volvi,</strong></span> <span class='ocrx_word' id='word_1_810' title='bbox 3423 4047 3580 4103; x_wconf 77' lang='lat' dir='ltr'><strong>quam</strong></span> <span class='ocrx_word' id='word_1_811' title='bbox 3611 4020 3806 4090; x_wconf 78' lang='lat' dir='ltr'><strong>ornues</strong></span> 
     </span>
    </p>
   </div>
   <div class='ocr_carea' id='block_1_101' title="bbox 2217 4105 3804 4193">
    <p class='ocr_par' dir='ltr' id='par_1_101' title="bbox 2217 4105 3804 4193">
     <span class='ocr_line' id='line_1_101' title="bbox 2217 4105 3804 4193; baseline 0.014 -33"><span class='ocrx_word' id='word_1_812' title='bbox 2217 4105 2332 4162; x_wconf 76' lang='lat' dir='ltr'><strong>ista:</strong></span> <span class='ocrx_word' id='word_1_813' title='bbox 2363 4110 2674 4177; x_wconf 85' lang='lat' dir='ltr'><strong>proccllosae</strong></span> <span class='ocrx_word' id='word_1_814' title='bbox 2700 4128 2765 4168; x_wconf 90' lang='lat' dir='ltr'><strong>ac</strong></span> <span class='ocrx_word' id='word_1_815' title='bbox 2791 4114 3106 4172; x_wconf 78' lang='lat' dir='ltr'><strong>turbulenta:</strong></span> <span class='ocrx_word' id='word_1_816' title='bbox 3129 4121 3429 4189; x_wconf 87' lang='lat' dir='ltr'><strong>qualitates,</strong></span> <span class='ocrx_word' id='word_1_817' title='bbox 3459 4123 3652 4193; x_wconf 89' lang='lat' dir='ltr'><strong>quibus</strong></span> <span class='ocrx_word' id='word_1_818' title='bbox 3673 4126 3804 4182; x_wconf 68' lang='lat' dir='ltr'><strong>ccli</strong></span> 
     </span>
    </p>
   </div>
   <div class='ocr_carea' id='block_1_102' title="bbox 2219 4196 3805 4274">
    <p class='ocr_par' dir='ltr' id='par_1_102' title="bbox 2219 4196 3805 4274">
     <span class='ocr_line' id='line_1_102' title="bbox 2219 4196 3805 4274; baseline 0.011 -23"><span class='ocrx_word' id='word_1_819' title='bbox 2219 4196 2377 4268; x_wconf 80' lang='lat' dir='ltr'><strong>lutjus</strong></span> <span class='ocrx_word' id='word_1_820' title='bbox 2405 4200 2693 4269; x_wconf 82' lang='lat' dir='ltr'><strong>inferioris,</strong></span> <span class='ocrx_word' id='word_1_821' title='bbox 2722 4205 2862 4274; x_wconf 87' lang='lat' dir='ltr'><strong>quod</strong></span> <span class='ocrx_word' id='word_1_822' title='bbox 2894 4222 2997 4262; x_wconf 88' lang='lat' dir='ltr'><strong>non</strong></span> <span class='ocrx_word' id='word_1_823' title='bbox 3031 4208 3295 4266; x_wconf 86' lang='lat' dir='ltr'><strong>immerito</strong></span> <span class='ocrx_word' id='word_1_824' title='bbox 3323 4213 3483 4268; x_wconf 91' lang='lat' dir='ltr'><strong>etiam</strong></span> <span class='ocrx_word' id='word_1_825' title='bbox 3513 4222 3671 4270; x_wconf 76' lang='lat' dir='ltr'><strong>terra:</strong></span> <span class='ocrx_word' id='word_1_826' title='bbox 3698 4232 3805 4270; x_wconf 79' lang='lat' dir='ltr'><strong>no-</strong></span> 
     </span>
    </p>
   </div>
   <div class='ocr_carea' id='block_1_103' title="bbox 2213 4290 3803 4364">
    <p class='ocr_par' dir='ltr' id='par_1_103' title="bbox 2213 4290 3803 4364">
     <span class='ocr_line' id='line_1_103' title="bbox 2213 4290 3803 4364; baseline 0.013 -20"><span class='ocrx_word' id='word_1_827' title='bbox 2213 4290 2360 4363; x_wconf 82' lang='lat' dir='ltr'><strong>mine</strong></span> <span class='ocrx_word' id='word_1_828' title='bbox 2401 4291 2707 4362; x_wconf 77' lang='lat' dir='ltr'><strong>deputatum</strong></span> <span class='ocrx_word' id='word_1_829' title='bbox 2736 4306 2819 4352; x_wconf 90' lang='lat' dir='ltr'><strong>est</strong></span> <span class='ocrx_word' id='word_1_830' title='bbox 2837 4338 2850 4361; x_wconf 85' lang='lat'><strong>,</strong></span> <span class='ocrx_word' id='word_1_831' title='bbox 2883 4299 3044 4355; x_wconf 74' lang='lat' dir='ltr'><strong>facies</strong></span> <span class='ocrx_word' id='word_1_832' title='bbox 3076 4302 3309 4357; x_wconf 87' lang='lat' dir='ltr'><strong>variatur</strong></span> <span class='ocrx_word' id='word_1_833' title='bbox 3336 4314 3392 4359; x_wconf 90' lang='lat' dir='ltr'><strong>et</strong></span> <span class='ocrx_word' id='word_1_834' title='bbox 3418 4307 3660 4361; x_wconf 86' lang='lat' dir='ltr'><strong>vertitur.</strong></span> <span class='ocrx_word' id='word_1_835' title='bbox 3690 4307 3803 4364; x_wconf 81' lang='lat' dir='ltr'><strong>Sed</strong></span> 
     </span>
    </p>
   </div>
   <div class='ocr_carea' id='block_1_104' title="bbox 2216 4384 3805 4466">
    <p class='ocr_par' dir='ltr' id='par_1_104' title="bbox 2216 4384 3805 4466">
     <span class='ocr_line' id='line_1_104' title="bbox 2216 4384 3805 4466; baseline 0.012 -30"><span class='ocrx_word' id='word_1_836' title='bbox 2216 4396 2336 4436; x_wconf 89' lang='lat' dir='ltr'><strong>cum</strong></span> <span class='ocrx_word' id='word_1_837' title='bbox 2364 4384 2587 4454; x_wconf 82' lang='lat' dir='ltr'><strong>addidit,</strong></span> <span class='ocrx_word' id='word_1_838' title='bbox 2613 4387 2743 4453; x_wconf 76' lang='lat' dir='ltr'><strong>Qua:</strong></span> <span class='ocrx_word' id='word_1_839' title='bbox 2770 4390 2963 4461; x_wconf 73' lang='lat' dir='ltr'><strong>faciunt</strong></span> <span class='ocrx_word' id='word_1_840' title='bbox 2982 4393 3185 4447; x_wconf 83' lang='lat' dir='ltr'><strong>verbum</strong></span> <span class='ocrx_word' id='word_1_841' title='bbox 3212 4396 3323 4466; x_wconf 84' lang='lat' dir='ltr'><strong>ejus</strong></span> <span class='ocrx_word' id='word_1_842' title='bbox 3341 4437 3356 4460; x_wconf 91' lang='lat'><strong>,</strong></span> <span class='ocrx_word' id='word_1_843' title='bbox 3403 4398 3534 4453; x_wconf 83' lang='lat' dir='ltr'><strong>satis</strong></span> <span class='ocrx_word' id='word_1_844' title='bbox 3562 4401 3805 4455; x_wconf 80' lang='lat' dir='ltr'><strong>ostendit</strong></span> 
     </span>
    </p>
   </div>
   <div class='ocr_carea' id='block_1_105' title="bbox 2217 4480 3801 4560">
    <p class='ocr_par' dir='ltr' id='par_1_105' title="bbox 2217 4480 3801 4560">
     <span class='ocr_line' id='line_1_105' title="bbox 2217 4480 3801 4560; baseline 0.013 -34"><span class='ocrx_word' id='word_1_845' title='bbox 2217 4486 2399 4526; x_wconf 90' lang='lat' dir='ltr'><strong>carum</strong></span> <span class='ocrx_word' id='word_1_846' title='bbox 2420 4489 2635 4546; x_wconf 84' lang='lat' dir='ltr'><strong>quoque</strong></span> <span class='ocrx_word' id='word_1_847' title='bbox 2655 4494 2831 4533; x_wconf 89' lang='lat' dir='ltr'><strong>rerum</strong></span> <span class='ocrx_word' id='word_1_848' title='bbox 2858 4480 3098 4536; x_wconf 66' lang='lat' dir='ltr'><strong>ordinem</strong></span> <span class='ocrx_word' id='word_1_849' title='bbox 3123 4483 3306 4540; x_wconf 87' lang='lat' dir='ltr'><strong>divino</strong></span> <span class='ocrx_word' id='word_1_850' title='bbox 3332 4486 3601 4543; x_wconf 86' lang='lat' dir='ltr'><strong>subditum</strong></span> <span class='ocrx_word' id='word_1_851' title='bbox 3622 4489 3801 4560; x_wconf 87' lang='lat' dir='ltr'><strong>impe-</strong></span> 
     </span>
    </p>
   </div>
   <div class='ocr_carea' id='block_1_106' title="bbox 2217 4562 3797 4642">
    <p class='ocr_par' dir='ltr' id='par_1_106' title="bbox 2217 4562 3797 4642">
     <span class='ocr_line' id='line_1_106' title="bbox 2217 4562 3797 4642; baseline 0.011 -25"><span class='ocrx_word' id='word_1_852' title='bbox 2217 4562 2317 4628; x_wconf 89' lang='lat' dir='ltr'><strong>rio,</strong></span> <span class='ocrx_word' id='word_1_853' title='bbox 2343 4564 2508 4623; x_wconf 85' lang='lat' dir='ltr'><strong>latere</strong></span> <span class='ocrx_word' id='word_1_854' title='bbox 2538 4584 2636 4624; x_wconf 87' lang='lat' dir='ltr'><strong>nos</strong></span> <span class='ocrx_word' id='word_1_855' title='bbox 2663 4572 2858 4639; x_wconf 89' lang='lat' dir='ltr'><strong>potius,</strong></span> <span class='ocrx_word' id='word_1_856' title='bbox 2899 4588 3060 4642; x_wconf 85' lang='lat' dir='ltr'><strong>quam</strong></span> <span class='ocrx_word' id='word_1_857' title='bbox 3084 4575 3453 4633; x_wconf 47' lang='lat' dir='ltr'><strong>universitatis</strong></span> <span class='ocrx_word' id='word_1_858' title='bbox 3481 4578 3669 4635; x_wconf 84' lang='lat' dir='ltr'><strong>deesse</strong></span> <span class='ocrx_word' id='word_1_859' title='bbox 3695 4597 3797 4635; x_wconf 82' lang='lat' dir='ltr'><strong>ua-</strong></span> 
     </span>
    </p>
   </div>
   <div class='ocr_carea' id='block_1_107' title="bbox 2218 4656 3797 4732">
    <p class='ocr_par' dir='ltr' id='par_1_107' title="bbox 2218 4656 3797 4732">
     <span class='ocr_line' id='line_1_107' title="bbox 2218 4656 3797 4732; baseline 0.009 -21"><span class='ocrx_word' id='word_1_860' title='bbox 2218 4664 2369 4711; x_wconf 67' lang='lat' dir='ltr'><strong>turaz.</strong></span> <span class='ocrx_word' id='word_1_861' title='bbox 2399 4656 2536 4725; x_wconf 84' lang='lat' dir='ltr'><strong>Quid</strong></span> <span class='ocrx_word' id='word_1_862' title='bbox 2561 4661 2775 4715; x_wconf 86' lang='lat' dir='ltr'><strong>autem?</strong></span> <span class='ocrx_word' id='word_1_863' title='bbox 2801 4677 2894 4718; x_wconf 89' lang='lat' dir='ltr'><strong>ore</strong></span> <span class='ocrx_word' id='word_1_864' title='bbox 2912 4677 3010 4719; x_wconf 88' lang='lat' dir='ltr'><strong>suo</strong></span> <span class='ocrx_word' id='word_1_865' title='bbox 3039 4663 3302 4732; x_wconf 86' lang='lat' dir='ltr'><strong>Salvator,</strong></span> <span class='ocrx_word' id='word_1_866' title='bbox 3329 4682 3448 4723; x_wconf 88' lang='lat' dir='ltr'><strong>cum</strong></span> <span class='ocrx_word' id='word_1_867' title='bbox 3479 4669 3606 4724; x_wconf 89' lang='lat' dir='ltr'><strong>dicit</strong></span> <span class='ocrx_word' id='word_1_868' title='bbox 3630 4687 3797 4727; x_wconf 76' lang='lat' dir='ltr'><strong>unum</strong></span> 
     </span>
    </p>
   </div>
   <div class='ocr_carea' id='block_1_108' title="bbox 2218 4750 3800 4817">
    <p class='ocr_par' dir='ltr' id='par_1_108' title="bbox 2218 4750 3800 4817">
     <span class='ocr_line' id='line_1_108' title="bbox 2218 4750 3800 4817; baseline 0.011 -17"><span class='ocrx_word' id='word_1_869' title='bbox 2218 4760 2485 4814; x_wconf 88' lang='lat' dir='ltr'><strong>passerem</strong></span> <span class='ocrx_word' id='word_1_870' title='bbox 2530 4763 2636 4803; x_wconf 91' lang='lat' dir='ltr'><strong>non</strong></span> <span class='ocrx_word' id='word_1_871' title='bbox 2673 4751 2866 4806; x_wconf 88' lang='lat' dir='ltr'><strong>cadere</strong></span> <span class='ocrx_word' id='word_1_872' title='bbox 2901 4750 2955 4807; x_wconf 91' lang='lat' dir='ltr'><strong>in</strong></span> <span class='ocrx_word' id='word_1_873' title='bbox 3000 4762 3195 4810; x_wconf 86' lang='lat' dir='ltr'><strong>terram</strong></span> <span class='ocrx_word' id='word_1_874' title='bbox 3239 4756 3356 4812; x_wconf 88' lang='lat' dir='ltr'><strong>sine</strong></span> <span class='ocrx_word' id='word_1_875' title='bbox 3392 4758 3485 4812; x_wconf 89' lang='lat' dir='ltr'><strong>Dei</strong></span> <span class='ocrx_word' id='word_1_876' title='bbox 3522 4759 3800 4817; x_wconf 79' lang='lat' dir='ltr'><strong>voluntate</strong></span> 
     </span>
    </p>
   </div>
   <div class='ocr_carea' id='block_1_109' title="bbox 2218 4836 3797 4920">
    <p class='ocr_par' dir='ltr' id='par_1_109' title="bbox 2218 4836 3797 4920">
     <span class='ocr_line' id='line_1_109' title="bbox 2218 4836 3797 4920; baseline 0.009 -28"><span class='ocrx_word' id='word_1_877' title='bbox 2218 4836 2433 4908; x_wconf 65' lang='lat' dir='ltr'><strong>(Matth.</strong></span> <span class='ocrx_word' id='word_1_878' title='bbox 2460 4854 2519 4907; x_wconf 77' lang='grc' dir='ltr'>ι,</span> <span class='ocrx_word' id='word_1_879' title='bbox 2555 4839 2671 4913; x_wconf 75' lang='lat'><strong>29),</strong></span> <span class='ocrx_word' id='word_1_880' title='bbox 2715 4851 2769 4897; x_wconf 92' lang='lat' dir='ltr'><strong>et</strong></span> <span class='ocrx_word' id='word_1_881' title='bbox 2813 4844 2953 4915; x_wconf 90' lang='lat' dir='ltr'><strong>quod</strong></span> <span class='ocrx_word' id='word_1_882' title='bbox 2993 4844 3187 4901; x_wconf 83' lang='lat' dir='ltr'><strong>lenum‘</strong></span> <span class='ocrx_word' id='word_1_883' title='bbox 3216 4849 3325 4918; x_wconf 76' lang='lat' dir='ltr'><strong>agri</strong></span> <span class='ocrx_word' id='word_1_884' title='bbox 3362 4857 3486 4920; x_wconf 87' lang='lat' dir='ltr'><strong>post</strong></span> <span class='ocrx_word' id='word_1_885' title='bbox 3523 4851 3797 4920; x_wconf 73' lang='lat' dir='ltr'><strong>paululum</strong></span> 
     </span>
    </p>
   </div>
   <div class='ocr_carea' id='block_1_110' title="bbox 2216 4931 3793 5014">
    <p class='ocr_par' dir='ltr' id='par_1_110' title="bbox 2216 4931 3793 5014">
     <span class='ocr_line' id='line_1_110' title="bbox 2216 4931 3793 5014; baseline 0.007 -30"><span class='ocrx_word' id='word_1_886' title='bbox 2216 4931 2531 4993; x_wconf 87' lang='lat' dir='ltr'><strong>mittendum</strong></span> <span class='ocrx_word' id='word_1_887' title='bbox 2569 4933 2623 4988; x_wconf 90' lang='lat' dir='ltr'><strong>in</strong></span> <span class='ocrx_word' id='word_1_888' title='bbox 2661 4934 2964 5003; x_wconf 89' lang='lat' dir='ltr'><strong>clibanum,</strong></span> <span class='ocrx_word' id='word_1_889' title='bbox 3001 4937 3118 5006; x_wconf 88' lang='lat' dir='ltr'><strong>ipse</strong></span> <span class='ocrx_word' id='word_1_890' title='bbox 3148 4950 3323 4994; x_wconf 87' lang='lat' dir='ltr'><strong>tamen</strong></span> <span class='ocrx_word' id='word_1_891' title='bbox 3352 4942 3542 4995; x_wconf 85' lang='lat' dir='ltr'><strong>vestiat</strong></span> <span class='ocrx_word' id='word_1_892' title='bbox 3577 4939 3688 5014; x_wconf 84' lang='lat' dir='ltr'><strong>(Id.</strong></span> <span class='ocrx_word' id='word_1_893' title='bbox 3721 4959 3793 5005; x_wconf 79' lang='lat' dir='ltr'><strong>vi,</strong></span> 
     </span>
    </p>
   </div>
   <div class='ocr_carea' id='block_1_111' title="bbox 2214 5021 3798 5094">
    <p class='ocr_par' dir='ltr' id='par_1_111' title="bbox 2214 5021 3798 5094">
     <span class='ocr_line' id='line_1_111' title="bbox 2214 5021 3798 5094; baseline 0.006 -16"><span class='ocrx_word' id='word_1_894' title='bbox 2214 5021 2347 5094; x_wconf 75' lang='lat'><strong>30);</strong></span> <span class='ocrx_word' id='word_1_895' title='bbox 2380 5039 2556 5079; x_wconf 87' lang='lat' dir='ltr'><strong>nonne</strong></span> <span class='ocrx_word' id='word_1_896' title='bbox 2583 5026 2868 5081; x_wconf 87' lang='lat' dir='ltr'><strong>conﬁrmat</strong></span> <span class='ocrx_word' id='word_1_897' title='bbox 2894 5044 2998 5082; x_wconf 90' lang='lat' dir='ltr'><strong>non</strong></span> <span class='ocrx_word' id='word_1_898' title='bbox 3029 5029 3207 5084; x_wconf 87' lang='lat' dir='ltr'><strong>solum</strong></span> <span class='ocrx_word' id='word_1_899' title='bbox 3234 5039 3399 5085; x_wconf 82' lang='lat' dir='ltr'><strong>totum</strong></span> <span class='ocrx_word' id='word_1_900' title='bbox 3428 5032 3584 5088; x_wconf 87' lang='lat' dir='ltr'><strong>istam</strong></span> <span class='ocrx_word' id='word_1_901' title='bbox 3610 5033 3798 5088; x_wconf 78' lang='lat' dir='ltr'><strong>utendi</strong></span> 
     </span>
    </p>
   </div>
   <div class='ocr_carea' id='block_1_112' title="bbox 2214 5115 3805 5193">
    <p class='ocr_par' dir='ltr' id='par_1_112' title="bbox 2214 5115 3805 5193">
     <span class='ocr_line' id='line_1_112' title="bbox 2214 5115 3805 5193; baseline 0.008 -27"><span class='ocrx_word' id='word_1_902' title='bbox 2214 5121 2418 5182; x_wconf 84' lang='lat' dir='ltr'><strong>partem</strong></span> <span class='ocrx_word' id='word_1_903' title='bbox 2440 5115 2599 5170; x_wconf 89' lang='lat' dir='ltr'><strong>rebus</strong></span> <span class='ocrx_word' id='word_1_904' title='bbox 2616 5118 2930 5175; x_wconf 86' lang='lat' dir='ltr'><strong>mortalibus</strong></span> <span class='ocrx_word' id='word_1_905' title='bbox 2949 5129 3003 5175; x_wconf 90' lang='lat' dir='ltr'><strong>et</strong></span> <span class='ocrx_word' id='word_1_906' title='bbox 3016 5120 3448 5191; x_wconf 86' lang='lat' dir='ltr'><strong>corruptibilibus</strong></span> <span class='ocrx_word' id='word_1_907' title='bbox 3462 5122 3805 5193; x_wconf 81' lang='lat' dir='ltr'><strong>deputatam,-</strong></span> 
     </span>
    </p>
   </div>
   <div class='ocr_carea' id='block_1_113' title="bbox 2215 5205 3801 5285">
    <p class='ocr_par' dir='ltr' id='par_1_113' title="bbox 2215 5205 3801 5285">
     <span class='ocr_line' id='line_1_113' title="bbox 2215 5205 3801 5285; baseline 0.01 -28"><span class='ocrx_word' id='word_1_908' title='bbox 2215 5217 2397 5258; x_wconf 88' lang='lat' dir='ltr'><strong>verum</strong></span> <span class='ocrx_word' id='word_1_909' title='bbox 2419 5205 2578 5261; x_wconf 88' lang='lat' dir='ltr'><strong>etiam</strong></span> <span class='ocrx_word' id='word_1_910' title='bbox 2609 5208 2891 5265; x_wconf 84' lang='lat' dir='ltr'><strong>vilissimas</strong></span> <span class='ocrx_word' id='word_1_911' title='bbox 2910 5210 3028 5280; x_wconf 87' lang='lat' dir='ltr'><strong>ejus</strong></span> <span class='ocrx_word' id='word_1_912' title='bbox 3049 5212 3540 5285; x_wconf 86' lang='lat' dir='ltr'><strong>abjectissimasque</strong></span> <span class='ocrx_word' id='word_1_913' title='bbox 3563 5214 3801 5285; x_wconf 57' lang='lat' dir='ltr'><strong>perticae</strong></span> 
     </span>
    </p>
   </div>
   <div class='ocr_carea' id='block_1_114' title="bbox 2212 5293 3020 5373">
    <p class='ocr_par' dir='ltr' id='par_1_114' title="bbox 2212 5293 3020 5373">
     <span class='ocr_line' id='line_1_114' title="bbox 2212 5293 3020 5373; baseline 0.012 -24"><span class='ocrx_word' id='word_1_914' title='bbox 2212 5293 2293 5350; x_wconf 87' lang='lat' dir='ltr'><strong>las</strong></span> <span class='ocrx_word' id='word_1_915' title='bbox 2316 5295 2492 5351; x_wconf 85' lang='lat' dir='ltr'><strong>divina</strong></span> <span class='ocrx_word' id='word_1_916' title='bbox 2517 5299 2846 5368; x_wconf 86' lang='lat' dir='ltr'><strong>providentia</strong></span> <span class='ocrx_word' id='word_1_917' title='bbox 2869 5304 3020 5373; x_wconf 78' lang='lat' dir='ltr'><strong>regi?</strong></span> 
     </span>
    </p>
   </div>
   <div class='ocr_carea' id='block_1_115' title="bbox 2277 5527 3638 5593">
    <p class='ocr_par' dir='ltr' id='par_1_115' title="bbox 2277 5527 3638 5593">
     <span class='ocr_line' id='line_1_115' title="bbox 2277 5527 3638 5593; baseline 0.001 -18"><span class='ocrx_word' id='word_1_918' title='bbox 2277 5527 2295 5593; x_wconf 66' lang='grc' dir='ltr'><strong>ξ</strong></span> <span class='ocrx_word' id='word_1_919' title='bbox 2320 5533 2383 5593; x_wconf 11' lang='lat' dir='ltr'><strong>In,</strong></span> <span class='ocrx_word' id='word_1_920' title='bbox 2391 5528 2600 5593; x_wconf 83' lang='lat' dir='ltr'><strong>antiquis</strong></span> <span class='ocrx_word' id='word_1_921' title='bbox 2610 5528 2859 5593; x_wconf 80' lang='lat' dir='ltr'><strong>codicibus</strong></span> <span class='ocrx_word' id='word_1_922' title='bbox 2875 5539 3150 5583; x_wconf 80' lang='lat' dir='ltr'><strong>constanter</strong></span> <span class='ocrx_word' id='word_1_923' title='bbox 3172 5538 3418 5593; x_wconf 79' lang='lat' dir='ltr'><strong>scnpttun,</strong></span> <span class='ocrx_word' id='word_1_924' title='bbox 3443 5535 3638 5581; x_wconf 70' lang='lat' dir='ltr'><strong>virecta.</strong></span> 
     </span>
    </p>
   </div>
   <div class='ocr_carea' id='block_1_116' title="bbox 2278 5589 3796 5657">
    <p class='ocr_par' dir='ltr' id='par_1_116' title="bbox 2278 5589 3796 5657">
     <span class='ocr_line' id='line_1_116' title="bbox 2278 5589 3796 5657; baseline 0.003 -19"><span class='ocrx_word' id='word_1_925' title='bbox 2278 5590 2298 5621; x_wconf 74' lang='grc'>¹</span> <span class='ocrx_word' id='word_1_926' title='bbox 2321 5589 2458 5657; x_wconf 60' lang='lat' dir='ltr'><strong>editi.</strong></span> <span class='ocrx_word' id='word_1_927' title='bbox 2496 5589 2687 5657; x_wconf 74' lang='lat' dir='ltr'><strong>condita</strong></span> <span class='ocrx_word' id='word_1_928' title='bbox 2723 5600 2833 5643; x_wconf 84' lang='lat' dir='ltr'><strong>sunt</strong></span> <span class='ocrx_word' id='word_1_929' title='bbox 2870 5599 3097 5654; x_wconf 81' lang='lat' dir='ltr'><strong>tanquam</strong></span> <span class='ocrx_word' id='word_1_930' title='bbox 3117 5589 3368 5657; x_wconf 74' lang='lat' dir='ltr'><strong>implicita.</strong></span> <span class='ocrx_word' id='word_1_931' title='bbox 3392 5589 3450 5642; x_wconf 70' lang='grc' dir='ltr'>Αι</span> <span class='ocrx_word' id='word_1_932' title='bbox 3473 5599 3796 5657; x_wconf 74' lang='lat' dir='ltr'><strong>omnes,</strong></span> 
     </span>
    </p>
   </div>
   <div class='ocr_carea' id='block_1_117' title="bbox 2212 5652 3797 5726">
    <p class='ocr_par' dir='ltr' id='par_1_117' title="bbox 2212 5652 3797 5726">
     <span class='ocr_line' id='line_1_117' title="bbox 2212 5652 3797 5726; baseline 0.001 -25"><span class='ocrx_word' id='word_1_933' title='bbox 2212 5652 2403 5703; x_wconf 82' lang='lat' dir='ltr'><strong>condita</strong></span> <span class='ocrx_word' id='word_1_934' title='bbox 2433 5659 2503 5726; x_wconf 80' lang='lat' dir='ltr'><strong>est</strong></span> <span class='ocrx_word' id='word_1_935' title='bbox 2522 5667 2539 5711; x_wconf 83' lang='lat'><strong><em>;</em></strong></span> <span class='ocrx_word' id='word_1_936' title='bbox 2560 5654 2743 5704; x_wconf 89' lang='lat' dir='ltr'><strong>scilicet</strong></span> <span class='ocrx_word' id='word_1_937' title='bbox 2766 5652 2991 5726; x_wconf 74' lang='lat' dir='ltr'><strong>universa</strong></span> <span class='ocrx_word' id='word_1_938' title='bbox 3013 5652 3271 5726; x_wconf 40' lang='lat' dir='ltr'><strong>creantis.</strong></span> <span class='ocrx_word' id='word_1_939' title='bbox 3292 5661 3408 5726; x_wconf 78' lang='lat' dir='ltr'><strong>Tum</strong></span> <span class='ocrx_word' id='word_1_940' title='bbox 3444 5654 3595 5726; x_wconf 66' lang='lat' dir='ltr'><strong>aliqui</strong></span> <span class='ocrx_word' id='word_1_941' title='bbox 3626 5652 3797 5726; x_wconf 72' lang='lat' dir='ltr'><strong>prose-</strong></span> 
     </span>
    </p>
   </div>
   <div class='ocr_carea' id='block_1_118' title="bbox 2212 5714 3799 5826">
    <p class='ocr_par' dir='ltr' id='par_1_118' title="bbox 2212 5714 3799 5826">
     <span class='ocr_line' id='line_1_118' title="bbox 2212 5714 3799 5826; baseline 0.006 -67"><span class='ocrx_word' id='word_1_942' title='bbox 2212 5721 2712 5826; x_wconf 40' lang='lat' dir='ltr'><strong>$316330;qu</strong></span> <span class='ocrx_word' id='word_1_943' title='bbox 2747 5715 2961 5781; x_wconf 84' lang='lat' dir='ltr'><strong>placita;</strong></span> <span class='ocrx_word' id='word_1_944' title='bbox 2994 5714 3085 5767; x_wconf 88' lang='lat' dir='ltr'><strong>sed</strong></span> <span class='ocrx_word' id='word_1_945' title='bbox 3114 5718 3195 5767; x_wconf 83' lang='lat' dir='ltr'><strong>alii</strong></span> <span class='ocrx_word' id='word_1_946' title='bbox 3232 5717 3495 5780; x_wconf 84' lang='lat' dir='ltr'><strong>sincerius,</strong></span> <span class='ocrx_word' id='word_1_947' title='bbox 3524 5714 3729 5783; x_wconf 70' lang='lat' dir='ltr'><strong>&#39;plicita;</strong></span> <span class='ocrx_word' id='word_1_948' title='bbox 3767 5727 3799 5765; x_wconf 75' lang='grc' dir='ltr'><strong>ι</strong></span> 
     </span>
     <span class='ocr_line' id='line_1_119' title="bbox 2406 5796 2526 5824; baseline 0.008 -1"><span class='ocrx_word' id='word_1_949' title='bbox 2406 5796 2415 5823; x_wconf 84' lang='grc' dir='ltr'><strong>ι</strong></span> <span class='ocrx_word' id='word_1_950' title='bbox 2511 5810 2526 5824; x_wconf 96' lang='grc'><strong>.</strong></span> 
     </span>
    </p>
   </div>
   <div class='ocr_carea' id='block_1_119' title="bbox 2214 5784 2526 5840">
    <p class='ocr_par' dir='ltr' id='par_1_119' title="bbox 2214 5784 2526 5840">
     <span class='ocr_line' id='line_1_120' title="bbox 2214 5784 2526 5840; baseline 0.016 -21"><span class='ocrx_word' id='word_1_951' title='bbox 2214 5784 2365 5826; x_wconf 84' lang='lat' dir='ltr'><strong>verbo</strong></span> <span class='ocrx_word' id='word_1_952' title='bbox 2385 5784 2526 5840; x_wconf 83' lang='lat' dir='ltr'><strong>plico.</strong></span> 
     </span>
    </p>
   </div>
  </div>
