4090 6456
318 430 418 488 357
1659 415 1864 478 LIBER
1901 413 2214 485 QUINTUS.

398 544 629 602 CAPUT
651 541 818 600 XXII.
839 572 914 584 —
928 540 1234 613 Argumenta
1261 540 1444 595 divinat
1473 537 1815 610 providentia.

385 641 476 694 45.
519 639 588 694 Et
612 649 759 695 certe
786 638 872 692 isti
899 638 989 708 qui
1027 635 1130 693 hoc
1155 644 1382 708 negant,
1400 664 1404 670 -
1425 651 1524 692 nec
1556 636 1756 691 sanctis
1782 633 1900 690 elo-

312 732 454 800 quiis
479 738 642 784 tanta:
667 729 996 784 auctoritatis
1013 728 1359 800 acquiescuut
1377 768 1393 795 ,
1437 728 1483 782 si
1514 728 1567 782 in
1593 727 1692 781 hac
1716 725 1899 780 mundi

314 830 490 892 parte,
520 838 681 892 quam
709 830 892 892 putant
921 819 1151 875 fortuitis
1186 820 1415 875 motibus
1440 818 1767 890 perturbari,
1799 831 1900 887 po-

313 915 422 968 tius
446 929 610 984 quam
640 913 897 983 sapientia
923 911 1116 967 divinae
1141 911 1462 966 summitatis
1486 911 1618 981 regi,
1649 918 1702 965 et
1721 918 1780 962 ut
1801 909 1901 963 hoc

312 1003 470 1072 quasi
497 1004 725 1073 probent
753 1004 964 1073 gemino
989 1002 1278 1058 abutuntur
1301 1013 1633 1073 argumento,
1655 1002 1742 1058 vel
1759 1001 1901 1072 quod

313 1108 480 1162 supra
502 1093 916 1148 commemoravi
937 1091 1004 1147 de
1029 1094 1381 1148 inconstantia
1407 1101 1796 1162 tempestatum,
1817 1092 1901 1147 vel

312 1183 381 1237 de
413 1183 758 1238 felicitatibus
796 1193 954 1253 atque
993 1183 1387 1239 infelicitatibus
1416 1184 1685 1238 hominum
1707 1226 1722 1250 ,
1760 1182 1902 1253 quod

312 1290 421 1330 non
453 1290 556 1345 pro
577 1276 696 1330 vita:
728 1277 932 1330 meritis
953 1277 1231 1340 accidunt;
1264 1275 1506 1330 viderent
1535 1285 1735 1329 tantum
1757 1275 1903 1329 ordi-

311 1379 461 1430 nem,
490 1374 722 1435 quantus
746 1366 799 1419 in
826 1366 1078 1420 membris
1105 1367 1279 1424 carnis
1307 1367 1587 1433 cujuslibet
1619 1365 1903 1420 animantis

312 1464 560 1523 apparet,
592 1471 697 1510 non
720 1455 847 1510 dico
875 1457 1114 1522 medicis,
1146 1457 1236 1526 qui
1262 1457 1376 1510 haec
1405 1466 1622 1525 propter
1641 1456 1772 1510 artis
1793 1471 1903 1511 suat

313 1546 690 1600 necessitatem
717 1545 999 1615 diligenter
1019 1548 1274 1617 patefacta
1298 1556 1351 1602 et
1369 1547 1701 1603 dinumerata
1726 1548 1902 1602 rimati

313 1646 475 1701 sunt,
520 1638 618 1692 sed
662 1637 831 1692 cuivis
871 1640 1155 1695 mediocris
1178 1640 1353 1695 cordis
1381 1648 1434 1695 et
1462 1639 1903 1695 considerationis

315 1727 564 1793 homini;
595 1741 772 1783 nonne
799 1729 1108 1798 clamarent,
1141 1746 1209 1786 ne
1235 1740 1430 1800 puncto
1454 1730 1666 1800 quidem
1693 1739 1901 1801 tempo-

313 1819 391 1875 ris
410 1820 604 1885 Deum,
628 1835 658 1874 a
683 1836 789 1891 quo
809 1830 891 1876 est
910 1824 1083 1878 omnis
1101 1838 1468 1878 mensurarum
1491 1823 1699 1890 modus,
1724 1825 1902 1878 omnis

315 1911 562 1980 parilitas
586 1926 952 1980 numerorum,
986 1914 1158 1968 omnis
1189 1915 1321 1969 ordo
1347 1914 1660 1984 ponderum,
1691 1914 1756 1968 ab
1787 1913 1902 1984 ejus

313 1999 706 2070 gubernatione
730 2003 980 2058 cessare?
1003 2002 1141 2070 Quid
1170 2019 1298 2074 ergo
1325 2004 1625 2072 absurdius,
1660 2004 1783 2075 quid
1816 2005 1901 2059 iu-

315 2095 515 2150 sulsius
543 2098 728 2152 sentiri
757 2105 964 2168 potest,
1002 2115 1160 2169 quam
1186 2115 1303 2155 eam
1335 2108 1497 2154 totam
1536 2115 1656 2156 esse
1682 2114 1903 2154 vacuam

317 2194 450 2238 nutu
481 2193 537 2240 et
562 2187 819 2257 regimine
840 2188 1187 2257 providentiae
1207 2232 1236 2257 ,.
1259 2190 1412 2260 cujus
1439 2198 1676 2246 extrema
1704 2197 1757 2243 et
1784 2189 1902 2243 exi-

315 2291 422 2346 gua
458 2278 642 2333 videas
680 2289 821 2334 tanta
865 2281 1211 2350 dispositione
1252 2282 1504 2348 formari,
1537 2292 1594 2337 ut
1631 2283 1904 2352 aliquanto

318 2370 576 2424 attentius
613 2372 839 2440 cogitata
881 2373 1196 2429 ineffabilem
1240 2375 1495 2429 incutiant
1537 2375 1902 2430 admirationis

320 2457 645 2515 horrorem?
687 2463 756 2516 Et
796 2479 916 2516 cum
955 2465 1145 2518 anima:
1189 2474 1374 2520 natura
1418 2475 1622 2520 natura:
1663 2466 1902 2534 corporis

319 2553 640 2616 antecellat,
671 2554 798 2623 quid
842 2564 924 2608 est
961 2555 1260 2610 dementius
1289 2570 1444 2626 quam
1483 2565 1669 2627 putare
1695 2557 1901 2610 nullum

317 2655 443 2695 esse
481 2641 674 2697 divinae
711 2645 1055 2713 providentia
1083 2646 1339 2716 judicium
1373 2647 1441 2704 de
1465 2649 1702 2704 moribus
1732 2649 1904 2702 homi-

317 2747 473 2800 num,
499 2749 620 2788 cum
644 2735 694 2788 in
718 2751 906 2790 eorum
932 2751 1094 2792 carne
1115 2746 1256 2792 tanta
1278 2739 1394 2808 ejus
1417 2740 1646 2794 solertiae
1667 2740 1902 2794 clareant

316 2835 376 2878 et
400 2826 834 2882 demonstrentur
864 2829 1090 2884 indicia?
1132 2829 1237 2885 Sed
1273 2831 1394 2901 quia
1431 2830 1544 2884 lucc
1587 2831 1802 2885 minima
1848 2831 1901 2885 in

317 2929 571 2988 promptu
600 2930 724 2975 sunt
753 2922 996 2977 sensibus
1022 2924 1235 2988 nostris,
1265 2932 1320 2977 et
1347 2938 1406 2977 ea
1439 2922 1590 2977 facile
1621 2924 1904 2993 investiga-

317 3025 465 3072 rnus,
491 3011 666 3065 elucet
693 3011 745 3064 in
772 3013 850 3066 eis
880 3012 1012 3067 ordo
1045 3029 1222 3066 rerum
1248 3032 1263 3068 :
1294 3022 1348 3066 at
1386 3013 1473 3068 illa
1502 3030 1723 3083 quorum
1753 3014 1900 3068 ordi-

319 3115 448 3152 nem
479 3101 660 3156 videre
685 3118 791 3157 non
823 3119 1124 3172 possumus,
1149 3105 1441 3160 inordinata
1470 3106 1793 3160 arbitrantur
1813 3106 1902 3175 qui

317 3207 442 3246 esse
469 3208 570 3246 non
599 3203 805 3264 putant.
830 3196 932 3248 nisi
960 3195 1100 3265 quod
1123 3197 1302 3251 videre
1325 3206 1582 3266 possunt,
1609 3208 1699 3251 aut
1729 3199 1770 3250 si
1801 3213 1900 3266 pu-

317 3293 456 3348 tant,
485 3285 587 3339 tale
614 3287 808 3356 aliquid
842 3297 1044 3357 putant,
1069 3290 1223 3358 quale
1252 3290 1432 3345 videre
1453 3300 1862 3345 consueverunt.

409 3376 643 3432 CAPUT
672 3378 860 3432 XXIII.
908 3409 978 3420 ——
1004 3380 1263 3445 Quomodo
1294 3380 1430 3435 Deus
1460 3383 1629 3435 omnia
1657 3383 1810 3436 simul

639 3470 894 3534 creaverit,
924 3479 968 3524 et
992 3487 1126 3524 nunc
1154 3488 1307 3543 usque
1331 3483 1582 3542 operetur.

388 3561 480 3614 Η.
522 3560 632 3614 Nos
657 3571 829 3616 autem
851 3605 866 3629 ,
896 3579 1120 3632 quorum
1149 3579 1394 3634 gressus,
1429 3581 1494 3620 ne
1522 3567 1572 3620 in
1604 3566 1746 3620 illam
1774 3582 1900 3636 per-

314 3652 628 3705 renitatem
656 3651 978 3722 incidamus,
1027 3655 1211 3710 eadem
1240 3657 1414 3711 divina
1447 3658 1772 3726 providentia
1806 3675 1902 3728 per

316 3752 560 3796 Sanctam
599 3743 922 3812 Scripturam
964 3747 1136 3816 regit,
1169 3762 1231 3801 ex
1264 3747 1391 3817 ipsis
1415 3764 1622 3819 quoque
1651 3751 1901 3820 operibus

320 3832 420 3886 Dei
441 3834 629 3888 eodem
651 3835 930 3905 adjuvaute
952 3838 1199 3908 indagare
1220 3855 1476 3894 conemur
1502 3842 1584 3895 ubi
1615 3843 1729 3896 bzrc
1746 3843 1899 3898 simul

317 3922 599 3988 ereaverit,
625 3940 746 3978 cum
770 3941 799 3979 a
823 3929 1200 3982 consummatis
1220 3930 1330 3983 suis
1352 3933 1600 4000 operibus
1619 3935 1898 4002 requievit,

319 4027 547 4075 quorum
587 4016 791 4084 species
832 4032 925 4085 per
963 4019 1202 4073 ordinem
1235 4029 1528 4089 temporum
1567 4038 1730 4092 usque
1761 4040 1904 4080 nunc

318 4113 594 4172 operatur.
621 4106 1032 4165 Consideremus
1069 4126 1197 4181 ergo
1237 4113 1512 4181 cujuslibet
1541 4115 1745 4169 arboris
1783 4117 1899 4185 pul-

320 4195 679 4252 ebritudinem
719 4198 772 4250 in
812 4200 1035 4278 robore,
1086 4203 1283 4266 ramis,
1334 4203 1638 4268 frondibus,
1689 4207 1898 4274 pomis:

322 4286 439 4342 bzcc
483 4288 689 4356 species
732 4306 836 4344 non
879 4293 1059 4362 utique
1101 4304 1320 4364 repente
1369 4305 1508 4350 tanta
1552 4315 1615 4353 ac
1660 4300 1776 4352 talis
1819 4309 1903 4355 est

319 4386 529 4444 exorta,
563 4379 654 4433 sed
677 4395 779 4449 quo
803 4382 961 4434 etiam
984 4383 1169 4438 ordine
1196 4387 1458 4441 novimus.
1491 4389 1729 4444 Surrexit
1757 4393 1900 4446 enim

319 4486 348 4522 a
381 4472 560 4527 radice
580 4513 593 4534 ,
627 4490 782 4542 quam
813 4485 968 4532 terra:
993 4479 1219 4546 primum
1246 4495 1462 4549 germen
1495 4481 1696 4550 infixit;
1744 4495 1902 4554 atque

319 4559 445 4613 inde
475 4563 653 4615 omnia
686 4563 774 4619 illa
805 4563 1026 4620 formata
1053 4576 1104 4622 et
1134 4567 1377 4624 distincta
1405 4583 1704 4627 creverunt.
1733 4575 1900 4630 Porro

319 4652 449 4706 illud
482 4669 696 4722 germen
729 4673 793 4711 ex
823 4660 1063 4714 semine:
1098 4661 1150 4714 in
1190 4663 1393 4717 semine
1431 4679 1558 4734 ergo
1596 4665 1682 4718 illa
1721 4667 1898 4721 omnia

317 4745 533 4798 fuerunt
565 4747 828 4814 primitus,
860 4765 967 4804 non
1007 4751 1147 4806 mole
1187 4767 1460 4821 corporea:
1498 4757 1897 4826 magnitudinis,

318 4836 411 4890 sed
435 4837 484 4890 vi
517 4839 857 4909 potentiaque
888 4843 1107 4896 causali.
1139 4843 1270 4897 Nam
1302 4845 1387 4899 illa
1419 4849 1756 4916 magnitudo,
1803 4865 1900 4905 co-

317 4928 401 4996 pia
438 4939 595 4982 terrae.
624 4930 967 5002 humoris-que
991 4945 1240 5002 congesta
1263 4946 1362 4990 est.
1391 4936 1496 4992 Sed
1524 4939 1612 4992 illa
1637 4939 1688 4994 in
1711 4941 1900 5011 exiguo

315 5034 481 5088 grano
527 5022 820 5078 mirabilior
864 5028 1299 5098 praestantiorque
1340 5031 1419 5083 vis
1457 5039 1569 5095 est,
1611 5047 1710 5100 qua
1739 5034 1901 5088 valuit

314 5110 565 5178 adjaceus
599 5113 790 5167 humor
819 5117 1139 5172 commixtus
1169 5127 1324 5173 terra:
1353 5126 1602 5190 tanquam
1649 5124 1897 5178 materies

315 5205 445 5256 verti
479 5204 529 5256 in
562 5206 688 5274 ligni
722 5207 861 5260 illius
889 5209 1230 5278 qualitatem,
1266 5210 1315 5263 in
1358 5227 1626 5266 ramorum
1653 5213 1896 5269 diffusio-

310 5311 452 5360 nem,
482 5297 530 5351 in
562 5299 814 5353 foliorum
847 5301 1161 5356 viriditatem
1191 5317 1253 5357 ac
1284 5303 1524 5374 ﬁguram,
1559 5306 1609 5360 in
1631 5307 1895 5363 fructuum

308 5383 503 5443 formas
548 5399 604 5444 et
642 5390 966 5459 cpuleutiam
993 5435 1008 5460 ,
1057 5395 1399 5466 omniumque
1443 5397 1887 5456 ordinatissimatn

3480 415 3586 471 3'08

2007 531 2419 587 distinctionem.
2463 529 2601 599 Quid
2647 529 2787 586 enim
2830 546 2895 586 ex
2937 529 3129 586 arbore
3171 531 3259 586 illa
3297 531 3464 603 surgit
3491 545 3580 586 aut

2006 623 2220 693 pendet,
2247 623 2389 694 quod
2419 638 2522 678 non
2549 638 2613 679 ex
2643 621 2870 692 quodam
2899 622 3108 678 occulto
3139 613 3390 679 thesauro
3421 624 3584 678 semi-

2007 718 2088 770 nis
2118 717 2258 771 illius
2292 713 2584 772 extractum
2610 725 2770 786 atque
2805 714 3175 784 depromptum
3203 714 3321 770 est?
3351 716 3416 770 At
3448 715 3578 770 illud

2005 822 2186 862 semen
2213 823 2278 864 ex
2305 807 2516 874 arbore,
2544 806 2664 861 licet
2701 820 2807 860 non
2845 804 2933 858 illa
2963 803 3056 859 sed
3085 804 3274 872 altera,
3303 811 3459 874 atque
3488 804 3578 859 illa

2005 913 2188 952 rursus
2214 913 2278 953 ex
2305 898 2472 953 altero
2493 898 2713 951 semine.
2744 894 3038 964 Aliquando
3058 905 3233 950 autem
3259 904 3314 949 et
3335 894 3493 949 arbor
3513 911 3578 949 ex

2006 990 2196 1045 arbore
2215 1032 2230 1056 ,
2266 1004 2386 1044 cum
2412 989 2652 1058 surculus
2680 986 2913 1042 demitur
2937 995 3096 1055 atque
3123 984 3408 1055 plantatur.
3441 985 3580 1054 Ergo

2007 1092 2060 1140 et
2084 1099 2268 1138 semen
2290 1098 2356 1136 ex
2384 1082 2594 1147 arbore,
2623 1088 2677 1135 et
2703 1079 2858 1134 arbor
2884 1094 2950 1133 ex
2985 1078 3187 1133 semine
3205 1119 3219 1143 ,
3253 1086 3307 1133 et
3331 1077 3490 1132 arbor
3515 1093 3579 1131 ex

2009 1175 2220 1229 arbore.
2248 1173 2442 1228 Semen
2470 1181 2646 1226 autem
2667 1187 2730 1226 ex
2754 1171 2960 1226 semine
2987 1168 3132 1223 nullo
3156 1167 3336 1233 modo,
3367 1168 3468 1222 nisi
3493 1184 3582 1221 ar-

2007 1265 2105 1319 bor
2141 1264 2455 1318 interveniat
2484 1263 2650 1332 prius.
2695 1260 2869 1315 Arbor
2895 1275 3023 1314 vero
3051 1274 3113 1313 ex
3135 1258 3346 1322 arbore,
3374 1257 3584 1312 etiamsi

2008 1371 2191 1411 semen
2222 1371 2327 1410 non
2355 1355 2691 1410 interveniat.
2717 1352 2949 1407 Alternis
2975 1351 3133 1422 igitur
3155 1351 3581 1412 successionibus

2007 1446 2230 1500 alterum
2254 1461 2318 1499 ex
2342 1445 2532 1510 altero,
2551 1443 2644 1499 sed
2666 1453 2945 1511 utrumque
2970 1456 3033 1495 ex
3063 1449 3223 1506 terra,
3249 1455 3350 1494 nec
3369 1455 3435 1495 ex
3456 1439 3586 1510 ipsis

2009 1546 2146 1593 terra
2171 1556 2184 1592 :
2220 1539 2364 1608 prior
2389 1537 2547 1608 igitur
2564 1551 2748 1592 eorum
2775 1548 2967 1606 parens
2992 1541 3155 1588 terra.
3185 1531 3276 1588 Sic
3299 1539 3354 1597 et
3375 1531 3584 1587 anima-

2007 1629 2075 1684 lia
2097 1672 2112 1697 ,
2155 1638 2329 1700 potest
2368 1629 2627 1684 incertum
2657 1641 2779 1683 esse
2803 1635 2978 1680 utrum
3004 1637 3068 1679 ex
3099 1623 3228 1694 ipsis
3251 1623 3483 1689 semina,
3513 1637 3584 1677 an

2007 1723 2120 1792 ipsa
2147 1737 2213 1777 ex
2234 1722 2560 1778 seminibus:
2592 1720 2865 1793 quodlibet
2894 1726 3070 1773 tamen
3099 1715 3288 1772 borum
3320 1715 3486 1786 prius,
3513 1729 3581 1769 ex

2008 1821 2149 1870 terra
2177 1827 2296 1868 esse
2320 1813 2675 1868 certissimum
2704 1820 2806 1868 est.

2076 1929 2166 1984 45.
2197 1927 2346 1984 Sicut
2386 1936 2563 1983 autem
2605 1926 2660 1982 in
2698 1916 3019 1997 ipso-grano
3055 1922 3389 1981 invisibiliter
3429 1929 3597 2005 erant,

2006 2021 2184 2077 omnia
2215 2020 2374 2075 simul
2399 2036 2518 2091 quae
2544 2035 2640 2090 per
2663 2027 2902 2088 tempora
2929 2018 2982 2073 in
3011 2018 3256 2074 arborem
3282 2020 3584 2084 surgerent;

2007 2113 2076 2168 ita
2127 2115 2241 2182 ipse
2288 2111 2516 2167 mundus
2557 2109 2867 2180 cogitandus
2907 2117 3026 2176 est,
3071 2123 3194 2163 cum
3242 2106 3382 2161 Deus
3428 2102 3586 2157 simul

2007 2204 2182 2258 omnia
2215 2202 2432 2266 creavit,
2463 2199 2710 2254 habuisse
2735 2199 2890 2253 simul
2932 2198 3109 2253 omnia
3153 2211 3270 2267 qum
3309 2195 3361 2250 in
3398 2193 3489 2248 illo
3532 2201 3587 2246 et

2007 2313 2126 2351 cum
2160 2297 2250 2350 illo
2280 2294 2413 2348 facta
2444 2302 2599 2359 sunt,
2641 2292 2852 2363 quando
2881 2292 3046 2345 factus
3075 2299 3156 2344 est
3182 2289 3295 2344 dies
3324 2306 3338 2342 :
3365 2302 3470 2342 non
3501 2301 3588 2338 so-

2007 2391 2117 2445 lum
2158 2391 2350 2444 caelum
2389 2403 2510 2443 cum
2555 2387 2667 2441 sole
2711 2396 2763 2440 et
2803 2386 2925 2440 luna
2953 2393 3007 2439 et
3036 2381 3319 2448 sideribus,
3358 2394 3582 2451 quorum

2006 2481 2210 2551 species
2248 2486 2428 2532 manet
2467 2486 2611 2531 motu
2648 2476 2878 2540 rotabili,
2907 2485 2962 2530 et
2999 2484 3194 2529 terram
3229 2479 3285 2527 et
3323 2471 3544 2542 abyssos
3566 2509 3580 2533 ,

2006 2589 2123 2642 quae
2151 2572 2292 2625 velut
2318 2571 2676 2624 inconstantes
2699 2576 2872 2622 motus
2887 2567 3174 2637 patiuntur,
3193 2573 3350 2634 atque
3365 2560 3584 2616 inferius

2005 2663 2247 2730 adjuncta
2282 2669 2483 2730 partem
2510 2660 2729 2713 alteram
2754 2656 2952 2712 mundo
2973 2655 3282 2719 conferunt;
3305 2652 3397 2708 scd
3425 2652 3581 2706 etiam

2008 2755 2092 2808 illa
2137 2769 2254 2823 qua:
2293 2767 2427 2821 aqua
2469 2760 2522 2806 et
2565 2758 2705 2804 terra
2751 2748 2996 2818 produxit
3029 2746 3381 2818 potentialiter
3422 2753 3583 2813 atque

2006 2844 2305 2909 causaliter,
2335 2843 2644 2914 priusquam
2672 2856 2768 2910 per
2794 2844 3094 2911 temporum
3129 2853 3306 2894 moras
3349 2835 3421 2891 ita
3451 2849 3581 2912 exo-

2005 2936 2257 3000 rireutur,
2286 2932 2553 3003 quomodo
2591 2931 2743 2987 nobis
2780 2931 2888 3001 jam
2916 2940 3038 2985 nota
3068 2938 3192 2983 sunt
3214 2928 3265 2984 in
3296 2928 3374 2983 eis
3409 2927 3584 2995 operi-

2007 3026 2125 3090 bus,
2151 3041 2267 3094 quae
2298 3025 2437 3080 Deus
2463 3040 2628 3095 usque
2656 3038 2794 3078 nunc
2819 3029 3089 3092 operatur.

2075 3140 2164 3196 46.
2195 3140 2321 3206 Quae
2345 3155 2465 3194 eum
2498 3139 2567 3193 ita
2595 3138 2720 3202 sint,
2752 3137 2850 3190 Hic
2880 3146 2952 3190 est
2981 3136 3104 3191 liber
3128 3141 3371 3190 creatum
3397 3133 3508 3188 caeli
3536 3143 3583 3186 et

2007 3240 2171 3298 terra',
2201 3247 2314 3284 cum
2343 3234 2505 3301 factus
2531 3238 2602 3284 est
2627 3230 2753 3296 dies,
2785 3228 2899 3299 fecit
2930 3228 3063 3281 Deus
3091 3226 3270 3280 emtum
3308 3235 3352 3278 et
3378 3233 3579 3288 terram,

2006 3330 2053 3376 et
2083 3337 2227 3374 omne
2247 3321 2404 3374 viride
2427 3320 2536 3390 agri
2559 3329 2824 3390 antequam
2841 3326 2964 3372 esset
2981 3333 3129 3389 super
3149 3326 3347 3378 terram,
3373 3323 3419 3368 et
3440 3330 3586 3367 omne

2007 3412 2179 3482 fenum
2205 3411 2316 3482 agri
2350 3418 2615 3480 antequam
2644 3419 2870 3464 exortum
2909 3417 2980 3462 est
3010 3423 3028 3462 :
3055 3423 3160 3461 non
3203 3406 3281 3461 sic
3318 3404 3585 3475 quomodo

2006 3501 2134 3556 facit
2173 3516 2333 3571 opere
2361 3516 2465 3570 quo
2493 3515 2632 3554 nunc
2659 3515 2824 3569 usque
2847 3507 3099 3568 Ope-ratur
3127 3512 3221 3566 per
3257 3495 3485 3566 pluviam
3532 3502 3587 3548 et

2008 3589 2286 3646 hominum
2315 3590 2722 3660 agriculturam;
2756 3589 2822 3643 ad
2853 3589 2952 3642 hoc
2978 3588 3119 3643 enim
3149 3586 3453 3657 adjunctum
3479 3594 3580 3648 est,

2009 3681 2132 3736 Non
2174 3682 2305 3735 enim
2331 3681 2527 3750 pluerat
2554 3679 2688 3733 Deus
2726 3695 2875 3750 super
2907 3688 3125 3741 terram,
3163 3691 3253 3731 nec
3293 3684 3398 3729 erat
3435 3675 3582 3727 homo

2007 3772 2092 3842 qui
2137 3781 2432 3840 operaretur
2469 3779 2652 3824 terram
2699 3785 2717 3824 :
2761 3768 2854 3823 sed
2898 3768 2988 3822 illo
3027 3767 3188 3822 modo
3235 3780 3340 3837 quo
3384 3763 3584 3820 creavit

2007 3864 2186 3918 omnia
2214 3863 2390 3929 simul,
2426 3863 2750 3931 senarioque
2767 3861 2970 3916 dierum
2997 3875 3217 3915 numero
3242 3873 3584 3913 consumma-

2007 3955 2102 4020 vit,
2125 3970 2246 4008 cum
2266 3954 2407 4008 diem
2430 3969 2585 4023 quem
2607 3953 2750 4015 fecit,
2775 3953 2851 4006 eis
2870 3967 2986 4021 quae
3008 3949 3130 4004 fecit
3155 3951 3327 4004 sexies
3353 3962 3586 4018 praesen-

2007 4046 2158 4112 tavit,
2183 4061 2287 4100 non
2314 4047 2606 4102 alternante
2622 4045 2794 4115 spatio
2811 4043 3192 4113 temporaliter,
3221 4041 3315 4096 sed
3340 4040 3580 4096 ordinata

2008 4137 2308 4207 cognitione
2324 4137 2622 4192 causaliter.
2639 4137 2679 4188 A
2702 4134 2892 4204 quibus
2909 4132 3156 4202 operibus
3179 4133 3228 4185 in
3252 4130 3336 4185 die
3356 4129 3582 4199 septimo

2010 4228 2298 4296 requievit,
2345 4229 2502 4280 etiam
2531 4241 2679 4280 suam
2708 4225 2945 4294 requiem
2981 4222 3216 4291 ejusdem
3249 4220 3353 4275 diei
3383 4219 3584 4273 notitia:

2008 4317 2306 4388 gaudioque
2359 4316 2596 4386 praebere
2626 4316 2870 4385 dignatus
2908 4331 2921 4368 :
2963 4322 3017 4368 et
3055 4311 3173 4366 ideo
3220 4325 3324 4363 non
3363 4325 3484 4362 cum
3530 4309 3583 4362 in

2010 4411 2244 4480 quolibet
2283 4426 2445 4480 opere
2483 4425 2581 4463 suo
2606 4451 2621 4474 ,
2667 4408 2770 4462 sed.
2804 4408 2854 4462 iu
2887 4422 2980 4460 sua
3013 4405 3193 4475 requie
3227 4403 3492 4458 benedixit
3530 4412 3586 4456 et

2009 4500 2375 4555 sanctificavit.
2409 4499 2560 4554 Unde
2600 4499 2796 4551 nullam
2837 4496 3056 4549 ulterius
3093 4502 3388 4548 creaturam
3429 4492 3583 4546 insti-

2008 4600 2184 4658 tuens,
2213 4591 2305 4645 sed
2335 4607 2396 4646 ea
2426 4607 2543 4660 qua:
2569 4589 2744 4642 omnia
2771 4587 2924 4642 simul
2952 4586 3102 4650 fecit,
3137 4583 3584 4638 administratorio

2008 4693 2128 4737 actu
2157 4682 2459 4751 gubernans
2485 4689 2539 4734 et
2567 4693 2789 4734 movens
2813 4719 2826 4742 ,
2855 4677 2970 4731 sine
2994 4676 3287 4730 cessatione
3314 4683 3583 4742 cpi-ratur,

2008 4773 2167 4827 simul
2195 4781 2245 4825 et
2281 4770 2622 4840 requiescens
2668 4778 2722 4824 et
2760 4782 2988 4840 operans
3011 4809 3025 4830 ,
3057 4766 3192 4821 sicut
3216 4765 3324 4835 jam
3356 4765 3453 4818 ista
3481 4774 3586 4818 tra-

2008 4871 2145 4918 ctata
2175 4869 2316 4917 sunt.
2340 4861 2574 4928 Quorum
2595 4875 2810 4930 operum
2829 4859 2945 4927 ejus
2968 4873 3084 4927 quae
3113 4871 3277 4926 usque
3299 4871 3438 4909 nunc
3459 4870 3586 4924 ope-

2007 4965 2173 5016 ratur,
2204 4969 2298 5024 per
2323 4953 2590 5007 volumina
2619 4960 2915 5020 temporum
2955 4948 3408 5021 explicandorum,
3441 4948 3584 4999 velut

2007 5045 2280 5100 exordium
2313 5044 2562 5098 narrandi
2590 5057 2821 5106 sumens,
2847 5043 2918 5096 ait
2944 5041 3234 5109 Seriptura,
3260 5038 3398 5092 Fons
3419 5047 3582 5090 autem

2008 5135 2304 5190 ascendebat
2346 5135 2408 5188 de
2458 5147 2609 5199 terra,
2634 5147 2679 5187 et
2707 5132 2948 5204 irrigabat
2973 5147 3168 5184 onmem
3193 5130 3371 5199 faciem
3417 5138 3580 5181 terra.

2007 5227 2082 5282 De
2107 5241 2211 5298 quo
2240 5226 2383 5281 fonte
2405 5225 2524 5295 quia
2547 5225 2777 5278 diximus
2793 5224 2930 5292 quod
2953 5221 3230 5276 dicendum
3258 5219 3579 5288 putavimus,

2007 5337 2070 5377 ea
2096 5337 2213 5392 qua:
2237 5327 2531 5392 sequuntur
2559 5318 2626 5373 ab
2648 5317 2752 5372 alio
2779 5314 3178 5372 consideremus
3207 5310 3435 5369 exordio.

2663 5499 2686 5516 υ
