4090 6470
516 440 622 498 ὅτε)

1430 439 1516 493 DE
1554 438 1807 495 GENESI
1841 439 1932 492 AD
1969 437 2334 507 LITTERAM,
2378 441 2416 496 S
2477 443 2840 502 AUGUSTINI

3119 578 3760 604 ...._._.__________

1547 641 2032 767 LIBER
2105 643 2753 760 SEXTUS.

575 837 625 881 tu
648 842 778 880 vers.
803 839 821 877 ἰ
854 827 1031 893 σαμε
1042 834 1312 893 Geneseos,
1323 826 1380 893 Et
1393 821 1538 890 finit
1962 823 2204 893 pulverem
2218 826 2289 893 ⁸άε
2307 832 2457 893 terra,
2473 837 2590 892 etc.,

2971 840 3164 918 sane?
3191 840 3390 918 deﬂeo
3411 845 3640 901 form
3660 850 3775 901 fue-

933 891 998 941 τίι
1017 891 1162 941 homo
1182 885 1473 953 inquiritur:
1498 895 1620 950 unn.
1642 885 1789 938 dilata
1811 885 2048 950 tantisper
2068 885 2456 942 consideratione
2475 885 2668 956 animas,
2687 896 2860 948 dicitur
2872 885 2951 950 δέ
2965 885 3168 965 ὧῇὲ

1911 1010 2382 1071 W

513 1154 741 1210 CAPUT
777 1150 1055 1209 PRIMUM.
1079 1180 1154 1192 —
1175 1149 1256 1205 An
1281 1146 1440 1216 istud,
1466 1147 1534 1202 Et
1576 1144 1728 1200 ﬁnxit
1766 1144 1938 1208 Deus,
1969 1150 2090 1207 etc.,

585 1247 648 1300 de
674 1247 839 1316 prima
865 1242 1082 1298 hominis
1105 1241 1408 1316 formatione
1445 1240 1582 1309 facta
1617 1238 1700 1292 die
1726 1246 1888 1302 sexto,
1933 1251 1999 1287 an
2032 1234 2094 1286 de

573 1329 748 1398 “altera
778 1335 1024 1407 posterius
1050 1341 1098 1390 et
1134 1349 1224 1406 per
1249 1331 1487 1405 temporis
1510 1346 1704 1386 moram
1731 1331 1868 1400 facta
1902 1322 2092 1380 intelli-

585 1428 826 1501 gendum.

586 1522 639 1576 1.
665 1519 732 1573 Et
753 1518 900 1589 ﬁniit
932 1516 1072 1573 Deus
1098 1516 1349 1572 Immineat
1372 1513 1623 1586 pulverem
1657 1509 1722 1566 de
1748 1519 1900 1573 terra,
1930 1516 1974 1562 et
2009 1505 2098 1560 in-

513 1614 727 1685 sufﬂauit
758 1613 810 1666 in
838 1611 1020 1685 faciem
1047 1611 1156 1681 ejus
1182 1611 1362 1680 flatum
1389 1607 1503 1662 uiue
1511 1622 1532 1672 ,°
1575 1614 1620 1660 et
1644 1604 1807 1674 factus
1834 1609 1906 1656 est
1944 1599 2096 1653 homo

512 1708 568 1760 in
600 1706 820 1760 animam
845 1705 1109 1759 viventem.
1153 1702 1251 1758 Hic
1293 1701 1464 1772 primo
1490 1695 1777 1754 videndum
1806 1703 1888 1750 est
1917 1702 2095 1747 utrum

513 1800 619 1855 ista
642 1797 1009 1868 recapitulatio
1031 1796 1120 1860 sit,
1151 1806 1208 1850 ut
1232 1809 1376 1849 nunc
1400 1792 1608 1848 dicatur
1631 1785 1898 1859 quomodo
1928 1783 2097 1839 factus

514 1892 584 1948 sit
609 1891 781 1947 homo
799 1905 956 1961 quem
985 1896 1138 1944 sexto
1159 1887 1252 1943 illo
1277 1884 1363 1942 die
1384 1884 1576 1940 factum
1599 1881 1843 1950 legimus;
1874 1892 1945 1931 an
1969 1889 2098 1928 vero

513 1991 644 2038 tunc
684 1982 899 2053 quidem
941 1995 1064 2036 cum
1111 1977 1240 2035 fecit
1277 1976 1458 2034 omnia
1495 1973 1679 2038 simul,
1719 1971 1777 2026 in
1823 1969 1908 2024 his
1936 1969 2096 2023 etiam

513 2072 742 2128 latenter
767 2071 1040 2128 hominem
1065 2068 1211 2137 fecit,
1243 2067 1382 2124 sicut
1408 2065 1587 2122 fenum
1629 2072 1786 2118 terra:
1812 2069 2098 2130 antequam

513 2171 659 2220 esset
683 2170 926 2219 exortum
958 2178 973 2216 :
1004 2167 1062 2214 ut
1087 2173 1155 2215 eo
1179 2153 1338 2214 modo
1355 2163 1408 2212 et
1433 2157 1548 2226 ipse
1573 2168 1693 2208 cum
1720 2151 1830 2222 jam
1859 2157 2005 2205 esset
2044 2147 2097 2202 in

515 2260 727 2310 secreto
753 2251 982 2324 quodam
1009 2257 1211 2304 natura:
1253 2247 1412 2304 aliter
1443 2244 1612 2301 iactus
1631 2285 1648 2310 ,
1691 2243 1826 2296 sicut
1864 2240 1952 2295 illa
1977 2252 2098 2309 qua:

516 2342 676 2400 simul
703 2342 906 2399 creavit
948 2356 1071 2397 cum
1109 2339 1278 2395 factus
1319 2344 1404 2394 est
1429 2335 1566 2401 dies,
1595 2347 1814 2390 accessu
1845 2327 2098 2398 temporis

518 2437 679 2492 etiam
726 2435 830 2491 isto
870 2433 1033 2490 modo
1066 2433 1251 2496 tierct,
1280 2445 1388 2502 quo
1413 2428 1466 2484 in
1496 2427 1595 2482 hac
1623 2425 1896 2497 perspicua
1926 2422 2097 2477 forma

515 2525 680 2580 vitam
724 2524 889 2596 gerit,
934 2521 1019 2579 vel
1069 2521 1206 2577 male
1245 2519 1331 2575 vel
1369 2519 1536 2584 bene;
1576 2517 1713 2571 sicut
1751 2513 1926 2574 fenum
1956 2509 2097 2582 quod

516 2615 712 2672 iactum
740 2623 822 2672 est
849 2623 1132 2686 antequam
1159 2612 1455 2668 exorirctur
1494 2624 1657 2677 super
1684 2616 1876 2662 terram
1898 2647 1913 2672 ,
1941 2620 2098 2661 accc-

517 2708 677 2765 dente
693 2707 805 2779 jam
831 2716 1069 2779 tempore
1095 2714 1148 2762 et
1176 2704 1340 2760 fontis
1360 2702 1504 2758 illius
1527 2700 1836 2772 irrigatioue
1854 2705 2098 2754 exortum

518 2808 618 2864 est.
644 2809 702 2856 ut
729 2810 873 2858 esset
899 2814 1060 2872 super
1088 2807 1306 2854 terram.

587 2894 646 2950 Ξ.
673 2894 827 2950 Prius
849 2908 977 2965 ergo
1012 2889 1304 2948 secundum
1338 2885 1824 2958 recapitulatiouem
1854 2883 1904 2938 id
1933 2897 2096 2938 conc-

518 3003 643 3043 mnr
667 2987 932 3057 accipere.
962 2983 1225 3042 Fortassis
1249 2981 1444 3053 quippe
1469 2979 1538 3034 ita
1565 2978 1725 3032 homo
1754 2977 1920 3031 tactus
1945 2975 2016 3030 sit
2044 2976 2096 3029 in

523 3078 611 3135 die
636 3085 822 3143 sexto,
859 3076 996 3133 sicut
1031 3074 1148 3131 dies
1181 3074 1296 3144 ipse
1331 3071 1575 3143 primitus
1618 3069 1785 3123 factus
1825 3076 1926 3133 est,
1962 3065 2100 3122 sicut

518 3170 934 3237 ﬁrmamentum,
953 3167 1088 3224 sicut
1111 3175 1249 3223 terra
1265 3175 1319 3222 et
1334 3179 1502 3220 mare.
1518 3162 1700 3233 Neque
1718 3161 1858 3216 enim
1887 3161 2000 3214 haec
2018 3160 2101 3214 di-

519 3261 686 3318 cenda
715 3269 841 3316 sunt
866 3267 991 3316 ante
1033 3258 1086 3313 in
1128 3256 1443 3329 quibusdam
1485 3251 1789 3323 primordiis
1813 3251 1923 3321 jam
1960 3249 2098 3305 facta

516 3352 735 3408 latuisse
757 3392 774 3421 ,
827 3365 891 3406 ac
927 3349 1120 3406 deinde
1148 3348 1202 3404 in
1231 3349 1367 3401 hanc
1393 3345 1579 3400 [aciem
1606 3359 1708 3412 qua
1747 3341 1976 3396 mundus
2007 3356 2099 3421 ex-

517 3453 753 3498 structus
787 3449 889 3508 est,
931 3455 1151 3496 accessu
1198 3437 1453 3508 temporis
1481 3445 1727 3505 tanquam
1763 3441 1946 3488 exorta
1986 3420 2100 3487 cla:-

515 3536 720 3603 ruisse;
768 3535 863 3592 sed
892 3533 960 3591 ab
988 3533 1211 3589 exordio.
1230 3529 1433 3597 saeculi,
1460 3543 1580 3583 cum
1611 3527 1781 3582 factus
1822 3533 1903 3581 est
1948 3525 2099 3593 dies,

517 3626 792 3685 conditum
825 3623 1103 3689 mundum,
1146 3620 1199 3678 in
1250 3619 1402 3691 cujus
1446 3617 1722 3674 clementis
1769 3615 1925 3670 simul
1977 3621 2102 3668 sunt

518 3717 769 3784 condita,
809 3731 929 3788 qua:
967 3723 1088 3786 post
1132 3728 1351 3770 accessu
1396 3709 1650 3778 temporis
1675 3707 1974 3771 orirentur,
2015 3704 2101 3761 vel

519 3809 734 3874 frutcta,
766 3806 851 3863 vel
890 3805 1137 3864 animalia
1163 3816 1386 3874 quaeque
1413 3799 1703 3855 secundum
1730 3811 1882 3853 suum
1909 3808 2096 3866 genus.

519 3901 652 3956 Nam
702 3915 802 3956 nec
855 3900 966 3970 ipsa
1019 3897 1195 3953 sidera
1243 3891 1568 3950 credendum
1609 3899 1691 3945 est
1727 3890 1779 3944 in
1822 3887 2100 3944 elementis

517 3990 708 4048 mundi
735 3989 982 4061 primitus
1003 3988 1140 4043 facta
1167 3994 1325 4056 atque
1354 3982 1886 4049 rccondita,acccssu
1915 3988 2100 4049 postea

519 4081 777 4152 temporis
797 4079 1085 4146 extitisse,
1112 4088 1272 4148 atque
1295 4077 1346 4131 in
1364 4074 1460 4130 has
1486 4074 1737 4129 enituisse
1767 4071 1961 4127 formas
1982 4085 2101 4140 quae

519 4173 731 4230 cmlitus
757 4170 986 4242 fulgent;
1014 4168 1108 4226 sed
1144 4167 1233 4223 illo
1270 4165 1482 4222 senario
1509 4161 1848 4234 perfectionis
1876 4175 2100 4216 numero

517 4273 697 4322 creata
723 4264 881 4320 simul
909 4262 1083 4318 omnia
1101 4303 1117 4325 ,
1145 4275 1265 4314 cum
1297 4258 1465 4314 factus
1490 4266 1572 4311 est
1596 4256 1728 4310 dies.
1757 4253 1944 4311 Utrum
1975 4267 2102 4322 ergo

517 4357 599 4412 sic
627 4365 681 4412 et
718 4354 879 4411 homo
916 4354 1012 4410 ista
1054 4353 1164 4422 jam
1194 4350 1371 4421 specie
1397 4364 1497 4417 qua
1526 4346 1578 4402 in
1605 4361 1699 4401 sua
1728 4353 1912 4399 natura
1937 4344 2096 4410 vivit,

521 4457 578 4504 et
603 4449 711 4518 agit
736 4447 849 4504 sive
877 4446 1074 4502 bonum
1100 4443 1212 4498 sive
1240 4439 1476 4496 malum?
1502 4454 1568 4492 an
1599 4446 1651 4492 et
1675 4436 1786 4504 ipse
1813 4435 1864 4489 in
1891 4433 2104 4489 occulto

521 4539 662 4596 sicut
707 4539 885 4594 fenum
931 4536 1042 4607 agri
1083 4543 1366 4603 antequam
1400 4537 1645 4586 exortum
1675 4533 1788 4591 cst,
1819 4535 1877 4580 ut
1916 4524 2018 4580 hoc
2051 4524 2098 4580 ei

517 4637 645 4699 post
671 4636 816 4684 esset
839 4639 1056 4683 accessu
1082 4623 1337 4694 temporis
1364 4619 1594 4686 exoriri,
1622 4615 1762 4689 quod
1789 4615 1855 4672 de
1879 4615 2103 4686 pulvere

520 4717 695 4775 factus
715 4718 831 4774 est?

559 4808 784 4868 CAPUT
811 4807 875 4864 ll.
897 4839 970 4850 —
991 4807 1094 4863 Res
1113 4804 1404 4878 exploratur
1423 4818 1488 4858 ea:
1513 4808 1747 4855 contextu
1775 4798 2077 4869 Scriptum.

598 4904 654 4958 3.
683 4903 1018 4974 Accipiamus
1035 4915 1161 4970 ergo
1187 4914 1310 4954 eum
1333 4905 1486 4953 sexto
1518 4897 1634 4965 ipso
1662 4893 1749 4948 die
1776 4895 1826 4947 in
1853 4893 1951 4946 hac
1983 4881 2104 4960 per-

523 4999 710 5070 spicua
736 4996 1032 5065 visibilique
1063 4995 1228 5048 forma
1265 4990 1334 5047 de
1370 4989 1498 5044 limo
1541 4989 1756 5043 tinctum
1781 4987 1820 5052 ί,
1849 4985 1943 5039 scd
1978 4993 2106 5038 tunc

524 5107 640 5151 non
673 5095 1144 5146 commemoratum
1179 5083 1319 5154 quod
1354 5096 1494 5138 nunc
1535 5076 1934 5149 recapitulando
1977 5076 2107 5131 insi-

524 5193 742 5252 nuntur,
773 5188 830 5238 et
855 5179 1129 5236 videamus
1157 5187 1333 5232 utrum
1373 5175 1650 5230 nobiscum
1678 5172 1791 5242 ipsa
1830 5170 2104 5241 Scriptura

526 5276 836 5334 concordet.
877 5273 966 5330 Sic
1004 5280 1151 5328 certe
1193 5271 1446 5340 scriptum
1485 5275 1589 5331 est,
1635 5281 1754 5322 cum
1796 5263 1971 5319 adhuc
1997 5263 2107 5320 diei

527 5367 668 5424 sexti
690 5380 853 5437 opera
875 5372 1218 5418 narrarentur
1251 5377 1265 5415 :
1291 5359 1355 5412 Et
1381 5359 1507 5413 dixit
1534 5356 1694 5419 Deus,
1722 5354 1995 5409 Faciamus
2015 5353 2107 5407 lio-

528 5458 717 5512 minem
733 5454 802 5510 ad
819 5453 1089 5525 imaginem
1117 5460 1163 5505 et
1186 5448 1564 5505 similitudinem
1586 5455 1841 5510 nostram;
1862 5453 1906 5498 et
1932 5444 2108 5498 habeat

531 5553 824 5619 potestatem
859 5543 1072 5616 piscium
1104 5541 1258 5595 maris
1282 5546 1329 5592 et
1354 5538 1626 5592 volatilium
1659 5537 1790 5598 caeli,
1823 5543 1867 5588 et
1887 5534 2109 5588 omnium

530 5655 788 5705 necarunt,
811 5644 860 5696 et
887 5631 1051 5688 omnis
1079 5641 1244 5698 terras,
1265 5635 1312 5682 et
1330 5627 1554 5682 omnium
1588 5626 1866 5697 repentium
1896 5639 2010 5695 qua:
2027 5640 2110 5678 re-

531 5743 658 5808 punt
684 5746 836 5803 super
859 5737 1064 5783 terram.
1085 5722 1150 5778 Et
1165 5721 1280 5796 fecit
1301 5719 1440 5775 Deus
1459 5718 1732 5784 hominem,
1756 5716 1824 5772 ad
1844 5717 2113 5790 imaginem

595 5847 618 5880 ι
637 5851 714 5896 llr.
736 5840 884 5906 Lugd.
908 5847 1028 5892 ven.
1048 5843 1161 5890 ων.
1184 5833 1266 5886 hic
1293 5838 1347 5886 ct
1366 5832 1562 5898 passim,
1577 5830 1776 5896 factum.
1837 5835 1897 5880 It.

2195 1141 2295 1198 Dei
2329 1146 2447 1217 fecit
2475 1167 2620 1218 eum;
2646 1155 2926 1210 masculum
2948 1167 2995 1212 et
3015 1160 3255 1229 feminam
3282 1164 3404 1236 fecit
3424 1181 3530 1234 eos,
3551 1176 3598 1222 et
3623 1167 3780 1224 bene-

2197 1236 2326 1292 dixit
2365 1257 2449 1295 eos
2483 1242 2642 1310 Deus,
2675 1247 2845 1303 dicens
2873 1265 2894 1304 :
2917 1247 3136 1308 Crescite
3171 1265 3219 1310 et
3247 1257 3654 1327 multiplicamini
3673 1304 3688 1327 ,
3729 1275 3781 1319 et

2197 1330 2398 1403 implete
2417 1342 2622 1405 terram,
2649 1347 2694 1392 et
2715 1340 3046 1398 dominamini
3061 1347 3206 1415 ejus;
3224 1357 3273 1403 et
3293 1349 3469 1406 habete
3482 1363 3778 1423 potestatem

2199 1425 2410 1493 piscium
2441 1429 2616 1496 maris,
2647 1439 2692 1484 et
2721 1433 2998 1488 volatilium
3023 1437 3154 1503 caeli,
3180 1449 3230 1494 et
3249 1443 3476 1497 omnium
3515 1461 3778 1514 pecorum,

2199 1523 2246 1567 et
2273 1516 2435 1571 omnis
2457 1526 2643 1607 terra,
2682 1529 2730 1576 et
2759 1525 2982 1579 omnium
3021 1529 3276 1598 reptilium
3311 1534 3593 1602 repentium
3627 1552 3784 1607 super

2199 1611 2382 1659 terram
2415 1606 2564 1679 (Gen.
2605 1625 2659 1678 ι,
2685 1611 2898 1684 26-28).
2928 1615 3045 1673 lam
3090 1633 3219 1690 ergo
3255 1619 3323 1676 de
3363 1621 3492 1677 limo
3519 1606 3792 1682 formatus

2159 1755 2162 1758 ,
2200 1705 2344 1762 erat,
2389 1706 2443 1753 et
2487 1699 2560 1756 illi
2591 1701 2700 1772 jam
2732 1715 2980 1776 soporato
3006 1709 3196 1764 mulier
3220 1726 3286 1766 ex
3315 1711 3480 1768 latere
3503 1715 3614 1783 jam
3640 1716 3786 1771 facta

2199 1795 2332 1852 erat,
2364 1789 2459 1843 sed
2497 1789 2600 1846 hoc
2638 1800 2764 1849 tunc
2803 1809 3274 1854 commemoratum
3297 1817 3418 1857 non
3456 1814 3594 1873 erat,
3637 1807 3784 1877 quod

2201 1891 2345 1934 nunc
2373 1883 2770 1953 recapitulando
2802 1900 3273 1946 commemoratum
3299 1901 3401 1947 est.
3426 1893 3610 1966 Neque
3635 1899 3782 1952 enim
3828 1886 3833 1895 ’

2201 1977 2351 2022 sexto
2388 1970 2473 2026 die
2510 1971 2681 2030 factus
2706 1983 2789 2032 est
2817 1980 3081 2035 masculus
3105 2022 3122 2050 ,
3166 1971 3220 2037 et
3263 1998 3480 2040 accessu
3523 1991 3790 2058 temporis

2201 2069 2382 2129 postea
2409 2059 2543 2117 facta
2571 2065 2798 2133 femina;
2826 2067 2918 2124 sed
2946 2069 3062 2138 fecit
3103 2087 3238 2139 eum,
3271 2073 3473 2144 inquit;
3498 2080 3789 2133 masculum

2199 2159 2249 2240 et
2292 2152 2533 2222 feminam
2571 2155 2690 2225 fecit
2725 2174 2840 2226 eos,
2867 2170 2912 2213 et
2939 2159 3188 2217 benedixit
3219 2180 3321 2219 eos.
3348 2165 3626 2232 Quomodo
3653 2185 3789 2240 ergo

2197 2238 2307 2310 jam
2339 2241 2549 2300 homine
2572 2246 2628 2302 in
2653 2250 2898 2318 paradiso
2913 2253 3198 2310 constituto
3223 2257 3413 2313 mulier
3430 2259 3480 2313 ei
3504 2259 3640 2315 facta
3666 2238 3790 2316 est?

2202 2333 2282 2389 An
2322 2344 2377 2390 ct
2418 2335 2518 2392 hoc
2566 2343 2981 2409 praetermissum
3027 2345 3300 2416 Scriptura
3347 2350 3604 2406 recoluit?
3649 2352 3788 2408 Nam

2201 2435 2353 2482 actito
2397 2428 2488 2483 illo
2521 2430 2606 2486 die
2648 2433 2808 2487 etiam
2861 2437 3133 2504 paradisus
3173 2439 3435 2508 plantatus
3461 2450 3573 2508 est,
3614 2451 3668 2497 et
3714 2445 3790 2498 ibi

2202 2516 2362 2573 homo
2401 2521 2692 2578 collocatus
2733 2534 2836 2591 est,
2864 2536 2920 2581 et
2943 2540 3222 2597 saporatus
3256 2540 3421 2587 estut
3448 2532 3557 2588 Eva
3584 2533 3792 2588 forma-

2202 2621 2368 2680 retur,
2388 2621 2442 2668 et
2461 2629 2520 2669 ea
2550 2615 2774 2671 formata
2799 2620 3084 2690 evigilavit,
3111 2622 3265 2694 eique
3291 2638 3486 2680 nomen
3506 2626 3794 2696 imposuit.

2200 2703 2303 2758 Sed
2347 2703 2461 2758 hrcc
2501 2705 2600 2761 nisi
2642 2722 2738 2777 per
2775 2713 3093 2779 temporales
3129 2729 3307 2769 moras
3349 2715 3464 2770 ﬁeri
3500 2732 3606 2772 non
3655 2732 3790 2786 pos-

2201 2802 2340 2847 sent.
2368 2793 2485 2849 Non
2511 2795 2688 2868 itaque
2716 2798 2786 2853 ita
2809 2797 2945 2854 facta
2959 2811 3102 2871 sunt,
3117 2803 3255 2858 sicut
3271 2815 3448 2860 creata
3465 2814 3590 2861 sunt
3604 2807 3795 2864 omnia

2201 2883 2379 2937 simul.

2200 2971 2426 3030 CAPUT
2463 2975 2550 3031 Ill.
2577 3007 2649 3017 -—-
2681 2977 2872 3034 Eadem
2897 2983 3104 3052 quwstio
3131 2999 3196 3039 ea:
3217 2985 3334 3040 aliis
3357 2986 3481 3041 locis
3503 2985 3794 3059 Scriptura

2862 3073 3148 3129 discutitur.
3431 3087 3435 3092 '

2271 3157 2325 3212 4.
2353 3156 2744 3225 Quantamlibct
2770 3162 2912 3216 enim
2941 3163 3100 3219 homo
3127 3164 3324 3235 cogitet
3356 3167 3658 3224 facilitatem
3681 3186 3794 3240 qua

2203 3247 2345 3302 Deus
2369 3249 2526 3302 etiam
2563 3249 2675 3303 hare
2705 3251 2860 3305 simul
2887 3267 3005 3306 cum
3034 3255 3241 3310 caeteris
3267 3255 3411 3321 fecit,
3451 3258 3611 3314 verba
3639 3270 3797 3326 certe

2203 3335 2434 3392 hominis
2460 3340 2724 3408 novimus,
2757 3342 2858 3396 nisi
2887 3358 2983 3412 per
3013 3347 3333 3414 temporales
3361 3348 3596 3403 morulas
3616 3351 3794 3405 emitti

2202 3447 2336 3488 voce
2373 3447 2478 3488 non
2525 3450 2699 3504 posse.
2732 3435 2863 3492 Cum
2896 3453 3025 3508 ergo
3053 3440 3214 3494 verba
3241 3439 3471 3496 hominis
3497 3442 3744 3496 audimus
3773 3484 3792 3511 ,

2205 3523 2292 3578 vel
2319 3537 2438 3579 cum
2464 3525 2849 3592 animantibus,
2883 3529 2968 3582 vel
3005 3543 3123 3583 cum
3153 3530 3365 3586 mulieri
3389 3547 3585 3586 nomen
3613 3532 3793 3602 impo-

2203 3613 2329 3677 suit,
2358 3614 2441 3668 vel
2469 3629 2590 3669 cum
2618 3625 2831 3671 secutus
2871 3617 3031 3672 etiam
3069 3618 3233 3688 dixit,
3269 3618 3483 3690 PrOpter
3509 3622 3604 3675 hoc
3629 3624 3794 3677 retin-

2203 3715 2317 3775 quat
2339 3705 2486 3760 homo
2513 3715 2705 3778 patrem
2725 3725 2873 3762 suum
2897 3719 2942 3764 et
2963 3719 3193 3778 matrem,
3216 3722 3262 3766 et
3285 3715 3617 3785 conjungetur
3641 3717 3795 3770 uxori

2203 3810 2343 3862 sine;
2367 3806 2411 3849 et
2433 3807 2578 3850 erunt
2599 3797 2698 3851 duo
2715 3798 2796 3852 ‘in
2822 3815 2973 3854 carne
2994 3817 3097 3856 una
3125 3800 3272 3875 (Gen.
3297 3819 3356 3868 tt,
3375 3803 3502 3877 2i);
3526 3805 3794 3876 quibusli—

2204 3885 2294 3941 bet
2337 3888 2554 3959 syllabis
2585 3889 2682 3944 ista
2710 3892 3014 3959 sonuerint,
3057 3907 3159 3949 nec
3197 3895 3317 3949 dure
3350 3911 3704 3966 qumcumque
3737 3898 3795 3950 in

2205 3975 2290 4032 his
2319 3979 2494 4034 verbis
2527 3979 2746 4050 syllaba:
2784 3981 2942 4036 simul
2989 3997 3180 4039 sonare
3229 3994 3513 4054 potuerunt
3544 4004 3559 4040 :
3587 3995 3796 4056 quanto

2204 4071 2380 4124 minus
2425 4069 2540 4124 haec
2582 4072 2759 4126 omnia
2803 4086 2922 4127 cum
2963 4073 3029 4128 iis
3067 4090 3186 4145 qua:
3231 4076 3385 4130 simul
3416 4086 3593 4132 creata
3620 4088 3794 4144 sunt,

2205 4160 2362 4215 simul
2389 4161 2544 4216 fieri?
2571 4163 2646 4216 Ac
2671 4177 2767 4232 per
2798 4162 2921 4230 hoc,
2951 4173 3044 4219 aut
3069 4173 3124 4220 et
3163 4166 3251 4220 illa
3278 4167 3454 4221 omnia
3481 4183 3588 4222 non
3627 4167 3793 4222 simul

2204 4251 2273 4307 ab
2317 4251 2433 4323 ipso
2476 4266 2685 4307 summo
2728 4255 2952 4310 exordio
2991 4257 3327 4323 saeculorum,
3367 4258 3462 4313 sed
3490 4273 3586 4328 per
3611 4274 3798 4316 moras

2205 4349 2366 4412 atque
2413 4342 2688 4398 intervalla
2736 4352 3035 4414 temporum
3073 4346 3208 4400 facta
3254 4356 3406 4417 sunt,
3452 4349 3675 4419 diesque
3703 4349 3798 4422 ille

2206 4447 2312 4487 non
2358 4434 2615 4505 Spirituali
2645 4437 2739 4493 sed
2766 4439 3027 4507 corporali
3060 4440 3352 4495 substantia
3395 4441 3624 4510 primum
3663 4456 3799 4496 con-

2186 4522 2349 4594 ditus
2367 4564 2382 4592 ,
2427 4526 2513 4580 vel
2555 4526 2778 4583 circuitu
2817 4528 2948 4583 lucis
2977 4531 3156 4585 nescio
3182 4531 3448 4600 quomodo
3467 4572 3484 4599 ,
3512 4531 3601 4585 vel
3623 4531 3796 4586 emis-

2207 4616 2357 4671 sione
2384 4625 2439 4672 et
2471 4619 2853 4683 contractione,
2894 4635 3050 4674 mane
3092 4635 3155 4676 ac
3194 4637 3471 4690 vesperam
3517 4620 3746 4676 faciebat
3777 4639 3793 4676 :

2207 4717 2298 4762 aut
2335 4709 2379 4762 si
2406 4709 2757 4763 consideratis
2783 4710 3027 4766 omnibus
3053 4725 3171 4780 qua:
3197 4711 3556 4780 superioribus
3584 4726 3796 4765 sermo.

2208 4799 2362 4854 nibus
2381 4808 2667 4869 petractata
2689 4808 2832 4865 sunt,
2862 4800 3149 4869 probabilis
3171 4804 3305 4854 ratio
3327 4801 3610 4870 persuasit,
3638 4800 3798 4856 illum

2208 4891 2350 4946 diem
2391 4892 2717 4962 spiritualem
2759 4891 3060 4948 sublimiter
3111 4909 3175 4949 ac
3223 4895 3465 4964 primitus
3517 4895 3795 4949 conditum

2210 4981 2380 5038 lucem
2403 4983 2683 5053 quamdam
2706 4984 3000 5054 sapientem
3019 4993 3259 5039 vocatum
3295 4999 3413 5040 esse
3447 4985 3608 5050 diem,
3638 4984 3798 5054 cujus

2211 5077 2492 5146 prmsentia
2523 5090 2618 5144 per
2649 5075 2943 5130 ordinatam
2973 5078 3326 5147 cognitionem
3367 5078 3659 5132 conditioni
3703 5095 3797 5132 re-

2208 5179 2326 5219 rum
2360 5164 2411 5220 in
2443 5181 2664 5220 numero
2689 5166 2899 5220 senario
2937 5166 3296 5236 prmberetur;
3328 5177 3484 5236 atque
3511 5167 3635 5220 huic
3664 5181 3795 5222 sen-

2210 5257 2390 5313 tcntiae
2427 5257 2713 5328 Scriptum
2752 5259 2911 5314 verba
2957 5275 3248 5329 congruere
3289 5259 3429 5330 quod
3465 5259 3536 5313 ait
3575 5270 3795 5329 postea,

2213 5347 2340 5404 Cum
2389 5353 2552 5421 factus
2592 5361 2661 5404 est
2695 5349 2829 5415 dies,
2876 5352 2991 5422 fecit
3033 5350 3172 5404 Deus
3213 5350 3394 5404 cmlum
3422 5361 3467 5404 et
3497 5359 3705 5416 terram,
3751 5358 3800 5402 et

2213 5455 2359 5493 omne
2386 5438 2544 5494 viride
2571 5441 2682 5511 agri
2719 5450 2987 5513 antequam
3013 5449 3140 5494 esset
3167 5457 3318 5510 super
3343 5450 3546 5506 terram,
3578 5449 3625 5492 et
3651 5455 3802 5492 omne

2214 5533 2386 5601 fenum
2422 5529 2532 5602 agri
2564 5539 2832 5601 antequam
2857 5532 3140 5585 exoriretur
3161 5529 3344 5600 (lbid.,
3369 5529 3420 5591 4,
3438 5528 3491 5600 5)
3516 5545 3529 5594 ;
3556 5527 3803 5582 attestari

2214 5621 2373 5676 etiam
2404 5621 2543 5691 quod
2581 5621 2708 5677 alibi
2748 5623 3000 5692 scriptum
3029 5631 3130 5685 est,
3163 5621 3262 5686 Qui
3286 5620 3404 5674 uiuit
3429 5619 3484 5674 in
3505 5627 3751 5673 azternum
3781 5657 3798 5683 ,

2216 5713 2398 5767 creavit
2425 5712 2596 5767 omnia
2617 5712 2770 5769 simul
2793 5711 2978 5786 (Eccli.
3011 5725 3163 5778 xvnt,
3193 5709 3246 5781 l)
3279 5727 3292 5764 :
3325 5724 3435 5767 non
3459 5717 3542 5768 est
3579 5706 3803 5765 dubium

2279 5825 2300 5860 ι
2320 5833 2428 5878 uss.
2451 5838 2604 5891 prope
2623 5837 2815 5892 omnes,
2833 5827 2882 5878 et
2900 5829 3042 5878 erunt
3061 5821 3220 5876 ambo.
