4090 6450
336 361 431 424 δη

335 485 437 541 hoc
460 478 607 552 quod
646 477 808 533 homo
840 470 908 529 de
942 467 1072 527 limo
1101 473 1258 525 terra:
1286 464 1476 522 fluetus
1499 468 1603 531 est,
1628 458 1784 531 eique
1809 456 1920 513 for—

334 581 479 629 mata
503 587 643 628 uxor
678 585 745 627 ex
783 569 969 634 latere,
1013 564 1122 635 iam
1163 574 1270 616 non
1309 557 1376 615 ad
1417 553 1773 614 conditionem
1818 564 1922 621 qua

333 663 497 721 simul
539 660 721 716 omnia
757 658 894 714 facta
922 666 1072 723 sunt,
1115 652 1416 725 pertinere,
1445 648 1637 720 quibus
1673 642 1924 719 perfectis

332 754 600 827 requievit
626 753 799 818 Deus;
830 750 925 806 sed
946 749 1013 804 ad
1032 764 1151 805 eam
1177 746 1564 819 Operationem,
1592 758 1710 814 qua:
1729 740 1787 797 fit
1808 739 1921 811 iam

333 861 431 918 per
455 843 727 901 volumina
759 840 1095 907 saeculorum,
1126 853 1230 909 qua
1268 852 1435 910 usque
1469 850 1612 892 nunc
1651 841 1920 904 operatur.

408 937 469 995 5.
496 938 614 993 Huc
638 934 844 992 accedit
879 932 1020 1005 quod
1057 932 1171 1003 ipsa
1213 930 1371 985 etiam
1398 928 1559 985 verba
1584 927 1772 998 quibus
1796 940 1923 981 nar-

334 1037 489 1087 ratur
510 1026 781 1100 quomodo
811 1026 951 1099 Deus
975 1023 1276 1095 paradisum
1300 1019 1639 1095 plantaverit,
1668 1019 1723 1075 in
1752 1032 1924 1089 eoque

335 1122 613 1177 hominem
639 1132 798 1189 quem
819 1116 1019 1172 fecerat
1040 1112 1334 1179 collocarit,
1356 1111 1421 1167 ad
1442 1125 1671 1181 eumque
1692 1109 1926 1165 adduxe-

335 1214 407 1270 rit
428 1211 701 1277 animalia,
727 1208 921 1280 quibus
941 1207 1157 1261 nomina
1177 1205 1493 1275 imponeret,
1517 1203 1570 1258 in
1591 1200 1782 1273 quibus
1802 1214 1923 1255 cum

310 1304 664 1376 adiutorium
690 1301 866 1358 simile
907 1299 985 1356 illi
1026 1313 1133 1353 non
1174 1296 1360 1353 fuisset
1402 1295 1693 1362 inventum,
1722 1302 1849 1349 tunc
1871 1291 1926 1349 ei

337 1398 619 1453 mulierem
652 1402 802 1450 costa
853 1392 971 1463 eius
1005 1390 1242 1447 detracta
1286 1386 1613 1453 formaverit,
1661 1386 1791 1441 satis
1826 1399 1927 1441 nos

338 1488 632 1545 admonent
662 1485 775 1540 haec
813 1499 921 1539 non
963 1481 1031 1538 ad
1073 1481 1217 1537 illam
1245 1478 1607 1550 operationem
1636 1477 1729 1534 Dei
1758 1476 1927 1548 perti-

340 1593 490 1643 nere,
521 1575 666 1631 unde
705 1573 969 1645 requievit
1009 1571 1063 1628 in
1108 1570 1198 1626 die
1233 1568 1481 1640 septimo,
1522 1567 1617 1630 sed
1660 1566 1726 1622 ad
1769 1567 1927 1622 istam

341 1668 516 1737 potius
544 1680 650 1737 qua
692 1680 790 1736 per
825 1674 1125 1734 temporum
1154 1675 1341 1717 cursus
1372 1674 1541 1731 usque
1567 1673 1708 1713 nunc
1734 1672 1926 1727 Opera-

342 1768 446 1813 tur.
473 1755 610 1812 Cum
640 1756 783 1811 enim
813 1753 1091 1826 paradisus
1121 1752 1470 1824 plantaretur,
1501 1750 1571 1805 ita
1603 1760 1786 1805 narrat
1815 1767 1828 1804 :
1860 1749 1927 1804 Et

342 1848 588 1921 plantavit
615 1847 755 1903 Deus
783 1847 1075 1919 paradisum
1104 1846 1160 1900 in
1186 1842 1335 1899 Eden
1363 1842 1432 1898 ad
1460 1844 1722 1911 orientem,
1747 1853 1795 1898 et
1830 1858 1926 1915 po-

340 1942 438 1997 suit
465 1940 538 1994 ibi
566 1938 819 1993 hominem
861 1954 1011 2011 quem
1047 1937 1283 2008 ﬁnxerat.
1314 1934 1380 1991 Et
1404 1936 1548 2007 ejecit
1588 1936 1725 1991 Deus
1761 1936 1929 1990 adhuc

343 2034 404 2088 de
428 2042 564 2086 terra
590 2048 742 2086 omne
768 2030 962 2101 lignum
989 2029 1254 2100 pulchrum
1280 2027 1349 2084 ad
1375 2036 1652 2100 aspectum,
1676 2036 1723 2082 et
1744 2028 1929 2082 bonum

341 2124 411 2178 ad
439 2140 603 2179 escam
632 2121 783 2195 (Gen.
809 2137 867 2188 It,
890 2122 944 2187 8,
973 2121 1053 2192 9).

410 2215 640 2273 CAPUT
676 2214 766 2271 ιν.
797 2245 873 2258 -
897 2213 1046 2269 Idem
1070 2213 1370 2285 expenditur
1385 2212 1458 2269 ad
1482 2211 1609 2269 Gen.
1631 2228 1689 2281 η,
1720 2212 1773 2277 8,
1799 2210 1855 2269 9.

410 2306 547 2364 Cum
574 2307 703 2363 dicit
730 2321 889 2377 ergo,
920 2304 1085 2379 Ejecit
1118 2305 1287 2360 adhuc
1308 2305 1373 2361 de
1395 2314 1530 2361 terra
1554 2321 1701 2360 omne
1737 2305 1929 2374 lignum

342 2399 613 2472 pulchrum
638 2397 706 2452 ad
727 2408 1023 2469 aspectum;
1055 2397 1354 2453 manifestat
1376 2396 1558 2466 utique
1593 2396 1736 2468 quod
1777 2396 1930 2450 aliter

340 2505 486 2549 nunc
516 2490 735 2561 eiecerit
760 2489 831 2545 de
857 2498 995 2545 terra
1026 2489 1245 2559 lignum,
1274 2487 1429 2542 aliter
1465 2495 1591 2542 tunc
1626 2501 1744 2541 cum
1774 2486 1931 2543 tertio

342 2582 430 2640 die
456 2582 705 2653 produxit
735 2590 874 2637 terra
912 2579 1131 2637 herbam
1158 2578 1357 2650 pabuli,
1379 2578 1728 2635 seminantem
1746 2593 1930 2634 semen

342 2673 638 2731 secundum
665 2687 832 2744 genus
858 2687 1035 2739 suum,
1066 2679 1121 2728 et
1147 2670 1347 2742 lignum
1376 2669 1703 2726 fructuosum
1735 2682 1929 2725 secun-

342 2764 471 2821 dum
497 2780 654 2821 suum
679 2780 866 2835 genus.
896 2763 1009 2820 lloc
1036 2771 1118 2818 est
1143 2763 1306 2827 enim,
1332 2759 1500 2833 Ejecit
1526 2760 1695 2815 adhuc
1713 2799 1730 2828 ,
1770 2775 1932 2832 super

343 2858 475 2915 illud
518 2857 723 2914 scilicet
752 2856 893 2928 quod
925 2856 1035 2927 iam
1064 2856 1296 2926 eiecerat
1323 2875 1339 2915 :
1371 2862 1497 2910 tunc
1536 2854 1715 2926 utique
1742 2862 1931 2924 poten-

343 2951 542 3007 tialiter
577 2958 633 3006 et
674 2948 958 3006 causaliter
994 2949 1048 3005 in
1086 2964 1249 3019 opere
1278 2948 1573 3018 pertinente
1610 2949 1676 3004 ad
1704 2948 1931 3005 creando

342 3043 522 3097 omnia
554 3041 745 3106 simul,
781 3056 815 3097 a
843 3041 1034 3111 quibus
1074 3040 1456 3096 consummatis
1489 3040 1542 3096 in
1576 3040 1664 3097 die
1705 3042 1931 3111 septimo

341 3134 646 3204 requievit;
678 3147 819 3188 nunc
851 3141 1028 3188 autem
1055 3132 1332 3188 visibiliter
1357 3132 1409 3188 in
1436 3146 1599 3203 opere
1635 3134 1932 3204 pertinente

343 3225 411 3281 ad
447 3234 748 3295 temporum
768 3239 1002 3289 cursum,
1032 3223 1167 3279 sicut
1194 3238 1364 3294 usque
1390 3237 1530 3279 nunc
1553 3230 1822 3294 operatur.

426 3317 483 3374 6.
511 3317 622 3372 Nisi
650 3315 787 3372 forte
814 3317 931 3386 quis
957 3315 1099 3370 dicat
1121 3330 1226 3370 non
1253 3329 1413 3370 omne
1437 3314 1564 3387 ligni
1583 3329 1750 3386 genus
1772 3312 1931 3370 tertio

345 3413 436 3472 die
454 3425 714 3479 creatum,
735 3412 829 3467 sed
845 3412 1061 3468 dilatum
1087 3409 1286 3482 aliquid
1302 3409 1440 3481 quod
1466 3419 1616 3466 sexto
1634 3416 1928 3475 crearetur,

346 3519 469 3560 cum
516 3503 679 3559 homo
722 3500 893 3558 factus
921 3510 1004 3557 est
1030 3509 1189 3572 atque
1218 3501 1273 3557 in
1303 3500 1546 3571 paradiso
1588 3500 1928 3555 constitutus.

344 3595 453 3651 Sed
480 3610 601 3666 quae
625 3602 780 3651 sexto
805 3593 892 3649 die
915 3602 1092 3649 creata
1118 3601 1262 3660 sunt,
1292 3592 1627 3663 apertissime
1660 3591 1931 3660 Scriptura

346 3687 617 3753 declarat;
640 3687 815 3741 anima
832 3687 951 3742 viva
979 3686 1186 3743 scilicet
1209 3685 1498 3742 secundum
1522 3684 1933 3756 unumquodque

345 3794 543 3850 genus,
574 3777 975 3849 quadrupedum
1018 3786 1074 3835 et
1117 3780 1413 3847 repentium
1442 3785 1495 3833 et
1521 3778 1807 3833 bestiarum
1830 3819 1846 3845 ,
1879 3785 1934 3834 et

347 3870 467 3939 ipse
501 3868 666 3925 homo
716 3870 786 3925 ad
832 3870 1114 3941 imaginem
1160 3870 1251 3925 Dei
1303 3870 1569 3924 masculus
1615 3878 1669 3925 et
1714 3870 1929 3925 femina.

347 3959 581 4017 Proinde
604 3962 776 4030 potuit
813 3962 1216 4031 praetermittere
1242 3960 1509 4030 quomodo
1542 3961 1609 4015 sit
1650 3959 1812 4015 homo
1852 3960 1931 4017 fa-

347 4059 492 4115 ctus,
517 4065 674 4121 quem
701 4059 876 4107 tamen
901 4052 1017 4121 ipso
1041 4050 1128 4106 die
1152 4049 1348 4105 factum
1368 4065 1485 4107 esse
1506 4052 1758 4119 narravit,
1774 4059 1930 4108 utre-

349 4144 695 4216 capitulando
716 4154 919 4216 postea,
942 4143 1388 4216 quemadmodum
1409 4144 1568 4198 etiam
1584 4143 1752 4199 factus
1777 4143 1935 4200 fuerit

350 4239 645 4306 intimaret,
674 4238 779 4295 hoc
806 4246 889 4295 est
916 4239 984 4294 de
1011 4246 1165 4292 terrae
1205 4236 1443 4306 pulvere,
1475 4245 1529 4291 et
1555 4236 1746 4290 mulier
1768 4235 1844 4290 illi
1869 4236 1934 4291 de

349 4330 554 4397 latere;
582 4346 687 4386 non
713 4339 889 4387 tamen
914 4329 1125 4402 aliquod
1142 4338 1402 4384 creatura:
1430 4344 1595 4400 genus
1618 4330 1937 4400 praztermit-

348 4430 487 4490 tere,
515 4422 603 4478 vel
631 4424 681 4478 in
712 4438 777 4478 eo
803 4422 943 4492 quod
972 4422 1105 4477 dixit
1124 4423 1284 4489 Deus,
1309 4421 1447 4489 Fiat,
1474 4423 1609 4490 sive,
1637 4421 1931 4491 Faciamus,

349 4513 439 4568 vel
467 4514 522 4569 in
563 4529 630 4570 eo
664 4514 804 4585 quod
843 4513 1063 4582 dicitur,
1095 4514 1186 4570 Sic
1220 4522 1294 4569 est
1330 4518 1558 4586 factum,
1606 4515 1747 4581 sive,
1793 4514 1935 4570 Fecit

350 4604 511 4659 Deus.
539 4606 783 4677 Alioquin
800 4605 991 4661 frustra
1020 4621 1116 4677 per
1137 4606 1372 4675 singulos
1394 4606 1507 4661 dies
1528 4613 1634 4677 tam
1655 4607 1936 4675 diligenter

352 4694 601 4751 distincta
648 4706 774 4752 sunt
809 4697 1008 4765 omnia,
1039 4697 1083 4751 si
1125 4696 1490 4766 permixtionis
1527 4697 1730 4752 dierum
1763 4706 1938 4768 potest

355 4786 460 4841 ulla
498 4785 737 4856 suspicio
777 4787 1029 4854 residere,
1064 4797 1121 4843 ut
1146 4803 1267 4843 cum
1298 4786 1461 4843 herba
1491 4796 1547 4843 et
1586 4788 1783 4858 lignum
1831 4789 1935 4844 diei

357 4875 516 4932 tertio
562 4876 634 4932 sit
670 4876 978 4932 attributum
1003 4919 1019 4945 ,
1068 4878 1242 4949 aliqua
1286 4878 1427 4949 ligna
1471 4878 1629 4933 etiam
1672 4889 1824 4934 sexto
1851 4878 1937 4935 die

352 4975 535 5021 creata
561 4982 683 5023 esse
707 4968 1022 5036 credamus,
1059 4985 1175 5040 quae
1212 4971 1329 5040 ipso
1364 4979 1518 5025 sexto
1543 4970 1632 5026 die
1663 4970 1935 5043 Scriptura

356 5058 604 5114 tacuerit.

730 5129 958 5187 CAPUT
994 5130 1058 5186 ν.
1085 5161 1159 5174 -
1184 5132 1263 5187 De
1287 5133 1459 5188 eadem
1486 5151 1562 5191 re.

429 5219 483 5273 7.
509 5220 789 5276 Postremo
818 5221 941 5293 quid
968 5223 1408 5293 respondebimus
1431 5226 1497 5281 de
1516 5226 1698 5284 bestiis
1721 5228 1853 5300 agri,
1884 5238 1938 5286 et

355 5310 664 5366 volatilibus
690 5312 833 5380 coeli,
860 5329 978 5383 qua:
1003 5314 1221 5370 adduxit
1264 5316 1405 5373 Deus
1446 5317 1513 5373 ad
1556 5319 1747 5388 Adam,
1775 5331 1832 5375 ut
1856 5322 1939 5377 vi-

355 5400 651 5472 deretquid
672 5418 734 5458 ea
756 5405 1006 5482 vocaret?
1031 5405 1181 5474 Quod
1207 5408 1279 5464 ita
1303 5410 1559 5481 scriptum
1579 5420 1662 5468 est
1683 5430 1697 5467 :
1725 5412 1793 5467 Et
1812 5414 1939 5469 dixit

357 5491 610 5549 Dominus
645 5495 817 5562 Deus;
844 5496 964 5553 Non
1001 5508 1074 5555 est
1115 5498 1300 5556 bonum
1324 5518 1433 5560 esse
1458 5502 1708 5561 hominem
1736 5504 1940 5574 solum;

334 5588 613 5657 faciamus
653 5586 734 5645 illi
784 5590 1094 5663 adjutorium
1135 5595 1412 5651 secundum
1449 5596 1637 5669 ipsum.
1679 5597 1748 5652 Et
1793 5599 1943 5670 ﬁnxit

359 5675 505 5732 Deus
538 5677 709 5735 adhuc
739 5679 805 5737 de
827 5689 961 5738 terra
984 5699 1155 5740 omnes
1182 5685 1362 5743 bestias
1380 5688 1509 5761 agri,
1537 5697 1587 5745 et
1609 5690 1942 5753 omniaeola-

357 5769 474 5826 tilia
520 5772 674 5844 cali,
712 5782 767 5831 et
808 5773 1025 5833 odduaz't
1063 5775 1157 5833 illa
1196 5777 1267 5835 ad
1310 5778 1495 5851 Adam,
1525 5790 1580 5838 ut
1604 5783 1791 5843 videret
1818 5787 1943 5860 quid

1732 340 1938 399 LIBER
1972 338 2258 404 SEXTUS.

3500 357 3606 414 3i!

2026 486 2224 536 vocaret
2258 478 2351 537 illa
2377 495 2398 537 :
2423 487 2471 537 et
2497 496 2645 539 omne
2664 480 3010 559 quodcumque
3046 485 3175 542 illud
3200 488 3388 543 vocavit
3432 490 3595 545 Adam

2026 571 2250 634 animam
2292 573 2474 642 uiuam,
2520 574 2614 630 hoc
2641 591 2822 632 nomen
2846 585 2919 633 est
2946 578 3104 634 illius.
3137 577 3199 633 Et
3222 581 3412 635 vocavit
3439 581 3605 635 Adam

2028 661 2233 718 nomina
2260 663 2489 720 omnibus
2518 665 2778 737 pecoribus
2804 676 2852 725 et
2874 668 3102 725 omnibus
3136 669 3427 728 volatilibus
3450 672 3563 728 cali
3584 712 3605 738 ,

2027 762 2075 807 et
2110 754 2339 810 omnibus
2388 756 2552 812 bestiis
2584 758 2715 830 agri.
2764 757 2888 816 Ade
2912 770 3079 816 autem
3122 776 3225 819 non
3266 772 3341 820 est
3380 765 3611 820 inventus

2028 845 2235 918 adjutor
2282 848 2461 905 similis
2511 850 2629 921 ipsi.
2677 849 2746 907 Et
2787 851 2958 925 injecit
3016 851 3155 917 Deus
3195 856 3372 911 mentis
3413 854 3609 910 aliena-

2030 936 2214 992 tionem
2238 955 2389 1010 super
2408 938 2595 1007 Adam,
2623 950 2669 995 et
2697 939 2992 997 obdormivit
3009 982 3025 1009 ,
3046 952 3094 997 et
3126 945 3336 1017 sumpsit
3356 962 3511 998 unam
3548 945 3615 1000 de

2029 1028 2179 1083 costis
2205 1030 2335 1100 ejus,
2368 1041 2416 1085 et
2445 1032 2733 1103 adimplevit
2752 1048 2955 1088 carnem
2978 1032 3030 1088 in
3055 1033 3220 1090 locum
3247 1035 3377 1106 ejus,
3412 1046 3459 1090 et
3482 1036 3609 1091 cedi-

2030 1119 2199 1189 ﬁcavit
2226 1120 2475 1176 Dominus
2497 1122 2635 1179 Deus
2659 1132 2868 1190 costam,
2896 1140 3046 1195 quam
3081 1124 3294 1195 sumpsit
3321 1125 3383 1179 de
3404 1126 3567 1180 Adam
3587 1166 3607 1194 ,

2029 1210 2081 1264 in
2105 1210 2361 1266 mulierem
2390 1210 2541 1283 (Gen.
2572 1229 2641 1282 ιι,
2674 1213 2878 1284 18-22).
2914 1214 2970 1271 Si
3016 1231 3143 1286 ergo
3179 1226 3569 1287 consequenter
3591 1259 3606 1283 ,

2030 1322 2150 1363 cum
2197 1310 2249 1364 in
2297 1310 2579 1381 pecoribus
2620 1320 2676 1368 et
2711 1310 2894 1367 bestiis
2921 1312 3035 1381 agri
3062 1320 3116 1366 et
3141 1311 3441 1368 volatilibus
3486 1312 3609 1369 caali

2031 1416 2141 1457 non
2165 1412 2307 1459 esset
2335 1402 2604 1459 inventum
2634 1404 2955 1474 adiutorium
2993 1404 3169 1461 simile
3215 1404 3438 1472 homini,
3486 1405 3609 1461 fecit

2029 1494 2079 1549 ei
2110 1494 2252 1549 Deus
2278 1494 2595 1565 adiutorium
2623 1495 2797 1552 simile
2825 1495 2893 1552 de
2920 1504 3066 1553 costa
3103 1497 3286 1555 lateris
3314 1497 3463 1568 eius;
3505 1497 3609 1554 hoc

2030 1594 2204 1641 autem
2250 1585 2442 1642 factum
2478 1597 2561 1644 est
2585 1603 2705 1644 cum
2733 1588 2948 1646 easdem
2974 1588 3173 1645 bestias
3201 1592 3311 1661 agri
3339 1601 3393 1647 et
3421 1591 3609 1647 volati-

2031 1676 2098 1731 lia
2146 1677 2270 1732 οωιί
2316 1678 2489 1734 adhuc
2516 1679 2584 1735 de
2613 1687 2754 1735 terra
2791 1680 3071 1748 ﬁnxisset,
3110 1691 3164 1737 et
3203 1681 3269 1736 ad
3317 1683 3466 1737 illum
3510 1682 3610 1739 ad-

2030 1766 2268 1824 duxisset
2297 1786 2311 1825 :
2338 1770 2601 1839 quomodo
2627 1780 2783 1826 sexto
2809 1770 2894 1828 die
2917 1771 3113 1827 factum
3136 1772 3234 1826 hoc
3260 1782 3432 1843 potest
3452 1774 3609 1828 intel-

2030 1859 2118 1930 ligi
2145 1901 2160 1927 ,
2210 1862 2636 1932 quandoquidem
2682 1864 2773 1919 illo
2801 1863 2887 1920 die
2922 1864 3167 1935 produxit
3201 1874 3340 1921 terra
3376 1866 3608 1920 animam

2029 1955 2204 2010 vivam
2234 1956 2523 2010 secundum
2550 1956 2771 2012 verbum
2813 1958 2940 2023 Dei;
2984 1957 3217 2012 volatilia
3260 1971 3389 2013 vero
3426 1958 3614 2028 quinto

2030 2042 2117 2101 die
2168 2044 2531 2114 produxerunt
2568 2061 2720 2117 aqua:
2759 2047 3003 2103 similiter
3053 2046 3344 2103 secundum
3391 2047 3610 2102 verbum

2035 2136 2165 2192 Dei?
2188 2136 2305 2192 Non
2334 2137 2512 2207 itaque
2538 2137 2623 2193 hic
2651 2139 2949 2205 diceretur,
2982 2138 3051 2194 Et
3088 2138 3237 2210 ﬁnxit
3282 2138 3417 2194 Deus
3443 2139 3610 2193 adhuc

2032 2226 2097 2282 de
2135 2237 2268 2283 terra
2305 2244 2478 2284 omnes
2516 2227 2698 2284 bestias
2734 2230 2880 2301 agri,
2927 2240 2975 2284 et
3013 2231 3183 2285 omnia
3211 2230 3435 2285 volatilia
3460 2230 3610 2297 coeli,

2032 2320 2135 2375 nisi
2153 2320 2276 2391 quia
2299 2320 2410 2391 iam
2431 2329 2567 2377 terra
2588 2320 2905 2392 produxerat
2920 2337 3109 2378 omnes
3122 2323 3318 2378 bestias
3334 2323 3441 2393 agri
3460 2334 3614 2378 sexto

2033 2412 2141 2480 die,
2172 2422 2227 2468 et
2260 2428 2396 2484 aqua
2439 2413 2618 2470 omnia
2661 2414 2892 2469 volatilia
2934 2414 3057 2470 cmli
3099 2414 3283 2485 quinto
3311 2414 3417 2469 die.
3447 2415 3616 2469 Aliter

2032 2520 2161 2573 ergo
2183 2513 2329 2573 tunc,
2362 2504 2413 2559 id
2443 2516 2524 2560 est
2552 2505 2911 2575 potentialiter
2938 2514 3096 2576 atque
3120 2506 3434 2570 causaliter,
3478 2506 3615 2560 sicut

2035 2594 2107 2649 illi
2137 2595 2281 2665 operi
2312 2595 2668 2663 competebat,
2685 2611 2790 2666 quo
2815 2597 3015 2652 creavit
3035 2596 3209 2651 omnia
3236 2596 3412 2660 simul,
3442 2612 3470 2649 a
3492 2596 3613 2666 qui-

2033 2684 2132 2739 bus
2155 2684 2207 2739 in
2236 2684 2322 2740 die
2350 2687 2577 2754 septimo
2603 2686 2861 2756 requievit
2886 2703 2899 2739 :
2923 2686 3076 2741 aliter
3092 2695 3267 2743 autem
3293 2701 3453 2752 nunc,
3478 2687 3617 2741 sicut

2034 2791 2095 2831 ea
2124 2776 2363 2832 videmus
2383 2816 2397 2840 ,
2425 2793 2543 2847 qua:
2574 2792 2667 2846 per
2702 2777 3009 2848 temporalia
3048 2778 3216 2847 spatia
3256 2786 3433 2843 creat,
3476 2778 3616 2832 sicut

2039 2883 2205 2939 usque
2231 2883 2374 2923 nunc
2394 2876 2666 2938 Operatur.
2690 2869 2765 2924 Ac
2787 2884 2880 2938 per
2906 2868 3010 2924 hoc
3030 2871 3139 2938 jam
3165 2884 3262 2941 per
3286 2868 3416 2924 istos
3446 2870 3614 2923 notis-

2035 2962 2200 3016 simos
2244 2960 2375 3015 lucis
2402 2960 2695 3030 corporalis
2722 2960 2856 3027 dies,
2902 2962 2991 3031 qui
3036 2961 3258 3016 circuitu
3288 2962 3414 3016 solis
3441 2962 3609 3028 liunt,

2038 3051 2142 3105 Eva
2171 3050 2307 3105 facta
2326 3060 2404 3106 est
2430 3050 2495 3105 de
2514 3052 2679 3107 latere
2695 3052 2791 3105 viri
2811 3052 2913 3107 sui.
2930 3052 3079 3109 Tunc
3104 3052 3245 3107 enim
3276 3053 3413 3107 Deus
3438 3052 3613 3107 adhuc

2038 3140 2186 3195 tinxit
2209 3141 2277 3197 de
2303 3148 2440 3196 terra
2471 3141 2666 3196 bestias
2704 3150 2760 3198 et
2799 3143 3047 3207 volatilia,
3076 3143 3128 3197 in
3155 3144 3483 3213 quibuscum
3513 3142 3613 3197 ad—

2031 3230 2286 3301 iutorium
2328 3233 2500 3287 simile
2541 3232 2639 3302 ipsi
2682 3232 2851 3287 Adam
2884 3250 2987 3288 non
3019 3242 3163 3288 esset
3191 3235 3492 3299 inventum,
3522 3233 3612 3289 illa

2037 3322 2261 3378 formata
2310 3333 2409 3378 est.
2456 3322 2513 3379 In
2545 3324 2736 3379 talibus
2762 3338 2889 3394 ergo
2927 3324 3114 3382 diebus
3150 3325 3311 3380 etiam
3347 3325 3521 3396 ipsum
3546 3324 3615 3380 de

2036 3412 2163 3468 limo
2191 3413 2337 3477 ﬁnxit
2366 3414 2524 3468 Deus.

2106 3504 2159 3560 8.
2192 3504 2372 3575 Neque
2410 3505 2550 3560 enim
2590 3505 2873 3562 dicendum
2903 3516 3020 3573 est,
3066 3508 3359 3563 masculum
3400 3507 3613 3577 quidem

2037 3606 2189 3649 sexto
2219 3594 2304 3650 die
2332 3594 2547 3660 factum,
2570 3595 2818 3651 feminam
2849 3611 2975 3652 vero
2992 3597 3374 3668 posterioribus
3397 3597 3612 3663 diebus;

2037 3699 2155 3739 cum
2187 3685 2302 3755 ipso
2335 3696 2485 3742 sexto
2511 3686 2598 3742 die
2622 3687 2956 3756 apertissime
2981 3686 3180 3743 dictum
3209 3688 3298 3755 sil,
3328 3688 3616 3743 Masculum

2035 3784 2080 3830 et
2122 3776 2361 3847 feminam
2391 3777 2507 3847 fecit
2532 3793 2617 3833 eos
2640 3818 2655 3844 ,
2686 3786 2735 3833 et
2763 3776 3015 3832 benedixit
3038 3793 3141 3846 eos,
3174 3787 3229 3833 et
3252 3786 3466 3844 cmtera,
3497 3794 3617 3849 qua:

2036 3867 2103 3921 de
2128 3867 2387 3923 ambobus
2413 3876 2467 3925 et
2494 3868 2560 3923 ad
2588 3870 2775 3926 ambos
2819 3869 3086 3926 dicuntur.
3132 3870 3301 3927 Aliter
3333 3887 3460 3941 ergo
3491 3880 3616 3926 tunc

2035 3959 2215 4027 ambo,
2262 3968 2315 4015 et
2350 3975 2490 4016 nunc
2514 3960 2669 4017 aliter
2696 3962 2853 4017 ambo
2884 3980 2898 4017 :
2929 3970 3056 4018 tunc
3082 3962 3288 4018 scilicet
3323 3964 3615 4019 secundum

2038 4051 2324 4120 potentiam
2349 4066 2443 4121 per
2458 4052 2677 4107 verbum
2696 4051 2790 4108 Dei
2810 4062 3056 4124 tanquam
3077 4053 3400 4111 seminaliter
3418 4055 3616 4111 mundo

2038 4140 2282 4207 inditam,
2309 4156 2431 4196 cum
2472 4143 2671 4197 creavit
2707 4143 2883 4198 omnia
2927 4144 3105 4212 simul,
3135 4160 3166 4199 a
3194 4144 3386 4214 quibus
3431 4145 3486 4200 in
3530 4145 3617 4201 die

2037 4234 2264 4302 septimo
2288 4233 2565 4304 requievit,
2593 4251 2661 4291 ex
2690 4237 2880 4305 quibus
2900 4238 3076 4292 omnia
3100 4238 3210 4292 suis
3228 4253 3451 4308 quaeque
3477 4244 3615 4293 tem-

2038 4324 2256 4392 poribus
2294 4324 2403 4394 jam
2454 4342 2547 4395 per
2589 4328 2902 4382 smculorum
2943 4328 3181 4384 ordinem
3230 4328 3443 4393 fierent;
3475 4343 3615 4384 nunc

2037 4424 2214 4470 autem
2253 4415 2545 4472 secundum
2581 4419 2942 4487 operationem
2981 4417 3318 4488 prtebendam
3363 4421 3617 4487 tempori-

2040 4511 2157 4577 bus,
2186 4528 2286 4583 qua
2312 4530 2480 4585 usque
2506 4531 2646 4571 nune
2672 4525 2937 4586 operatur,
2969 4524 3023 4572 et
3044 4519 3321 4587 oportebat
3340 4519 3448 4590 iam
3477 4530 3616 4576 tem-

2040 4618 2172 4672 pore
2200 4618 2297 4658 suo
2321 4604 2433 4659 ﬁeri
2461 4605 2629 4660 Adam
2657 4605 2725 4662 de
2753 4606 2881 4663 limo
2907 4615 3082 4677 terrae,
3101 4609 3319 4681 eiusque
3339 4613 3613 4668 mulierem

2039 4709 2103 4749 ex
2146 4695 2243 4749 viri
2272 4694 2456 4751 latere.
2922 4745 2938 4753 -

2040 4783 2265 4841 CAPUT
2297 4785 2383 4841 Vl.
2414 4816 2487 4828 —
2514 4786 2826 4844 Sententiam
2849 4807 2997 4850 suam
3023 4792 3264 4862 liquidius
3292 4796 3529 4866 explicat,
3555 4812 3617 4851 ne

2582 4880 2714 4934 male
2740 4881 3068 4954 intelligatur.

2111 4966 2166 5024 9.
2195 4967 2249 5023 In
2280 4983 2379 5039 qua
2406 4969 2778 5029 distributione
2800 4990 3020 5044 operum
3050 4977 3165 5045 Dei,
3190 4978 3381 5046 partim
3405 4979 3473 5033 ad
3499 4978 3617 5033 illos

2040 5058 2156 5114 dies
2199 5059 2490 5115 invisibiles
2531 5063 2925 5131 pertinentium,
2969 5068 3162 5137 quibus
3202 5070 3401 5124 creavit
3440 5071 3614 5124 omnia

2041 5147 2197 5203 simul
2215 5190 2231 5215 ,
2269 5150 2462 5219 partim
2490 5152 2557 5206 ad
2588 5151 2719 5208 istos
2742 5156 3029 5224 appositos,
3070 5157 3125 5213 in
3151 5159 3341 5227 quibus
3369 5167 3617 5229 operatur

2042 5238 2281 5308 quotidie
2304 5241 2555 5311 quidquid
2581 5259 2646 5299 ex
2677 5245 2782 5300 illis
2809 5254 3054 5318 tanquam
3084 5248 3365 5304 involucris
3393 5251 3620 5319 primor-

2044 5329 2270 5385 dialibus
2300 5331 2353 5386 in
2374 5342 2613 5404 tempore
2633 5337 2910 5406 evolvitur,
2934 5339 2977 5392 si
3009 5354 3113 5393 non
3140 5340 3435 5410 importune
3463 5350 3621 5414 atque

2045 5421 2275 5477 absurde
2296 5423 2580 5493 Scripturre
2614 5429 2771 5484 verba
2813 5430 2982 5487 secuti
3023 5445 3241 5498 sumus,
3288 5449 3403 5503 qua:
3432 5451 3529 5490 nos
3555 5439 3621 5490 ad

2050 5513 2163 5568 lucc
2180 5514 2549 5588 distinguenda
2568 5520 2861 5590 duxerunt;
2890 5522 3179 5578 cavendum
3207 5534 3289 5579 est
3317 5542 3381 5581 ne
3409 5536 3623 5596 propter

2050 5606 2283 5679 ipsarum
2330 5625 2509 5666 rerum
2558 5613 2827 5683 aliquanto
2864 5614 3132 5670 difficilem
3179 5619 3572 5688 perceptionem
3608 5662 3620 5681 ,

2054 5715 2210 5772 quam
2241 5702 2503 5760 tardior-ts
2531 5707 2738 5776 assequi
2780 5721 2885 5762 non
2913 5707 3212 5774 sufﬁciunt,
3255 5720 3497 5780 putemur
3527 5712 3623 5765 ali-

2054 5791 2180 5861 quid
2225 5793 2425 5851 sentire
2451 5809 2514 5851 ac
2542 5795 2739 5858 dicere.
2772 5798 2911 5854 ouod
2952 5800 3147 5856 scimus
3184 5815 3280 5857 nos
3306 5817 3404 5860 nec
3431 5802 3625 5861 sentire
