4090 6472
489 393 595 454 343

489 524 591 567 nec
628 508 825 564 dicere.
853 505 1162 579 Quanquam
1194 506 1332 563 enim
1359 505 1782 577 prtecedentibus
1806 502 2066 561 sermoni-

486 602 609 668 bus,
639 609 892 671 quantum
917 601 1201 670 potuerim,
1219 599 1471 654 lectorem
1499 597 1925 668 przestruxerim;
1956 596 2073 667 plu-

486 707 574 747 res
615 701 790 746 tamen
831 692 1058 746 arbitror
1083 691 1308 761 caligare
1335 691 1384 744 in
1413 689 1495 744 his
1523 689 1675 751 locis,
1705 698 1759 744 et
1783 698 1967 758 putare
1999 687 2069 742 ita

485 783 651 839 fuisse
691 784 834 853 prius
875 783 1140 838 hominem
1173 781 1224 835 in
1256 781 1346 836 illo
1375 781 1467 835 Dei
1495 795 1654 849 opere
1676 820 1693 846 ,
1741 796 1848 850 quo
1881 788 2069 834 cuncta

483 875 643 930 simul
687 885 864 930 creata
902 883 1040 939 sunt,
1076 882 1136 928 ut
1163 873 1392 944 aliquam
1421 873 1581 926 vitam
1607 871 1859 937 duceret,
1889 879 1948 925 ut
1975 869 2070 926 Dei

483 968 807 1022 locutionem
837 965 899 1020 ad
930 981 987 1020 se
1013 965 1287 1028 directam,
1313 978 1432 1018 cum
1459 963 1594 1017 dixit
1619 962 1776 1024 Deus,
1802 959 1934 1015 Ecce
1953 960 2072 1014 dedi

485 1059 622 1113 vobis
649 1075 793 1112 omne
822 1057 1058 1127 pabulum
1085 1055 1343 1122 seminale,
1371 1055 1743 1119 discerneret,
1780 1052 2023 1108 crederet
2049 1094 2066 1120 ,

482 1152 825 1222 intelligeret.
849 1149 1063 1205 Noverit
1091 1163 1218 1219 ergo
1243 1148 1335 1220 qui
1366 1147 1470 1203 hoc
1501 1154 1670 1218 putat,
1699 1161 1805 1200 non
1845 1145 1953 1200 hoc
1983 1159 2070 1200 me

483 1241 737 1306 sensisse,
767 1255 937 1310 neque
971 1239 1187 1294 dixisse.

556 1331 643 1386 lo.
676 1329 788 1386 Sed
815 1343 1001 1385 rursus
1024 1371 1040 1396 ,
1081 1329 1123 1384 si
1150 1327 1335 1384 dixero
1364 1343 1468 1383 non
1491 1326 1570 1383 ita
1599 1328 1763 1383 fuisse
1789 1326 2064 1382 hominem

484 1423 540 1476 in
585 1422 670 1475 illa
715 1421 882 1490 prima
928 1435 1105 1475 rerum
1151 1419 1490 1482 conditione,
1536 1434 1640 1489 qua
1689 1419 1887 1472 creavit
1927 1419 2066 1472 Deus

483 1514 662 1568 omnia
689 1513 863 1577 simul,
913 1512 1066 1566 sicuti
1097 1521 1181 1568 est
1221 1527 1327 1565 non
1369 1519 1574 1566 tantum
1609 1509 1856 1580 perfectae
1897 1511 2069 1564 aetatis

482 1602 666 1666 homo,
698 1603 788 1656 sed
820 1618 888 1657 ne
914 1601 1088 1658 infans
1114 1603 1348 1672 quidem,
1380 1617 1479 1657 nec
1503 1611 1705 1656 tantum
1734 1600 1938 1669 infans,
1972 1602 2068 1658 sed

484 1708 575 1754 ne.
595 1695 935 1764 puerperium
964 1694 1176 1765 quidem
1217 1694 1269 1748 in
1298 1703 1448 1749 utero
1478 1693 1662 1748 matris
1686 1735 1702 1760 ,
1740 1710 1837 1749 nec
1865 1704 2068 1748 tantum

484 1783 610 1851 hoc,
638 1784 854 1841 scd’nce
877 1801 1065 1841 semen
1086 1786 1299 1856 quidem
1328 1785 1537 1841 visibile
1567 1785 1831 1851 hominis;
1863 1787 2071 1856 putabit

480 1877 703 1929 omnino
731 1891 834 1930 non
869 1877 1046 1932 fuisse.
1092 1877 1294 1932 Redeat
1322 1893 1449 1947 ergo
1475 1877 1540 1932 ad
1567 1877 1892 1947 Scripturam
1917 1895 1932 1946 ;
1983 1879 2067 1933 in-

483 1968 664 2022 veniet
699 1976 848 2021 sexto
883 1966 970 2022 die
1013 1967 1284 2022 hominem
1315 1968 1505 2021 factum
1532 1968 1596 2022 ad
1641 1969 1924 2038 imaginem
1953 1968 2062 2043 Dei,

481 2057 652 2112 factos
707 2066 884 2113 autem
932 2059 1227 2112 masculum
1267 2068 1321 2114 et
1362 2058 1633 2113 feminam.
1691 2059 1820 2114 hem
1867 2069 2073 2131 qtuerat

485 2149 707 2219 quando
729 2149 861 2205 facta
884 2151 953 2204 sit
977 2149 1209 2213 femina;
1237 2151 1465 2206 inveniet
1486 2160 1630 2205 extra
1658 2151 1775 2206 illos
1799 2167 1894 2207 sex
1919 2152 2065 2208 dies:

483 2250 613 2295 mne
649 2241 788 2296 enim
820 2240 958 2295 laeta
985 2249 1099 2308 est,
1127 2241 1340 2310 quando
1371 2242 1511 2296 Deus
1537 2242 1602 2297 de
1630 2251 1766 2297 terra
1797 2242 1952 2298 finxit
1976 2244 2069 2299 ad-

480 2329 589 2387 huc
613 2331 809 2386 bestias
835 2335 944 2402 agri
983 2339 1039 2386 et
1074 2331 1306 2386 volatilia
1343 2332 1494 2397 caeli;
1545 2347 1650 2386 non
1678 2333 1890 2402 quando
1917 2333 2068 2388 vola-

481 2423 594 2477 tilia
624 2423 989 2492 produxerunt
1015 2439 1202 2493 aqua),
1237 2432 1291 2478 et
1312 2425 1542 2477 animam
1565 2425 1763 2489 vivam,
1808 2425 1858 2478 in
1890 2439 1992 2494 qua
2015 2433 2070 2480 et

483 2511 673 2569 bestiae
698 2521 822 2567 sunt
844 2554 860 2580 ,
902 2513 1151 2582 produxit
1194 2524 1352 2568 terra.
1385 2513 1534 2568 Tunc
1571 2522 1748 2568 autem
1790 2514 1957 2569 factus
1987 2523 2070 2571 est

483 2602 650 2657 homo
677 2611 732 2658 et
753 2603 1020 2657 masculus
1043 2612 1096 2658 et
1119 2601 1313 2657 femina
1350 2619 1365 2658 :
1398 2618 1524 2673 ergo
1547 2613 1601 2659 et
1631 2613 1754 2659 tunc
1778 2613 1831 2659 et
1860 2613 2064 2674 postea.

483 2694 668 2765 Neque
690 2695 832 2750 enim
862 2702 986 2750 tunc
1005 2734 1019 2758 ,
1047 2704 1100 2750 et
1133 2709 1238 2749 non
1265 2704 1484 2766 postea;
1512 2703 1602 2749 aut
1628 2711 1756 2750 vero
1783 2707 1986 2765 postea,
2016 2705 2071 2752 et

485 2800 594 2841 non
628 2795 751 2841 tunc
782 2803 795 2839 :
830 2801 929 2841 nec
953 2786 1041 2862 alii
1072 2794 1278 2855 postea,
1306 2785 1401 2841 sed
1429 2786 1587 2841 iidem
1618 2787 1722 2856 ipsi
1741 2787 1896 2842 aliter
1921 2796 2065 2856 tunc,

485 2876 642 2931 aliter
666 2887 868 2946 postea.
917 2876 1130 2944 Quaeret
1156 2891 1223 2932 ex
1247 2891 1335 2931 me
1362 2877 1646 2946 quomodo.
1693 2877 2066 2947 Respondebo,

487 2967 680 3023 Postea
708 2967 1003 3034 visibiliter,
1029 2967 1166 3023 sicut
1190 2967 1394 3037 species
1419 2968 1662 3023 humana:
1682 2971 2070 3026 constitutionis

486 3067 615 3113 nota
653 3057 805 3113 nobis
843 3066 954 3124 est;
994 3073 1101 3113 non
1130 3067 1306 3115 tamen
1340 3059 1646 3128 parentibus
1671 3061 2065 3130 generantibus,

486 3149 583 3204 sed
612 3149 700 3204 ille
721 3149 798 3203 de
817 3149 964 3215 limo,
1007 3149 1096 3204 illa
1125 3149 1191 3204 de
1220 3159 1366 3203 costa
1394 3151 1527 3218 ejus.
1558 3150 1768 3217 Quzeret
1789 3160 1914 3206 tunc
1940 3168 2071 3223 quo-

487 3239 671 3294 modo.
705 3240 1062 3310 Respondebo
1080 3281 1096 3306 ,
1127 3241 1499 3308 lnvisibiliter,
1527 3243 1918 3310 potentialiter,
1946 3259 2072 3299 cau-

489 3332 677 3387 salitcr
696 3375 710 3400 ,
736 3333 1000 3402 quomodo
1030 3334 1162 3388 ﬁunt
1189 3334 1358 3389 futura
1386 3349 1494 3389 non
1524 3335 1679 3390 facta.

517 3408 522 3416 ’
563 3425 650 3480 Η.
693 3425 791 3480 llic
821 3424 956 3481 forte
990 3441 1095 3480 non
1127 3427 1398 3497 intelliget.
1429 3427 1823 3484 Subtrahuntur
1850 3429 1991 3484 enim
2019 3428 2070 3485 ei

487 3523 684 3570 cuncta
703 3531 820 3587 quze
842 3516 1006 3582 novit,
1037 3531 1205 3587 usque
1224 3517 1288 3572 ad
1315 3518 1480 3587 ipsam
1507 3518 1766 3573 seminum
1793 3521 2072 3589 corpulen-

490 3607 640 3662 tiam.
667 3607 853 3678 Neque
871 3607 1012 3662 enim
1035 3608 1118 3663 vel
1145 3609 1250 3664 tale
1269 3609 1462 3678 aliquid
1491 3610 1648 3664 homo
1665 3610 1773 3680 jam
1795 3619 1928 3675 erat,
1949 3626 2068 3666 cum

489 3697 545 3750 in
574 3695 742 3766 prima
781 3697 869 3752 illa
910 3712 1005 3752 sex
1029 3697 1232 3752 dierum
1263 3698 1566 3753 conditione
1597 3700 1762 3754 factus
1787 3711 1920 3754 erat.
1964 3701 2070 3755 Da-

486 3795 579 3842 tur
603 3788 815 3858 quidem
836 3787 902 3842 de
930 3788 1222 3843 seminibus
1243 3789 1309 3843 ad
1339 3788 1476 3844 hanc
1501 3805 1612 3844 rem
1635 3791 1888 3845 nonnulla
1918 3792 2070 3846 simi-

490 3877 660 3932 litudo
686 3920 700 3943 ,
741 3886 961 3947 propter
999 3878 1086 3932 illa
1113 3895 1231 3949 quae
1259 3879 1310 3933 in
1338 3880 1416 3934 eis
1442 3879 1609 3934 futura
1635 3891 1879 3936 conserta
1909 3892 2031 3937 sunt
2054 3901 2068 3951 ;

492 3977 862 4024 verumtamen
907 3978 1030 4025 ante
1071 3970 1247 4024 omnia
1292 3970 1515 4024 visibilia
1559 3972 1761 4026 semina
1800 3981 1925 4026 sunt
1969 3973 2072 4028 illa:

491 4074 669 4114 causa:
701 4077 714 4112 :
749 4059 841 4114 sed
881 4074 987 4114 non
1033 4061 1296 4130 intelligit.
1345 4060 1480 4129 Quid
1509 4077 1635 4132 ergo
1677 4062 1900 4129 faciam,
1946 4064 2068 4130 nisi,

489 4157 755 4219 quantum
790 4167 1042 4220 possum,
1093 4151 1377 4208 salubriter
1417 4169 1662 4208 moneam
1701 4163 1759 4208 ut
1787 4154 2072 4225 Scriptura:

491 4243 589 4298 Dei
619 4243 803 4299 credat
830 4253 884 4300 et
921 4253 1045 4300 tunc
1083 4243 1278 4300 factum
1321 4246 1626 4311 hominem,
1673 4248 1892 4318 quando
1912 4249 2068 4317 Deus,

489 4347 614 4388 cum
646 4333 812 4390 factus
841 4345 927 4390 est
959 4335 1073 4391 dies
1097 4377 1111 4400 ,
1153 4335 1276 4394 fecit
1301 4337 1493 4392 ccelum
1521 4347 1574 4391 et
1603 4345 1827 4405 terram,
1879 4339 2071 4409 dequo

489 4425 617 4482 alibi
633 4426 904 4497 Scriptura
924 4427 1074 4494 dicit,
1102 4426 1201 4494 Qui
1220 4429 1332 4481 vivit
1352 4429 1405 4481 in
1421 4438 1680 4493 aeternum,
1705 4430 1888 4483 crearit
1905 4430 2072 4484 omnia

489 4519 644 4573 simul
670 4519 854 4593 (Eccli.
886 4535 1040 4586 xvm,
1073 4518 1127 4593 l)
1151 4537 1165 4587 ;
1187 4529 1242 4574 et
1264 4528 1388 4574 tunc
1406 4519 1616 4590 quando
1634 4520 1743 4590 jam
1762 4537 1866 4575 nou
1889 4521 2067 4585 simul,

490 4609 588 4664 sed
630 4609 740 4664 suis
782 4625 1004 4681 qumque
1044 4609 1370 4679 temporibus
1406 4623 1628 4676 creans,
1672 4610 1826 4664 finxit
1855 4625 1975 4665 eum
2004 4611 2071 4666 de

491 4697 625 4754 limo
655 4709 811 4756 terra:
831 4743 846 4767 ,
872 4711 925 4756 et
953 4718 1015 4756 ex
1047 4701 1163 4770 ejus
1191 4716 1313 4756 osse
1338 4702 1615 4756 mulierem
1641 4703 1665 4755 ‘i
1694 4717 1814 4756 nam
1842 4717 1941 4757 nec
1970 4703 2071 4757 isto

491 4790 655 4846 modo
673 4806 767 4848 eos
788 4793 876 4847 illo
891 4801 1042 4846 sex-to
1061 4792 1146 4846 die
1159 4791 1346 4860 factos,
1374 4808 1472 4849 nec
1495 4801 1670 4848 tamen
1697 4808 1790 4849 eos
1810 4794 2071 4851 illo-sexto

495 4879 583 4936 die
611 4886 713 4936 non
738 4881 902 4936 factos
928 4881 1220 4952 intelligere
1242 4881 1512 4953 Scriptura
1541 4883 1814 4954 permittit.

479 4995 486 5012 ι
531 4968 755 5026 CAPUT
781 4971 892 5026 νη.
921 5001 995 5011 —
1022 4971 1136 5025 Dici
1167 4989 1266 5027 non
1290 4989 1436 5043 posse
1456 4974 1650 5027 animas
1675 4974 1813 5044 prius
1841 4984 2034 5030 creatas

468 5051 484 5141 ξ
1075 5079 1225 5132 quam
1250 5079 1482 5134 corpora.

475 5163 490 5206 ’ἔ
568 5154 656 5209 12.
705 5153 864 5209 Forte
904 5168 1032 5224 ergo
1075 5155 1269 5208 anima:
1294 5169 1480 5209 eorum
1513 5165 1663 5209 sexto
1690 5153 1776 5208 die
1806 5154 1896 5209 illo
1923 5153 2070 5210 facta:

493 5252 647 5300 erant
667 5283 684 5308 ,
732 5243 818 5298 ubi
843 5251 898 5298 ct
921 5243 1033 5312 ipsa
1061 5244 1232 5313 imago
1261 5243 1354 5298 Dei
1380 5252 1524 5298 recte
1549 5244 1857 5313 intelligitur
1882 5244 1932 5298 in
1959 5246 2070 5314 spi-

489 5337 596 5389 ritu
625 5334 820 5388 mentis
851 5349 1066 5397 eorum,
1113 5342 1171 5387 ut
1217 5342 1397 5402 postea
1422 5348 1645 5403 corpora
1683 5332 2069 5389 formarentur?

490 5427 595 5483 Sed
643 5404 813 5498 n‘eque
853 5427 954 5482 hoc
1003 5427 1222 5482 credere
1258 5426 1441 5481 eadem
1483 5426 1750 5495 Scriptura
1794 5427 2066 5495 permittit.

492 5520 674 5575 Primo
701 5529 918 5592 propter
958 5520 1098 5574 illam
1129 5533 1349 5587 operum
1373 5519 1918 5581 consummationem;
1953 5531 2071 5586 qua:

493 5627 600 5667 non
640 5613 793 5669 video
837 5612 1102 5684 quomodo
1129 5611 1297 5680 possit
1327 5611 1580 5681 intelligi,
1610 5612 1652 5664 si
1683 5610 1850 5666 defuit
1873 5609 2066 5679 aliquid

495 5712 621 5756 tunc
648 5718 750 5757 non
780 5703 1065 5758 causaliter
1090 5701 1383 5767 conditum,
1415 5701 1554 5771 quod
1587 5712 1766 5772 poStea
1793 5701 2070 5756 visibiliter

495 5787 832 5850 cbnderetur.
868 5793 1066 5850 Deinde
1082 5792 1203 5865 quia
1223 5806 1381 5849 sexus
1408 5792 1520 5864 ipse
1539 5792 1756 5848 masculi
1776 5799 1832 5848 et
1857 5790 2069 5850 femina:

1432 389 1533 446 os
1560 328 1804 448 cauus:
1841 345 1933 442 ab
1960 382 2337 454 LITTERAM,
2376 384 2433 443 s.
2475 383 2846 444 AUGUSTINI

3660 387 3768 446 τα

2181 503 2281 558 nisi
2313 504 2364 560 in
2394 504 2708 576 corporibus
2734 519 2852 560 esse
2877 518 2980 559 non
3010 511 3202 575 potest.
3227 502 3380 572 Quod
3406 503 3450 560 si
3479 503 3766 576 quisquam

2179 593 2472 649 secundum
2506 595 2826 650 intellectum
2849 604 2901 649 et
2921 595 3181 650 actionem
3211 603 3461 665 tanquam
3479 603 3772 663 utrumque

2179 698 2368 738 sexum
2420 685 2471 739 in
2517 699 2621 739 una
2661 685 2835 739 anima
2880 685 3242 756 accipiendum
3292 686 3586 754 putaverit;
3634 684 3768 753 quid

2177 773 2333 829 faciet
2359 775 2424 829 de
2464 776 2546 829 his
2571 782 2688 846 quae
2734 775 2800 830 ad
2847 791 3022 830 escam
3051 775 3190 830 Deus
3228 776 3343 845 ipso
3383 775 3470 830 die
3510 775 3660 831 dedit
3695 773 3764 830 de

2179 868 2447 938 lignorum
2477 867 2734 924 fructibus
2757 911 2772 936 ,
2815 883 2932 938 qua:
2972 869 3070 923 nisi
3103 869 3303 923 homini
3335 868 3547 924 habenti
3567 883 3769 937 corpus

2177 973 2280 1011 non
2314 959 2495 1028 utique
2519 973 2750 1030 congrua
2778 959 2898 1014 est?
2940 958 3071 1014 Nam
3101 960 3144 1013 si
3171 969 3225 1014 et
3250 959 3387 1014 hanc
3413 975 3592 1014 escam
3624 960 3762 1029 ligu-

2175 1055 2289 1102 rate
2341 1048 2585 1117 accipere
2640 1049 2918 1118 quisquam
2971 1049 3237 1115 voluerit,
3292 1048 3502 1103 recedet
3547 1062 3578 1102 a
3631 1064 3760 1117 pro-

2174 1139 2396 1208 prietate
2424 1155 2602 1195 rerum
2631 1148 2916 1210 gestarum,
2949 1156 3068 1210 qua:
3104 1140 3350 1210 primitus
3376 1140 3428 1194 in
3454 1138 3768 1210 hujusmodi

2174 1230 2570 1284 narrationibus
2597 1231 2740 1285 omni
2763 1231 3134 1286 observatione
3165 1230 3430 1285 fundanda
3455 1239 3558 1285 est.

2173 1316 2399 1375 CAPUT
2425 1319 2557 1375 Vill.
2602 1350 2673 1362 -—
2725 1321 3006 1392 Difﬁcultas
3045 1321 3108 1376 de
3131 1337 3248 1376 voce
3282 1320 3381 1376 Dei
3407 1322 3480 1375 ad
3502 1320 3765 1375 hominem

2721 1423 2858 1467 sexto
2886 1412 2968 1467 die
2993 1413 3200 1467 directa.

2245 1501 2333 1557 1'5.
2361 1501 2640 1569 Quomodo
2669 1519 2795 1573 ergo
2822 1503 3156 1573 loquebatur,
3188 1504 3377 1574 inquit,
3407 1503 3494 1559 eis
3511 1503 3602 1573 qui
3623 1517 3761 1556 non-

2173 1592 2297 1648 dum
2327 1593 2628 1659 audiebant,
2662 1610 2762 1650 nec
2788 1595 3181 1666 intelligebant;
3210 1597 3329 1666 quia
3360 1611 3460 1652 nec
3489 1603 3640 1650 erant
3666 1595 3768 1664 qui

2171 1684 2333 1740 verba
2363 1686 2729 1756 perciperent?
2757 1687 2974 1742 Possem
3002 1688 3325 1757 respondere
3352 1689 3429 1745 sic
3449 1704 3542 1744 eos
3556 1689 3758 1743 alluens

2172 1785 2285 1832 tum
2331 1778 2494 1834 Deum
2521 1821 2536 1845 ,
2582 1781 3025 1851 quemadmodum
3077 1782 3322 1840 Christus
3368 1799 3466 1839 nos
3511 1782 3764 1838 nondum

2173 1878 2346 1932 natos,
2373 1869 2531 1924 etiam
2559 1871 2713 1942 longe
2742 1881 2857 1941 post
2883 1871 3086 1927 futuros
3105 1913 3120 1939 ,
3149 1887 3251 1928 nec
3279 1879 3482 1927 tantum
3512 1888 3633 1940 nos,
3658 1873 3764 1932 sed

2173 1959 2331 2015 etiam
2362 1975 2456 2015 eos
2480 1975 2666 2015 omnes
2689 1962 2776 2032 qui
2808 1962 2968 2017 futuri
3011 1971 3133 2017 sunt
3175 1974 3295 2033 post
3333 1978 3451 2018 nos.
3497 1961 3767 2018 Omnibus

2173 2049 2314 2102 enim
2340 2049 2566 2114 dicebat,
2599 2066 2734 2120 quos
2759 2067 2882 2106 suos
2905 2050 3110 2107 futuros
3133 2052 3366 2119 videbat,
3399 2051 3531 2106 Ecce
3551 2069 3643 2124 ego
3671 2069 3766 2108 νου

2173 2137 2364 2192 biscmn
2404 2157 2515 2194 sum
2540 2158 2694 2212 usque
2729 2143 2783 2197 in
2821 2144 3298 2198 consummationem
3334 2143 3508 2199 saeculi
3539 2144 3757 2216 (Matth.

2175 2244 2348 2283 xxvm
2367 2270 2382 2295 ,
2409 2229 2502 2303 20)
2540 2249 2554 2286 :
2582 2231 2718 2287 sicut
2746 2233 2856 2288 Deo
2885 2246 3043 2289 notus
3068 2244 3182 2290 erat
3205 2235 3460 2305 propheta
3489 2237 3572 2290 cui
3599 2235 3756 2300 dixit,

2173 2317 2479 2390 Priusquam
2505 2330 2551 2375 te
2574 2326 2850 2394 fornsarcm
2873 2325 2925 2378 in
2953 2335 3114 2392 utero,
3141 2326 3262 2379 novi
3281 2324 3559 2398 te'(Jcrem.
3587 2341 3628 2391 l,
3659 2325 3753 2396 5);

2173 2409 2311 2464 sicut
2348 2411 2639 2466 decimatus
2668 2423 2749 2467 est
2786 2413 2912 2468 Levi
2949 2429 3070 2468 cum
3098 2424 3242 2470 esset
3268 2415 3320 2469 in
3355 2416 3551 2472 lumbis
3581 2417 3761 2472 Abra-

2173 2499 2296 2554 ham
2331 2499 2510 2572 (Hebr.
2535 2517 2626 2568 vn,
2657 2503 2711 2569 9,
2740 2503 2851 2575 l0).
2877 2505 2986 2559 Cur
3007 2505 3149 2560 enim
3166 2521 3272 2560 non
3287 2507 3357 2560 ita
3377 2516 3432 2560 et
3451 2508 3565 2576 ipse
3583 2507 3760 2563 Abra-

2172 2588 2294 2643 ham
2315 2592 2366 2644 in
2391 2591 2581 2658 Adam,
2602 2600 2653 2647 et
2680 2595 2792 2663 ipse
2814 2592 3053 2648 Adamin
3086 2595 3270 2664 primis
3285 2595 3532 2665 operibus
3547 2597 3754 2661 mundi,

2174 2699 2292 2754 qua:
2339 2685 2475 2739 Deus
2503 2685 2699 2740 creavit
2729 2685 2907 2740 omnia
2947 2686 3148 2740 simul?
3195 2686 3302 2742 Sed
3346 2687 3508 2742 verba
3546 2687 3765 2742 Domini

2173 2789 2269 2844 per
2291 2789 2352 2830 os
2377 2776 2553 2831 carnis
2597 2777 2712 2847 ejus
2733 2818 2749 2844 ,
2800 2787 2858 2832 et
2878 2777 3039 2832 verba
3069 2778 3160 2832 Dei
3206 2793 3304 2848 per
3337 2793 3429 2833 ora
3464 2777 3763 2848 Propheta-

2173 2883 2291 2923 rum
2325 2869 2598 2937 temporali
2628 2869 2867 2938 corporis
2898 2883 3028 2924 voce
3053 2869 3408 2939 proferuntur,
3437 2878 3492 2925 et
3511 2871 3760 2928 omnibus

2175 2957 2396 3029 syllabis
2424 2959 2535 3013 suis
2562 2973 2822 3030 congruas
2851 2969 3148 3030 temporum
3177 2975 3354 3016 moras
3383 2968 3632 3027 sumunt,
3672 2969 3759 3016 at-

2175 3063 2278 3117 que
2305 3059 2624 3104 consumunt
2657 3069 2670 3104 :
2701 3066 2824 3113 cum
2865 3065 2993 3105 vero
3019 3051 3160 3106 Deus
3202 3051 3442 3117 dicebat,
3482 3051 3760 3106 Faciamus

2175 3140 2424 3195 hominem
2452 3142 2520 3195 ad
2543 3142 2808 3213 imaginem
2836 3151 2882 3196 et
2906 3143 3283 3197 similitudinem
3309 3151 3551 3207 nostram,
3583 3153 3631 3198 et
3657 3144 3760 3198 ha-

2174 3230 2284 3284 beat
2328 3241 2622 3302 potestatem
2671 3234 2885 3303 piscium
2925 3234 3077 3288 maris
3125 3243 3170 3287 et
3215 3235 3495 3288 volatilium
3534 3237 3681 3300 creti,
3709 3244 3762 3290 es

2176 3327 2398 3381 omnium
2422 3343 2662 3397 pecorum
2684 3368 2698 3392 ,
2724 3335 2772 3380 et
2791 3327 2953 3381 omnis
2977 3336 3144 3393 terra,
3175 3336 3223 3380 et
3247 3327 3470 3382 omnium
3499 3327 3756 3396 reptilium

2174 3435 2285 3488 qua:
2306 3428 2488 3488 repunt
2507 3435 2656 3488 super
2672 3427 2854 3472 terram
2874 3434 2894 3482 ,'
2917 3425 2988 3485 et,
3013 3417 3246 3483 Crescite,
3263 3428 3310 3473 et
3334 3419 3754 3489 multiplicamini,

2175 3516 2222 3560 et
2247 3508 2430 3577 replete
2452 3516 2673 3574 terram,
2717 3518 2762 3562 et
2789 3508 3128 3562 dominamini
3157 3511 3302 3579 ejus;
3341 3518 3387 3563 et
3411 3510 3584 3564 habete
3610 3521 3759 3580 pots-

2175 3610 2353 3654 starem
2383 3600 2593 3670 piscium
2631 3600 2786 3655 maris
2811 3641 2826 3666 ,
2873 3611 2922 3654 et
2965 3601 3242 3655 volatilium
3269 3602 3382 3656 eali
3403 3643 3420 3669 ,
3458 3611 3507 3656 et
3532 3602 3759 3656 omnium

2177 3709 2431 3762 pecorum,
2460 3703 2504 3746 et
2525 3695 2686 3746 omnis
2711 3703 2876 3759 terra,
2907 3703 2965 3748 et
2991 3695 3214 3748 omnium
3241 3696 3517 3764 repentium
3539 3710 3652 3766 quae
3675 3712 3761 3750 reo

2177 3793 2301 3855 punl
2329 3801 2481 3856 super
2507 3794 2734 3850 terram;
2768 3793 2850 3851 et,
2880 3783 3011 3839 Ecce
3043 3786 3158 3840 dedi
3183 3786 3320 3840 vobis
3345 3802 3492 3840 omne
3517 3787 3760 3854 pabulum

2125 3894 2127 3896 ·
2175 3875 2430 3938 seminale,
2458 3877 2712 3930 sentinam
2729 3892 2892 3931 semen
2918 3878 3052 3948 quod
3072 3886 3146 3930 est
3167 3893 3317 3946 super
3331 3893 3525 3931 omnem
3547 3888 3756 3943 terram;

2175 3975 2221 4018 et
2252 3982 2397 4019 omne
2433 3967 2624 4035 lignum
2652 3967 2968 4037 {ructiferum
2986 4008 3002 4032 ,
3032 3968 3167 4039 quod
3192 3969 3337 4023 habet
3371 3969 3424 4021 in
3451 3985 3505 4022 se
3532 3969 3760 4037 fructum

2176 4057 2378 4110 seminis
2425 4057 2722 4121 seminalis,
2761 4058 2895 4127 quod
2933 4058 3037 4112 erit
3061 4059 3198 4113 vobis
3230 4059 3300 4111 ad
3341 4075 3502 4112 escam
3530 4058 3683 4132 (Gen.
3717 4075 3760 4126 ιι

2175 4145 2387 4216 96-29)
2408 4162 2422 4210 ;
2444 4146 2556 4214 ipse
2598 4161 2777 4202 sermo
2823 4147 2938 4216 ejus
2975 4156 3098 4202 ante
3133 4163 3346 4202 omnem
3377 4149 3515 4203 aeris
3541 4163 3760 4218 sonum,

2176 4246 2299 4291 ante
2341 4251 2554 4290 omnem
2584 4237 2758 4291 carnis
2785 4245 2838 4292 et
2867 4236 3031 4292 nubis
3066 4253 3248 4293 vocem
3274 4277 3292 4302 ,
3337 4238 3390 4293 in
3434 4239 3519 4293 illa
3548 4254 3762 4296 summa

2175 4329 2292 4396 ejus
2323 4327 2614 4396 Sapientia,
2647 4343 2743 4397 per
2764 4344 2921 4397 quam
2947 4327 3084 4383 faeta
3111 4337 3234 4383 sunt
3255 4330 3454 4395 omnia,
3476 4345 3580 4385 non
3606 4331 3762 4401 quasi

2177 4420 2422 4474 humanis
2449 4420 2664 4474 auribus
2693 4421 3034 4490 instrepebat,
3075 4423 3176 4477 sed
3208 4423 3369 4478 rebus
3403 4423 3554 4477 factis
3577 4439 3759 4479 rerum

2177 4511 2538 4566 faciendarum
2555 4526 2742 4566 causas
2768 4511 3057 4580 inserebat,
3077 4521 3131 4568 et
3151 4513 3496 4582 omnipotenti
3521 4514 3758 4583 potentis

2176 4606 2349 4660 futura
2376 4606 2619 4678 faciebat,
2634 4605 3013 4676 hominemque
3031 4621 3128 4661 suo
3141 4617 3382 4677 tempore
3397 4605 3757 4673 formandum,

2174 4699 2228 4754 in
2275 4707 2571 4768 temporum
2616 4707 2863 4767 tanquam
2911 4699 3114 4754 semine
3152 4699 3236 4754 vel
3284 4707 3533 4768 tanquam
3576 4697 3760 4754 radice

2174 4790 2472 4854 condebat,
2501 4788 2712 4859 quando
2737 4789 3002 4844 condebat
3038 4789 3190 4844 unde
3217 4789 3514 4858 inciperent
3539 4789 3756 4854 saecula,

2174 4881 2244 4934 ab
2273 4881 2362 4934 illo
2390 4881 2600 4934 condita
2629 4879 2717 4949 qui
2745 4887 2829 4934 est
2855 4888 2978 4934 ante
3004 4879 3222 4934 sascula.
3259 4879 3530 4936 Creatura:
3559 4878 3759 4949 quippe

2175 4973 2294 5027 aliae
2321 4983 2595 5030 creaturas
2620 4973 2772 5036 alias,
2805 4972 3044 5042 qumdam
3073 4980 3328 5041 tempore,
3355 4971 3596 5042 quaedam
3625 4986 3758 5026 cau-

2176 5065 2252 5119 sis
2281 5063 2585 5133 prmcedunt
2618 5081 2630 5115 :
2663 5063 2751 5118 ille
2789 5072 2966 5117 autem
2995 5063 3172 5117 omnia
3200 5079 3316 5134 qua:
3346 5063 3467 5118 fecit
3486 5105 3501 5130 ,
3531 5078 3635 5117 non
3661 5076 3756 5118 so-

2176 5155 2282 5208 lum
2331 5153 2681 5219 excellentia,
2732 5169 2834 5222 qua
2877 5154 3035 5208 etiam
3083 5169 3360 5208 causarum
3400 5154 3622 5209 effector
3648 5161 3754 5219 est,

2175 5260 2359 5299 verum
2381 5245 2538 5297 etiam
2568 5245 2864 5298 aeternitate
2891 5245 3158 5314 praecedit.
3197 5246 3300 5301 Sed
3337 5246 3404 5300 de
3431 5245 3530 5300 huc
3556 5261 3755 5315 oppor-

2176 5335 2470 5389 tunioribus
2496 5334 2689 5391 deinde
2715 5335 3103 5406 Scriptumrum
3126 5337 3256 5392 locis
3279 5335 3518 5392 ibrtassis
3546 5336 3755 5407 plenius

2175 5425 2544 5480 disserendum
2571 5436 2670 5481 est.

2175 5516 2257 5572 CA
2268 5515 2400 5571 PUT
2441 5515 2530 5571 IX.
2560 5547 2632 5557 —
2655 5516 2901 5572 Ieremia:
2927 5518 3175 5588 quomodo
3195 5517 3301 5572 Deo
3319 5528 3465 5572 notus
3490 5527 3754 5590 antequam

2447 5608 2710 5676 formatus.
2761 5607 2944 5662 Merita
2974 5611 3194 5663 nondum
3225 5620 3475 5663 natorum.
3721 5681 3726 5686 _

2249 5699 2336 5754 Η.
2367 5698 2518 5754 Nunc
2541 5701 2611 5754 de
2648 5699 2860 5755 homine
2887 5701 3026 5770 quod
3051 5708 3281 5771 coeptum
3305 5709 3386 5755 est
3417 5700 3748 5768 tcrminetur,

2175 5803 2241 5848 es
2287 5786 2648 5848 moderatione
2687 5798 2925 5860 servata,
2981 5800 3035 5846 ut
3075 5791 3128 5846 in
3169 5791 3430 5863 profundo
3465 5789 3751 5863 Scriptura
