4090 6454
295 375 423 433 διε

296 504 478 545 sensu
507 484 676 557 magis
701 488 1018 555 praestemus
1040 480 1367 553 diligentiam
1386 478 1713 552 requirendi,
1740 496 1901 551 quam

300 578 622 634 affirmandi
646 576 1021 631 temeritatem.
1057 573 1188 639 Quia
1209 572 1351 628 enim
1379 580 1597 626 noverat
1618 569 1904 626 Jeremiam

300 667 461 723 Deus
491 668 799 737 priusquam
829 679 950 720 cum
981 664 1234 719 formaret
1263 663 1315 717 in
1344 670 1526 726 utero,
1557 661 1800 716 dubitare
1824 659 1903 715 fas

295 774 420 814 non
448 767 533 813 est
570 775 585 813 :
637 754 973 828 apertissime
996 754 1191 825 quippe
1217 752 1365 818 dicit,
1398 751 1704 822 Priusquam
1730 760 1776 805 te
1798 754 1905 822 for-

295 865 505 902 marem
543 849 599 901 in
626 856 784 911 utero,
815 846 929 900 novi
955 856 1020 897 te.
1050 844 1148 899 Ubi
1174 852 1349 898 autem
1381 842 1527 897 illum
1558 853 1735 895 nosset
1755 850 1907 896 autc-

295 952 475 1008 quam
507 938 581 992 ita
624 935 944 1000 formasset,
987 934 1085 987 etsi
1126 942 1322 987 nostra:
1361 931 1649 985 inﬁrmitati
1693 928 1905 999 assequi

294 1028 390 1081 vel
422 1026 643 1082 difficile
673 1027 755 1083 vel
802 1023 1131 1094 impossibile
1165 1032 1283 1089 est;
1329 1032 1508 1077 utrum
1550 1022 1601 1076 in
1641 1021 1905 1090 aliquibus

298 1116 790 1189 propinquioribus
818 1116 1028 1182 causis,
1060 1115 1197 1169 sicut
1224 1114 1350 1168 Levi
1373 1114 1424 1167 in
1452 1113 1645 1168 lumbis
1676 1112 1904 1167 Abrahae

296 1210 616 1263 decimatus
640 1215 759 1271 est;
789 1222 856 1260 an
880 1207 932 1261 in
960 1206 1073 1274 ipso
1099 1205 1290 1269 Adam,
1319 1204 1370 1258 in
1400 1219 1504 1273 quo
1526 1218 1696 1274 genus
1721 1204 1899 1258 huma-

300 1318 443 1357 num
470 1311 723 1371 tanquam
751 1300 1052 1354 radicaliter
1079 1300 1376 1353 institutum
1399 1306 1482 1353 est
1505 1314 1519 1362 ;
1542 1307 1595 1352 et
1624 1298 1678 1351 in
1703 1314 1767 1353 eo
1789 1298 1905 1368 ipso

298 1402 494 1445 utrum
520 1391 634 1461 jam
665 1406 784 1446 cum
812 1390 877 1445 de
907 1391 1033 1444 limo
1064 1390 1316 1445 formatus
1343 1397 1520 1455 esset,
1551 1404 1618 1443 an
1638 1404 1757 1442 cum
1779 1403 1904 1443 cau-

294 1486 498 1540 saliter
522 1484 579 1539 in
597 1484 680 1540 his
698 1484 946 1553 operibus
974 1482 1140 1538 factus
1160 1498 1277 1552 quae
1298 1481 1498 1536 creavit
1519 1480 1695 1535 omnia
1716 1480 1901 1546 simul;

298 1592 373 1631 an
408 1591 549 1631 vero
590 1583 717 1630 ante
759 1589 971 1629 onmem
1006 1573 1179 1644 potius
1206 1581 1502 1627 creaturam
1523 1612 1538 1637 ,
1584 1572 1722 1625 sicut
1747 1572 1908 1640 elegit

302 1680 360 1725 et
382 1669 797 1735 prmdcstinavit
824 1676 1037 1723 sanctos
1057 1681 1182 1721 suos
1211 1673 1335 1721 ante
1358 1665 1539 1720 mundi
1568 1664 1906 1719 constitutio-

304 1774 439 1815 nem
476 1758 697 1831 (Ephes.
722 1774 760 1821 ι,
789 1757 844 1831 4)
868 1775 883 1824 ;
910 1773 976 1812 an
1002 1756 1177 1827 potius
1208 1755 1259 1810 in
1291 1756 1537 1811 omnibus
1560 1754 1907 1825 prmcedeuti-

303 1851 413 1906 bus
441 1850 629 1905 causis
649 1892 665 1915 ,
697 1853 808 1905 sive
834 1864 966 1918 quas
1004 1847 1416 1903 commemoravi
1442 1887 1458 1912 ,
1492 1846 1605 1901 sive
1642 1861 1773 1917 quas
1800 1862 1904 1901 non

304 1940 776 2006 commemoravi,
810 1940 1117 2008 priusquam
1144 1938 1195 1991 in
1227 1948 1377 1992 utero
1400 1936 1755 2001 formaretur;
1798 1952 1903 1990 non

308 2031 557 2085 arbitror
583 2032 945 2100 scrupulosius
973 2029 1141 2100 qumri
1163 2039 1428 2099 oportere,
1457 2028 1743 2083 dummodo
1767 2027 1909 2083 Jere-

305 2124 481 2177 ntiam
510 2132 758 2187 constet,
805 2138 867 2177 ex
896 2138 1001 2193 quo
1026 2130 1108 2176 est
1148 2122 1197 2175 in
1239 2121 1337 2175 hac
1383 2121 1498 2175 luce
1535 2135 1567 2174 a
1604 2118 1907 2189 parentibus

222 2208 237 2222 ’
308 2214 516 2277 editus,
546 2231 612 2269 ex
634 2215 721 2269 illo
741 2216 912 2284 egisse
934 2216 1092 2268 vitam
1120 2215 1409 2283 propriam.
1432 2227 1533 2282 qua
1552 2212 1908 2283 graudescens

313 2307 504 2361 :utatis
546 2322 766 2361 accessu
789 2348 804 2372 ,
843 2317 1022 2377 posset
1049 2308 1232 2362 vivere
1267 2307 1378 2360 sive
1419 2306 1556 2360 male
1583 2304 1697 2360 sive
1727 2306 1903 2371 beve;

309 2410 479 2455 antea
504 2416 632 2454 vero
652 2400 798 2453 nullo
821 2399 1001 2463 modo,
1030 2415 1134 2453 non
1157 2398 1327 2452 solum
1357 2400 1658 2467 priusquam
1681 2397 1732 2450 in
1758 2406 1909 2453 utero

308 2494 664 2560 fortnaretur,
692 2494 786 2548 sed
816 2508 913 2547 nec
936 2493 1046 2561 jam
1076 2492 1145 2546 ibi
1175 2491 1455 2555 formatus,
1497 2500 1783 2557 antequam
1811 2505 1907 2543 na-

310 2595 424 2638 tus.
472 2584 657 2655 Neque
697 2584 838 2638 enim
886 2584 1042 2637 habet
1086 2584 1241 2637 ullam
1278 2582 1668 2637 cunctationem
1696 2591 1912 2651 aposto-

313 2674 422 2729 lica
464 2675 551 2729 illa
593 2675 854 2729 sententia
885 2674 950 2728 de
975 2674 1199 2743 geminis
1232 2675 1284 2728 in
1314 2674 1569 2727 Rebecca:
1600 2682 1748 2727 utero
1774 2688 1909 2726 non-

309 2760 444 2814 dum
475 2760 757 2829 agentibus
784 2759 977 2827 aliquid
1008 2758 1131 2813 boni
1159 2768 1248 2812 aut
1278 2758 1401 2812 mali
1436 2756 1607 2829 (Rom.
1640 2773 1728 2821 rx,
1760 2756 1872 2827 ll).

387 2852 485 2906 15.
515 2850 628 2905 Nec
658 2860 831 2905 tamen
862 2849 1053 2904 fntstra
1084 2851 1337 2919 scriptum
1376 2859 1457 2904 est
1476 2892 1491 2917 ,
1529 2865 1627 2904 nec
1657 2849 1910 2903 infantem

311 2944 584 2999 mundum
610 2958 730 2998 esse
756 2959 784 2997 a
816 2952 1031 3013 peccato
1053 2985 1068 3008 ,
1100 2944 1252 3009 cujus
1280 2952 1359 2997 est
1381 2943 1537 2996 unius
1562 2942 1667 2996 diei
1696 2942 1800 2995 vita
1828 2958 1913 2996 su-

313 3052 420 3106 per
442 3044 635 3090 terram
659 3033 797 3106 (Job.
820 3050 931 3099 xw,
960 3034 1014 3097 4,
1043 3051 1141 3087 sec.
1162 3033 1362 3103 LXX);
1392 3043 1445 3087 et
1467 3033 1590 3086 illud
1613 3032 1909 3098 inPsahuo,

313 3125 440 3198 Ego
470 3127 521 3179 in
550 3125 893 3195 iniquitatibus
918 3136 1182 3203 conreptus
1206 3141 1339 3188 sum,
1364 3135 1409 3178 et
1434 3125 1485 3176 in
1508 3124 1729 3194 peccatis
1755 3134 1914 3177 mater

314 3236 435 3273 mea
469 3216 635 3289 (Psal.
660 3233 691 3272 ι.
714 3259 729 3283 ,
759 3218 812 3288 Ἰ)
840 3234 918 3271 me
947 3218 997 3270 in
1028 3226 1168 3271 utero
1205 3218 1365 3282 aluit;
1411 3226 1465 3272 ct
1490 3217 1629 3287 quod
1660 3217 1711 3271 in
1743 3217 1912 3271 Adam

316 3327 517 3365 omnes
547 3311 871 3375 moriuntur,
916 3312 966 3365 in
1007 3326 1112 3381 quo
1139 3326 1323 3365 omnes
1354 3320 1702 3379 peccaverunt
1736 3309 1909 3381 (Rom.

319 3419 377 3468 τ,
412 3404 528 3477 19.).
552 3403 703 3460 Nunc
728 3415 903 3459 autem
929 3404 1126 3473 liquido
1152 3412 1444 3465 teneamus,
1464 3402 1709 3471 qua'libet
1732 3418 1909 3470 paren-

323 3503 447 3549 tum
482 3496 668 3550 merita
698 3495 1027 3563 trajiciantur
1052 3494 1103 3548 in
1126 3493 1349 3563 prolem,
1382 3506 1724 3562 qumcutuque
1749 3492 1914 3561 gratia

322 3587 454 3651 Dei,
480 3596 763 3656 antequam
782 3594 1047 3649 nascatur,
1079 3599 1342 3654 quemque
1362 3582 1675 3646 sanetillcet,
1702 3597 1798 3636 nec
1815 3582 1915 3636 ini-

324 3678 595 3749 quitatem
636 3692 755 3732 esse
798 3676 937 3746 apud
989 3677 1189 3741 Deum,
1237 3689 1336 3729 nec
1380 3674 1503 3728 boui
1533 3674 1722 3727 malive
1758 3688 1917 3743 agere

323 3784 655 3840 quemquam
700 3767 838 3838 quod
888 3767 953 3821 ad
1000 3767 1264 3837 pr0priam
1306 3780 1586 3835 personam
1636 3766 1914 3835 pertineat,

324 3870 621 3930 antequam
667 3868 822 3914 natus
857 3868 979 3913 est:
1014 3859 1264 3928 illamque
1301 3857 1615 3911 sententiam
1657 3872 1757 3926 qua
1787 3872 1920 3911 non-

328 3954 471 4008 nulli
496 3962 682 4023 putant
703 3951 825 4008 alibi
853 3966 1103 4021 peccasse
1124 3950 1289 4020 magis
1315 3950 1592 4017 minusque
1612 3949 1833 4012 animas,
1865 3957 1920 4003 et

328 4060 434 4115 pro
457 4044 787 4099 diversorum
810 4043 1012 4097 meritis
1039 4051 1373 4111 peccatorum
1400 4041 1448 4094 in
1470 4039 1677 4094 diversa
1698 4054 1918 4108 corpora

330 4153 462 4191 esse
488 4135 732 4189 detrusas
756 4176 769 4197 ,
818 4134 1119 4202 apOslolicut
1150 4148 1253 4184 nou
1286 4131 1572 4185 convenire
1602 4130 1917 4196 sententias;

332 4244 463 4283 cum
485 4228 817 4298 apertissime
844 4226 1041 4279 dictum
1074 4224 1160 4289 sit,
1194 4224 1324 4278 nihil
1351 4224 1521 4294 egisse
1559 4220 1791 4276 nondum
1823 4237 1921 4276 na-

334 4333 424 4375 tos
458 4336 547 4373 seu
579 4319 696 4372 boni
724 4332 817 4371 seu
849 4316 989 4369 mali.

412 4413 503 4467 16.
543 4412 620 4464 Ac
646 4426 738 4478 per
776 4408 875 4461 hoc
904 4410 1079 4477 aliqua
1104 4405 1329 4477 qumstio
1350 4413 1433 4459 est
1478 4418 1573 4458 suo
1614 4402 1733 4458 loco
1759 4410 1925 4457 retra-

344 4505 566 4569 ctanda,
589 4502 712 4573 quid
740 4502 805 4556 de
835 4510 1048 4569 peccato
1071 4500 1360 4570 primorum
1392 4509 1688 4567 parentum,
1710 4496 1797 4566 qui
1820 4496 1925 4550 duo

339 4596 443 4651 80ιὶ
474 4594 703 4658 fuerunt,
730 4592 937 4662 generis
959 4591 1170 4644 humani
1194 4590 1515 4644 contraxerit
1534 4590 1774 4642 universa
1799 4604 1927 4642 con-

346 4692 558 4757 sparsio
587 4688 606 4717 ’
639 4704 651 4739 :
685 4687 814 4741 nihil
847 4697 1022 4740 tamen
1052 4684 1231 4737 talium
1266 4684 1570 4737 meritorum
1603 4682 1799 4737 habere
1828 4698 1926 4751 po-

345 4784 516 4836 tuisse
562 4781 827 4835 hominem
872 4789 1154 4848 antequam
1186 4776 1252 4831 de
1292 4786 1446 4829 terra:
1491 4776 1703 4844 pulvere
1736 4775 1927 4828 tinctus

348 4882 513 4936 esset,
562 4880 841 4941 antequam
871 4885 968 4923 suo
996 4877 1234 4939 tempore
1261 4868 1493 4931 viveret,
1526 4866 1669 4919 nulla
1707 4865 1928 4934 quaestio

347 4972 455 5019 est.
513 4964 662 5017 Sicut
687 4964 826 5016 enim
857 4962 996 5016 Esau
1032 4970 1085 5015 et
1109 4958 1273 5014 Jacob
1296 4999 1311 5025 ,
1347 4973 1480 5029 quos
1520 4957 1749 5011 nondum
1779 4965 1930 5011 natos

349 5055 485 5110 dixit
512 5053 799 5123 Apostolus
823 5052 952 5106 nihil
975 5052 1145 5121 egisse
1174 5050 1293 5103 lroui
1316 5057 1407 5102 aut
1432 5048 1551 5102 mali
1582 5046 1689 5117 (Id.
1711 5063 1785 5112 rx,
1816 5046 1928 5115 il),

352 5161 460 5201 non
484 5159 762 5215 possemus
782 5142 962 5197 dicere
985 5141 1209 5195 traxisse
1232 5139 1433 5210 aliquid
1459 5138 1631 5193 meriti
1657 5137 1725 5193 de
1752 5153 1933 5207 paren-

352 5236 493 5290 tibus
513 5276 528 5301 ,
572 5236 619 5289 si
648 5251 745 5290 nec
780 5235 877 5304 ipsi
916 5242 1165 5302 parentes
1199 5232 1429 5301 egissent
1455 5230 1651 5301 aliquid
1682 5229 1809 5284 boni
1842 5237 1933 5283 aut

353 5330 513 5393 mali;
544 5343 642 5382 nec
668 5343 833 5397 genus
860 5327 1146 5382 humanum
1176 5340 1423 5394 peccasse
1451 5325 1501 5378 in
1531 5324 1721 5388 Adam,
1753 5326 1795 5377 si
1820 5323 1932 5391 ipse

355 5436 463 5474 non
502 5430 771 5489 peccasset
812 5420 1014 5483 Adam;
1065 5433 1170 5472 non
1212 5427 1386 5471 autem
1434 5426 1701 5485 peccasset
1740 5414 1930 5478 Adam,

355 5515 453 5569 nisi
477 5514 588 5583 jam
616 5528 715 5567 suo
743 5521 978 5581 tempore
1019 5512 1236 5575 viveret,
1275 5524 1379 5579 quo
1411 5517 1589 5577 posset
1616 5508 1795 5561 vivere
1822 5507 1935 5561 sive

356 5604 492 5660 bene
520 5606 634 5659 sive
664 5605 800 5658 male
831 5622 845 5658 :
874 5604 943 5657 ita
970 5602 1161 5656 frustra
1189 5607 1459 5669 peccatum
1483 5598 1600 5667 ejus
1624 5639 1637 5662 ,
1670 5613 1762 5651 seu
1792 5610 1934 5652 recte

354 5694 549 5750 factum
577 5695 863 5765 requiritur
885 5734 902 5760 ,
948 5708 1065 5748 cum
1094 5691 1266 5746 adhuc
1298 5690 1348 5744 in
1374 5690 1532 5744 rebus
1558 5688 1715 5742 simul
1743 5688 1936 5743 creatis

416 5809 434 5842 ι
457 5813 534 5857 Er.
556 5805 707 5869 Lugd.
732 5813 851 5857 Ven.
877 5811 929 5856 et
949 5810 1057 5855 Lov.
1081 5799 1274 5866 legunt,
1288 5798 1577 5865 conspersio.
1639 5804 1698 5849 ll.

1692 356 1896 422 LIBER
1931 362 2218 425 SEXTUS.

3476 364 3587 424 556

2014 481 2296 538 causaliter
2315 480 2580 547 conditus,
2602 493 2704 537 nec
2729 480 2832 537 vita
2860 482 3075 553 propria
3095 482 3203 553 jam
3223 481 3455 550 νῑνιοιιειι,
3488 498 3590 542 nec

2009 573 2062 628 in
2088 574 2394 642 parentibus
2420 575 2497 631 sic
2519 575 2816 631 viventibus
2841 585 2973 631 erat.
3029 576 3087 631 in
3126 577 3209 631 illa
3246 578 3386 631 enim
3415 578 3585 647 prima

2008 666 2314 722 conditione
2357 666 2573 731 mundi,
2621 681 2742 722 cum
2788 668 2927 721 Deus
2964 668 3139 723 omnia
3167 668 3322 722 simul
3362 668 3588 735 creavit,

2010 755 2170 811 homo
2198 755 2366 812 factus
2390 766 2471 813 est
2500 757 2589 828 qui
2629 767 2771 813 esset
2808 758 3030 823 futurus,
3074 760 3211 815 ratio
3243 759 3455 814 creandi
3487 759 3588 814 ho-

2007 849 2168 904 minis
2191 890 2207 914 ,
2237 865 2343 903 non
2371 850 2509 904 actio
2536 851 2719 905 creati.

2188 938 2418 995 CAPUT
2448 939 2516 993 X.
2548 968 2619 980 —
2649 939 2749 1009 lies
2773 940 2923 993 variis
2943 940 3103 994 modis
3130 940 3408 994 eaistentes.

2079 1032 2169 1087 17.
2197 1031 2301 1087 Sed
2333 1031 2447 1087 hmc
2471 1033 2626 1087 aliter
2654 1033 2705 1086 in
2730 1032 2901 1087 Verbo
2922 1033 3035 1097 Dei,
3058 1033 3146 1087 ubi
3176 1033 3272 1088 ista
3296 1048 3399 1086 non
3427 1032 3586 1098 facta,

2008 1122 2103 1177 sed
2151 1133 2353 1178 aeterna
2406 1133 2562 1187 sunt;
2619 1123 2774 1177 aliter
2824 1124 2876 1177 in
2918 1123 3195 1179 elementis
3240 1124 3458 1191 mundi,
3500 1125 3587 1179 ubi

2008 1216 2186 1270 omnia
2227 1216 2387 1270 simul
2436 1215 2573 1270 facta
2619 1216 2790 1269 futura
2817 1226 2975 1282 sunt;
3021 1216 3175 1270 aliter
3199 1215 3250 1270 in
3280 1216 3439 1271 rebus
3473 1232 3590 1286 qua:

2006 1307 2300 1362 secundum
2340 1322 2528 1361 causas
2556 1306 2711 1361 simul
2748 1314 2987 1373 creatas,
3015 1321 3122 1361 non
3162 1305 3273 1376 jam
3311 1307 3465 1361 simul
3496 1305 3590 1377 sed

2007 1413 2106 1454 suo
2139 1414 2364 1468 quaeque
2405 1406 2645 1467 tempore
2679 1407 2944 1464 creantur,
2975 1398 3025 1451 in
3055 1397 3248 1468 quibus
3275 1397 3443 1452 Adam
3467 1398 3579 1468 jam

2009 1488 2268 1545 formatus
2297 1506 2360 1543 ex
2388 1489 2547 1555 limo,
2573 1497 2629 1544 et
2655 1488 2747 1543 Dei
2770 1486 2896 1542 flatu
2922 1488 3187 1543 animatus
3206 1528 3221 1553 ,
3253 1488 3389 1543 sicut
3414 1487 3590 1543 fenum

2008 1588 2289 1644 exortum;
2323 1579 2481 1633 aliter
2509 1579 2562 1633 in
2589 1579 2905 1645 seminibus,
2934 1579 2986 1633 in
3016 1578 3205 1649 quibus
3230 1593 3412 1633 rursus
3440 1577 3593 1649 quasi

2010 1670 2379 1741 primordiales
2407 1686 2581 1725 causa:
2606 1678 2937 1741 repetuntur,
2981 1668 3050 1725 de
3085 1669 3243 1724 rebus
3270 1668 3443 1723 ducta:
3472 1684 3591 1739 qua:

2008 1761 2300 1816 secundum
2327 1777 2534 1827 causas,
2561 1778 2698 1832 quas
2720 1763 2946 1831 primum
2972 1759 3227 1826 condidit,
3254 1760 3591 1827 exstiterunt,

2009 1852 2155 1907 velut
2171 1851 2333 1907 herba
2359 1868 2421 1906 ex
2444 1860 2604 1919 terra,
2623 1866 2804 1906 semen
2830 1866 2893 1905 ex
2922 1849 3106 1905 herba.
3137 1848 3192 1903 ln
3215 1849 3403 1920 quibus
3423 1849 3593 1904 omni-

2012 1945 2112 1999 bus
2138 1961 2200 2001 ea
2226 1946 2334 2014 jam
2367 1944 2505 1999 facta
2544 1945 2735 1999 modos
2757 1954 2811 1997 et
2839 1952 2986 1997 actus
3029 1944 3109 1996 sui
3152 1942 3404 2012 temporis
3442 1956 3595 1997 acce-

2011 2044 2224 2110 perunt,
2253 2051 2371 2105 qua:
2399 2051 2463 2090 ex
2488 2035 2711 2090 occultis
2731 2042 2888 2103 atque
2914 2032 3264 2088 invisibilibus
3282 2032 3593 2097 rationibus,

2009 2147 2127 2202 quae
2156 2130 2209 2184 in
2239 2137 2483 2183 creatura
2520 2126 2811 2182 causaliter
2839 2125 3027 2189 latent,
3072 2124 3125 2179 in
3157 2123 3459 2178 manifestas
3486 2122 3595 2177 fon-

2011 2239 2126 2279 mas
2156 2234 2479 2289 naturasque
2508 2218 2818 2288 prodierunt
2846 2234 2860 2272 :
2888 2216 3028 2271 sicut
3056 2215 3217 2269 herba
3236 2222 3417 2269 exorta
3434 2226 3596 2283 super

2012 2323 2232 2378 terram,
2261 2319 2315 2365 et
2343 2311 2504 2364 homo
2534 2308 2702 2362 lactus
2742 2308 2793 2361 in
2823 2306 3054 2360 animam
3080 2305 3253 2359 vivam
3278 2346 3293 2370 ,
3324 2313 3377 2359 et
3400 2312 3595 2359 cetera

2012 2400 2338 2471 hujusmodi,
2372 2401 2484 2454 sive
2509 2400 2699 2453 fruteta
2725 2397 2837 2452 sive
2865 2396 3171 2461 animantia,
3197 2394 3263 2449 ad
3295 2394 3436 2448 illam
3461 2406 3594 2463 ope-

2010 2496 2277 2550 rationem
2305 2494 2396 2547 Dei
2421 2490 2736 2562 pertinentia
2757 2531 2773 2556 ,
2807 2504 2926 2559 qua:
2965 2502 3134 2557 usque
3160 2501 3299 2541 nunc
3322 2493 3591 2555 operatur.

2010 2588 2115 2644 Sed
2145 2586 2306 2640 etiam
2335 2586 2431 2639 ista
2476 2598 2656 2637 set-um
2688 2590 2878 2651 gerunt
2905 2589 3153 2649 tanquam
3191 2578 3381 2632 iterum
3420 2579 3594 2647 seipsa

2012 2680 2347 2738 invisibiliter
2374 2680 2425 2732 in
2461 2676 2668 2731 occulta
2712 2673 2937 2744 quadam
2974 2673 3025 2726 vi
3064 2670 3389 2742 generandi,
3432 2684 3591 2739 quam

2011 2779 2353 2829 extraxerunt
2381 2770 2448 2824 de
2483 2767 2587 2822 illis
2614 2764 2919 2835 primordiis
2953 2778 3230 2835 causarum
3271 2776 3507 2824 suarum,
3538 2760 3593 2818 in

2013 2865 2207 2933 quibus
2234 2871 2413 2916 creato
2451 2859 2649 2911 mundo
2674 2852 2795 2912 cuin
2824 2855 2992 2909 factus
3020 2863 3102 2907 est
3132 2852 3247 2907 dies
3267 2894 3282 2917 ,
3313 2859 3593 2919 antequam

2013 2959 2067 3012 in
2106 2958 2434 3011 manifestam
2475 2951 2705 3022 Speciem
2733 2947 2815 3003 sui
2861 2945 3071 3017 generis
3100 2943 3466 3007 esorirentur,
3516 2941 3599 2995 in-

2013 3060 2153 3102 serta
2185 3056 2327 3100 sunt.

2011 3138 2236 3196 CAPUT
2268 3136 2354 3191 XI.
2390 3166 2459 3175 —
2495 3132 2661 3202 Opera
2698 3130 2962 3185 creationis
3001 3129 3083 3183 die
3107 3138 3246 3182 sexto
3273 3125 3522 3195 quomodo
3548 3133 3598 3181 et

2274 3231 2386 3301 jam
2416 3234 2780 3287 consummata,
2808 3234 2854 3277 et
2882 3222 3053 3275 adhuc
3076 3221 3329 3274 inchoata.

2088 3323 2113 3377 i
2122 3322 2172 3375 8.
2214 3320 2268 3375 Si
2300 3318 2439 3373 enim
2472 3316 2635 3386 prima
2663 3315 2747 3368 illa
2774 3328 2935 3383 opera
2959 3311 3073 3378 Dei,
3096 3325 3215 3365 cum
3240 3308 3395 3363 simul
3420 3308 3595 3362 omnia

2014 3413 2241 3473 creavit,
2274 3411 2325 3464 in
2356 3423 2453 3463 suo
2482 3406 2638 3461 modo
2668 3405 2901 3475 perlecta
2935 3417 3037 3455 non
3068 3408 3282 3465 essent,
3321 3413 3382 3453 ea
3412 3397 3600 3468 procui

2015 3503 2177 3558 dubio
2215 3509 2333 3570 post
2365 3498 2687 3553 adderentur
2723 3510 2841 3565 qua:
2880 3492 2983 3547 illis
3019 3488 3358 3561 perficiendis
3395 3487 3598 3543 dcfuis-v

2016 3603 2166 3659 sent;
2199 3600 2254 3647 ut
2295 3590 2535 3661 qumdam
2574 3587 2929 3643 universitatis
2973 3583 3227 3655 perfectio
3262 3597 3329 3636 ex
3364 3580 3601 3650 utrisque

2017 3692 2283 3739 constaret
2324 3681 2543 3752 singulis
2585 3678 2733 3748 quasi
2772 3676 2963 3740 semis,
2994 3675 3140 3729 velut
3177 3672 3397 3741 alicujus
3437 3671 3601 3725 totius

2016 3785 2199 3849 partes
2228 3783 2436 3839 essent,
2465 3787 2682 3841 quarum
2711 3766 3085 3837 conjunctione
3113 3765 3282 3834 ipsum
3312 3771 3477 3817 totum
3501 3776 3602 3815 cu-

2014 3868 2102 3939 jus
2133 3876 2308 3937 partes
2338 3863 2564 3924 fuerant,
2595 3861 2971 3927 compleretur.
3001 3856 3221 3918 Rursus,
3250 3854 3293 3908 si
3325 3854 3394 3906 ita
3422 3861 3603 3906 essent

2022 3959 2107 4013 illa
2134 3956 2384 4027 perfecta,
2411 3955 2545 4007 sicut
2566 3952 2929 4022 perﬁciuntur,
2952 3963 3070 4003 cum
3095 3946 3202 4000 suis
3222 3952 3603 4015 qumquetems

2024 4054 2237 4123 poribus
2271 4051 2320 4103 in
2353 4047 2658 4103 manifestas
2696 4044 2892 4099 formas
2930 4051 3183 4108 actusque
3218 4043 3599 4107 procreantur;

2023 4143 2257 4214 profecto
2285 4150 2374 4194 aut
2413 4139 2538 4192 nihil
2570 4154 2631 4192 ex
2662 4138 2741 4191 eis
2780 4144 2961 4203 postea
3008 4147 3103 4201 per
3146 4140 3384 4198 tempora
3429 4127 3601 4193 fieret,

2023 4246 2113 4290 aut
2133 4236 2232 4289 hoc
2259 4234 2428 4298 fieret,
2455 4230 2594 4298 quod
2621 4245 2685 4284 ex
2713 4228 2825 4282 istis
2849 4242 2966 4296 quae
2986 4239 3083 4278 suo
3102 4221 3446 4293 quaequcjam
3471 4226 3607 4273 tem-

2024 4341 2152 4397 pore
2182 4325 2457 4387 oriuntur,
2489 4323 2627 4375 Deus
2656 4335 2759 4373 non
2788 4324 2961 4372 cessat
2985 4313 3212 4385 operari.
3253 4312 3403 4366 Nunc
3427 4319 3603 4363 autem

2025 4418 2144 4488 quia
2184 4416 2289 4486 iam
2321 4425 2372 4469 et
2401 4420 2764 4468 consummata
2802 4403 3225 4478 quodammodo,
3264 4411 3319 4458 et
3345 4400 3605 4471 quodam-

2027 4510 2191 4563 modo
2214 4505 2455 4561 inchoata
2486 4512 2608 4557 sunt
2630 4518 2690 4555 ea
2721 4502 2829 4569 ipsa
2855 4514 2971 4568 qua:
2996 4494 3442 4564 consequentibus
3464 4491 3609 4547 evol-

2027 4597 2197 4653 venda
2228 4594 2553 4665 temporibus
2578 4591 2822 4662 primitus
2845 4589 2983 4641 Deus
3007 4584 3363 4640 omnia'simul
3386 4582 3604 4647 creavit,

2029 4705 2150 4745 cum
2174 4688 2371 4742 faceret
2392 4685 2640 4739 mundum
2669 4700 2680 4735 :
2708 4686 3069 4735 consummata
3095 4676 3312 4746 quidem
3333 4675 3452 4745 quia
3479 4673 3609 4729 nihil

2032 4782 2233 4836 habent
2263 4779 2347 4832 illa
2380 4780 2433 4831 in
2464 4777 2662 4829 naturis
2694 4773 2952 4844 pmpriis,
2995 4771 3185 4841 quibus
3219 4784 3434 4824 suorum
3471 4777 3609 4823 tem-

2032 4886 2219 4942 porum
2264 4884 2450 4923 cursus
2491 4874 2686 4936 aguut,
2730 4861 2872 4934 quod
2922 4877 3025 4915 non
3075 4859 3129 4913 in
3175 4860 3289 4913 istis
3330 4858 3614 4913 causaliter

2032 4962 2227 5017 faetutn
2258 4960 2361 5023 sit;
2403 4957 2649 5012 inclmata
2687 4971 2849 5018 vero,
2888 4952 3134 5022 quoniam
3180 4949 3419 5020 quaedam
3459 4956 3613 5002 erant

2032 5052 2183 5124 quasi
2225 5049 2425 5104 semina
2468 5048 2797 5110 futurortnu,
2828 5058 2925 5113 per
2952 5041 3129 5096 Sat-culi
3168 5049 3390 5095 tractum
3430 5053 3494 5091 ex
3523 5052 3614 5089 oc-

2034 5144 2179 5199 culto
2205 5143 2258 5196 in
2287 5139 2621 5195 manifestum
2653 5139 2780 5191 locis
2808 5136 3056 5205 congruis
3081 5133 3373 5188 esst-renda
3405 5149 3418 5184 :
3450 5129 3614 5200 ipsius

2034 5238 2194 5292 etiam
2223 5234 2509 5302 Scriptura:
2539 5228 2695 5284 verba
2726 5228 2856 5280 satis
2889 5226 2953 5280 ad
2988 5226 3087 5279 hoc
3114 5221 3506 5277 admonendum
3537 5220 3616 5273 in-

2036 5330 2256 5399 signiter
2286 5326 2496 5396 vigent,
2536 5324 2579 5376 si
2619 5321 2735 5391 quis
2775 5320 2825 5373 iu
2861 5320 2939 5374 eis
2970 5317 3199 5386 evigilet.
3230 5314 3357 5369 Nam
3398 5322 3451 5368 et
3483 5327 3615 5366 con-

2036 5428 2297 5475 suiumata
2325 5431 2386 5471 ea
2414 5414 2540 5469 dicit
2568 5423 2621 5467 et
2650 5412 2891 5465 inchoata
2918 5426 2931 5462 :
2956 5409 3055 5463 nisi
3084 5406 3223 5461 enim
3253 5413 3616 5460 consummata

2038 5521 2236 5575 essent,
2266 5524 2370 5563 non
2394 5507 2644 5575 scriptum
2668 5514 2826 5566 esset,
2859 5503 2922 5556 Et
2942 5510 3285 5556 consummata
3303 5508 3418 5553 sunt
3438 5497 3617 5552 calum

2039 5611 2084 5655 et
2114 5612 2246 5655 terra
2266 5641 2280 5664 ,
2313 5609 2359 5653 et
2388 5598 2548 5652 annuis
2575 5595 2869 5657 comantia
2908 5596 3112 5647 iltorum
3140 5605 3160 5645 :
3188 5599 3236 5644 et
3258 5588 3620 5644 consummavit

2039 5692 2177 5749 Deus
2197 5692 2250 5746 in
2270 5692 2357 5744 die
2374 5700 2513 5744 sexto
2533 5703 2685 5758 Opera
2708 5701 2819 5747 sim,
2846 5698 2959 5753 qua:
2981 5683 3095 5754 fecit
3120 5696 3139 5735 :
3160 5692 3206 5735 et
3226 5680 3459 5753 requievit
3477 5677 3619 5733 Deus

2039 5784 2094 5840 in
2120 5784 2202 5838 die
2228 5781 2437 5854 septimo
2464 5780 2527 5834 ab
2551 5775 2780 5833 carnibus
2808 5774 3047 5844 operibus
3068 5772 3174 5829 suis
3192 5810 3208 5841 ,
3243 5786 3356 5844 qua
3380 5770 3501 5843 fecit
3524 5784 3545 5826 :
3570 5777 3620 5824 υ
