4074 6356
451 366 553 423 547

451 476 701 533 benedixit
737 471 878 529 Deus
918 470 1052 526 diem
1089 467 1391 534 septimum,
1436 474 1485 521 et
1518 460 1851 532 sanctiﬁcavit
1877 473 2029 523 eum;

449 579 740 635 rursusque
777 562 882 618 nisi
922 559 1166 615 inchoata
1206 564 1418 621 essent,
1460 569 1567 609 non
1596 554 1671 608 ita
1698 558 2029 621 sequeretur,

450 659 574 728 quia
603 657 691 712 illa
722 656 809 710 die
851 651 1090 722 requievit
1129 649 1193 703 ab
1233 645 1462 703 omnibus
1504 643 1737 717 operibus
1775 641 1880 696 suis
1920 652 2036 710 qua

450 748 703 804 inchoavit
730 745 866 800 Deus
896 748 1079 816 facere.

524 839 611 895 l9.
646 838 743 892 llic
768 836 925 906 igitur
950 832 995 887 si
1019 832 1139 902 quis
1163 829 1392 899 inquirat
1417 824 1679 899 quomodo
1700 834 2037 879 consumma-

452 930 528 984 vit
553 939 607 983 et
634 925 900 997 quomodo
923 921 1187 978 inchoavit
1219 939 1233 973 :
1263 933 1435 988 neque
1470 917 1612 972 enim
1653 915 1753 969 alia
1787 926 2039 969 consum-

453 1021 619 1079 mavit
639 1061 655 1086 ,
699 1019 803 1074 alia
851 1008 1151 1078 inchoavit,
1177 1010 1274 1068 sed
1299 1009 1485 1066 eadem
1515 1008 1627 1076 ipsa
1657 1006 1835 1074 utique
1862 1017 1893 1056 a
1918 1002 2036 1072 qui-

453 1114 554 1170 bus
578 1112 631 1168 in
657 1110 743 1166 die
763 1107 990 1178 septimo
1010 1102 1286 1174 requievit,
1316 1116 1380 1154 ex
1403 1100 1469 1153 iis
1494 1112 1611 1167 quae
1630 1109 1788 1163 supra
1808 1092 2040 1147 diximus

422 1206 659 1261 clarum
709 1209 810 1255 est.
862 1197 1272 1253 Consummasse
1315 1188 1510 1260 quippe
1553 1188 1655 1241 ista
1700 1182 2040 1252 intelligimus

454 1296 646 1357 Deum,
676 1303 796 1346 cum
825 1285 1026 1342 creavit
1052 1283 1228 1338 omnia
1256 1280 1411 1334 simul
1438 1280 1506 1332 ita
1534 1273 1766 1345 perfecte
1785 1313 1800 1337 ,
1830 1280 1889 1326 ut
1911 1268 2041 1325 nihil

454 1383 506 1439 ei
534 1381 709 1437 adhuc
738 1379 791 1433 in
816 1375 1003 1431 ordine
1034 1384 1331 1441 temporum
1372 1364 1658 1422 creandum
1699 1370 1869 1428 esset,
1901 1358 2042 1430 quod

455 1487 565 1528 non
591 1471 675 1525 hic
700 1470 769 1525 ab
793 1483 857 1521 eo
877 1466 988 1536 jam
1018 1464 1070 1518 in
1093 1462 1278 1517 ordine
1299 1471 1578 1514 causarum
1603 1462 1838 1508 creatum
1861 1457 2041 1506 esset:

456 1562 742 1619 inchoasse
765 1566 965 1621 autem,
995 1562 1053 1607 ut
1078 1550 1220 1622 quod
1247 1549 1334 1603 hic
1363 1548 1659 1617 prchixerat
1688 1542 1895 1607 causis,
1926 1547 2045 1610 post

456 1653 707 1721 impleret
729 1647 951 1704 ell‘ectis.
981 1641 1209 1699 Proinde
1234 1637 1465 1710 {armavit
1493 1635 1630 1690 Deus
1654 1634 1905 1688 hominem
1931 1628 2046 1721 puts

457 1720 622 1800 verem
652 1751 817 1808 terra,
849 1738 931 1793 vel
960 1736 1142 1790 limum
1174 1742 1357 1795 terrae,
1390 1730 1491 1784 hoc
1518 1735 1599 1782 est
1627 1727 1694 1781 de
1719 1724 1936 1795 pulvere
1962 1720 2047 1776 vel

457 1836 593 1891 limo
622 1843 808 1895 terrae;
840 1839 886 1884 et
912 1825 1171 1897 inspiravit
1198 1824 1309 1877 sive
1336 1819 1620 1875 insufflavit
1652 1818 1704 1869 in
1734 1816 1842 1885 ejus
1866 1811 2048 1885 faciem

458 1925 696 1997 spiritum
721 1922 855 1986 vita,
877 1927 922 1972 et
949 1917 1114 1987 {actus
1137 1922 1209 1967 est
1232 1911 1382 1966 homo
1406 1910 1459 1963 in
1482 1908 1704 1997 animant
1728 1905 1910 1997 vivam.
1931 1900 2049 1956 Non

462 1994 591 2072 tunc
623 2010 1060 2084 praedestinatus;
1091 2005 1193 2059 hoc
1226 2001 1366 2058 enim
1399 2009 1523 2054 ante
1548 1996 1801 2052 smculum
1831 1994 1883 2047 in
1914 2006 2049 2061 pra:-

462 2105 688 2162 scientia
708 2099 979 2158 Creatoris
1002 2114 1017 2152 :
1042 2109 1215 2165 neque
1240 2101 1366 2147 tunc
1385 2088 1667 2144 causaliter
1690 2084 1775 2139 vel
1800 2094 2051 2137 consum-

463 2206 609 2254 mate
634 2192 932 2256 inchoatus,
955 2187 1043 2242 vel
1067 2184 1310 2239 inchoate
1333 2185 1764 2239 consummatus;
1786 2173 1888 2227 hoc
1907 2170 2051 2225 enim

463 2304 497 2344 a
539 2286 738 2342 seculo
784 2283 838 2337 in
884 2276 1178 2334 rationibus
1219 2266 1683 2343 primordialibus,
1731 2278 1851 2318 cum
1893 2258 2051 2315 simul

465 2379 647 2433 omnia
671 2380 985 2431 crearentur
1013 2385 1030 2424 :
1058 2364 1152 2422 sed
1178 2372 1386 2419 creatus
1416 2360 1470 2414 in
1497 2368 1735 2425 tempore
1760 2367 1857 2408 suo
1877 2393 1891 2418 ,
1921 2350 2048 2405 visi-

466 2468 646 2524 bililer
673 2464 729 2518 in
756 2472 1002 2530 corpore,
1030 2453 1363 2511 invisibiliter
1392 2453 1443 2503 in
1469 2446 1642 2501 anima
1663 2484 1678 2511 ,
1711 2450 1960 2499 constans
1986 2454 2053 2496 ex

468 2559 644 2616 anima
674 2563 729 2610 et
752 2563 996 2621 corpore.

469 2647 698 2707 CAPUT
740 2645 855 2702 λιι.
883 2670 957 2684 --
990 2638 1186 2710 Corpus
1224 2630 1441 2689 hominis
1470 2646 1534 2683 an
1563 2623 1809 2699 singulari
1847 2621 1996 2677 modo
2022 2636 2056 2675 α

1042 2730 1152 2785 Deo
1182 2733 1474 2800 formatum.

460 2832 463 2837 ”
540 2833 635 2890 20.
663 2830 781 2887 .lam
802 2841 930 2897 ergo
950 2822 1223 2879 videamus
1248 2813 1516 2888 quomodo
1541 2824 1664 2866 eum
1689 2806 1872 2862 fecerit
1894 2804 2054 2897 Deus,

474 2925 705 2998 primum
735 2920 804 2975 de
844 2894 984 2973 terra
1020 2924 1215 2981 corpus
1244 2908 1391 2977 ejus;
1429 2911 1546 2998 post
1574 2901 1733 2998 etiam
1775 2897 1841 2952 de
1882 2894 2060 2998 anima

473 2986 810 3077 uidebimus,
842 3008 884 3063 si
926 3003 1053 3076 quid
1090 2999 1405 3056 valebimus.
1450 2992 1602 3059 Quod
1643 2990 1785 3046 enim
1816 2986 2060 3077 manibus

473 3101 838 3175 corporalibus
863 3097 1004 3151 Deus
1024 3092 1091 3148 de
1116 3091 1245 3146 limo
1274 3083 1487 3142 tinxerit
1514 3080 1808 3175 hominem,
1836 3076 2060 3175 nimium

474 3166 696 3268 puerilis
720 3187 970 3260 cogitatio
994 3190 1106 3249 est,
1137 3181 1207 3235 ita
1237 3187 1293 3233 ut
1317 3176 1362 3268 si
1390 3175 1490 3233 hoc
1520 3171 1791 3268 scriptura
1821 3166 2058 3268 dixisset,

475 3253 651 3355 inagis
680 3253 814 3338 enni
830 3277 920 3347 qui
949 3271 1163 3343 scripsit
1188 3267 1441 3323 translato
1476 3262 1638 3316 verbo
1666 3273 1819 3314 usum
1845 3253 2065 3355 credere

475 3345 1030 3439 «heremum—quam
1074 3365 1241 3419 Deum
1286 3357 1481 3413 talibus
1510 3352 1870 3408 membrorum
1896 3345 2065 3439 linea-

475 3436 670 3528 mentis
710 3436 1117 3520 determinatum
1159 3452 1332 3524 qualia
1374 3447 1616 3502 videmus
1661 3443 1712 3496 in
1756 3436 2067 3507 corporibus

475 3560 695 3619 nostris.
725 3557 930 3611 Dictum
958 3558 1040 3605 est
1063 3546 1228 3609 enim,
1262 3541 1447 3597 Manus
1482 3548 1568 3592 tua
1608 3543 1775 3606 gentes
1814 3528 2066 3599 disperdi—

477 3655 550 3710 dit
569 3650 738 3725 (Psal.
768 3660 915 3709 xum,
943 3642 997 3714 5)
1021 3656 1036 3707 ;
1063 3648 1145 3706 et,
1177 3633 1410 3725 Eduxiin
1439 3621 1932 3725 populum-tanagri
1961 3635 2070 3725 ma:

478 3709 550 3800 nu
574 3709 702 3815 ‘forti
724 3747 772 3793 et
804 3709 1005 3791 brachio
1031 3730 1226 3786 excelso
1256 3722 1426 3815 (Psat.
1458 3734 1657 3815 cxxxv,
1682 3717 1769 3780 ll,
1804 3712 1891 3815 12)
1916 3729 1947 3812 ;.
1975 3709 2069 3765 sed

480 3804 854 3907 pro-potestate
876 3834 931 3882 et
954 3824 1149 3878 virtute
1168 3818 1261 3873 Dei
1291 3813 1516 3885 positum
1541 3808 1717 3907 hujus”
1726 3804 1951 3907 membri
1976 3816 2073 3854 no-

480 3896 611 3983 ineri
631 3923 748 3993 quis
778 3933 943 3988 usque
967 3915 1100 3969 adeo
1124 3908 1335 3979 desipit,
1361 3913 1420 3959 ut
1444 3918 1548 3957 non
1573 3896 1866 3993 intelligat?

552 3989 661 4072 2L-
680 4014 789 4069 Nec
815 4009 945 4065 illud
971 4002 1288 4061 audiendum
1310 4006 1412 4062 est,
1436 3993 1575 4065 quod
1602 3989 1838 4047 nonnulli
1863 3994 2069 4057 putant,

486 4111 609 4171 ideo
633 4106 955 4179 principuum
981 4098 1074 4153 Dei
1100 4109 1233 4164 opus
1260 4106 1379 4145 esse
1407 4086 1699 4147 hominem,
1730 4080 1851 4152 quia
1876 4087 2070 4179 caetera

485 4170 652 4267 dixit,
680 4208 736 4255 et
760 4170 895 4251 facta
919 4198 1075 4256 sunt;
1102 4186 1245 4242 hunc
1268 4190 1444 4237 autem
1474 4179 1587 4250 ipse
1615 4175 1745 4267 fecit
1775 4193 1791 4228 :
1828 4171 1923 4267 sed
1956 4170 2075 4267 ideo

487 4264 701 4369 potius,
744 4288 867 4361 quia
905 4286 1045 4340 hunc
1070 4279 1138 4335 ad
1166 4277 1448 4347 imaginem
1479 4284 1628 4369 suam
1657 4266 1798 4322 fecit.
1828 4264 1972 4369 Nan:
1987 4264 2073 4369 illa

487 4353 608 4459 qua:
634 4353 777 4440 dixit
795 4389 851 4437 et
884 4377 1018 4433 facta
1056 4378 1213 4434 sunt,
1249 4367 1372 4422 ideo
1406 4363 1485 4459 sic
1509 4361 1763 4459 scriptum
1792 4364 1875 4459 est
1902 4353 2073 4459 (Psal.

487 4447 691 4537 (iuvui
711 4516 728 4542 ,
752 4471 809 4544 5)
827 4511 845 4538 ,
874 4468 997 4541 quia
1037 4479 1133 4535 per
1163 4459 1391 4515 Verbum
1427 4453 1544 4524 ejus
1587 4450 1719 4544 facta
1760 4454 1915 4512 Sunt,
1942 4447 2077 4501 sicut

491 4583 589 4641 per
609 4539 881 4621 hominem
893 4539 1216 4613 hominibus
1241 4547 1347 4604 dici
1376 4544 1561 4641 potuit‘
1573 4539 1768 4605 verbis,
1799 4552 1917 4641 qua:
1946 4545 2078 4638 tern-

492 4626 746 4733 poraliter
788 4652 1122 4721 cogitantur,
1165 4652 1221 4698 et
1262 4652 1395 4695 voce
1437 4632 1807 4733 proferuntur.
1844 4628 1961 4682 Non
2001 4626 2081 4682 sic

494 4722 672 4822 autem
701 4745 937 4816 loquitur
961 4742 1100 4795 Deus
1119 4778 1136 4804 ,
1165 4734 1267 4789 nisi
1292 4746 1411 4787 cum
1448 4742 1544 4800 per
1571 4722 1897 4822 corporalem
1926 4734 2078 4773 crea-

494 4813 670 4904 turam
698 4813 961 4911 loquitur,
988 4832 1124 4888 sicut
1153 4824 1411 4887 Abrahae,
1442 4822 1578 4877 sicut
1606 4814 1791 4888 Moysi,
1825 4813 1958 4868 sicut
1987 4825 2081 4911 per

494 4935 692 4999 nubem
722 4907 790 4986 de
813 4927 948 4983 Filio
974 4936 1094 4978 suo.
1122 4920 1261 4975 Ante
1285 4927 1415 4970 vero
1440 4924 1651 4967 omnem
1679 4914 2002 4999 creaturam,
2026 4907 2082 4999 ut

685 5021 799 5091 ipsa
842 5024 1121 5077 creatura,
1167 5022 1233 5063 eo
1276 5003 1450 5059 Verbo
1483 5000 1828 5094 dictumnest,
1858 4989 1999 5094 quod
2031 4990 2082 5043 in

497 5088 761 5193 principio
796 5116 913 5167 erat
938 5107 1078 5162 Deus
1104 5098 1246 5170 apud
1273 5098 1437 5193 Deum
1471 5110 1485 5147 :
1516 5099 1572 5146 et
1606 5088 1950 5193 quiauoimnia
1993 5095 2087 5193 per

500 5173 834 5282 ipsum'facta
855 5208 997 5263 sunt,
1026 5203 1081 5251 et
1102 5194 1219 5251 sine
1240 5189 1354 5260 ipso
1374 5188 1570 5241 factum
1580 5189 1671 5282 est
1693 5176 1821 5232 nihil
1845 5173 2019 5282 (Joan.
2044 5187 2081 5238 ι,

503 5266 559 5369 ί,
587 5300 679 5374 5),
710 5297 891 5367 utique
931 5299 986 5349 et
1027 5288 1189 5343 homo
1230 5296 1327 5353 per
1365 5278 1537 5374 ipsum
1573 5273 1763 5374 factus.
1785 5277 1888 5374 est.
1930 5266 2087 5374 Certe

503 5361 885 5450 enim'cmlum
927 5380 1092 5438 verbo
1134 5374 1291 5441 fecit,
1328 5370 1451 5441 quia
1480 5366 1612 5421 dixit
1650 5372 1705 5419 et
1743 5361 1935 5415 factum
1966 5366 2085 5410 est:

504 5484 762 5551 scriptum
790 5484 873 5534 est
906 5484 1116 5535 tamen,
1148 5465 1217 5522 Et
1258 5478 1412 5533 apera
1451 5470 1691 5551 manuum
1718 5462 1931 5551 tuarum
1974 5453 2089 5551 sunt

507 5535 632 5628 lati
649 5567 821 5641 (Psat.
843 5581 917 5633 et,
938 5559 1055 5634 96).
1086 5560 1152 5615 Et
1174 5557 1241 5612 de
1266 5553 1368 5608 hoe
1396 5551 1503 5605 imo
1527 5545 1676 5618 quasi
1715 5540 1878 5641 fundo
1907 5535 2089 5641 mundi

500 5632 766 5738 scripinm
790 5671 873 5720 est
948 5632 1199 5728 Quoniam
1230 5650 1392 5726 ipsius
1430 5654 1503 5702 est
1542 5657 1713 5738 ,
1833 5637 1941 5705 ipse
1977 5632 2093 5738 fecit

507 5726 670 5827 dtuli,
699 5766 746 5815 et
772 5726 983 5812 aridam
1006 5765 1182 5808 manus
1210 5747 1319 5819 ejus
1345 5741 1597 5815 ﬁnxerunt
1629 5730 1797 5806 (Psal.
1826 5744 1943 5785 χειν
1962 5766 1976 5793 ,
2012 5726 2089 5795 5).

1385 352 1478 413 DE
1515 348 1765 412 GENESI
1802 344 1892 401 AD
1932 343 2297 417 LITTERAM,
2338 346 2399 403 S.
2436 347 2804 409 AUGUSTI?“

3607 355 3711 414 548

2132 458 2250 516 Non
2275 461 2435 532 Igitur
2461 461 2564 518 hoc
2598 462 2653 518 in
2676 459 2933 518 honorem
2960 459 3190 519 hominis
3214 461 3526 535 deputetur,
3562 470 3710 526 velut

2134 560 2332 607 caetera
2355 552 2498 609 Deus
2522 552 2744 621 dixerit,
2777 564 2833 610 et
2868 554 3004 609 facta
3042 555 3183 622 sint,
3211 551 3352 613 hunc
3378 567 3555 614 autem
3596 560 3711 631 ipse

2137 640 2352 710 fecerit;
2381 651 2474 700 aut
2498 643 2665 701 verbo
2690 653 2909 711 cetera,
2952 645 3093 701 hunc
3129 654 3308 702 autem
3351 649 3596 704 manibus
3634 649 3713 706 fe-

2137 736 2292 790 cerit.
2318 734 2423 792 Sed
2450 736 2553 793 hoc
2575 737 2785 793 excellit
2809 738 2860 792 in
2885 737 3127 805 homine,
3154 740 3275 809 quia
3301 739 3441 795 Deus
3479 740 3545 795 ad
3581 742 3715 796 ima-

2139 826 2315 895 ginem
2338 842 2488 883 suam
2515 827 2783 883 hominem
2810 828 2949 894 fecit,
2974 840 3191 901 propter
3209 830 3310 885 hoc
3332 831 3473 901 quod
3495 833 3544 888 ei
3567 832 3717 888 dedit

2140 927 2373 973 mentem
2401 919 2829 985 intellectualem,
2860 934 2961 991 qua
2991 929 3202 991 prmstat
3226 922 3534 992 pecoribus;
3573 924 3717 980 unde

2138 1006 2245 1077 jam
2276 1012 2551 1079 superiore
2579 1009 2696 1065 loco
2721 1011 3087 1067 disseruimus.
3126 1011 3184 1067 in
3211 1027 3314 1083 quo
3343 1012 3542 1069 honore
3570 1015 3717 1084 posi-

2144 1108 2263 1163 tus,
2302 1099 2350 1155 si
2390 1115 2496 1156 non
2537 1100 2889 1169 intellexerit,
2920 1113 2978 1159 ut
3004 1102 3141 1160 bene
3167 1112 3318 1175 agat,
3349 1104 3551 1166 eisdem
3589 1105 3719 1176 ipsis

2144 1190 2423 1259 pecoribus
2446 1192 2637 1262 quibus
2663 1193 2912 1262 praelatus
2952 1202 3036 1249 est
3072 1194 3484 1265 comparabitur.
3521 1195 3609 1251 Sic
3636 1205 3719 1252 et‘

2145 1282 2286 1336 enim
2314 1282 2565 1352 scriptum
2591 1294 2673 1340 cst
2699 1301 2713 1340 :
2744 1282 2911 1339 Homo
2939 1285 2991 1338 in
3016 1286 3204 1339 honore
3232 1285 3423 1355 positus
3446 1302 3546 1340 non
3571 1287 3720 1341 intel-

2145 1371 2302 1437 lexit,-
2340 1382 2658 1441 comparatus
2700 1383 2773 1428 est
2817 1373 3075 1443 pecoribus
3116 1374 3410 1443 insensatis,
3454 1382 3501 1429 et
3540 1375 3721 1430 similis

2148 1465 2312 1533 factus
2343 1472 2415 1519 est
2447 1468 2518 1518 eis
2553 1462 2724 1535 (Psal.
2754 1480 2951 1531 vam,
2982 1465 3093 1535 i3).
3120 1463 3253 1540 Nam
3281 1475 3335 1522 et
3362 1481 3551 1537 pecora
3578 1467 3724 1522 Deus

2148 1551 2293 1619 fecit,
2320 1553 2416 1609 sed
2444 1568 2550 1608 non
2578 1553 2644 1608 ad
2678 1555 2959 1625 imaginem
2987 1570 3158 1610 suam.

2217 1642 2307 1698 22.
2337 1642 2447 1699 Nec
2474 1643 2756 1700 dicendum
2783 1657 2886 1713 est,
2915 1644 3191 1701 Hominem
3223 1646 3336 1715 ipse
3359 1644 3500 1711 fecit,
3530 1660 3723 1715 pecora

2148 1752 2277 1793 vero
2300 1737 2479 1807 jussit,
2497 1746 2550 1793 et
2568 1736 2704 1793 facta
2721 1747 2876 1793 sunt:
2896 1746 2949 1793 et
2979 1739 3117 1793 hunc
3145 1738 3287 1793 enim
3307 1745 3362 1793 et
3376 1738 3462 1792 illa
3478 1753 3575 1808 per
3594 1720 3725 1793 Ver-

2149 1828 2275 1884 bum
2292 1845 2445 1885 suum
2462 1831 2602 1895 fecit,
2622 1847 2719 1902 per
2739 1832 2880 1903 quod
2900 1830 3034 1886 facta
3056 1839 3179 1887 sunt
3193 1832 3368 1887 omnia
3385 1830 3563 1905 (Joan.
3582 1849 3621 1902 ι,
3638 1833 3722 1903 3).

2151 1923 2256 1979 Sed
2278 1924 2402 1995 quia
2424 1924 2565 1980 idem
2582 1924 2814 1981 Verbum
2836 1934 2889 1981 et
2908 1924 3175 1994 Sapientia
3196 1934 3249 1979 et
3274 1922 3455 1978 Virtus
3474 1924 3589 1995 ejus
3603 1932 3724 1990 est;

2152 2012 2344 2069 dicitur
2380 2021 2436 2069 et
2476 2029 2661 2069 manus
2698 2015 2841 2083 ejus,
2874 2030 2980 2068 non
3020 2014 3224 2069 visibile
3261 2014 3585 2077 membrum,
3630 2013 3727 2069 sed

2153 2102 2417 2159 efficiendi
2463 2105 2713 2174 potentia.
2761 2103 2893 2159 Nam
2936 2103 3052 2160 haac
3078 2104 3262 2159 eadem
3299 2104 3569 2173 Scriptura
3609 2120 3731 2175 qua:
3808 2144 3824 2157 .

2153 2195 2283 2251 dicit
2308 2194 2447 2265 quod
2476 2195 2615 2251 Deus
2645 2195 2912 2251 hominem
2941 2195 3008 2251 de
3036 2195 3164 2250 limo
3195 2205 3349 2250 terra:
3380 2194 3617 2262 finxerit,
3644 2194 3732 2249 di-

2154 2288 2227 2344 cit
2251 2286 2409 2342 etiam
2439 2287 2579 2358 quod
2609 2286 2807 2343 bestias
2845 2289 2954 2357 agri
2991 2287 3056 2343 de
3084 2297 3220 2342 terra
3250 2287 3489 2355 ﬁnxerit,
3518 2287 3732 2358 quando

2156 2393 2247 2433 eas
2272 2394 2393 2435 cum
2422 2379 2723 2434 volatilibus
2759 2379 2879 2435 ρωιί
2918 2378 2985 2433 ad
3010 2378 3179 2433 Adam
3208 2377 3459 2444 adduxit,
3498 2387 3557 2432 ut
3582 2377 3730 2433 vide—

2155 2478 2240 2525 ret
2266 2470 2391 2540 quid
2416 2486 2481 2527 ea
2505 2480 2737 2525 vocaret.
2768 2470 2859 2526 Sic
2885 2471 3026 2527 enim
3055 2470 3309 2540 scriptum
3338 2477 3420 2525 est
3448 2489 3462 2523 :
3496 2468 3561 2524 Et
3585 2469 3737 2537 ﬁnxit

2158 2562 2293 2617 Deus
2319 2563 2486 2617 adhuc
2509 2562 2573 2621 de
2594 2571 2727 2617 terra
2752 2578 2922 2618 omnes
2944 2561 3126 2617 bestias
3152 2558 3303 2632 (Gen.
3326 2577 3364 2627 ι,
3388 2559 3505 2632 25).
3528 2560 3585 2616 Si
3606 2548 3739 2631 ergo

2159 2664 2213 2712 et
2234 2655 2503 2711 hominem
2524 2654 2594 2712 de
2616 2663 2755 2710 terra
2778 2664 2831 2711 et
2856 2654 3052 2711 bestias
3074 2655 3140 2711 de
3165 2663 3302 2710 terra
3331 2654 3442 2724 ipse
3467 2654 3738 2717 formavit,

2160 2746 2285 2816 quid
2314 2745 2478 2801 habet
2513 2745 2672 2801 homo
2707 2746 3048 2801 excellentius
3092 2743 3145 2800 in
3185 2743 3287 2799 hac
3322 2760 3415 2813 re,
3456 2744 3555 2800 nisi
3597 2744 3739 2817 quod

2161 2835 2275 2904 ipse
2312 2835 2377 2889 ad
2419 2835 2700 2906 imaginem
2730 2835 2824 2891 Dei
2852 2844 3061 2891 creatus
3101 2834 3220 2890 est?
3262 2833 3371 2889 Nec
3417 2844 3593 2889 tamen
3636 2832 3743 2888 hoc
3808 2892 3813 2900 λ

2163 2925 2457 2981 secundum
2485 2939 2711 2995 corpus,
2741 2926 2834 2981 sed
2861 2926 3149 2983 secundum
3176 2925 3497 2980 intellectum
3522 2924 3739 2991 mentis,

2164 3016 2231 3072 de
2256 3032 2362 3087 quo
2390 3026 2509 3085 post
2532 3016 2830 3087 loquemur.
2872 3017 3181 3088 Quanquam
3211 3027 3262 3073 et
3291 3018 3342 3071 in
3373 3016 3489 3087 ipso
3516 3030 3743 3085 corpore

2164 3105 2358 3161 habeat
2379 3105 2661 3176 quamdam
2688 3107 3063 3178 pr0prietatem
3089 3123 3207 3178 qua:
3233 3106 3335 3163 hoc
3358 3106 3573 3174 indicet,
3599 3105 3743 3176 quod

2166 3209 2344 3257 erecta
2388 3208 2589 3254 statura
2636 3197 2807 3255 factus
2844 3206 2960 3267 est,
3001 3208 3058 3253 ut
3086 3199 3186 3255 hoc
3215 3200 3330 3269 ipso
3367 3199 3747 3254 admoueretur

2168 3305 2274 3346 non
2302 3290 2401 3345 sibi
2432 3298 2640 3345 terrena
2666 3305 2785 3346 esse
2812 3290 3084 3357 sectanda,
3112 3291 3252 3345 velut
3280 3305 3491 3361 pecora,
3521 3303 3747 3360 quorum

2170 3382 2413 3452 voluptas
2443 3381 2619 3435 omnis
2655 3396 2720 3436 ex
2761 3391 2901 3436 terra
2936 3389 3050 3448 est,
3077 3380 3217 3437 unde
3255 3381 3306 3435 in
3344 3381 3519 3435 alvum
3557 3388 3749 3437 cuncta

2171 3491 2336 3547 prona
2367 3486 2524 3548 atque
2552 3487 2813 3549 prostrata
2838 3488 2982 3533 sunt.
3019 3478 3273 3547 Congruit
3304 3492 3429 3547 ergo
3466 3484 3519 3531 et
3554 3490 3750 3547 corpus

2172 3568 2287 3636 ejus
2314 3569 2506 3623 anima:
2532 3569 2799 3637 rationali,
2828 3586 2931 3624 non
2961 3568 3247 3623 secundum
3278 3568 3591 3622 lineamenta
3619 3566 3754 3637 ﬁgu-

2174 3674 2366 3730 rasque
2395 3662 2755 3717 membrorum
2773 3705 2787 3729 ,
2820 3662 2912 3718 sed
2940 3662 3114 3733 potius
3138 3660 3426 3716 secundum
3456 3659 3506 3715 id
3531 3660 3671 3731 quod
3697 3660 3753 3713 in

2175 3752 2367 3807 emlum
2390 3763 2623 3808 erectum
2646 3764 2749 3822 est,
2776 3754 2842 3809 ad
2870 3753 3115 3809 intuenda
3138 3769 3255 3824 qua:
3275 3753 3326 3807 in
3348 3767 3566 3820 corpore
3588 3752 3753 3822 ipsius

2178 3843 2358 3896 mundi
2385 3859 2612 3913 superna
2637 3852 2798 3899 sunt:
2827 3845 2963 3899 sicut
2989 3845 3163 3898 anima
3188 3841 3461 3898 rationalis
3486 3842 3539 3897 in
3567 3856 3628 3895 ea
3655 3841 3754 3896 de-

2178 3930 2267 3987 bet
2297 3933 2461 4003 erigi,
2492 3950 2609 4005 qua:
2636 3935 2688 3989 in
2714 3935 3069 4005 spiritualibus
3106 3942 3289 3989 natura
3320 3933 3550 3987 maxime
3573 3931 3756 3986 excel-

2180 4024 2326 4091 lunt,
2367 4035 2423 4079 ut
2469 4042 2586 4094 qua:
2630 4040 2842 4081 sursum
2884 4036 3007 4080 sunt
3045 4025 3246 4096 sapiat,
3290 4039 3394 4079 non
3436 4037 3554 4094 qua:
3596 4036 3759 4091 super

2180 4124 2373 4171 terram
2404 4117 2620 4188 (Coloss.
2650 4133 2732 4183 In,
2761 4118 2841 4189 2).

2179 4226 2403 4283 CAPUT
2434 4226 2568 4282 Xlll.
2599 4257 2672 4268 —
2710 4228 2823 4293 Qua
2849 4236 2993 4282 artato
3023 4236 3109 4280 ant
3136 4236 3327 4281 statura
3351 4225 3580 4281 conditus
3604 4223 3761 4297 fuerit

2875 4320 3057 4373 Adam.

2249 4410 2339 4467 25.
2384 4411 2489 4467 Sed
2518 4412 2784 4482 quomodo
2812 4410 2933 4466 fecit
2961 4427 3078 4466 eum
3113 4411 3250 4466 Deus
3291 4409 3357 4467 de
3398 4411 3525 4466 limo
3565 4418 3759 4477 terrm;

2182 4514 2356 4559 utrum
2384 4513 2603 4574 repente
2632 4505 2681 4556 in
2708 4511 2861 4556 mtate
2888 4502 3120 4574 perfecta
3140 4542 3154 4563 ,
3197 4501 3299 4557 hoc
3325 4510 3407 4557 est
3432 4500 3568 4554 virili
3601 4510 3765 4571 atque

2178 4594 2419 4665 juvenili,
2458 4611 2527 4650 an
2565 4595 2704 4649 sicut
2740 4610 2878 4648 nunc
2921 4610 3085 4663 usque
3131 4592 3322 4647 format
3362 4592 3414 4647 in
3454 4591 3617 4646 uteris
3644 4608 3763 4645 ma-

2185 4687 2365 4743 trum?
2390 4687 2571 4757 Neque
2594 4687 2734 4743 enim
2758 4676 2893 4741 alius
2915 4687 3029 4741 lucc
3051 4687 3191 4751 facit,
3217 4701 3373 4756 quam
3397 4684 3479 4739 ille
3500 4684 3587 4754 qui
3608 4684 3762 4751 dixit,

2186 4778 2493 4848 Priusquam
2518 4787 2564 4831 te
2587 4781 2856 4849 formarent
2884 4778 2935 4831 in
2958 4787 3124 4840 utero,
3154 4779 3265 4831 novi
3292 4786 3339 4830 te
3365 4772 3577 4846 (Jerem.
3605 4790 3644 4840 ι,
3672 4775 3727 4845 5)
3750 4794 3762 4829 :

2187 4880 2243 4924 ut
2272 4869 2397 4924 illud
2429 4879 2629 4924 tantum
2661 4869 2928 4938 proprium
2970 4868 3214 4923 habuerit
3249 4867 3416 4921 Adam
3438 4908 3453 4932 ,
3487 4865 3627 4937 quod
3658 4882 3767 4921 non

2187 4978 2253 5018 ex
2279 4962 2585 5032 parentibus
2610 4972 2765 5015 natus
2788 4971 2888 5023 est,
2914 4961 3005 5016 sed
3030 4960 3194 5014 factus
3215 4975 3280 5013 ex
3304 4969 3439 5012 terra
3460 4974 3474 5024 ;
3503 4973 3565 5011 eo
3588 4967 3768 5013 tamen

2188 5054 2348 5108 modo
2377 5066 2432 5108 ut
2458 5054 2509 5107 in
2537 5053 2637 5107 hoc
2666 5052 3006 5123 perficiendo,
3034 5059 3089 5106 et
3113 5066 3206 5120 per
3232 5058 3417 5104 rutatos
3443 5047 3686 5117 augendo
3718 5047 3769 5101 hi

2191 5154 2490 5217 temporum
2517 5145 2721 5200 numeri
2742 5145 3156 5215 complerentur,
3179 5158 3312 5213 quos
3333 5150 3533 5196 naturae
3554 5139 3771 5193 humani

2115 5263 2122 5271 ι
2190 5238 2400 5310 generis
2441 5236 2722 5292 attributos
2764 5236 3023 5290 videmus.
3069 5236 3150 5289 An
3191 5234 3363 5304 potius
3401 5231 3503 5287 hoc
3544 5247 3649 5285 non
3691 5239 3773 5285 est

2192 5329 2605 5401 requirendum?
2632 5328 2947 5385 Utrumlibet
2968 5329 3107 5383 enim
3131 5328 3333 5393 fecerit,
3362 5325 3463 5381 hoc
3481 5323 3610 5381 fecit
3630 5322 3772 5394 quod

2195 5425 2360 5479 Deum
2392 5433 2445 5478 ct
2473 5422 2887 5492 omnipotentem
2918 5428 2972 5476 et
2998 5421 3289 5491 sapientem
3321 5431 3474 5487 posse
3508 5432 3572 5471 ac
3602 5415 3776 5469 facere

2194 5515 2537 5584 congruebat.
2579 5513 2653 5568 lla
2694 5513 2834 5568 enim
2862 5520 3037 5567 certas
3064 5520 3360 5580 temporum
3390 5508 3535 5577 leges
3566 5505 3778 5576 generi-

2196 5613 2295 5670 bus
2324 5610 2768 5682 qualitatibusque
2807 5622 2984 5661 rerum
3023 5604 3076 5659 in
3114 5600 3454 5659 manifestum
3493 5614 3557 5652 ex
3598 5596 3781 5650 abdito

2200 5706 2551 5780 producendis
2575 5702 2832 5768 attribuit,
2857 5712 2912 5755 ut
2928 5700 3043 5772 ejus
3059 5698 3300 5753 voluntas
3319 5694 3385 5751 sit
3406 5707 3564 5763 super
3580 5690 3777 5745 omnia.
