4090 6520
323 426 424 483 5ἱ9

323 535 562 595 Potentia
606 533 801 606 quippe
846 544 939 588 sua
984 543 1237 587 numeros
1277 537 1535 586 creatum
1575 526 1759 594 dedit,
1795 536 1901 583 non

324 633 492 701 ipsam
520 624 810 697 potentiam
835 622 1037 681 eisdem
1058 621 1292 678 numeris
1311 621 1561 691 alligavit.
1586 621 1715 676 Nam
1736 620 1906 691 Spiri-

325 731 409 778 tus
428 720 545 790 ejus
568 718 641 774 ita
667 715 908 772 faciendo
928 712 1125 769 mundo
1148 712 1576 784 superferebatur
1601 710 1753 781 (Gen.
1767 727 1805 777 ι,
1822 711 1905 782 2),

329 824 385 868 ut
407 822 461 867 et
499 810 641 865 facto
669 806 1062 877 superferatur,
1091 820 1200 861 non
1227 803 1588 875 corporalibus
1616 803 1747 858 locis
1767 843 1782 869 ,
1811 801 1907 858 sed

330 900 641 958 excellentia
666 896 965 969 potestatis.

396 994 486 1048 24.
520 991 649 1059 Quis
675 990 821 1045 enim
850 987 1021 1043 nescit
1041 1000 1231 1057 aquam
1255 993 1555 1043 concretam
1584 992 1758 1048 terrte,
1787 996 1907 1037 cum

331 1084 393 1138 ad
422 1082 629 1136 radices
652 1080 774 1135 vitis
800 1078 1038 1143 venerit,
1080 1076 1204 1131 duci
1232 1074 1286 1129 in
1311 1075 1547 1145 saginam
1583 1073 1709 1145 ligni
1746 1073 1905 1138 illius,

331 1183 487 1242 atque
515 1171 567 1225 in
593 1186 662 1227 eo
685 1185 899 1225 sumere
919 1167 1245 1239 qualitatem,
1272 1181 1373 1237 qua
1398 1166 1451 1219 in
1479 1180 1631 1219 uvam
1659 1163 1912 1235 procedat

332 1265 584 1335 paulatim
612 1270 1014 1332 erumpentem;
1055 1268 1215 1329 atque
1247 1258 1297 1313 in
1326 1272 1390 1312 ea
1422 1257 1801 1328 grandescente
1828 1256 1910 1310 vi-

331 1375 455 1414 num
477 1358 588 1423 ﬁat,
610 1364 980 1422 maturumque
999 1352 1284 1415 duleescat,
1304 1349 1443 1420 quod
1465 1348 1637 1403 adhuc
1656 1347 1913 1403 fervescat

328 1462 679 1517 expressum,
710 1453 764 1500 et
790 1443 1016 1514 quadam
1063 1449 1323 1497 vetustate
1367 1439 1630 1494 ﬁrmatum
1664 1437 1730 1493 ad
1760 1454 1911 1492 usum

332 1536 545 1593 bibendi
599 1535 777 1589 utilius
823 1532 1215 1603 juctmdiusque
1262 1530 1574 1600 perveniat?
1614 1529 1750 1584 Num
1795 1528 1914 1584 ideo

330 1627 591 1681 Dominus
623 1626 819 1695 lignum
849 1623 1094 1695 quaesivit
1132 1628 1226 1675 aut
1262 1630 1488 1687 terram,
1521 1630 1610 1674 aut
1653 1619 1749 1673 has
1778 1630 1913 1672 tem-

336 1731 525 1785 porum
554 1728 753 1779 moras,
783 1728 907 1769 cum
933 1726 1127 1782 aquam
1154 1711 1291 1765 miro
1318 1709 1635 1780 compendio
1657 1708 1918 1762 convertit

335 1806 389 1860 in
414 1807 637 1870 vinum,
662 1813 721 1860 et
758 1803 863 1859 tale
900 1802 1080 1856 vinum
1121 1799 1261 1870 quod
1302 1798 1481 1854 ebrius
1512 1798 1667 1851 etiam
1697 1797 1917 1851 conviva

334 1896 575 1952 laudaret
605 1893 787 1966 (Joan.
816 1909 883 1959 ιι,
914 1892 978 1959 9,
1007 1888 1135 1962 10)⁴Ι
1177 1888 1443 1959 Numquid
1480 1888 1741 1957 adjutorio
1780 1896 1918 1941 tem-

333 1989 481 2059 poris
521 1986 667 2058 eguit
702 1985 950 2041 conditor
985 1983 1274 2053 temporis?
1312 1980 1499 2038 Nonne
1525 1978 1684 2034 certis
1713 1980 1917 2033 dierum

335 2077 580 2134 numeris
601 2091 701 2131 suo
727 2077 922 2145 cuique
945 2075 1125 2145 generi
1152 2070 1563 2129 accommodatis
1582 2113 1596 2137 ,
1625 2072 1797 2125 omnis
1823 2086 1919 2124 na-

337 2180 452 2225 tura
480 2169 811 2238 serpentium
835 2166 1116 2233 coalescit,
1148 2164 1407 2220 formatur
1424 2205 1438 2229 ,
1478 2164 1733 2228 nascitur,
1760 2162 1919 2217 robo-

336 2258 523 2314 ratur?
559 2256 697 2312 Num
730 2256 1021 2326 exspectati
1051 2264 1177 2309 sunt
1212 2253 1267 2308 hi
1293 2253 1409 2308 dies
1431 2294 1446 2320 ,
1476 2262 1532 2307 ut
1560 2254 1610 2306 in
1636 2252 1919 2306 draconem

336 2348 482 2418 virga
513 2354 917 2402 converteretur
944 2345 1011 2400 de
1040 2360 1199 2401 manu
1226 2343 1391 2413 Moysi
1428 2351 1481 2397 et
1514 2344 1690 2395 Aaron
1728 2339 1920 2407 (Exod.

338 2452 446 2501 vn,
479 2436 609 2507 10)?
648 2436 757 2491 Nec
791 2437 890 2490 ista
929 2450 1051 2489 cum
1092 2435 1258 2499 ﬁunt,
1290 2443 1473 2488 contra
1503 2442 1743 2487 naturam
1771 2432 1922 2498 ﬁunt,
1993 2426 1998 2431 ’

340 2526 447 2583 nisi
470 2526 626 2581 nobis
652 2525 846 2597 quibus
876 2524 1031 2579 aliter
1066 2532 1270 2578 natura:
1305 2537 1489 2577 cursus
1520 2523 1777 2588 innotuit;
1820 2538 1924 2576 non

340 2626 519 2671 autem
548 2615 679 2681 Deo,
706 2615 792 2669 cui
822 2613 925 2669 hoc
949 2623 1031 2668 est
1055 2622 1241 2668 natura
1270 2610 1409 2681 quod
1437 2610 1640 2666 fecerit.

342 2706 571 2763 CAPUT
623 2704 765 2762 XIV.
799 2734 874 2747 —-
910 2704 1153 2759 Rationes
1203 2703 1430 2757 causales
1471 2702 1662 2757 mundo
1710 2704 1927 2774 primunt

711 2795 919 2862 indita,
959 2795 1104 2866 cujus
1133 2793 1324 2865 generis
1348 2793 1553 2863 fuerint.

413 2885 505 2941 25.
549 2884 727 2951 Quteri
766 2895 945 2939 autem
989 2882 1181 2937 merito
1214 2891 1414 2952 potest,
1444 2880 1683 2937 causales
1711 2880 1815 2936 illae
1845 2896 1932 2936 ra—

344 2977 543 3042 tiones,
572 2992 702 3047 quas
729 2976 928 3032 mundo
951 2975 1159 3041 indidit,
1187 2990 1305 3029 cum
1330 2974 1560 3045 primum
1579 2974 1734 3028 simul
1751 2974 1928 3027 omnia

344 3067 567 3132 ereavit,
615 3064 885 3136 quomodo
929 3065 1037 3120 sint
1076 3064 1328 3118 instituta:
1373 3080 1387 3117 :
1434 3072 1604 3117 utrum
1641 3071 1927 3133 ut,quem.

344 3158 636 3215 admodum
680 3158 921 3213 videmus
954 3166 1143 3211 cuncta
1172 3155 1440 3210 nascentia
1465 3156 1545 3210 vel
1572 3154 1821 3210 fruticum
1849 3156 1931 3211 vel

346 3250 657 3305 animalium
700 3248 753 3303 in
780 3249 891 3303 suis
914 3247 1422 3302 conformationibus
1446 3256 1607 3317 atque
1630 3247 1932 3302 incremen-

349 3341 455 3406 tis,
492 3353 588 3393 sua
628 3353 725 3408 pro
758 3337 1065 3395 diversitate
1098 3350 1354 3406 generum
1380 3334 1588 3390 diversa
1611 3337 1777 3405 spatia
1808 3352 1931 3405 per-

348 3436 573 3499 agerent
594 3426 924 3496 temporum?
948 3441 1014 3480 an
1037 3432 1113 3492 ut,
1139 3423 1581 3494 quemadmodum
1601 3424 1834 3480 creditur
1852 3425 1931 3477 fa—

350 3529 470 3577 ctus
511 3516 681 3572 Adam
732 3517 848 3571 sine
878 3516 985 3571 ullo
1014 3530 1297 3586 progressu
1325 3515 1771 3569 incrementorum
1798 3515 1932 3569 virili

349 3619 508 3665 actate
524 3651 540 3676 ,
568 3609 819 3663 continuo
838 3605 1336 3662 conformarentur?
1358 3604 1464 3659 Sed
1485 3618 1581 3660 cur
1601 3620 1707 3659 non
1732 3615 1935 3659 utrum-

349 3716 456 3771 que
500 3700 616 3753 illas
658 3697 925 3755 credimus
967 3696 1249 3760 habuisse,
1292 3703 1351 3749 ut
1373 3694 1477 3751 hoc
1504 3710 1571 3751 ex
1597 3696 1677 3751 eis
1707 3695 1935 3749 futurum

352 3798 530 3853 esset,
564 3788 703 3859 quod
737 3786 923 3843 factori
953 3784 1273 3857 placuisset?
1300 3784 1356 3841 Si
1383 3785 1524 3841 enim
1555 3786 1644 3841 illo
1668 3786 1827 3841 modo
1855 3787 1936 3841 di-

352 3882 624 3947 xerimus,
656 3878 873 3949 incipiet
901 3887 1085 3932 contra
1110 3876 1251 3946 ipsas
1272 3876 1464 3931 factum
1487 3875 1690 3943 videri,
1720 3892 1823 3930 non
1847 3892 1936 3931 so-

352 3970 463 4025 lum
503 3970 661 4023 etiam
702 3968 828 4023 illud
868 3967 936 4023 de
959 3979 1095 4037 aqua
1120 3968 1301 4022 vinum
1322 4007 1339 4035 ,
1370 3967 1464 4022 sed
1491 3976 1544 4022 et
1567 3967 1744 4023 omnia
1772 3960 1937 4024 mira-

353 4061 473 4114 cuia
498 4075 614 4129 qua:
639 4065 824 4113 contra
844 4065 1045 4112 natura;
1072 4056 1324 4111 usitatum
1345 4071 1559 4113 cursum
1584 4058 1755 4113 ﬁunt:
1784 4060 1829 4113 si
1849 4074 1941 4113 an-

356 4157 463 4204 tem
495 4151 596 4203 isto
626 4148 816 4215 modo,
849 4148 1016 4203 multo
1042 4148 1144 4202 erit
1180 4146 1459 4202 absurdius
1485 4147 1627 4217 ipsas
1657 4148 1784 4202 istas
1804 4163 1937 4218 quo-

355 4241 588 4295 tidianas
617 4248 819 4294 natura:
848 4238 1047 4313 formas
1074 4245 1127 4293 et
1155 4237 1359 4307 species
1384 4246 1566 4292 contra
1594 4237 1711 4291 illas
1739 4240 1940 4308 prima-

355 4332 465 4387 rias
510 4331 750 4384 omnium
793 4330 1121 4384 nascentium
1172 4328 1410 4382 causales
1451 4328 1686 4382 rationes
1724 4343 1939 4384 suorum

356 4431 657 4491 temporum
684 4435 935 4490 peragere
963 4421 1151 4490 spatia.
1182 4418 1366 4473 Restat
1393 4432 1520 4488 ergo
1548 4426 1603 4471 ut
1634 4417 1700 4471 ad
1732 4432 1940 4475 utrum«

357 4529 465 4584 que
508 4512 725 4568 modum
771 4511 974 4566 habiles
1012 4519 1204 4565 creatre
1243 4510 1386 4574 sint;
1418 4510 1534 4563 sive
1559 4509 1625 4563 ad
1652 4508 1808 4563 istum
1840 4524 1942 4579 quo

358 4603 705 4659 usitatissime
749 4602 1059 4671 temporalia
1108 4607 1508 4664 transcurrunt,
1553 4601 1666 4655 sive
1701 4599 1767 4654 ad
1795 4600 1942 4654 illum

361 4710 468 4764 quo
498 4708 616 4748 rara
645 4702 696 4748 et
728 4692 988 4747 mirabilia
1019 4691 1172 4758 ﬁunt,
1204 4691 1339 4746 sicut
1370 4691 1478 4746 Deo
1495 4690 1669 4746 facere
1689 4691 1945 4762 placuerit

363 4784 502 4854 quod
534 4784 759 4853 tempori
785 4789 1062 4854 congruat.

364 4874 588 4931 CAPUT
624 4874 739 4929 XV.
774 4903 848 4915 --
886 4872 1092 4927 Primus
1127 4872 1277 4926 homo
1323 4888 1423 4926 non
1462 4873 1609 4927 aliter
1646 4888 1797 4942 quam
1838 4875 1943 4944 pri-

570 4964 840 5018 mordiale:
864 4979 1033 5018 causa:
1061 4963 1297 5017 haberent
1314 5002 1330 5029 ,
1358 4966 1604 5035 formatus
1627 4966 1744 5035 fuit.

434 5054 526 5112 96.
565 5054 943 5110 Verumtamen
980 5056 1057 5110 sic
1084 5054 1252 5111 factus
1277 5064 1358 5111 est
1383 5055 1542 5110 homo
1560 5098 1574 5121 ,
1599 5058 1946 5127 quemadmo-

365 5146 495 5202 dum
543 5147 646 5202 illze
690 5149 879 5218 prima:
928 5163 1102 5203 causa:
1150 5148 1415 5203 habebant
1457 5158 1513 5204 ut
1553 5149 1704 5205 ﬁeret
1747 5151 1948 5221 primus

366 5241 530 5297 homo
552 5283 568 5309 ,
597 5258 753 5312 quem
784 5259 887 5297 non
915 5259 981 5298 ex
1008 5244 1317 5314 parentibus
1337 5245 1512 5312 nasci,
1536 5245 1626 5315 qui
1655 5246 1783 5300 nulli
1813 5262 1948 5316 prte-

367 5342 672 5399 cesserant,
703 5334 797 5389 sed
827 5334 895 5390 de
921 5334 1048 5389 limo
1072 5335 1289 5390 formari
1313 5336 1626 5405 oportebat,
1656 5339 1944 5394 secundum

367 5426 639 5480 causalem
661 5426 919 5482 rationem
942 5468 957 5494 ,
986 5426 1037 5482 in
1064 5442 1165 5499 qua
1194 5429 1436 5498 primitus
1462 5426 1632 5485 factus
1660 5438 1791 5484 erat.
1815 5429 1948 5485 Nam

366 5515 415 5569 si
442 5516 596 5571 aliter
622 5515 791 5573 factus
815 5525 897 5572 est
919 5557 935 5584 ,
966 5534 1071 5573 non
1097 5535 1217 5575 eum
1247 5520 1385 5575 Deus
1410 5520 1463 5573 in
1491 5520 1699 5575 illorum
1721 5537 1815 5577 sex
1834 5523 1949 5577 die-

366 5622 487 5661 rum
525 5607 780 5678 operibus
816 5607 1013 5664 fecerat
1044 5626 1060 5666 :
1088 5609 1141 5665 in
1170 5611 1361 5679 quibus
1387 5626 1505 5665 cum
1534 5612 1725 5666 dicitur
1750 5612 1946 5682 factus,

366 5697 538 5765 ipsam
566 5713 783 5754 causam
810 5701 992 5770 utique
1014 5698 1212 5759 fecerat
1231 5701 1404 5768 Deus,
1430 5717 1533 5773 qua
1560 5711 1674 5757 erat
1693 5718 1791 5760 suo
1814 5711 1951 5760 tem-

366 5788 690 5860 pore-homo
716 5789 925 5848 futurus
941 5833 960 5861 ,
985 5798 1041 5849 et
1067 5792 1356 5850 secundum
1382 5806 1540 5866 quam
1572 5793 1743 5851 fuerat
1765 5795 1833 5852 ab
1861 5797 1957 5861 illo,

1685 413 1887 473 LIBER
1926 410 2220 473 SEXTUS.

3485 417 3589 474 550

2014 526 2283 585 faciendus
2304 572 2318 597 ,
2347 528 2436 601 qui
2462 528 2620 587 simul
2642 536 2697 589 ct
2719 540 3180 588 consummaverat
3202 531 3449 589 inchoata
3471 548 3594 603 pro.

2012 628 2131 688 pter
2160 618 2540 689 perfectionem
2570 621 2861 678 causalium
2891 624 3153 679 rationum
3177 666 3193 691 ,
3225 632 3279 679 et
3307 623 3592 679 inchoave-

2012 718 2096 763 rat
2141 712 2558 767 consummanda
2603 722 2820 784 propter
2860 714 3103 770 ordinem
3136 723 3433 786 temporum
3466 716 3515 769 ‘.'
3534 716 3592 772 Si

2012 815 2141 871 ergo
2170 802 2221 856 in
2249 802 2351 857 illis
2372 803 2558 872 primis
2584 819 2759 860 rerum
2789 806 2965 861 causis
2983 847 2998 873 ,
3030 820 3163 877 quas
3190 805 3389 861 mundo
3414 808 3570 877 primi

2012 899 2098 948 tus
2121 892 2343 948 Creator
2365 894 2620 961 inseruit,
2651 910 2757 951 non
2782 904 2984 952 tantum
3019 899 3191 967 posuit
3212 898 3352 968 quod
3377 899 3442 954 de
3462 899 3592 954 limo

2014 981 2335 1039 formaturus
2365 996 2479 1041 crat
2507 985 2774 1042 hominem
2798 1029 2814 1053 ,
2848 988 2939 1042 sed
2968 990 3123 1043 etiam
3151 986 3595 1059 quemadmoduin

2014 1073 2337 1131 formaturus
2356 1118 2373 1144 ,
2395 1087 2571 1133 utrum
2600 1080 2738 1134 sicut
2760 1080 2811 1134 in
2840 1081 3021 1135 matris
3051 1090 3201 1134 utero
3221 1123 3235 1148 ,
3264 1096 3328 1134 an
3352 1082 3403 1135 in
3426 1081 3594 1134 forma
3624 1062 3629 1067 ”

2009 1163 2271 1235 juvenili;
2314 1169 2495 1237 procul
2538 1168 2698 1224 dubio
2739 1171 2816 1224 sic
2851 1169 2976 1225 fecit
3000 1212 3014 1237 ,
3046 1181 3101 1225 ut
3128 1170 3232 1226 illic
3258 1172 3594 1240 prreﬁxerat;

2016 1272 2188 1327 neque
2232 1259 2373 1314 enim
2418 1268 2600 1313 contra
2644 1256 3045 1330 dispositionem
3092 1260 3242 1315 snam
3284 1261 3522 1316 faceret:
3552 1264 3593 1316 si

2016 1358 2191 1403 autem
2235 1349 2341 1403 vim
2384 1359 2584 1405 tantum
2628 1352 2698 1405 ibi
2741 1353 2912 1421 posuit
2939 1353 3326 1423 possibilitatis,
3356 1364 3411 1407 ut
3441 1354 3605 1408 homo

2018 1438 2172 1493 ﬁeret
2212 1456 2424 1509 quoquo
2454 1441 2610 1495 modo
2639 1442 2823 1509 ﬁeret,
2852 1452 2984 1498 utet
3013 1444 3089 1499 sic
3117 1454 3170 1500 et
3199 1445 3275 1499 sic
3304 1444 3482 1515 posset
3502 1487 3515 1510 ,
3547 1445 3601 1500 id

2020 1538 2101 1582 est
2139 1537 2195 1583 ut
2233 1530 2283 1583 id
2313 1546 2520 1600 quoque
2551 1532 2619 1586 ibi
2646 1542 2787 1587 esset
2809 1534 2852 1599 ’,
2881 1520 3000 1602 quia
3027 1542 3079 1589 et
3105 1534 3179 1588 sic
3203 1542 3256 1588 et
3282 1535 3357 1588 sic
3388 1540 3597 1603 posset;

2020 1633 2181 1672 unum
2221 1629 2394 1673 autem
2438 1621 2608 1690 ipsum
2650 1622 2866 1675 modum
2908 1636 3011 1691 quo
3036 1631 3151 1676 erat
3178 1620 3407 1677 facturus
3430 1623 3482 1676 in
3507 1638 3602 1677 sua

2018 1711 2287 1766 voluntate
2313 1712 2565 1779 servavit,
2584 1729 2690 1767 non
2713 1713 2897 1768 mundi
2918 1713 3277 1769 constitutioni
3299 1714 3599 1769 contexuit:

2022 1803 2364 1859 manifestum
2406 1814 2487 1858 est
2524 1806 2682 1859 etiam
2724 1806 2801 1861 sic
2833 1821 2939 1860 non
2966 1804 3159 1860 factum
3189 1820 3306 1861 esse
3332 1804 3603 1860 hominem

2020 1904 2203 1947 contra
2244 1909 2398 1963 quam
2434 1905 2547 1949 erat
2576 1897 2626 1949 in
2654 1897 2738 1950 illa
2765 1896 2929 1965 prima
2950 1895 3254 1951 conditione
3278 1910 3552 1949 causarum
3578 1911 3594 1959 ;

2022 1986 2158 2054 quia-
2189 1985 2259 2038 ibi
2298 1994 2413 2039 erat
2452 1987 2609 2040 etiam
2655 1987 2732 2041 sic
2768 1985 2879 2041 ﬁeri
2907 2000 3095 2055 posse,
3123 1986 3361 2055 quamvis
3389 2000 3495 2039 non
3526 1985 3598 2038 ibi

2024 2084 2137 2129 erat
2166 2075 2233 2129 ita
2262 2076 2373 2129 ﬁeri
2401 2092 2618 2131 necesse
2648 2092 2764 2131 esse
2793 2094 2805 2130 :
2837 2076 2937 2130 hoc
2965 2068 3106 2130 enim
3135 2091 3238 2129 non
3268 2084 3383 2129 erat
3406 2076 3457 2129 in
3479 2074 3606 2128 con-

2024 2161 2226 2215 ditione
2256 2172 2515 2216 creaturae
2540 2204 2555 2227 ,
2586 2162 2682 2216 sed
2714 2162 2764 2215 in
2791 2162 2981 2230 placito
3008 2159 3275 2215 Creatoris
3293 2201 3308 2225 ,
3335 2159 3485 2229 cujus
3510 2170 3607 2213 vo-

2025 2252 2114 2304 lun
2126 2261 2204 2305 tas
2227 2267 2408 2307 rerum
2436 2253 2723 2307 necessitas
2749 2260 2849 2307 est.

2006 2343 2251 2425 _CAPUT
2297 2344 2436 2400 XVI.
2480 2374 2555 2386 --
2593 2342 2660 2399 In
2694 2344 2768 2398 rei
2810 2353 2991 2397 natura
3013 2350 3116 2408 est,
3143 2350 3196 2395 ut
3224 2341 3345 2409 quid
3361 2357 3468 2396 esse
3487 2357 3608 2412 pos-

2193 2438 2256 2491 sit
2279 2452 2299 2501 ,°
2323 2447 2376 2489 ut
2405 2441 2628 2508 futurum
2652 2436 2744 2502 sit,
2768 2435 2966 2488 nonnisi
2993 2435 3046 2488 in
3064 2433 3161 2486 Dei
3177 2434 3444 2487 voluntate.

2098 2528 2187 2581 27.
2215 2526 2345 2581 Nam
2377 2536 2428 2581 ct
2458 2542 2555 2581 nos
2586 2542 2680 2595 pro
2705 2535 2860 2596 captu
2886 2525 3207 2599 inﬁrmitatis
3233 2525 3474 2578 humanae
3497 2523 3609 2592 jam

2031 2619 2081 2673 in
2110 2619 2237 2688 ipsis
2259 2620 2415 2673 rebus
2438 2629 2675 2688 tempore
2695 2618 2896 2673 exortis
2920 2632 3198 2687 possumus
3222 2626 3379 2671 nosse
3404 2614 3530 2685 quid
3559 2616 3611 2668 in

2029 2712 2284 2780 cujusque
2310 2719 2492 2763 natura
2516 2711 2603 2774 sit,
2626 2709 2766 2779 quod
2788 2709 3151 2779 experimento
3172 2708 3596 2777 perceperimus;

2032 2802 2126 2857 sed
2175 2811 2349 2856 utrum
2390 2803 2548 2856 etiam
2593 2801 2825 2856 futurum
2850 2803 2919 2857 sit
2947 2804 3265 2872 ignoramus.
3296 2801 3390 2855 Est
3418 2802 3614 2871 quippe

2034 2894 2085 2948 in
2107 2902 2292 2947 natura
2318 2892 2508 2963 hujus,
2536 2893 2681 2949 verbi
2706 2894 2894 2964 gratia,
2913 2893 3120 2962 juvenis
3139 2902 3199 2947 ut
3222 2901 3495 2957 senescat;
3520 2880 3615 2946 sed

2034 2992 2213 3037 utrum
2245 2985 2345 3038 hoc
2370 2984 2530 3037 etiam
2559 2984 2628 3039 sit
2654 2984 2705 3037 in
2734 2983 2827 3038 Dei
2856 2985 3125 3038 voluntate
3144 3026 3159 3050 ,
3192 2983 3476 3038 nescimus.
3508 2979 3615 3037 Sed

2034 3091 2135 3131 nec
2154 3076 2207 3130 in
2231 3083 2418 3130 natura
2438 3085 2598 3140 esset,
2625 3076 2725 3130 nisi
2754 3077 2805 3129 in
2830 3075 2926 3130 Dei
2948 3076 3212 3130 voluntate
3236 3076 3382 3145 prius
3408 3072 3614 3143 fuisset,

2035 3168 2124 3238 qui
2166 3166 2401 3222 condidit
2440 3165 2636 3221 omnia.
2667 3167 2732 3220 Et
2757 3166 2936 3236 utique
2964 3166 3170 3220 occulta
3198 3165 3332 3219 ratio
3357 3173 3440 3220 est
3464 3170 3620 3219 sene-

2035 3258 2195 3312 ctutis
2237 3257 2292 3311 in
2330 3271 2553 3326 corpore
2585 3256 2845 3326 juvenili,
2882 3256 2965 3310 vel
3000 3255 3289 3325 juventutis
3318 3257 3369 3309 in
3396 3238 3620 3323 corpore

2035 3348 2227 3420 puerili
2272 3364 2286 3401 :
2330 3360 2504 3416 neque
2547 3347 2688 3401 enim
2730 3346 2898 3401 oculis
2941 3345 3209 3412 cernitur,
3251 3346 3386 3398 sicut
3422 3344 3533 3414 ipsa
3563 3340 3617 3420 in

2039 3418 2203 3508 puero
2222 3438 2443 3507 pueritia
2466 3478 2478 3498 ,
2503 3437 2639 3491 sicut
2657 3438 2905 3507 juventus
2927 3437 2980 3490 in
2996 3437 3189 3506 juvene
3214 3453 3227 3501 ;
3250 3435 3344 3490 sed
3365 3435 3463 3489 alia
3486 3418 3618 3504 qua1

2038 3531 2159 3586 dam
2182 3532 2364 3586 notitia
2395 3530 2654 3599 colligitur
2681 3530 2857 3586 inesse
2872 3530 2931 3583 in
2956 3540 3138 3583 natura
3160 3527 3405 3597 quiddam
3426 3519 3621 3594 latens;

2040 3638 2144 3692 quo
2169 3621 2460 3677 educantur
2489 3621 2540 3673 in
2567 3629 2815 3690 promptu
2846 3618 3051 3674 numeri
3081 3618 3301 3682 occulti,
3330 3619 3413 3672 vel
3434 3608 3623 3686 juven-l
3694 3642 3700 3651 -

2043 3715 2167 3769 tutis
2189 3728 2216 3766 a
2246 3713 2468 3783 pueritia
2487 3755 2502 3778 ,
2533 3713 2613 3767 vel
2641 3712 2929 3766 senectutis
2949 3726 2976 3764 a
2995 3710 3285 3779 juventute.
3307 3708 3518 3764 Occulta
3541 3711 3623 3763 est

2041 3818 2169 3873 ergo
2194 3803 2291 3857 ista
2318 3804 2451 3857 ratio
2471 3843 2486 3868 ,
2515 3816 2616 3871 qua
2645 3801 2702 3854 ﬁt
2730 3808 2785 3855 ut
2815 3800 2915 3855 hoc
2939 3814 3057 3854 esse
3086 3799 3271 3869 possit,
3304 3798 3397 3853 sed
3418 3797 3621 3862 oculis;

2042 3895 2206 3950 menti
2232 3902 2405 3948 autem
2433 3909 2538 3947 non
2564 3902 2645 3946 est
2670 3892 2874 3947 occulta
2903 3907 2918 3944 :
2947 3900 3121 3946 utrum
3144 3898 3316 3944 autem
3340 3888 3440 3943 hoc
3462 3886 3622 3942 etiam‘

2042 4002 2263 4042 necesse
2303 3986 2403 4051 sit,
2450 3985 2664 4039 omnino
2705 3985 2989 4039 nescimus.
3026 3984 3094 4037 Et
3118 3983 3259 4037 illam
3287 3982 3497 4053 quidem
3520 3974 3637 4050 qud‘

2044 4079 2102 4133 ﬁt
2130 4088 2185 4132 ut
2213 4092 2331 4133 esse
2358 4078 2549 4147 possit,
2578 4091 2695 4131 esse
2726 4078 2777 4130 in
2806 4084 2989 4129 natura
3016 4075 3179 4143 ipsius
3207 4073 3445 4142 corporis
3470 4072 3623 4126 novi-‘

2044 4188 2161 4227 mus
2206 4187 2219 4225 :
2266 4170 2405 4223 illam
2444 4186 2573 4225 vero
2612 4184 2712 4239 qua
2750 4169 2809 4223 ﬁt
2833 4178 2890 4223 ut
2914 4184 3130 4223 necesse
3155 4168 3256 4235 sit,
3288 4152 3627 4221 manifestum

2044 4271 2125 4316 est
2153 4262 2260 4315 illic
2290 4278 2391 4314 nun
2422 4275 2560 4315 esse.

2112 4351 2335 4406 CAPUT
2370 4350 2533 4406 XVII.
2564 4380 2631 4391 -
2655 4349 2741 4403 Ea:
2767 4349 2950 4425 futuris
2973 4365 3202 4419 quaenam
3225 4362 3335 4400 vere
3358 4347 3551 4416 futura.

2113 4441 2201 4495 28.
2231 4441 2336 4497 Sed
2367 4440 2604 4495 fortassis
2634 4440 2681 4493 in
2706 4439 2902 4493 mundo
2927 4446 3023 4503 est,
3054 4446 3111 4491 ut
3140 4451 3355 4490 necesse
3376 4437 3445 4489 sit
3465 4435 3622 4487 istum

2047 4532 2313 4586 hominem
2357 4546 2656 4586 senescere.
2700 4529 2755 4586 Si
2792 4537 2967 4583 autem
2993 4542 3094 4582 nec
3123 4528 3175 4580 in
3205 4525 3403 4580 mundo
3428 4533 3509 4579 est
3529 4566 3544 4591 ,
3570 4524 3631 4583 in'

2048 4627 2156 4681 Deo
2194 4633 2294 4680 est.
2339 4624 2452 4678 Hoc
2492 4623 2633 4677 enim
2672 4621 2971 4677 necessario
3010 4619 3240 4674 futurum
3267 4616 3509 4687 estquod
3536 4615 3629 4670 ille

2047 4717 2191 4781 vult,
2234 4724 2289 4771 et
2329 4730 2390 4769 ea
2436 4729 2561 4769 vere
2587 4714 2758 4767 futura
2785 4722 3046 4781 suntquae
3073 4710 3160 4766 ille
3184 4709 3468 4780 praescivit.
3494 4707 3626 4762 Nam

2048 4810 2213 4863 multa
2242 4805 2531 4863 secundum
2557 4805 2836 4860 inferiores
2859 4818 3049 4859 causas
3076 4802 3253 4856 futura
3273 4809 3434 4867 sunt;
3464 4799 3558 4855 sed
3578 4799 3627 4853 si

2048 4901 2119 4956 ita
2145 4909 2342 4955 suntet
2373 4898 2425 4953 in
2456 4898 2784 4969 prteseientia
2812 4897 2928 4962 Dei,
2948 4910 3072 4950 vere
3088 4895 3257 4949 futura
3288 4901 3410 4947 sunt
3434 4910 3446 4946 :
3470 4890 3515 4945 si
3535 4907 3628 4945 au-

2049 5000 2157 5048 tem
2205 4992 2273 5046 ibi
2316 4992 2468 5045 aliter
2499 4998 2618 5043 sunt
2642 5031 2656 5055 ,
2698 4988 2781 5042 ita
2806 4989 2976 5056 potius
3006 4986 3177 5041 futura
3208 4992 3359 5048 sunt,
3391 4983 3527 5037 sicut
3553 4980 3639 5035 ibi‘

2051 5090 2200 5149 sunt,
2246 5082 2331 5137 ubi
2363 5082 2453 5152 qui
2482 5081 2690 5150 przescit
2710 5079 2765 5147 ³,
2794 5077 2905 5133 falli
2938 5094 3040 5132 non
3068 5084 3263 5147 potest.
3293 5074 3423 5130 Nam
3453 5073 3628 5127 futura

2115 5198 2131 5228 ί
2156 5196 2229 5245 sic
2250 5195 2299 5244 in
2322 5195 2671 5257 omnibusMss.
2700 5198 2753 5257 At
2773 5192 2822 5241 in
2856 5192 3067 5251 excusis,
3090 5203 3202 5240 cum
3236 5187 3411 5257 insigni
3445 5183 3630 5257 glosse-

2048 5264 2178 5307 mate
2195 5257 2400 5307 habetur
2425 5270 2438 5305 :
2472 5254 2560 5316 Qui
2576 5254 2717 5305 simul
2737 5260 2782 5304 et
2799 5250 3221 5317 consumnutrerat,
3249 5250 3631 5317 Ima’perspiguas

2049 5318 2230 5386 species
2251 5308 2534 5386 producens,
2556 5316 2779 5386 inchoata
2799 5321 2990 5386 propter
3013 5308 3631 5386 perfectionen'tgcausa‘liuin

2052 5371 2291 5446 rationum
2309 5393 2326 5441 ;
2345 5385 2391 5429 et
2411 5371 2731 5439 inchoaverat,
2754 5371 2958 5446 rationes
2977 5371 3193 5446 causales
3208 5371 3631 5446 ﬂendoruntntum

2052 5436 3630 5563 ⁴¹⁰ι²ηεέἰῖἷῗ⁷ἔ²⁸ἕῗὥᾟῗτῗῗὲἕὲςξῶῗτῖῗαᾝῖἒνέᾜηωζ²ἰα

2115 5514 2134 5535 ι
2158 5514 2271 5552 mut
2298 5518 2311 5553 :
2344 5514 2400 5553 Ut
2421 5514 2559 5553 nomo
2669 5514 2714 5552 et
2734 5514 3074 5565 quoquomoao,
3098 5514 3149 5547 ut
3180 5514 3224 5546 et
3258 5514 3329 5545 su:
3367 5514 3538 5558 ρωκι,
3575 5514 3629 5541 ια

2056 5569 2127 5615 est
2148 5571 2197 5615 ut
2218 5562 2328 5615 ideo
2339 5576 2532 5631 _quoque
2560 5514 2775 5631 igieresset
2802 5559 3100 5631 {pauloque
3123 5564 3248 5631 post,
3354 5568 3453 5631 sua
3469 5555 3651 5631 potant

2052 5632 2147 5675 tate
2168 5616 2383 5685 servavit,
2401 5616 2511 5676 cu'm
2532 5616 3082 5677 mundi
3097 5616 3349 5670 th.
3364 5626 3489 5677 Quos
3504 5616 3631 5666 locos
3650 5620 3653 5643 λ

2052 5688 2666 5752 δύᾼδιεεπθίὶὶηιθεικωυε.
2719 5746 2751 5752 __
3110 5751 3113 5752 ν
3217 5749 3248 5752 _
3315 5736 3484 5752 me
3559 5722 3653 5752 ι

2052 5749 2291 5875 ww”
2320 5762 2428 5815 quae
2449 5745 2627 5815 praesit.
2647 5746 2815 5798 Melius
2838 5745 3075 5799 editiones
3097 5751 3196 5799 Am.
3217 5749 3291 5793 Er.
3315 5746 3368 5793 Et
3398 5747 3528 5801 Mss,
3547 5748 3633 5803 qut
