4090 6458
469 365 587 424 μεδι

487 479 683 544 dicitur
700 485 954 532 senectus
975 474 1031 531 in
1052 473 1276 546 juvene,
1301 475 1399 532 sed
1419 485 1594 532 tamen
1620 476 1792 531 futura
1821 490 1926 530 non
1954 482 2070 542 est,

457 565 462 570 ’
487 571 532 624 si
560 578 682 623 ante
713 568 999 623 moriturus
1026 575 1108 624 est
1130 585 1143 621 :
1173 567 1276 623 hoc
1294 577 1471 623 autem
1495 568 1566 622 ita
1585 567 1718 633 erit,
1743 567 1879 622 sicut
1897 581 1957 622 se
1977 565 2074 620 ha-

487 660 612 715 bent
655 659 773 712 alia:
815 672 991 714 caus-.12
1012 700 1027 725 ,
1071 657 1184 713 sive
1206 657 1402 712 mundo
1426 667 1723 726 contextae,
1755 657 1866 714 sive
1891 658 1946 712 in
1978 657 2068 713 Dei

489 748 822 818 pnescientia
852 755 1156 802 reservate.
1187 747 1320 802 Nam
1345 747 1635 802 secundum
1655 748 1907 819 quasdam
1925 747 2069 802 lutu-

488 855 667 895 rurum
693 853 880 893 causas
909 839 1194 893 moriturus
1219 846 1333 893 erat
1359 838 1632 906 Ezechias,
1661 838 1744 893 cui
1762 838 1902 894 Deus
1917 838 2070 893 addi-

488 931 566 984 dit
585 929 880 1000 quindecim
900 943 1066 984 annos
1086 929 1151 983 ad
1181 929 1337 983 vitam
1356 928 1710 1000 (lsai.xxxut,
1729 929 1807 1000 5);
1824 929 1876 985 id
1892 930 2071 1000 utique

489 1020 690 1076 faciens
722 1021 862 1091 quad
899 1029 1022 1076 ante
1058 1021 1488 1077 constitutionem
1523 1022 1704 1082 mundi
1734 1036 1793 1077 se
1809 1021 2070 1077 facturum

488 1127 608 1166 esse
633 1113 959 1182 prd-sciebat,
982 1121 1038 1167 et
1058 1111 1108 1166 in
1130 1126 1223 1166 sua
1245 1112 1512 1168 voluntate
1525 1112 1790 1168 servabat.
1809 1112 1924 1167 Non
1942 1108 2071 1183 ergo

488 1201 541 1256 id
585 1203 706 1257 fecit
732 1201 871 1274 quod
899 1202 1129 1256 futurum
1158 1217 1263 1258 non
1286 1210 1436 1258 erat:
1470 1204 1570 1258 hoc
1595 1203 1737 1258 enim
1758 1203 1926 1273 magis
1947 1212 2064 1258 erat

487 1292 741 1359 futurum,
764 1291 904 1362 quod
924 1308 982 1348 se
997 1291 1257 1348 facturum
1279 1307 1397 1349 esse
1420 1293 1750 1363 przesciebat.
1770 1292 1877 1349 Nec
1896 1302 2072 1348 tamen

486 1381 563 1438 illi
593 1383 714 1437 anni
749 1382 914 1437 additi
952 1391 1095 1437 recte
1133 1382 1466 1450 dicerentur,
1496 1383 1593 1438 nisi
1621 1383 1815 1454 aliquid
1841 1383 2071 1439 addere-

488 1481 576 1526 tur
602 1473 620 1505 ⁸
639 1513 656 1539 ,
703 1473 843 1542 quod
873 1488 932 1528 se
960 1473 1114 1529 aliter
1140 1475 1191 1528 in
1221 1474 1339 1528 aliis
1363 1474 1537 1530 causis
1566 1473 1840 1529 habuerat.
1866 1473 2072 1530 Secun-

486 1562 613 1618 dum
635 1563 840 1634 aliquas
863 1565 1019 1636 igitur
1037 1580 1224 1621 causas
1243 1565 1520 1622 inferiores
1531 1567 1641 1636 jam
1658 1567 1817 1621 vitam
1830 1565 2067 1622 ﬁnierat:

487 1653 777 1708 secundum
818 1654 936 1712 illas
972 1664 1152 1710 autem
1191 1671 1311 1724 quae.
1337 1656 1538 1711 suntin
1566 1657 1836 1711 voluntate
1860 1665 1913 1711 et
1937 1672 2073 1727 prae—

488 1745 709 1803 SCientia
737 1746 830 1802 Dei
853 1787 867 1812 ,
899 1748 988 1818 qui
1016 1763 1083 1802 ex
1104 1749 1401 1803 aeternitate
1428 1755 1650 1803 noverat
1675 1747 1800 1818 quid
1821 1748 1914 1802 illo
1938 1757 2072 1803 tem-

487 1848 621 1906 pore
664 1835 898 1893 facturus
939 1846 1054 1893 erat
1096 1835 1170 1909 (et
1205 1837 1307 1893 hoc
1331 1853 1456 1894 vere
1484 1837 1719 1892 futurum
1747 1837 1880 1909 erat)
1903 1879 1920 1904 ,
1948 1846 2073 1893 tunc

489 1936 609 1984 erat
647 1929 890 1984 ﬁniturus
930 1930 1093 1984 vitam
1133 1929 1344 2000 quando
1379 1930 1548 1984 linivit
1581 1929 1764 1984 vitam.
1805 1929 1936 1998 Quia
1970 1929 2074 1986 etsi

490 2021 664 2074 oranti
694 2034 1007 2075 concessum
1029 2028 1148 2087 est,
1179 2021 1336 2075 etiam
1363 2023 1440 2075 sic
1461 2035 1582 2075 eum
1608 2030 1879 2075 oraturum
1905 2031 1962 2075 ut
1982 2020 2072 2075 tali

488 2110 714 2165 orationi
738 2109 953 2166 concedi
976 2119 1240 2179 oporteret
1263 2110 1352 2165 ille
1369 2110 1553 2180 utique
1576 2110 1905 2180 praesciebat,
1923 2111 2074 2180 cujus

489 2204 822 2274 praescientia
849 2203 952 2257 falli
976 2218 1081 2258 non
1105 2210 1309 2272 poterat
1331 2219 1345 2256 :
1368 2212 1420 2258 et
1443 2202 1564 2258 ideo
1582 2202 1721 2273 quod
1739 2202 2071 2274 pnnsciebat,

489 2293 793 2349 necessario
822 2293 1053 2348 futurum
1080 2301 1216 2348 erat.

488 2384 716 2451 CAPUT
760 2385 942 2441 XVlll.
965 2414 1040 2426 —-
1077 2383 1344 2454 Colligitur
1383 2383 1635 2438 Adamum
1667 2401 1769 2438 non
1799 2388 2075 2458 formatum

559 2477 718 2548 fuisse
758 2486 934 2532 contra
974 2492 1123 2548 quam
1150 2485 1257 2531 erat
1284 2476 1335 2530 in
1359 2475 1766 2546 primordialibus
1787 2474 1953 2530 causis
1994 2474 2074 2528 in-

560 2568 809 2622 stitutum.
1082 2561 1096 2574 ’

557 2657 648 2712 29.
673 2658 1024 2727 Quapropter,
1047 2655 1093 2710 si
1113 2655 1350 2710 omnium
1371 2655 1664 2710 futurorum
1683 2669 1858 2710 causa:
1879 2654 2076 2710 mundo

491 2758 620 2806 sunt
663 2748 870 2815 insitae,
916 2762 1036 2802 cum
1085 2747 1173 2802 ille
1213 2745 1379 2802 lactus
1413 2754 1496 2802 est
1517 2745 1666 2810 dies,
1696 2745 1906 2816 quando
1936 2745 2078 2800 Deus

487 2840 692 2896 creavit
721 2839 895 2893 omnia
923 2837 1078 2892 simul
1102 2852 1118 2902 ;
1147 2853 1252 2891 non
1273 2837 1430 2892 aliter
1447 2836 1616 2891 Adam
1643 2836 1812 2891 lactus
1830 2846 1934 2902 est,
1953 2851 2076 2891 cum

489 2929 562 2987 de
603 2930 730 2985 limo
775 2930 1030 2985 formatus
1071 2936 1184 2994 est,
1215 2928 1353 2984 sicut
1375 2937 1461 2983 est
1496 2927 1927 2996 credibiliusjam
1955 2942 2078 2998 per-

490 3021 645 3076 fectae
693 3022 986 3088 virilitatis,
1031 3036 1188 3091 quam
1229 3029 1345 3075 erat
1382 3021 1436 3074 in
1461 3018 1562 3074 illis
1588 3019 1793 3086 causis,
1821 3019 1909 3074 ubi
1937 3019 2078 3074 Deus

488 3109 765 3167 hominem
808 3112 859 3166 in
890 3128 983 3167 sex
1009 3111 1216 3166 dierum
1241 3110 1492 3182 operibus
1520 3108 1663 3164 fecit.
1695 3109 1771 3164 lbi
1795 3110 1939 3164 enim
1963 3117 2078 3163 erat

491 3217 602 3258 non
631 3202 803 3257 solum
832 3211 888 3257 ut
911 3202 982 3256 ita
1015 3202 1127 3258 ﬁeri
1157 3210 1368 3271 posset,
1395 3214 1577 3254 verum
1599 3199 1757 3254 etiam
1785 3208 1842 3254 ut
1865 3199 1936 3253 ita
1956 3214 2077 3254 eum

490 3294 611 3351 ﬁeri
656 3309 875 3350 necesse
907 3303 1070 3349 esset.
1106 3293 1236 3348 Tam
1272 3293 1414 3348 enim
1442 3307 1547 3346 non
1578 3291 1703 3347 fecit
1733 3291 1869 3346 Deus
1893 3301 2078 3346 contra

488 3399 739 3452 causam,
782 3400 940 3455 quam
982 3385 1100 3440 sine
1137 3383 1298 3438 dubio
1334 3383 1518 3438 volens
1560 3382 1878 3452 prtestituit,
1917 3396 2076 3451 quam

488 3484 676 3531 contra
721 3475 1044 3530 voluntatem
1092 3489 1243 3528 suam
1291 3487 1399 3528 non
1445 3472 1586 3528 lacit.
1636 3472 1693 3528 Si
1738 3479 1916 3526 autem
1969 3487 2075 3526 non

488 3583 676 3624 omnes
695 3583 882 3622 causas
902 3567 954 3622 in
970 3575 1211 3621 creatura
1221 3565 1468 3637 primitus
1488 3565 1697 3620 condita
1717 3563 1963 3634 praeﬁxit,
1981 3563 2076 3619 sed

489 3661 694 3731 aliquas
736 3659 791 3714 in
835 3650 927 3714 sua
970 3659 1239 3712 voluntate
1275 3658 1537 3718 servavit;
1581 3671 1686 3710 non
1718 3664 1842 3710 sunt
1865 3654 2077 3724 quidem

489 3751 596 3808 illa:
636 3766 766 3822 quas
802 3751 854 3805 in
894 3765 990 3804 sua
1016 3751 1285 3804 voluntate
1311 3748 1568 3814 servavit,
1601 3763 1669 3803 ex
1695 3749 1917 3802 istarum
1947 3762 2078 3817 quas

488 3843 690 3900 creavit
735 3842 1051 3897 necessitate
1098 3841 1391 3912 pendentes
1437 3857 1450 3892 :
1497 3854 1604 3894 non
1650 3847 1825 3893 tamen
1856 3849 2079 3907 possunt

490 3949 613 3990 esse
655 3933 935 3988 contraria:
976 3946 1108 4002 quas
1151 3931 1205 3985 in
1245 3946 1340 3985 sua
1380 3929 1648 3984 voluntate
1677 3929 1939 3993 servavit,
1974 3927 2077 3983 illis

490 4038 625 4094 quas
672 4003 766 4077 sua
794 4022 1079 4083 voluntate
1121 4021 1382 4086 instituit;
1427 4019 1547 4089 quia
1581 4019 1670 4073 Dei
1697 4019 1942 4073 voluntas
1969 4033 2074 4072 non

490 4122 668 4186 potest
709 4114 808 4169 sibi
847 4127 968 4168 esse
1005 4111 1288 4166 contraria.
1316 4109 1448 4165 Istas
1471 4124 1599 4180 ergo
1621 4109 1698 4164 sic
1723 4108 1990 4176 condidit,
2019 4117 2077 4163 ut

490 4221 558 4261 cx
597 4205 700 4259 illis
722 4219 840 4260 esse
869 4203 1032 4271 illud,
1059 4203 1210 4274 cujus
1239 4218 1414 4259 causa:
1437 4210 1592 4269 sunt,
1617 4201 1816 4273 possit;
1847 4200 1940 4255 sed
1969 4215 2074 4255 non

490 4313 715 4355 necesse
759 4298 829 4353 sit
859 4315 872 4351 :
908 4297 1024 4352 illas
1043 4306 1218 4351 autem
1241 4296 1319 4351 sic
1336 4295 1608 4351 abscondit
1628 4335 1645 4361 ,
1676 4303 1734 4349 ut
1757 4309 1821 4349 es
1849 4295 1931 4350 eis
1955 4309 2076 4351 esse

489 4405 709 4446 necesse
738 4391 809 4444 sit
829 4388 962 4456 hoc,
990 4387 1132 4460 quod
1157 4403 1223 4443 ex
1252 4387 1366 4443 istis
1389 4386 1514 4442 fecit
1544 4396 1737 4441 utesse
1758 4386 1947 4456 possit.

489 4480 713 4538 CAPUT
744 4481 886 4537 XIX.
907 4510 979 4520 —
995 4480 1192 4533 Adamo
1212 4495 1313 4533 non
1335 4477 1600 4548 spirituale
1617 4476 1706 4532 sed
1723 4476 1944 4531 animale
1961 4492 2075 4531 cor-

898 4587 993 4642 pus
1019 4587 1051 4624 a
1079 4569 1190 4624 Deo
1215 4572 1486 4643 formatum
1515 4585 1638 4622 esse.

563 4662 654 4718 '50.
692 4661 841 4718 Solet
875 4662 999 4716 item
1027 4661 1191 4732 quaeri
1212 4700 1227 4725 ,
1254 4669 1430 4715 utrum
1456 4658 1686 4713 animale
1708 4673 1901 4729 corpus
1927 4657 2072 4728 prius

489 4751 693 4808 homini
730 4736 1010 4806 formatum
1034 4752 1104 4807 sit
1131 4766 1162 4805 e
1183 4750 1329 4817 limo,
1344 4750 1496 4820 quale
1524 4763 1663 4803 nunc
1688 4748 1971 4815 habemus,
2001 4762 2072 4806 an

489 4844 795 4914 spirituale,
842 4841 997 4912 quale
1034 4850 1373 4912 resurgentes
1399 4839 1730 4894 habebimus.
1758 4839 2068 4908 Quanquam

488 4938 631 4990 enim
663 4936 763 4990 hoc
794 4935 844 4989 in
874 4933 1002 4990 illud
1036 4933 1362 4998 mutabitur;
1389 4931 1682 4986 seminatur
1705 4931 1846 4986 enim
1876 4945 2070 4999 corpus

488 5027 714 5081 animale
733 5066 749 5093 ,
789 5033 970 5096 surget
996 5038 1192 5094 corpus
1219 5022 1492 5093 spirituale
1523 5038 1537 5075 :
1571 5029 1744 5076 tamen
1769 5020 1893 5091 quid
1923 5019 2070 5090 prius

489 5123 689 5176 homini
730 5121 920 5175 factum
953 5120 1056 5186 sit,
1091 5119 1208 5174 ideo
1236 5118 1592 5188 disceptatur,
1621 5115 1743 5186 quia
1770 5115 1814 5169 si
1840 5114 2068 5169 animale

487 5212 682 5267 factum
723 5221 806 5266 est
826 5252 843 5275 ,
885 5225 989 5264 non
1021 5209 1124 5264 hoc
1148 5207 1492 5278 recipiemus,
1523 5205 1664 5276 quod
1692 5206 1742 5258 in
1770 5204 1863 5258 illo
1887 5202 2066 5273 perdi-

469 5305 698 5369 .dimus,
741 5303 834 5358 sed
876 5311 1022 5357 tanto
1064 5302 1251 5358 melius
1296 5311 1493 5370 quanto
1539 5295 1816 5367 spirituale
1855 5295 2068 5350 animali

486 5395 900 5468 praeponendum
944 5402 1057 5460 est,
1099 5391 1314 5463 quando
1352 5390 1553 5446 erimus
1585 5387 1818 5459 requales
1850 5387 2068 5456 Angelis

487 5487 579 5544 Dei
624 5487 835 5557 (Matth.
878 5502 983 5540 χιιι
1008 5527 1024 5552 ,
1052 5483 1164 5558 50).
1193 5483 1299 5539 Sed
1326 5481 1512 5552 Angeli
1535 5489 1754 5550 possunt
1773 5479 1889 5534 aliis
1909 5478 2066 5549 ctju-

483 5577 624 5636 stitia
649 5577 902 5647 prteponi;
927 5575 1178 5646 numquid
1198 5582 1254 5629 et
1275 5571 1540 5628 Domino?
1567 5570 1642 5625 De
1661 5585 1766 5640 quo
1792 5579 1966 5624 tamen
1989 5568 2070 5624 di-

482 5678 627 5727 ctum
655 5679 736 5724 est
765 5686 779 5723 :
811 5668 1081 5724 Minorasti
1105 5683 1218 5722 eum
1235 5666 1389 5738 paulo
1410 5665 1575 5718 minus
1593 5663 1656 5716 ab
1673 5662 1878 5734 Angelis
1895 5661 2062 5732 (Psal.

546 5784 566 5817 ι
593 5789 698 5838 uss.
720 5780 888 5845 plures
1095 5787 1239 5843 notae,
1262 5775 1354 5832 nisi
1375 5776 1443 5831 ad
1464 5772 1651 5840 aliquid
1670 5773 1986 5835 adderentur.

1417 361 1509 420 DE
1545 361 1793 422 GENESI
1835 362 1927 419 AD
1964 360 2334 433 LITTERAM,
2367 364 2430 421 S.
2470 363 2837 424 AUGUSTINI

3605 368 3754 429 .35!

2177 491 2266 530 vm
2281 518 2297 543 ,
2327 475 2405 546 6).
2430 475 2611 546 Unde,
2633 478 2736 532 nisi
2766 487 2981 549 propter
3003 479 3178 536 carnis
3206 479 3566 537 inﬁrmitatem
3589 495 3750 554 quam

2175 569 2403 638 sumpsit
2441 583 2508 624 ex
2535 569 3008 641 Virgine,lormam
3035 573 3176 629 servi
3203 574 3469 643 accipiens
3491 574 3753 648 (Philipp.

2175 675 2212 716 tt
2231 700 2246 724 ,
2278 660 2331 731 7)
2355 702 2368 724 ,
2395 661 2450 716 in
2476 677 2579 732 qua
2601 663 2832 719 moriens
2851 679 2950 720 nos
2968 679 2998 719 a
3022 666 3274 721 servitute
3297 666 3584 724 redimeret
3599 669 3625 722 ἲ
3644 666 3776 725 Sed

2173 753 2300 822 quid
2336 753 2459 808 hinc
2492 754 2691 809 diutius
2721 754 3084 811 disseramus?
3110 755 3224 812 Non
3252 758 3394 814 enim
3420 759 3645 815 obscura
3670 769 3757 815 est

2173 844 2413 914 Apostoli
2443 845 2701 900 sententia
2727 845 2794 901 de
2819 845 2918 902 hac
2944 863 3036 914 re;
3059 848 3149 918 qui
3177 863 3296 904 cum
3320 849 3572 904 voluisset
3600 850 3757 905 adhi-

2173 931 2301 989 bere
2323 933 2702 1000 testimonium,
2732 949 2837 1005 quo
2861 935 3111 1006 probaret
3132 952 3252 993 esse
3276 952 3470 1008 corpus
3496 940 3752 1006 animale,

2174 1038 2282 1078 non
2325 1032 2430 1077 tam
2474 1022 2544 1079 de
2589 1039 2688 1080 suo
2709 1026 2790 1079 vel
2815 1024 2882 1080 de
2903 1025 3216 1098 cujusquam
3242 1026 3473 1083 hominis
3491 1043 3752 1098 corpore,

2173 1113 2315 1184 quod
2350 1114 2400 1168 in
2433 1115 2680 1186 praesenti
2715 1116 3021 1182 videbatur,
3055 1131 3214 1188 quam
3242 1117 3309 1173 de
3334 1118 3436 1174 hoc
3463 1119 3577 1188 ipso
3604 1118 3754 1174 δαῖς

2176 1210 2346 1272 pturre
2385 1203 2543 1272 hujus
2571 1205 2690 1262 loco
2710 1205 2934 1261 recoluit
2954 1216 3007 1261 et
3031 1207 3304 1276 adhibuit,
3331 1208 3517 1265 dicens
3545 1228 3559 1264 :
3592 1207 3656 1266 Si
3681 1218 3757 1266 cs.‘

2174 1311 2356 1365 corpus
2398 1297 2618 1350 animale
2635 1337 2650 1362 ,
2690 1307 2762 1351 est
2799 1306 2846 1351 et
2881 1298 3185 1367 spirituale;
3209 1299 3284 1354 sic
3307 1301 3488 1355 etenim
3511 1302 3757 1371 scriptum

2173 1393 2248 1439 est
2289 1399 2309 1438 :
2345 1383 2538 1440 Factus
2579 1395 2650 1440 est
2683 1388 2875 1458 primus
2897 1389 3047 1442 homo
3073 1388 3239 1441 Adam
3260 1390 3315 1444 in
3339 1390 3563 1445 animans
3583 1393 3757 1444 viven-

2175 1484 2313 1540 tem;
2359 1476 2655 1531 novissimus
2699 1477 2862 1530 Adam
2900 1479 2955 1532 in
2991 1478 3226 1548 spiritum
3263 1479 3612 1548 viviﬁcantem.
3646 1479 3758 1534 Sed

2175 1581 2276 1619 non
2298 1565 2514 1635 primum
2532 1566 2666 1636 quod
2689 1567 2949 1636 spirituale
2967 1576 3058 1634 est,
3082 1567 3170 1621 sed
3187 1568 3323 1638 quod
3348 1568 3588 1634 animale;
3615 1579 3759 1638 post-

2175 1671 2266 1720 ea,
2318 1655 2600 1727 spirituale.
2647 1655 2854 1712 Primus
2873 1663 3020 1712 homo
3044 1658 3108 1712 de
3130 1667 3284 1723 terra,
3302 1669 3760 1724 terrenus;secun—

2175 1746 2272 1800 dus
2309 1746 2457 1801 homo
2498 1746 2560 1800 de
2599 1748 2722 1802 calo
2741 1789 2756 1812 ,
2803 1746 3032 1802 ccclesiis.
3067 1747 3246 1814 Qualis
3274 1757 3531 1815 terrenus,
3557 1750 3683 1804 tales
3708 1759 3759 1805 et

2176 1841 2394 1902 terreni;
2419 1847 2467 1894 et
2491 1841 2654 1909 qualis
2681 1839 2891 1894 caelestis
2909 1881 2924 1906 ,
2949 1840 3074 1894 tales
3098 1849 3144 1894 et
3164 1841 3403 1896 calestes.
3426 1841 3492 1895 Et
3507 1858 3760 1911 quomoao

2176 1931 2432 1988 induimus
2457 1932 2726 2003 imaginem
2753 1933 2962 1997 terreni,
2992 1933 3263 1988 induamus
3283 1943 3329 1986 et
3357 1934 3624 2004 imaginem
3645 1936 3762 2006 ejus

2175 2024 2265 2094 qui
2283 2023 2345 2077 de
2363 2024 2486 2078 caelo
2506 2034 2578 2078 est
2603 2024 2643 2097 (l
2669 2025 2785 2078 Cor.
2813 2039 2889 2079 xv
2907 2065 2921 2090 ,
2943 2025 3151 2096 44-49).
3175 2024 3313 2091 Quid
3336 2025 3401 2080 ad
3423 2024 3525 2080 hoc
3543 2025 3647 2081 dici
3666 2041 3764 2095 po-

2179 2115 2324 2171 test?
2366 2114 2651 2185 Imaginem
2690 2130 2817 2185 ergo
2855 2115 3090 2170 cmlestis
3138 2116 3366 2170 hominis
3393 2131 3532 2171 nunc
3559 2131 3623 2170 ex
3655 2116 3765 2171 ﬁde

2178 2214 2452 2278 portamus
2469 2248 2486 2274 ,
2531 2206 2758 2261 habituri
2785 2205 2838 2261 in
2866 2205 3256 2263 resurrectione
3280 2207 3420 2275 quod
3444 2207 3715 2263 credimus
3744 2226 3762 2264 :

2178 2297 2460 2369 imaginem
2497 2307 2676 2352 autem
2705 2297 2900 2352 terreni
2931 2296 3159 2353 hominis
3182 2297 3250 2352 ab
3276 2298 3391 2353 iuso
3413 2297 3634 2354 exordio
3658 2298 3766 2352 hu-

2178 2405 2352 2445 mana:
2371 2389 2727 2460 generationis
2746 2388 3032 2444 induimus.

2177 2481 2403 2540 CAPUT
2440 2484 2558 2538 XX.
2583 2513 2656 2524 —-
2686 2482 2966 2554 Diﬂicultas
3007 2490 3184 2536 contra
3219 2483 3525 2554 superiorem
3560 2491 3767 2536 senten-

2253 2575 2394 2631 tiam.
2428 2575 2612 2646 Opinio
2632 2592 2814 2646 corpus
2837 2574 3022 2628 Adami
3037 2576 3182 2646 prius
3200 2576 3441 2645 animale,
3463 2584 3634 2648 postea
3653 2575 3768 2646 spi-

2250 2667 2436 2720 rituale
2465 2668 2652 2738 factum
2679 2666 2837 2736 fuisse
2859 2666 2912 2719 in
2940 2666 3196 2735 paradiso.

2253 2756 2312 2812 3|
2328 2795 2341 2810 .
2371 2755 2466 2809 llic
2489 2756 2717 2810 occurrit
2736 2756 2834 2808 alia
2859 2756 3103 2825 qumstio,
3125 2755 3391 2825 quomodo
3419 2769 3766 2823 renovemur,

2181 2848 2226 2902 si
2253 2863 2355 2901 non
2377 2847 2442 2901 ad
2465 2847 2564 2902 hoc
2583 2861 2680 2918 per
2698 2845 2965 2902 Christum
2990 2862 3303 2902 revocamur
3319 2890 3333 2912 ,
3357 2847 3498 2919 quod
3520 2849 3572 2902 in
3593 2847 3770 2904 Adam

2183 2939 2328 3009 prius
2361 2954 2594 2995 eramus.
2636 2939 2946 3012 Quanquam
2987 2939 3130 2995 enim
3167 2939 3331 2994 multa
3368 2923 3472 2994 non
3504 2940 3556 2994 in
3589 2942 3772 3010 pristi-

2185 3044 2346 3094 num,
2389 3028 2482 3083 sed
2527 3029 2580 3082 in
2620 3029 2808 3084 melius
2849 3029 3292 3096 rennvcntur,ab
3318 3029 3564 3090 inferiore
3587 3039 3770 3088 tamer.

2184 3126 2322 3173 statu
2345 3160 2361 3186 ,
2391 3135 2547 3190 quam
2578 3134 2681 3189 quo
2701 3129 2850 3175 erant
2873 3129 3025 3176 antea
3047 3163 3062 3188 ,
3091 3131 3430 3176 renovantur.
3462 3121 3612 3178 Unde
3637 3138 3772 3192 ergo

2186 3211 2276 3265 ille
2299 3211 2437 3264 ﬁlius
2463 3222 2702 3265 mortuus
2721 3221 2835 3266 erat
2853 3254 2869 3278 ,
2903 3220 2957 3268 et
2982 3213 3204 3277 revixit;
3234 3213 3483 3282 perierat,
3507 3222 3559 3268 et
3581 3213 3771 3268 inven-

2185 3312 2271 3356 tus
2299 3309 2381 3356 est
2409 3300 2558 3372 (Luc.
2586 3317 2686 3367 xv,
2712 3300 2804 3374 52)
2830 3319 2844 3355 :
2873 3302 3013 3357 unde
3036 3302 3109 3356 illi
3129 3301 3394 3372 profertur
3407 3303 3539 3356 stola
3563 3304 3766 3373 prima,

2184 3391 2227 3444 si
2258 3406 2362 3445 non
2390 3390 2836 3447 immortalitatem
2864 3393 3086 3461 recipit,
3109 3408 3266 3463 quam
3296 3393 3526 3462 perdidit
3552 3393 3765 3447 Adam!

2182 3481 2461 3548 Quomodo
2499 3490 2675 3535 autem
2721 3481 2947 3550 perdidit
2981 3481 3464 3549 immortalitatem,
3503 3483 3546 3537 si
3570 3497 3770 3554 corpus

2185 3574 2368 3627 habuit
2409 3572 2683 3628 animale?
2728 3574 2907 3644 Neque
2951 3575 3092 3629 enim
3135 3574 3362 3630 animale
3400 3589 3621 3644 corpus,
3669 3573 3769 3631 sed

2183 3667 2456 3737 spirituale
2496 3666 2630 3730 erit,
2672 3681 2792 3720 cum
2834 3665 3175 3736 corruptibile
3211 3665 3310 3721 hoc
3335 3665 3768 3723 inducritincor—

2184 3759 2515 3826 ruptionem,
2559 3764 2614 3812 et
2649 3757 2872 3811 mortale
2908 3756 3007 3812 hoc
3047 3756 3276 3812 induerit
3312 3757 3766 3812 immortalitatem

2185 3846 2228 3919 (l
2255 3848 2372 3902 Cor.
2408 3863 2480 3902 xv
2499 3889 2512 3912 ,
2547 3848 2656 3917 55).
2683 3847 2932 3902 Nonnulli
2955 3847 3040 3903 his
3059 3847 3312 3918 angustiis
3337 3848 3608 3910 coarctati,
3633 3857 3691 3903 ut
3711 3858 3768 3904 et

2183 3938 2270 3993 illa
2307 3948 2514 3994 constet
2546 3940 2804 3993 sententia
2835 3953 2936 4008 qua
2975 3938 3276 4008 exemplum
3304 3938 3371 3992 de
3403 3940 3616 3993 animali
3637 3954 3766 3993 cor-

2183 4046 2312 4101 pore
2354 4031 2475 4085 hinc
2507 4030 2686 4086 datum
2713 4039 2795 4086 est
2815 4073 2829 4096 ,
2855 4039 2912 4084 ut
2932 4031 3198 4085 diceretur
3218 4072 3230 4095 ,
3259 4029 3449 4084 Factus
3477 4039 3547 4084 est
3567 4031 3764 4101 primus

2183 4123 2331 4176 homo
2371 4121 2535 4176 Adam
2567 4122 2619 4175 in
2646 4122 2874 4175 'animam
2898 4123 3163 4186 viventem,
3196 4106 3491 4174 novissimus
3517 4121 3679 4174 Adam
3710 4124 3766 4175 in

2180 4212 2412 4282 spiritum
2435 4211 2763 4280 vivificantem
2782 4228 2802 4276 ;
2821 4219 2873 4266 et
2894 4211 2992 4265 ista
3013 4210 3284 4264 renovatio
3304 4210 3640 4280 receptioque
3663 4210 3767 4264 im-

2180 4304 2536 4369 mortalitatis,
2566 4318 2670 4358 non
2701 4302 2928 4359 absurde
2952 4303 3157 4358 dicatur
3181 4303 3232 4356 in
3256 4302 3531 4372 pristinum
3555 4302 3760 4368 futura,

2180 4395 2234 4451 in
2259 4393 2386 4448 illud
2410 4395 2609 4448 scilicet
2630 4393 2768 4464 quod
2801 4392 2966 4447 Adam
2991 4392 3254 4464 perdidit:
3280 4402 3592 4462 putaverunt
3613 4372 3764 4461 prius

2179 4485 2391 4557 quidem
2420 4483 2688 4539 hominem
2739 4483 2900 4539 luisse
2921 4485 3159 4553 corporis
3199 4484 3482 4549 animalis;
3512 4484 3603 4538 sed
3630 4484 3760 4539 dum

2178 4577 2232 4631 in
2259 4575 2504 4646 paradiso
2524 4575 2838 4630 constitutus
2866 4584 2966 4640 est,
2993 4591 3113 4630 eum
3136 4574 3297 4631 fuisse
3322 4585 3601 4639 mutatum,
3620 4576 3762 4631 sicut

2178 4683 2278 4722 nos
2305 4682 2515 4738 quoque
2543 4667 2932 4722 resurrectione
2955 4667 3296 4722 metabimur.
3329 4668 3440 4722 Hoc
3459 4667 3672 4737 quidem
3698 4667 3761 4721 li-

2176 4760 2273 4815 her
2308 4759 2578 4816 Geneseos
2604 4775 2707 4814 non
2734 4767 3152 4824 commemorat;
3180 4757 3275 4815 sed
3303 4769 3359 4813 ut
3384 4758 3587 4828 possint
3608 4767 3756 4813 utra-

2175 4868 2277 4924 que
2308 4851 2604 4908 testimonia
2631 4851 3019 4921 Scripturarum
3047 4850 3185 4905 inter
3208 4867 3265 4905 se
3285 4854 3586 4906 consentire
3605 4892 3620 4916 ,
3643 4851 3760 4906 sive

2175 4946 2302 5000 illud
2328 4944 2466 5016 quod
2487 4945 2552 5000 de
2574 4945 2787 5000 animali
2809 4959 3031 5014 corpore
3050 4943 3246 5000 dictum
3275 4953 3376 5010 est,
3404 4944 3516 4998 sive
3536 4943 3620 4998 illa
3637 4959 3759 5013 qua:

2174 5038 2242 5094 de
2263 5039 2604 5093 renovatione
2625 5045 2803 5092 nostra
2826 5037 3046 5106 plurima
3075 5036 3129 5090 in
3151 5036 3346 5091 sanctis
3370 5036 3578 5090 Litteris
3601 5051 3760 5104 repe-

2176 5130 2402 5195 riunlur,
2430 5129 2531 5182 hoc
2547 5138 2792 5198 tanquam
2806 5127 3106 5182 necessario
3122 5125 3373 5198 consequi
3392 5125 3754 5181 crediderunt.

2401 5218 2625 5274 CAPUT
2647 5218 2786 5273 XXI.
2801 5250 2868 5259 —
2886 5217 3195 5288 Exploditur
3211 5219 3300 5273 illa
3323 5219 3514 5287 Opinio.

2245 5309 2451 5367 52.5ed
2477 5310 2523 5365 si
2539 5311 2607 5365 ita
2637 5319 2738 5376 est,
2757 5309 2949 5364 frustm
2965 5325 3221 5365 conamur
3244 5308 3546 5382 paradisum
3565 5317 3617 5362 et
3635 5307 3757 5362 illas

2174 5403 2393 5459 arbores
2420 5415 2705 5472 earumque
2728 5399 2959 5468 fructus,
2990 5408 3184 5470 praeter
3227 5401 3499 5470 ﬁguratam
3545 5397 3753 5468 signiﬁ-

2174 5493 2455 5556 cationem,
2476 5492 2623 5562 prius
2642 5491 2881 5562 accipere
2893 5491 2959 5545 ad
2979 5507 3150 5546 rerum
3167 5500 3431 5560 gestarum
3450 5488 3752 5560 proprieta-

2177 5594 2302 5640 tem.
2325 5583 2454 5649 Quis
2469 5583 2612 5638 enim
2625 5580 2927 5651 credatjam
2947 5581 3085 5637 illius
3101 5580 3241 5635 modi
3257 5580 3403 5634 cibos
3420 5595 3483 5634 ex
3495 5578 3750 5634 arborum

2173 5673 2345 5746 pomis
2358 5672 2741 5729 immortalibus
2759 5680 2813 5727 et
2839 5670 3197 5741 spiritualibus
3221 5669 3534 5739 corporibus
3554 5683 3746 5724 neces-

2175 5764 2344 5822 sarios
2368 5777 2488 5820 esse
2511 5762 2776 5835 potuisse?
2794 5761 3168 5819 Verumtamen
3193 5760 3240 5817 si
3270 5759 3409 5816 aliud
3427 5775 3537 5815 non
3567 5766 3747 5832 potest-
