4090 6498
346 464 589 529 inveniri,
608 461 797 519 melius
811 458 1054 532 eligimus
1065 457 1368 531 paradisum
1385 454 1725 528 spiritualiter
1740 456 1928 512 intelli-

344 572 491 627 gere,
525 570 685 625 quam
715 554 797 609 vel
840 564 1025 623 putare
1066 566 1173 605 non
1210 550 1453 606 renovari
1483 548 1772 613 hominem,
1804 561 1925 602 cum

349 648 503 701 toties
524 646 627 701 hoc
657 644 931 714 Scriptura
952 650 1361 703 commemoret;
1381 639 1597 694 veleum
1626 636 1931 693 existimare

349 740 588 809 recipere
625 738 768 807 quod
807 752 913 792 non
962 734 1263 790 ostenditur
1301 732 1561 787 amisisse.
1591 731 1704 785 lluc
1729 729 1932 784 accedit

352 831 487 902 ἰιιοά
517 841 574 886 et
602 831 715 901 ipsa
754 842 898 884 mors
927 826 1177 890 hominis,
1201 840 1357 895 quam
1382 840 1501 878 eum
1533 831 1756 893 peccato
1784 836 1932 875 eom-

348 922 630 985 meruisse,
661 918 825 973 multa
870 917 1047 972 divina
1091 914 1390 969 testimonia
1420 914 1812 983 colloquuntur,
1846 910 1931 964 in-

348 1015 489 1069 dicat
515 1029 638 1067 eum
669 1012 785 1067 sine
819 1019 990 1064 morte
1029 1008 1260 1063 futurum
1300 1006 1482 1072 fuisse,
1507 1005 1606 1060 nisi
1639 1011 1929 1074 peccasset.

347 1102 630 1171 Quomodo
677 1117 803 1172 ergo
855 1102 972 1155 sine
1018 1107 1189 1153 morte
1234 1095 1511 1152 mortalis?
1540 1102 1632 1150 aut
1664 1091 1934 1165 quomodo

348 1210 453 1250 non
480 1194 742 1254 mortalis.
775 1193 817 1247 si
847 1207 1041 1261 corpus
1068 1190 1338 1245 animale?

348 1282 575 1341 CAPUT
631 1283 797 1339 XXII.
827 1283 1170 1337 —Adamum
1225 1289 1427 1352 peccato
1478 1287 1686 1333 mortem
1729 1278 1929 1342 animm,

398 1393 504 1429 non
520 1376 746 1442 corporis
772 1376 1029 1440 meruisse,
1043 1375 1248 1444 quidam
1274 1390 1374 1426 non
1404 1382 1532 1426 recte
1556 1372 1874 1425 arbitrantes.

414 1468 509 1522 33.
544 1467 695 1522 Unde
715 1467 926 1536 quidam
944 1481 1048 1519 non
1070 1481 1189 1519 cum
1206 1474 1431 1519 mortem
1460 1462 1697 1532 corporis
1723 1467 1938 1531 peccato

348 1560 610 1613 meruisse
630 1557 973 1621 arbitrantur,
1005 1555 1097 1611 sed
1130 1563 1354 1609 mortem
1388 1554 1601 1618 animm,
1631 1568 1788 1622 quam
1817 1550 1937 1605 fecit

350 1650 626 1720 iniquitas.
656 1649 785 1703 Nam
806 1650 1029 1703 credunt
1054 1663 1193 1710 eum,
1227 1656 1442 1716 propter
1469 1661 1662 1713 corpus
1687 1644 1934 1708 animale,

354 1741 623 1798 exiturum
664 1740 826 1795 fuisse
854 1740 921 1795 de
947 1741 1047 1794 hoc
1074 1754 1315 1809 oorpore,
1351 1737 1415 1790 ad
1456 1738 1693 1806 requiem
1734 1736 1939 1790 scilicet

349 1846 512 1902 quam
544 1846 689 1886 nunc
714 1830 913 1885 habent
939 1829 1109 1884 sancti
1140 1830 1228 1899 qui
1272 1828 1380 1897 jam
1421 1828 1770 1892 dormierunt,
1800 1836 1854 1881 et
1884 1827 1933 1881 in

350 1920 459 1975 ﬁne
483 1921 667 1975 saeculi
688 1921 874 1976 eadem
898 1920 1131 1974 membra
1158 1919 1527 1973 immortaliter
1552 1920 1933 1988 recepturum‘;

352 2021 411 2066 ut
440 2012 691 2067 videlicet
721 2027 866 2067 mors
895 2012 1134 2082 corporis
1174 2026 1277 2065 non
1323 2010 1389 2065 de
1438 2020 1654 2079 peccato
1683 2010 1939 2063 accidisse

352 2104 622 2168 videatur,
653 2102 744 2158 scd
788 2103 1116 2166 naturaliter,
1152 2110 1209 2155 ut
1251 2101 1555 2155 animalium
1601 2109 1936 2154 cancrorum.

353 2193 552 2247 Verum
578 2194 663 2252 his
694 2209 878 2248 rursus
906 2194 1191 2262 Apostolus
1220 2192 1449 2246 occurrit
1478 2202 1530 2246 et
1556 2191 1682 2245 dicit
1707 2210 1719 2243 :
1746 2191 1940 2261 Corpus

354 2284 559 2354 quidem
598 2294 847 2338 mortuum
880 2292 951 2337 est
991 2292 1196 2353 propter
1237 2291 1514 2352 peccatum,
1546 2282 1750 2350 spiritus
1776 2292 1942 2335 autem

353 2376 458 2430 vita
495 2383 571 2428 est
607 2384 812 2445 prapter
838 2374 1111 2444 justitiam.
1142 2373 1203 2427 Si
1246 2382 1407 2426 autent
1451 2371 1673 2440 Spiritus
1718 2373 1825 2442 ejus
1858 2372 1943 2442 qui

355 2466 617 2519 suscitavit
645 2464 897 2518 Christum
918 2482 947 2515 a
968 2463 1177 2517 mortuis
1206 2463 1394 2516 habitat
1413 2463 1467 2516 in
1487 2462 1656 2527 vobis;
1678 2462 1762 2533 qni
1783 2462 1942 2515 susci-

360 2559 483 2613 tavit
502 2558 760 2615 Christum
778 2575 809 2611 a
835 2558 1063 2620 mortuis,
1091 2555 1357 2624 viviﬁcnbit
1390 2566 1434 2608 et
1473 2556 1705 2608 mortalia
1731 2569 1943 2623 corpora

357 2660 523 2704 vestra
539 2668 628 2719 per
641 2650 1000 2703 inhabitantem
1016 2648 1261 2719 Spiritum
1283 2648 1394 2719 ejus
1414 2648 1465 2701 in
1487 2644 1808 2716 vobis(Rom.
1827 2660 1941 2706 VIII,

360 2742 452 2807 10,
486 2739 599 2811 ll).
628 2740 707 2795 Ac
739 2754 836 2809 per
874 2738 974 2793 hoc
1006 2754 1151 2792 mors
1176 2739 1333 2791 etiam
1362 2737 1603 2807 corporis
1632 2736 1699 2791 de
1727 2744 1946 2811 peccato

357 2841 466 2889 est.
502 2832 560 2887 Si
588 2846 716 2901 ergo
742 2839 1146 2899 non-peccasset
1176 2829 1365 2893 Adam,
1391 2844 1489 2883 nec
1514 2842 1737 2897 corpore
1768 2842 1945 2880 more-

361 2934 547 2986 retur;
591 2922 817 2992 ideoque
865 2921 1161 2975 immortale
1203 2919 1423 2974 haberet
1458 2928 1510 2974 et
1548 2934 1760 2989 corpus.
1798 2918 1945 2984 Quo-

360 3014 528 3068 modo
555 3029 680 3084 ergo
709 3012 1030 3075 immortale,
1061 3011 1105 3065 si
1135 3009 1407 3065 animale?

364 3103 591 3160 CAPUT
630 3101 987 3158 XXIIl.——ln
1024 3119 1107 3155 eos
1143 3102 1230 3172 qui
1275 3102 1448 3155 dicunt
1493 3100 1619 3154 Adae
1660 3117 1842 3170 corpus
1886 3116 1950 3154 ea:

588 3195 800 3249 animali
833 3195 1100 3264 spirituale
1134 3198 1321 3264 factum
1362 3193 1413 3246 in
1455 3192 1712 3265 paradiso.

397 3286 492 3342 54.
517 3284 621 3340 Sed
639 3300 824 3339 rursus
844 3299 948 3338 non
968 3283 1170 3350 vident,
1187 3284 1273 3352 qui
1293 3282 1403 3353 ejus
1422 3298 1614 3352 corpus
1632 3282 1682 3334 in
1704 3281 1947 3351 paradiso

362 3385 627 3433 mutatum
643 3383 849 3445 putant,
866 3384 921 3428 ut
936 3389 1000 3428 ex
1014 3374 1225 3427 animali
1242 3372 1388 3428 ﬂeret
1401 3371 1699 3443 spirituale,
1714 3372 1841 3425 nihil
1862 3373 1952 3424 im-

367 3465 575 3536 pedire,
598 3465 642 3519 si
675 3479 780 3518 non
804 3472 1092 3533 peccasset,
1114 3472 1171 3516 ut
1193 3471 1309 3533 pest
1326 3464 1554 3532 paradisi
1579 3465 1737 3517 vitam
1760 3505 1774 3529 ,
1793 3479 1950 3532 quam

358 3557 509 3627 juste
522 3555 936 3625 obedienterque
956 3555 1193 3619 vixisset,
1213 3555 1475 3623 acciperet
1498 3556 1737 3609 eamdem
1760 3570 1950 3624 corpo-

365 3647 446 3701 ris
476 3645 819 3699 mutationem
851 3647 902 3698 in
933 3646 1035 3699 vita
1061 3646 1501 3715 :eterna,uhijam
1521 3646 1653 3700 cibis
1668 3646 1955 3715 corporali-

366 3735 471 3791 bus
497 3750 600 3789 non
632 3745 831 3805 egeret.
859 3735 995 3802 Quid
1043 3751 1172 3806 ergo
1218 3752 1437 3791 necesse
1479 3744 1562 3790 est
1604 3747 1819 3808 propter
1853 3736 1953 3791 hoc

364 3827 479 3898 jam
508 3827 625 3898 cogi
654 3827 896 3897 ﬁgurate,
928 3843 1033 3882 non
1065 3827 1274 3897 proprie
1304 3826 1605 3897 paradisum
1638 3826 1952 3897 intelligere,

370 3918 497 3987 quia
528 3934 634 3972 non
666 3928 844 3987 posset
865 3918 997 3973 mori
1024 3934 1219 3988 corpus
1242 3918 1342 3973 nisi
1374 3918 1631 3988 peccato?
1658 3919 1852 3973 Verum
1875 3929 1957 3973 est

367 4008 589 4077 quidem
619 4008 758 4078 quod
791 4024 897 4062 non
925 4021 1220 4064 moreretur
1243 4011 1403 4064 etiam
1428 4025 1670 4079 corpore,
1706 4010 1806 4063 nisi
1829 4026 1954 4080 pec-

371 4108 585 4164 casset;
631 4110 815 4169 aperte
858 4100 1053 4170 quippe
1094 4100 1223 4154 dicit
1260 4100 1563 4169 Apostolus,
1595 4098 1789 4170 Corpus
1825 4117 1959 4153 mor-

374 4200 520 4245 tuum
562 4200 766 4262 propter
803 4202 1060 4263 peccatum
1086 4191 1353 4245 :animale
1398 4200 1572 4246 tamen
1621 4200 1799 4261 posset
1840 4206 1961 4246 esse

368 4292 503 4337 aute
530 4293 825 4352 peccatum,
848 4292 904 4338 et
927 4291 1047 4353 post
1076 4287 1237 4339 vitam
1262 4284 1502 4354 justitim,
1533 4299 1653 4338 cum
1683 4285 1817 4339 Deus
1852 4284 1961 4339 vcl-

374 4373 474 4436 lct,
497 4374 609 4429 lieri
645 4374 939 4442 Spirituale.

371 4460 603 4519 CAPUT
643 4464 831 4520 XXIV.
858 4464 1011 4519 —In
1047 4468 1363 4520 renovatione
1408 4466 1656 4537 quomodo
1694 4466 1747 4521 id
1783 4469 1961 4539 recipi-

791 4574 921 4624 mus,
967 4559 1101 4629 quod
1147 4558 1309 4611 Adam
1352 4560 1584 4627 perdidit.

417 4648 505 4703 35.
525 4647 801 4715 Quomodo
816 4664 963 4719 ergo,
992 4649 1255 4720 inquiunt,
1272 4652 1511 4705 renovari
1529 4652 1772 4720 dicimur,
1796 4652 1840 4705 si
1857 4669 1959 4708 non

378 4737 484 4792 hoc
497 4740 941 4809 recipimus,quod
959 4740 1184 4810 perdidit
1198 4743 1393 4809 primus
1408 4742 1585 4809 homo,
1602 4743 1766 4813 inquo
1779 4760 1963 4799 omnes

381 4832 721 4885 moriuntur?
744 4833 851 4887 lloc
876 4834 1035 4903 plane
1058 4833 1343 4903 recipimus
1369 4836 1655 4889 secundum
1683 4838 1959 4905 quemdam

379 4921 597 4975 modum
616 4965 631 4987 ,
649 4930 699 4976 et
719 4937 820 4976 non
839 4923 940 4976 hoc
960 4922 1240 4991 recipimus
1259 4924 1544 4977 secundum
1564 4925 1839 4993 quemdam
1858 4943 1965 4981 mo-

379 5014 528 5067 dum.
547 5014 661 5068 Non
675 5016 850 5085 itaque
865 5015 1311 5069 immortalitatem
1330 5015 1615 5084 spiritualis
1630 5018 1865 5086 corporis
1882 5032 1966 5073 re-

381 5107 624 5176 cipimus,
641 5122 798 5177 quam
818 5106 1046 5160 nondum
1066 5106 1245 5161 habuit
1264 5106 1444 5171 homo;
1462 5106 1553 5161 sed
1577 5107 1857 5177 recipimus
1875 5108 1966 5179 ju-

378 5201 577 5253 stItiam
588 5242 602 5265 ,
620 5216 686 5253 ex
702 5216 800 5269 qua
821 5215 913 5269 per
928 5207 1195 5269 peccatum
1212 5199 1390 5269 lapsus
1400 5211 1480 5254 est
1498 5200 1673 5255 homo.
1684 5200 1969 5257 Renovabi-

381 5308 506 5346 mur
524 5308 651 5362 ergo
676 5308 705 5345 a
735 5300 999 5347 vetustate
1025 5292 1242 5361 peccati,
1269 5308 1375 5347 non
1401 5293 1453 5347 in
1482 5294 1756 5363 pristinum
1773 5309 1968 5366 corpus

381 5384 632 5445 animale,
650 5383 700 5460 in
731 5398 836 5453 quo
858 5381 1157 5447 fuitAdam,
1175 5383 1334 5438 sedin
1362 5383 1570 5451 melius,
1598 5385 1648 5439 id
1674 5396 1754 5440 cst
1780 5386 1829 5440 in
1852 5403 1970 5442 cor-

384 5491 485 5545 pus
531 5477 830 5546 spirituale,
859 5490 980 5530 cum
1016 5475 1310 5531 el‘liciemur
1351 5477 1580 5547 mquales
1619 5478 1834 5548 Angelis
1874 5480 1965 5535 Dei

386 5564 600 5639 (Matth.
627 5583 754 5629 χιιι,
774 5566 886 5637 50),
905 5567 1013 5637 apti
1028 5568 1231 5622 cmlesti
1256 5565 1585 5632 habitationi,
1604 5569 1691 5624 ubi
1713 5584 1832 5624 esca
1851 5587 1969 5641 qua:

384 5660 743 5727 corrumpitur
783 5674 889 5712 non
928 5657 1218 5727 egebimus.
1251 5658 1588 5714 Renovamur
1628 5675 1753 5731 ergo
1782 5661 1970 5730 spiritu

454 5793 473 5823 ι
494 5796 546 5840 In
566 5789 740 5856 editis,
762 5790 1020 5858 recepturi.
1047 5792 1338 5858 προπίω
1360 5805 1425 5846 ex
1456 5801 1583 5858 uss,
1604 5799 1925 5860 recepturum.

1730 361 1933 422 LIBER
1971 360 2256 422 SEXTUS.

2032 363 2439 509 ᾗῖᾘὲἱιοειτω
2459 450 2669 525 (Ep/tes.
2686 467 2763 518 Iv,
2780 450 2872 525 23)
2891 452 3178 508 secundum
3196 454 3474 524 imaginem

2032 545 2118 613 qui
2136 544 2335 597 creavit
2365 558 2482 609 nos,
2502 559 2656 613 quam
2684 543 3130 613 peccandoAdam
3147 544 3391 613 perdidit.
3426 545 3574 599 lieno
3599 576 3613 585 -

2032 633 2273 688 vabimur
2287 643 2464 687 autem
2486 634 2643 688 etiam
2670 649 2848 699 carne,
2879 649 2997 687 cum
3030 633 3128 688 hoc
3156 635 3497 703 corruptibile
3519 636 3609 689 ins

2034 721 2225 777 duetur
2248 724 2666 793 incorruptione,
2692 733 2746 778 ut
2767 724 2834 777 sit
2850 724 3118 793 spirituale
3142 740 3363 793 corpus;
3392 726 3447 779 in
3469 726 3613 796 quod

2034 810 2272 865 nondum
2327 820 2587 880 mutatus,
2636 812 2729 868 sed
2777 813 3059 868 mutandus
3108 822 3224 868 erat
3264 813 3455 881 Adam,
3512 814 3615 870 nisi

2033 908 2263 956 mortem
2288 902 2447 957 etiam
2474 904 2713 973 corporis
2739 904 2982 958 animalis
3008 904 3276 973 peccando
3308 906 3615 962 meruisset.

2106 988 2192 1046 36.
2238 992 2474 1063 Denique
2523 1008 2631 1046 non
2678 994 2752 1047 ait
2799 994 3106 1063 Apostolus,
3148 994 3355 1065 Corpus
3403 996 3617 1066 quidem

2036 1082 2262 1139 mortale
2282 1092 2499 1154 pr0pter
2522 1093 2828 1155 peccatum;
2854 1085 2970 1154 sed,
3002 1085 3194 1158 Corpus
3220 1098 3473 1143 mortuum
3499 1106 3619 1163 pro.

2039 1183 2150 1245 pter
2177 1184 2457 1244 peccatum.

2037 1261 2170 1319 CAP
2192 1264 2261 1321 J'l‘
2280 1263 2646 1321 XXI—Adae
2664 1284 2843 1339 corpus
2860 1269 3070 1323 mortale
3082 1269 3234 1325 simul
3253 1278 3298 1324 et
3313 1273 3618 1329 immortale.

2115 1356 2245 1411 Illud
2290 1359 2484 1429 quippe
2527 1369 2649 1415 ante
2690 1370 2964 1430 peccaturo
2991 1403 3006 1429 ,
3059 1372 3112 1417 et
3154 1364 3382 1419 mortale
3429 1381 3621 1422 secun-

2040 1447 2166 1501 dum
2218 1447 2490 1516 aliam,et
2534 1450 2831 1505 immortale
2876 1453 3165 1507 secundum
3208 1456 3367 1509 aliam
3405 1470 3618 1512 causam

2040 1541 2141 1595 dici
2177 1554 2417 1611 poterat:
2445 1544 2494 1598 id
2538 1554 2622 1601 est
2660 1547 2901 1612 mortale,
2933 1548 3056 1617 quia
3088 1558 3293 1617 poterat
3321 1550 3489 1615 mori;
3517 1550 3620 1605 im-

2042 1634 2281 1698 mortale,
2310 1635 2428 1703 quia
2472 1646 2680 1705 poterat
2718 1652 2822 1692 non
2862 1639 3018 1693 mori.
3048 1640 3203 1695 Aliud
3231 1650 3313 1695 est
3340 1641 3478 1696 enim
3512 1656 3619 1697 non

2042 1738 2197 1792 posse
2241 1724 2405 1789 mori,
2434 1726 2571 1780 sicut
2596 1728 2849 1796 quasdam
2882 1741 3096 1783 naturas
3123 1731 3447 1787 immortales
3472 1747 3621 1787 crea-

2040 1815 2113 1867 vit
2146 1814 2281 1869 Deus
2303 1833 2314 1868 :
2336 1815 2477 1870 aliud
2508 1826 2590 1871 est
2618 1827 2793 1874 autem
2823 1835 2979 1888 posse
3002 1836 3107 1874 non
3135 1821 3297 1884 mori,
3326 1810 3619 1876 secundum

2040 1920 2200 1974 quem
2249 1905 2463 1958 modum
2505 1907 2704 1976 primus
2746 1918 2959 1963 creatus
2977 1919 3059 1963 est
3087 1910 3244 1964 homo
3274 1911 3620 1977 immortalis;

2042 1994 2183 2064 quod
2201 1996 2247 2049 ei
2269 1996 2616 2065 praestabatur
2630 1997 2696 2053 de
2718 1999 2859 2066 ligno
2874 2001 3015 2067 vitae,
3040 2015 3143 2054 non
3162 2000 3227 2055 de
3244 2002 3624 2057 constitutione

2044 2098 2247 2141 naturae
2272 2104 2285 2140 :
2309 2104 2338 2141 a
2365 2105 2469 2158 quo
2506 2089 2647 2159 ligno
2680 2101 2956 2160 separatus
2980 2102 3063 2147 est
3091 2109 3209 2147 cum
3239 2103 3538 2163 peccasset,
3567 2103 3625 2150 ut

2046 2189 2222 2249 posset
2242 2182 2397 2247 mori,
2418 2181 2505 2251 qui
2526 2182 2624 2236 nisi
2644 2193 2913 2251 peccasset
2933 2193 3111 2254 posset
3132 2202 3236 2239 non
3255 2186 3410 2239 mori.
3428 2185 3624 2240 Morta-

2046 2271 2110 2324 lis
2129 2287 2255 2341 ergo
2276 2281 2389 2326 erat
2417 2273 2718 2329 conditione
2747 2278 2985 2345 corporis
3016 2278 3281 2342 animalis,
3309 2278 3625 2336 immortalis

2045 2372 2227 2416 autem
2270 2364 2528 2419 beneficio
2556 2365 2874 2422 Conditoris.
2902 2369 2957 2423 Si
2987 2370 3127 2424 enim
3159 2386 3352 2441 corpus
3375 2374 3623 2440 animale,

2048 2455 2227 2524 utique
2248 2458 2491 2521 mortale,
2510 2459 2630 2527 quia
2654 2469 2704 2512 et
2743 2459 2874 2513 mori
2900 2470 3138 2529 poterat;
3168 2464 3410 2533 quamvis
3438 2474 3491 2519 et
3522 2465 3625 2518 im-

2048 2548 2290 2606 mortale.
2324 2548 2442 2601 ideo
2470 2555 2588 2618 quia
2620 2562 2671 2604 et
2698 2567 2802 2603 non
2834 2552 2965 2605 mori
2994 2562 3218 2622 poterat.
3260 2555 3441 2625 Neque
3483 2557 3624 2611 enim

2053 2638 2355 2695 immortale
2401 2642 2539 2710 quod
2586 2643 2716 2695 mori
2759 2644 2973 2697 omnino
3016 2662 3121 2699 non
3166 2648 3350 2715 possit,
3384 2649 3485 2701 erit
3526 2649 3625 2704 nisi

2048 2729 2340 2797 spirituale,
2374 2731 2511 2799 quod
2551 2733 2701 2785 nobis
2744 2732 2974 2787 futurum
3008 2735 3058 2788 in
3091 2738 3478 2794 resurrectione
3504 2754 3627 2808 pro-

2050 2820 2295 2875 mittitur.
2321 2822 2395 2873 Ac
2423 2836 2516 2889 per
2542 2820 2641 2875 hoc
2670 2822 2793 2876 illud
2825 2824 3051 2879 animale
3077 2827 3224 2879 etob
3252 2826 3351 2882 hoc
3382 2830 3627 2896 mortale,

2049 2912 2190 2981 quod
2242 2924 2457 2983 propter
2496 2915 2754 2984 justitiam
2809 2918 3080 2986 Spirituale
3130 2921 3275 2975 fieret
3317 2932 3370 2977 et
3413 2923 3482 2977 ob
3525 2921 3628 2977 hoc

2051 3004 2194 3058 omni
2226 3005 2383 3058 modo
2415 3007 2770 3075 immortale‘,
2790 3008 2983 3064 factum
3007 3022 3085 3065 est
3115 3020 3327 3082 propter
3353 3022 3628 3083 peccatum

2052 3110 2158 3148 non
2189 3097 2431 3161 mortale,
2463 3098 2603 3168 quod
2626 3110 2858 3155 etantea
2890 3110 3023 3168 erat,
3049 3102 3142 3156 sed
3172 3113 3457 3173 mortuast,
3485 3106 3629 3176 quod

2054 3196 2233 3256 posset
2261 3204 2364 3241 non
2396 3188 2531 3255 ﬁeri,
2563 3191 2607 3244 si
2638 3191 2795 3245 homo
2823 3208 2924 3247 non
2960 3203 3250 3262 peccasset.

2088 3277 2311 3335 CAPUT
2342 3279 2527 3334 XXVI.
2555 3313 2628 3322 —
2652 3282 2845 3352 Corpus
2874 3282 2999 3337 Ade
3032 3295 3079 3337 et
3116 3296 3339 3338 nostrum
3376 3284 3593 3341 diversa.

2124 3370 2212 3424 ὖἹ.
2236 3372 2512 3438 Quomodo
2528 3388 2652 3443 ergo
2673 3388 2866 3442 corpus
2893 3384 3127 3428 nostrum
3146 3375 3270 3429 dicit
3284 3380 3469 3445 Apost.
3485 3392 3634 3430 mor-

2057 3468 2222 3526 tuum,
2256 3479 2375 3517 cum
2416 3463 2587 3518 adhuc
2614 3464 2681 3519 de
2706 3466 3001 3520 viventibus
3029 3467 3355 3536 loqueretur,
3384 3469 3481 3522 nisi
3509 3470 3633 3538 quia

2051 3555 2159 3624 jam
2193 3555 2302 3624 ipsa
2330 3555 2563 3610 conditio
2592 3556 2848 3610 moriendi
2875 3574 2938 3612 ex
2967 3569 3183 3627 peccato
3213 3568 3489 3627 parentum
3518 3560 3631 3613 ha:-

2056 3645 2124 3698 sit
2152 3645 2202 3698 in
2234 3645 2417 3715 prole?
2443 3646 2686 3701 Animale
2724 3655 2805 3701 cst
2842 3649 2982 3701 enim
3029 3658 3082 3702 et
3122 3649 3219 3703 hoc
3249 3665 3464 3719 corpus,
3497 3651 3635 3706 sicut

2057 3743 2111 3790 et
2142 3736 2295 3805 primi
2323 3735 2553 3791 hominis
2584 3736 2711 3801 fuit;
2740 3736 2834 3791 sed
2865 3737 2965 3792 hoc
3001 3737 3109 3808 jam
3155 3739 3204 3791 in
3247 3739 3362 3809 ipso
3390 3740 3635 3794 animalis

2058 3842 2253 3897 genere
2294 3829 2461 3882 multo
2498 3839 2577 3882 est
2616 3828 2884 3883 deterius:
2912 3828 3069 3883 habet
3095 3832 3233 3885 enim
3266 3834 3665 3899 necessitatem,

2060 3919 2337 3985 moriendi,
2365 3920 2504 3990 quod
2546 3921 2671 3975 illud
2716 3937 2821 3975 non
2868 3922 3068 3977 habuit.
3100 3925 3349 3990 Quamvis
3384 3927 3527 3980 enim
3554 3941 3639 3981 rc-

2061 4011 2232 4064 stabat
2272 4010 2445 4065 adhuc
2486 4020 2543 4064 ut
2588 4012 2974 4077 immutaretur,
3019 4022 3074 4067 et
3116 4016 3388 4084 spirituale
3441 4015 3636 4071 factum

2062 4101 2271 4170 plenam
2304 4102 2749 4157 immortalitatem
2782 4105 3096 4173 perciperet,
3119 4106 3204 4159 ubi
3231 4107 3351 4161 cibo
3378 4109 3640 4179 corrupti-

2062 4192 2153 4246 bili
2186 4209 2288 4245 non
2320 4202 2530 4262 egeret;
2566 4202 2739 4247 tatncn
2787 4196 2829 4249 si
2867 4195 3010 4265 juste
3058 4198 3258 4252 viveret
3303 4198 3482 4263 homo,
3510 4210 3560 4254 et
3588 4201 3640 4254 in

2064 4282 2392 4352 spiritualcm
2432 4282 2786 4339 habitudinem
2827 4301 3020 4355 corpus
3050 4287 3165 4354 ejus
3191 4295 3507 4355 mutaretur,
3533 4307 3639 4344 non

2064 4374 2167 4428 iret
2206 4374 2255 4427 in
2297 4385 2542 4427 mortem.
2571 4374 2623 4428 lu
2654 4375 2806 4430 nobis
2835 4368 3009 4431 autem
3047 4378 3202 4430 etiam
3241 4377 3382 4446 juste
3420 4380 3644 4433 viventi-

2065 4465 2184 4528 bus,
2217 4480 2407 4534 corpus
2442 4466 2752 4519 moriturum
2776 4478 2888 4531 est;
2923 4478 3136 4538 propter
3160 4484 3317 4537 quam
3350 4473 3640 4526 necessita-

2066 4562 2195 4621 tem,
2228 4570 2290 4609 ex
2330 4557 2467 4609 illius
2502 4558 2651 4625 primi
2684 4558 2910 4613 hominis
2941 4567 3155 4628 peccato
3185 4560 3504 4625 venientem,
3536 4581 3642 4619 mn

2068 4648 2313 4711 mortale,
2346 4646 2437 4700 sed
2469 4658 2729 4701 mortuum
2757 4665 2949 4719 corpus
2987 4662 3222 4704 nostrum
3255 4653 3386 4707 dixit
3418 4655 3647 4724 Aposto-

2069 4737 2173 4804 lus,
2220 4740 2338 4808 quia
2380 4754 2566 4795 omnrs
2612 4742 2663 4795 in
2707 4742 2873 4795 Adam
2913 4744 3167 4797 morimur
3193 4743 3369 4816 (Rom.
3401 4764 3451 4812 ν,
3485 4748 3568 4813 1:2;
3595 4762 3642 4804 ct

2069 4830 2087 4885 Ι
2118 4831 2234 4886 Cor.
2271 4847 2355 4897 xv,
2387 4831 2502 4901 ‘22).
2528 4832 2655 4888 Item
2687 4834 2813 4888 dicit
2844 4853 2856 4887 :
2885 4833 3028 4889 Sicut
3066 4847 3137 4889 est
3179 4838 3360 4897 ueritas
3400 4841 3452 4893 in
3494 4839 3641 4908 Jesu,

2068 4922 2316 4991 deponere
2335 4940 2419 4977 vos
2439 4925 2710 4979 secundum
2728 4926 2943 4994 priorem
2964 4930 3379 4984 conversationem
3396 4932 3645 4986 hominem

2068 5027 2276 5069 veterem
2293 5034 2311 5081 ;
2329 5033 2438 5069 eum
2465 5018 2549 5087 qui
2568 5019 2906 5087 corrumpitur
2927 5020 3197 5073 secundum
3224 5024 3648 5093 concupiscendos

2069 5105 2376 5176 deceptionis
2396 5124 2414 5171 ;
2436 5107 2534 5162 hoc
2557 5120 2658 5173 est,
2683 5108 2849 5163 factus
2878 5109 3043 5164 Adam
3071 5126 3166 5181 per
3191 5122 3483 5183 peccatum.
3514 5114 3646 5169 Vide

2068 5213 2199 5267 ergo
2226 5196 2352 5267 quid
2377 5209 2625 5268 sequatur
2655 5214 2671 5253 :
2696 5199 3023 5254 chovamini
3049 5212 3217 5254 autem
3252 5204 3433 5272 spiritu
3469 5206 3649 5259 mentis

2050 5297 2266 5351 "vestrae,
2294 5299 2340 5342 et
2365 5289 2557 5343 induite
2593 5306 2775 5344 novum
2810 5292 3093 5359 hominem;
3123 5309 3238 5347 eum
3265 5294 3353 5363 qui
3373 5296 3649 5350 secundum

2073 5376 2238 5433 Deum
2284 5388 2483 5433 creatus
2529 5390 2635 5443 est,
2686 5382 2738 5435 in
2780 5383 2983 5453 justitia
3029 5393 3076 5436 et
3125 5386 3390 5438 sanctitate
3430 5387 3650 5442 veritatis

2075 5468 2287 5539 (Ephes.
2312 5485 2383 5537 Iv,
2407 5468 2629 5545 21-24):
2651 5487 2775 5529 ecce
2800 5473 2939 5545 quod
2971 5474 3200 5543 perdidit
3222 5456 3391 5531 Adam
3411 5493 3506 5547 per
3526 5492 3649 5548 pce-

2073 5571 2272 5618 catum.

2138 5676 2154 5706 ι
2181 5673 2297 5723 Editi
2320 5672 2593 5744 habuerunt
2614 5675 2707 5744 hic,
2725 5674 2951 5744 mortale,
2964 5691 3071 5744 cum
3090 5677 3649 5744 bacce'interpunctione

2074 5747 2245 5800 vocum
2277 5735 2571 5798 :Spiritiwte
2607 5733 2743 5800 ﬁeret
2783 5750 2800 5787 :
2830 5745 2875 5787 et
2905 5733 2962 5788 ob
3003 5738 3091 5789 hoc
3137 5740 3338 5790 mortale
3381 5733 3652 5794 onminwdo

2072 5797 2253 5860 factwn
2272 5797 2352 5847 est
2360 5803 2555 5861 propter
2577 5797 2842 5862 peccatum.
2867 5801 3231 5853 Emendavimus
3248 5803 3315 5853 ad
3346 5811 3452 5854 Mss.
3485 5806 3649 5856 titiam.
