4090 6472
510 350 615 405 355

1431 341 1519 397 DE
1557 339 1805 398 GENESI
1848 338 1942 395 AD
1980 333 2361 403 LITTERAM,
2395 333 2454 394 8.
2494 334 2863 396 AUGUSTINI

3678 347 3787 406 356

508 457 737 517 CAPUT
775 454 984 513 XXVII.
1014 485 1084 497 -—
1123 452 1384 521 Quomodo
1428 461 1588 506 mente
1628 461 1677 506 et
1724 466 1937 521 corpore
1965 449 2033 502 ad
2049 445 2104 502 id
2203 447 2411 513 dicitur,
2436 444 2765 503 Renovamini
2791 448 2970 518 spiritu
2989 449 3164 505 mentis
3185 459 3378 520 vestrm,
3408 452 3508 511 hoc
3535 458 3615 512 eis
3644 458 3784 515 dici-

840 563 1156 611 renovantur,
1186 544 1319 614 quod
1352 544 1514 597 Adam
1538 542 1773 612 perdidit.

582 643 640 697 ln
666 642 769 697 hoc
791 654 918 711 ergo
940 653 1277 701 renovamur,
1309 634 1598 691 secundum
1640 631 1695 687 id
1732 631 1872 702 quod
1919 629 2099 684 amisit

510 734 719 797 Adam,
770 731 822 787 id
869 739 951 786 est
998 728 1287 784 secundum
1333 725 1575 796 spiritum
1622 724 1817 779 mentis
1856 732 2093 776 nostrm:

508 825 799 883 secundum
854 833 1031 875 autem
1078 832 1273 887 corpus
1314 816 1457 887 quod
1502 815 1797 871 seminatur
1844 811 2094 878 animale,

510 924 565 971 et
610 922 851 983 resurget
900 908 1192 981 spirituale,
1231 906 1284 962 in
1315 907 1505 962 melius
1528 904 1921 971 reuovabimur,
1954 902 2096 973 quod

510 1005 746 1061 nondum
770 1002 871 1057 fuit
895 1001 1082 1056 Adam.

578 1098 668 1154 38.
696 1096 833 1151 Dicit
856 1096 981 1149 item
1014 1092 1338 1162 Apostolus:
1369 1089 1727 1160 Exspatiantes
1770 1103 1857 1142 eos
1889 1095 2096 1141 veterem

508 1191 758 1244 hominem
784 1203 895 1241 cum
916 1184 1107 1238 actibus
1133 1185 1262 1253 ejus,
1288 1183 1479 1236 induite
1504 1198 1685 1236 novum
1713 1181 1798 1250 qui
1831 1188 2098 1233 renovatur

505 1281 559 1334 in
586 1277 887 1351 agnitionem
912 1274 1025 1338 Dei,
1054 1274 1328 1328 secundum
1354 1274 1621 1341 imaginem
1651 1272 1759 1340 ejus
1800 1269 1889 1338 qui
1914 1269 2096 1322 creavit

505 1390 617 1427 eum
644 1371 860 1443 (Coloss.
905 1385 983 1434 tu,
1026 1368 1079 1434 9,
1120 1367 1232 1439 10).
1275 1366 1423 1421 Hanc
1472 1365 1753 1434 imaginem
1808 1363 1857 1415 in
1910 1361 2097 1430 spiritu

507 1463 696 1518 mentis
736 1463 1049 1532 impressam
1095 1459 1325 1529 perdidit
1356 1458 1519 1511 Adam
1551 1472 1643 1525 per
1671 1462 1948 1525 peccatum
1982 1449 2093 1525 (a);

504 1572 660 1626 quam
701 1554 991 1623 recipimus
1022 1568 1116 1622 per
1155 1549 1376 1621 gratiam
1402 1549 1656 1618 justilim;
1688 1562 1789 1600 non
1820 1544 2096 1614 spirituale

504 1658 661 1718 atque
702 1646 1001 1701 immortale
1045 1659 1271 1714 corpus,
1303 1643 1354 1696 in
1380 1656 1486 1712 quo
1514 1640 1601 1695 ille
1632 1639 1864 1694 nondum
1893 1636 2010 1701 fuit,
2042 1644 2097 1691 et

504 1743 556 1796 in
590 1754 698 1808 quo
727 1744 883 1791 erunt
926 1750 1114 1789 omnes
1159 1733 1328 1788 sancti
1379 1741 1718 1801 resurgentes
1756 1745 1785 1784 a
1831 1728 2092 1783 mortuis:

504 1829 609 1885 hoc
660 1828 800 1884 enim
847 1828 1120 1898 praemium
1151 1836 1233 1880 est
1260 1824 1403 1879 illius
1448 1823 1656 1887 meriti,
1707 1821 1847 1892 quod
1896 1822 2091 1875 amisit.

504 1919 732 1976 Proinde
758 1920 844 1974 llla
873 1918 1007 1973 stola
1042 1917 1211 1987 prima
1240 1915 1388 1985 (Luc.
1416 1929 1511 1979 xv,
1538 1914 1657 1984 ειι),
1687 1920 1780 1968 aut
1808 1912 1918 1982 ipsa
1938 1910 2094 1981 jllali-

506 2012 579 2067 tia
606 2020 691 2066 est
716 2010 854 2064 unde
882 2010 1059 2077 lapsus
1088 2017 1202 2072 est;
1231 2016 1341 2071 aut,
1377 2006 1420 2059 si
1445 2004 1808 2059 indumentum
1836 2018 2091 2072 corpora-

504 2103 571 2159 lis
609 2100 1022 2157 immortalitatis
1068 2096 1349 2168 signiﬁcat,
1381 2096 1541 2149 etiam
1580 2093 1717 2149 hanc
1747 2093 1835 2147 ille
1861 2094 1938 2147 sic
1962 2093 2095 2146 ami-

504 2197 592 2261 sit,
621 2210 739 2250 cum
779 2204 999 2266 prepter
1041 2202 1319 2262 peccatum
1376 2188 1442 2242 ad
1493 2202 1610 2242 eam
1654 2187 1941 2257 pervenire
1986 2202 2091 2239 non

505 2287 694 2357 potuit.
720 2286 920 2341 Dicitur
948 2284 1091 2339 enim
1133 2290 1186 2337 et
1226 2280 1471 2335 amisisse
1498 2292 1739 2341 uxorem,
1765 2286 1821 2332 et
1846 2274 2092 2331 amisisse

506 2379 784 2442 honorem,
826 2375 915 2446 qui
959 2382 1230 2445 speratum
1282 2384 1391 2425 non
1429 2367 1730 2438 acceperit,
1782 2367 1874 2423 illo
1915 2381 1945 2420 a
1988 2381 2093 2437 quo

504 2470 752 2540 sperabat
783 2468 1008 2523 offenso.

480 2560 727 2638 .CAPUT
748 2576 1229 2635 XX\'lll.—-Adam
1248 2575 1358 2630 licet
1376 2573 1651 2645 spiritttalis
1678 2580 1859 2637 mente,
1883 2586 2095 2640 corpore

515 2669 521 2673 ’
857 2672 952 2743 {uit
976 2669 1215 2723 animalis
1238 2667 1453 2722 etiamin
1474 2665 1733 2738 paradiso.

575 2788 667 2844 39.
700 2786 1003 2844 Secundum
1018 2784 1154 2839 hanc
1166 2798 1292 2853 ergo
1315 2781 1634 2837 sententiam
1656 2792 1851 2848 corpus
1863 2775 2092 2832 animale

510 2879 691 2935 habuit
706 2879 891 2947 Adam,
908 2893 1014 2933 non
1037 2885 1241 2931 tantum
1260 2882 1385 2929 ante
1403 2870 1722 2943 paradisum,
1741 2869 1835 2923 sed
1853 2870 2009 2923 etiam
2039 2869 2090 2921 in

504 2970 748 3042 paradiso
762 2970 1101 3025 constitutus:
1121 2965 1362 3037 quamvis
1374 2964 1425 3017 in
1444 2963 1693 3018 interiore
1707 2962 1921 3015 homine
1937 2960 2093 3013 fuerit

503 3062 813 3132 spiritualis,
830 3059 1121 3115 secundum
1153 3056 1434 3128 imaginem
1458 3054 1573 3124 ejus
1592 3054 1682 3124 qui
1704 3051 1904 3109 creavit
1929 3066 2089 3114 eum;

504 3153 644 3223 quod
672 3153 849 3207 amisit
875 3150 1163 3221 peccando,
1184 3150 1478 3217 meruitque
1499 3147 1658 3202 etiam
1680 3145 1920 3215 corporis
1948 3158 2094 3197 mor-

503 3256 631 3307 tem,
645 3244 737 3314 qui
754 3259 858 3298 non
874 3240 1143 3313 peccando
1155 3246 1449 3305 mereretur
1465 3246 1519 3293 et
1543 3238 1595 3293 in
1611 3251 1804 3305 corpus
1818 3234 2093 3305 spirituale

501 3337 993 3392 commutationem.
1031 3333 1163 3389 Nam
1193 3333 1239 3388 si
1266 3342 1320 3388 et
1350 3331 1573 3387 interius
1600 3330 1903 3385 animaliter
1934 3328 2087 3393 vixit,

502 3446 606 3484 non
633 3444 912 3499 possumus
929 3428 1033 3484 dici
1050 3427 1117 3481 ad
1135 3428 1237 3482 hoc
1256 3426 1421 3495 ipsius
1444 3423 1710 3481 renovari.
1733 3422 1934 3491 Quibus
1949 3422 2092 3476 enim

562 3560 638 3626 (a)
663 3568 697 3611 ιι
720 3568 924 3613 Retract.
949 3573 1053 3624 mp.
1076 3559 1157 3622 24,
1192 3573 1243 3610 n.
1267 3558 1315 3609 2.

2203 547 2311 610 tur,
2338 548 2396 595 ut
2414 538 2716 611 spirituales
2734 541 2886 595 ﬁant:
2907 541 3048 611 quod
3076 542 3123 597 si
3158 542 3249 598 ille
3266 558 3364 599 nec
3384 545 3435 599 in
3465 547 3577 619 ipsa
3602 558 3787 606 mente

2202 629 2320 696 fuit,
2349 631 2614 701 quomodo
2638 646 2735 686 nos
2764 646 3083 687 renovamur
3110 632 3176 687 ad
3203 632 3253 688 id
3278 634 3420 705 quod
3447 637 3608 691 homo
3638 655 3786 693 nun-

2200 737 2359 791 quam
2387 722 2519 777 fuit?
2562 722 2801 794 Apostoli
2838 733 3015 779 autem
3061 734 3115 780 et
3157 739 3346 780 omnes
3381 727 3509 795 justi
3551 730 3787 786 animale

2202 814 2381 883 utique
2400 827 2590 883 corpus
2614 814 2785 868 adhuc
2813 815 3094 881 habebant,
3118 815 3211 870 sed
3237 824 3411 872 tamen
3434 817 3785 887 spiritualiter

2202 903 2422 959 interius
2444 905 2723 971 vivebant;
2756 906 2992 960 renovati
3020 906 3223 963 scilicet
3247 908 3299 962 in
3324 909 3643 979 agnitionem
3668 912 3784 980 Dei,

2200 995 2494 1050 secundum
2522 996 2805 1067 imaginem
2842 996 2956 1065 ejus
3004 997 3095 1067 qui
3137 999 3338 1053 creavit
3361 1014 3454 1054 eos
3484 1018 3498 1053 :
3527 1015 3633 1056 non
3664 1000 3787 1057 ideo

2202 1096 2379 1142 tamen
2402 1086 2511 1156 jam
2540 1102 2762 1158 peccare
2792 1104 2895 1142 non
2922 1097 3187 1158 poterant,
3216 1089 3261 1144 si
3291 1093 3655 1148 consentirent
3676 1092 3787 1148 ini«

2200 1180 2409 1249 quitati.
2431 1179 2560 1234 Nam
2583 1188 2637 1234 et
2660 1180 2967 1250 spirituales
2992 1195 3149 1250 posse
3167 1181 3360 1237 cadere
3385 1182 3437 1236 in
3462 1184 3753 1238 tentatione
3770 1185 3787 1215 ι

2202 1270 2425 1339 peccati,
2456 1271 2687 1325 ostendit
2715 1271 3017 1339 Apostolus,
3052 1271 3141 1326 ubi
3180 1272 3275 1338 ait,
3319 1270 3544 1337 Fratres,
3576 1274 3619 1328 si
3654 1288 3791 1343 prm-

2200 1370 2471 1431 occupatus
2496 1363 2646 1435 fuerit
2675 1364 2825 1417 homo
2850 1366 2902 1416 in
2922 1364 3091 1433 aliqua
3116 1364 3313 1429 delicto,
3335 1380 3422 1418 vos
3440 1366 3527 1435 qui
3544 1366 3789 1436 spiritua-

2201 1452 2273 1507 ies
2302 1455 2438 1519 estis,
2461 1454 2688 1509 instruite
2712 1454 3005 1524 Itujusmodi
3044 1455 3095 1508 in
3130 1456 3313 1521 spiritu
3352 1456 3590 1524 lenitatis,
3618 1458 3788 1511 inten-

2199 1543 2321 1598 dens
2348 1552 2393 1598 te
2415 1544 2601 1615 ipsum,
2630 1560 2690 1598 ne
2716 1555 2759 1598 et
2782 1555 2835 1599 tu
2857 1545 3060 1599 tenteris
3078 1543 3277 1617 (Galat.
3299 1560 3374 1611 VI,
3403 1544 3476 1619 l).
3507 1547 3617 1602 lloc
3646 1547 3786 1615 dixi,

2200 1651 2267 1690 ne
2295 1634 2538 1706 cuiquam
2563 1637 2891 1706 impossibile
2914 1637 3149 1691 videatur
3166 1637 3305 1707 quod
3330 1640 3566 1707 peccavit
3588 1640 3785 1701 Adam.

2199 1728 2245 1782 si
2283 1728 2572 1798 Spiritualis
2597 1737 2714 1784 erat
2742 1737 2944 1797 tuente,
2963 1730 3205 1798 quamvis
3232 1729 3477 1785 animalis
3498 1740 3641 1786 esset
3667 1747 3789 1786 eor-

2197 1834 2349 1889 pore.
2378 1822 2506 1884 Quae
2546 1837 2665 1875 cum
2712 1822 2783 1875 ita
2823 1823 2947 1885 sint,
2981 1822 3108 1876 nihil
3153 1832 3326 1877 tamen
3353 1822 3526 1878 adhuc
3548 1840 3788 1895 praepro-

2201 1926 2327 1980 pere
2375 1911 2773 1975 confirmamus,
2823 1912 2917 1967 sed
2962 1922 3331 1982 exspectamus
3378 1915 3552 1983 potius
3592 1926 3788 1971 utrum

2199 2004 2358 2058 etiam
2382 2012 2569 2059 czetera
2585 2003 3009 2074 Seripturahunc
3036 2005 3361 2060 intellectum
3386 2023 3488 2062 non
3508 2009 3784 2077 impediat.

2235 2095 2456 2152 CAPUT
2495 2095 2763 2151 XXIX.—
2790 2096 2866 2151 De
2894 2099 3064 2151 anima
3089 2097 3405 2153 tractandum
3431 2100 3483 2155 in
3512 2103 3742 2173 sequenti

2920 2188 3069 2243 libra.

2268 2278 2355 2334 40.
2394 2277 2648 2349 Sequitur
2673 2279 2814 2335 enim
2843 2280 3065 2349 quu'stio
3090 2279 3158 2335 de
3199 2281 3371 2335 anima
3406 2282 3556 2338 valde
3585 2282 3786 2339 difficio

2197 2369 2283 2435 lis,
2315 2370 2367 2424 in
2395 2385 2497 2439 qua
2516 2370 2665 2425 multi
2681 2370 3075 2436 laboraverunt,
3094 2372 3351 2442 nobisque
3374 2373 3459 2428 ubi
3482 2372 3791 2430 laboremus

2196 2460 2547 2531 reliquerunt.
2571 2459 2694 2516 Sive
2713 2461 2852 2516 enim
2874 2462 2995 2531 quia
3022 2477 3125 2515 non
3151 2462 3386 2517 omnium
3409 2464 3583 2518 omnia
3604 2464 3793 2535 legere

2197 2551 2373 2622 potui,
2402 2551 2489 2621 qui
2514 2548 2583 2605 de
2612 2550 2711 2605 hac
2739 2566 2795 2605 rc
2826 2551 3116 2607 secundum
3146 2552 3535 2622 Scripturarum
3573 2565 3793 2611 nostra-

2196 2658 2317 2698 rum
2342 2641 2617 2696 veritatem
2638 2640 2703 2696 ad
2728 2642 2921 2712 aliquid
2944 2642 3199 2713 liquidum
3220 2644 3539 2717 minlmeque
3562 2646 3793 2703 dubium

2198 2734 2473 2804 pervenire
2504 2741 2813 2804 potuerunt;
2843 2735 2957 2789 sive
2984 2735 3106 2805 quia
3149 2744 3292 2790 tanta
3321 2739 3543 2807 qurestio
3579 2749 3660 2795 est
3681 2781 3695 2804 ,
3730 2750 3795 2798 ut

2196 2830 2353 2885 etiam
2377 2828 2466 2901 qui
2490 2845 2606 2885 eam
2634 2832 2892 2885 veraciter
2910 2831 3139 2897 solvunt,
3170 2848 3275 2888 non
3309 2834 3459 2889 facile
3490 2834 3794 2906 intelligan-

2196 2930 2281 2977 tur
2300 2938 2327 2976 a
2360 2923 2570 2986 talibus,
2603 2924 2773 2993 qualis
2801 2924 2913 2992 ipse
2934 2939 3050 2978 sum
3076 2941 3089 2977 :
3121 2923 3292 2980 fateor
3321 2928 3585 2983 neminem
3612 2928 3794 2982 adfine

2196 3014 2325 3069 mihi
2355 3015 2681 3085 persuasisse
2705 3013 2846 3085 quod
2884 3015 2961 3069 sic
2988 3015 3210 3071 habeam
3238 3017 3305 3073 de
3332 3019 3529 3083 anima,
3558 3026 3615 3073 ut
3654 3020 3793 3077 nihil

2194 3105 2424 3172 amplius
2450 3104 2789 3175 quaerendum
2820 3114 3020 3176 putem.
3052 3106 3238 3163 Utrum
3279 3092 3457 3165 autem
3496 3125 3636 3167 nunc
3662 3126 3790 3166 cer-

2197 3206 2307 3251 tum
2342 3197 2538 3267 aliquid
2584 3197 2894 3253 inventurus
2938 3198 3038 3254 sim
3078 3208 3132 3255 et
3176 3200 3526 3270 deliniturus,
3576 3204 3787 3275 ignoro.

2196 3288 2349 3356 Quod
2375 3298 2549 3345 autem
2572 3300 2792 3360 potuero
2810 3333 2825 3357 ,
2854 3291 2897 3346 si
2924 3302 3173 3348 conatum
3203 3310 3379 3351 meum
3407 3296 3665 3353 Dominus
3687 3298 3788 3354 ad-

2191 3380 2406 3452 juverit,
2436 3382 2678 3455 sequenti
2708 3382 2974 3445 volumine
2994 3385 3262 3455 explicare
3282 3386 3480 3444 curabo
3509 3396 3552 3442 ³.

2260 3493 2278 3556 ἦ
2305 3500 2408 3543 MSS.
2435 3492 2631 3556 aliquot,
2648 3492 2697 3542 in
2730 3491 3049 3556 tentationem.

2263 3555 2284 3585 ³
2306 3557 2378 3603 Sic
2400 3554 2585 3604 Mssjat
2606 3556 2737 3617 editi,
2761 3554 2984 3606 conabor.

1420 3753 1907 3863 LIBER
1998 3754 2279 3861 SEP
2302 3755 2618 3863 TIM
2635 3757 2835 3865 US.

560 3949 612 3992 tu
635 3956 732 4006 quo
752 3940 869 3990 illud
887 3946 1150 4001 ceneseos,
1176 3950 1282 4003 cap.
1319 3935 1368 3999 2,
1391 3950 1523 3988 vers.
1547 3937 1576 3988 7
1599 3948 1613 3985 :
1635 3940 1690 3987 Et
1711 3931 1842 3999 [law
1884 3932 1935 3984 in
1956 3930 2277 4045 facigqltimeajus
2296 3930 2465 3997 [latum
2485 3932 2624 3998 vita,
2650 3943 2768 3999 etc.,
2810 3934 3073 3988 illustratur
3109 3938 3355 3991 liberrim
3397 3943 3679 3992 tractatione
3717 3941 3791 3993 de

1962 4112 2334 4169 εθζθΰωὲ-ο-ὶὼ

536 4231 761 4287 CAPUT
791 4228 1070 4285 PRIMUM.
1090 4258 1165 4270 -
1190 4225 1269 4282 De
1289 4228 1460 4282 anima
1487 4227 1718 4281 tractatio
1751 4216 2045 4299 suscipitur.

574 4326 626 4380 1.
667 4324 734 4377 Et
761 4323 907 4392 ﬁnxit
932 4321 1065 4376 Deus
1094 4320 1343 4374 hominem
1371 4319 1623 4390 pulverem
1646 4318 1709 4372 de
1734 4328 1887 4385 terra,
1920 4330 1966 4373 et
1988 4321 2085 4390 [ια.

501 4417 568 4470 vit
592 4415 646 4469 in
669 4414 850 4487 faciem
880 4413 988 4484 ejus
1015 4413 1193 4482 ﬂatum
1224 4410 1356 4476 sine,
1384 4418 1430 4463 et
1449 4409 1611 4478 [actus
1637 4418 1707 4463 est
1726 4408 1873 4463 homo
1892 4410 1943 4463 in
1971 4411 2085 4463 ani-

502 4523 638 4561 mam
662 4506 918 4559 viventem.
954 4503 1076 4557 llmc
1097 4500 1254 4556 verba
1283 4500 1569 4570 Scriptura?
1596 4500 1748 4554 nobis
1775 4509 1829 4554 et
1859 4501 1910 4555 in
1940 4501 2086 4570 prin-

500 4596 639 4665 cipio
661 4593 950 4663 superioris
972 4592 1091 4646 libri
1121 4590 1503 4646 consideranda
1528 4591 1917 4660 proposuimus,
1941 4600 1993 4646 et
2018 4591 2083 4646 de

502 4692 617 4757 ipso
644 4687 854 4753 homine
875 4685 1037 4751 facto,
1062 4685 1395 4753 maximeque
1421 4682 1488 4738 de
1512 4682 1625 4752 ejus
1645 4697 1888 4752 corpore,
1917 4699 2085 4753 quan-

501 4788 611 4832 tum
644 4777 772 4830 satis
797 4776 1062 4841 duximus,
1092 4775 1233 4845 quod
1263 4773 1554 4830 secundum
1582 4770 1884 4842 Seripturas
1908 4774 2079 4828 visum

499 4878 619 4931 est,
661 4867 1027 4921 disseruimus.
1071 4865 1177 4922 Sed
1217 4867 1337 4937 quia
1366 4866 1430 4921 de
1481 4864 1655 4921 anima
1702 4865 1930 4921 humana
1975 4882 2078 4921 non

501 4974 659 5030 parva
686 4958 906 5028 qumstio
936 4966 1017 5012 est
1036 4996 1051 5023 ,
1090 4956 1159 5010 ad
1185 4955 1324 5010 hunc
1348 4971 1464 5011 eam
1507 4956 1695 5011 librum
1736 4955 2078 5012 differendam

500 5049 829 5118 putavimus,
854 5048 1151 5103 nescientes
1178 5057 1431 5117 quantum
1462 5062 1559 5102 nos
1584 5046 1837 5101 Dominus
1872 5046 2082 5117 adjutu-

499 5157 591 5195 ros
634 5150 778 5196 esset
805 5148 950 5194 recte
986 5138 1129 5208 loqui
1158 5136 1411 5207 cupidos;
1454 5136 1580 5191 illud
1622 5145 1794 5192 tamen
1825 5138 2076 5204 scientes,

506 5235 605 5288 nisi
631 5243 885 5304 quantum
907 5230 1325 5301 ipseadjuvaret,
1346 5238 1488 5283 recte
1510 5244 1613 5283 non
1641 5244 1758 5285 esse
1786 5229 2074 5285 locuturos.

505 5329 666 5381 Recte
694 5336 776 5381 est
816 5336 993 5379 autem
1033 5323 1293 5379 veraciter
1313 5331 1473 5391 atque
1511 5332 1901 5391 congruenter,
1948 5322 2077 5378 nihil

498 5420 749 5472 audacter
792 5416 1121 5480 refellendo,
1167 5413 1294 5468 nihil
1333 5421 1535 5467 temere
1575 5412 1906 5479 affirmando,
1952 5413 2078 5468 dum

499 5510 672 5565 adhuc
692 5508 911 5562 dubium
937 5516 1035 5571 est,
1060 5521 1243 5560 verum
1270 5502 1531 5559 falsumne
1553 5506 1641 5569 sit,
1668 5505 1777 5558 sive
1801 5504 1945 5573 ﬁdei,
1967 5504 2079 5560 sive

498 5603 734 5658 scientizn
772 5600 1108 5664 christianm;
1146 5595 1286 5669 quod
1325 5604 1500 5651 autem
1544 5596 1721 5650 doceri
1773 5605 1947 5667 potest
1993 5598 2076 5653 vel

498 5711 674 5750 rerum
712 5694 918 5749 ratione
937 5690 1292 5759 apertissima,
1314 5687 1397 5744 vel
1419 5686 1807 5758 Scripturarum
1846 5691 2077 5747 auctori-

497 5798 604 5847 tate
626 5779 943 5843 certissima,
968 5792 1082 5833 stne
1106 5781 1439 5842 cunctatione
1464 5783 1769 5838 asserendo.

2277 4230 2335 4283 Ξ.
2375 4229 2453 4284 Ac
2497 4227 2729 4299 primum
2783 4225 2912 4282 illud
2961 4228 3277 4295 videamus,
3329 4230 3471 4301 quod
3520 4233 3787 4302 scriptum

2188 4330 2289 4386 est,
2338 4320 2541 4386 Flaoit,
2580 4319 2685 4388 vel,
2728 4318 2954 4391 Sufﬂavit
2980 4320 3034 4374 in
3061 4320 3244 4390 facient
3286 4322 3397 4392 ejus
3431 4324 3614 4393 ﬂatum
3638 4325 3784 4378 vitm.

2185 4412 2435 4469 Nonnulli
2483 4411 2625 4467 enim
2672 4410 2884 4466 codices
2924 4409 3156 4477 habent,
3205 4410 3465 4482 Spiravit,
3520 4414 3628 4481 vel,
3683 4413 3789 4467 In-

2187 4503 2393 4572 spiravit
2421 4502 2474 4556 in
2504 4502 2683 4571 {aciem
2728 4502 2857 4574 ejus.
2905 4500 3009 4556 Sed
3054 4517 3173 4558 cum
3200 4501 3373 4558 (ἓτεεεί
3405 4488 3637 4559 habeant
3679 4510 3787 4559 ln-

2187 4600 2416 4668 φὺσησεν,
2448 4610 2551 4649 non
2591 4594 2859 4648 dubitatur
2898 4593 3039 4664 ﬂavit
3080 4595 3163 4649 vel
3209 4595 3427 4666 sufﬂavit
3446 4610 3568 4652 esse
3596 4595 3785 4651 dicen-

2186 4688 2334 4743 dum.
2376 4686 2755 4756 Qurcrehamns
2800 4693 2975 4740 autem
3018 4686 3071 4740 in
3120 4687 3379 4757 superiori
3418 4702 3669 4745 sermone
3709 4690 3784 4746 de

2186 4779 2431 4834 manibus
2454 4776 2566 4845 Dei,
2592 4792 2711 4832 cum
2737 4776 2896 4830 homo
2912 4776 2979 4832 de
3000 4777 3127 4830 limo
3146 4775 3402 4832 formatus
3416 4779 3739 4849 cogitaretur
3764 4798 3782 4837 :

2185 4870 2310 4942 quid
2337 4886 2463 4941 ergo
2485 4884 2626 4925 nunc
2646 4868 2924 4924 dicendum
2951 4867 3105 4924 estin
3131 4883 3197 4924 eo
3225 4868 3365 4939 quod
3387 4870 3639 4939 scriptum
3668 4880 3776 4933 est,

2187 4962 2416 5034 Sufﬂavit
2456 4960 2593 5016 Deus
2613 5002 2628 5025 ,
2662 4960 2762 5015 nisi
2791 4962 2910 5031 quia
2941 4960 3079 5014 sicut
3117 4976 3222 5015 non
3264 4961 3506 5015 manibus
3532 4963 3776 5031 corporis

2188 5053 2358 5120 finxit,
2384 5052 2454 5106 ita
2477 5066 2575 5107 nec
2599 5049 2838 5107 faucibus
2859 5050 3115 5119 labiisque
3140 5049 3406 5105 sufflavit?

2257 5144 2309 5200 5.
2351 5144 2727 5199 Verumtamen
2768 5140 2868 5195 hoc
2898 5140 3060 5195 vcrho
3100 5140 3369 5211 Scriptura
3396 5141 3449 5195 in
3478 5140 3777 5211 qumstione

2185 5236 2494 5291 difficillima
2528 5233 2811 5304 plurimum
2840 5247 2968 5296 nos,
3003 5241 3257 5302 quantum
3289 5232 3507 5301 opinor,
3537 5230 3775 5301 adjuvat.

2184 5326 2411 5383 CAPUT
2437 5324 2500 5379 ll.
2520 5324 2846 5377 —Auimam
2881 5339 2980 5376 non
3023 5338 3129 5377 esse
3166 5322 3389 5393 ejusdem
3424 5332 3622 5377 natura:
3655 5338 3774 5377 cum

2360 5415 2489 5481 Deo,
2513 5430 2575 5468 ea:
2598 5414 2853 5485 proposito
2877 5412 3155 5483 Scriptum
3178 5412 3288 5467 loco
3314 5411 3566 5483 arguitur.

2254 5506 2389 5563 Nam
2416 5521 2534 5561 cum
2563 5504 2776 5575 quidam
2809 5519 2874 5559 ex
2908 5503 3007 5558 hoc
3036 5503 3202 5559 verbo
3226 5503 3548 5559 crediderint
3572 5504 3772 5575 aliquid

2184 5612 2304 5655 esse
2331 5598 2562 5652 animam
2590 5595 2658 5651 de
2688 5594 2797 5664 ipsa
2837 5594 3127 5648 substantia
3155 5593 3282 5659 Dei,
3320 5592 3375 5649 id
3396 5602 3499 5659 est,
3528 5593 3771 5664 ejusdem

2188 5699 2387 5743 natura:
2400 5686 2552 5757 cujus
2574 5684 2661 5739 ille
2677 5695 2779 5747 est,
2802 5684 2901 5737 hoc
2919 5684 3035 5737 ideo
3053 5694 3316 5753 putantes,
3335 5685 3456 5753 quia
3472 5700 3591 5739 cum
3608 5685 3773 5739 homo

2194 5781 2402 5852 sufflat,
2420 5777 2619 5851 aliquid
2636 5776 2705 5834 de
2722 5775 2903 5849 seipse
2918 5776 3057 5849 cjicit
3076 5778 3127 5833 in
3151 5776 3306 5847 flatu;
3328 5774 3451 5833 hinc
3472 5779 3647 5847 potius
3673 5780 3771 5833 ad-
