  <div class='ocr_page' id='page_1' title='image "/cluster/home/n/w/nwhite01/storage/ocr_20150623/34/hvd.32044015706310/184.png"; bbox 0 0 4090 6460; ppageno 0'>
   <div class='ocr_carea' id='block_1_1' title="bbox 382 334 483 391">
    <p class='ocr_par' dir='ltr' id='par_1_1' title="bbox 382 334 483 391">
     <span class='ocr_line' id='line_1_1' title="bbox 382 334 483 391; baseline 0 -1"><span class='ocrx_word' id='word_1_1' title='bbox 382 334 483 391; x_wconf 71' lang='lat'><strong>557</strong></span> 
     </span>
    </p>
   </div>
   <div class='ocr_carea' id='block_1_2' title="bbox 380 450 1966 521">
    <p class='ocr_par' dir='ltr' id='par_1_2' title="bbox 380 450 1966 521">
     <span class='ocr_line' id='line_1_2' title="bbox 380 450 1966 521; baseline -0.006 -12"><span class='ocrx_word' id='word_1_2' title='bbox 380 452 633 509; x_wconf 86' lang='lat' dir='ltr'><strong>monendi</strong></span> <span class='ocrx_word' id='word_1_3' title='bbox 652 467 857 521; x_wconf 87' lang='lat' dir='ltr'><strong>sumus,</strong></span> <span class='ocrx_word' id='word_1_4' title='bbox 875 452 1013 509; x_wconf 87' lang='lat' dir='ltr'><strong>hanc</strong></span> <span class='ocrx_word' id='word_1_5' title='bbox 1039 452 1306 509; x_wconf 89' lang='lat' dir='ltr'><strong>inimicam</strong></span> <span class='ocrx_word' id='word_1_6' title='bbox 1337 452 1457 508; x_wconf 84' lang='lat' dir='ltr'><strong>fidei</strong></span> <span class='ocrx_word' id='word_1_7' title='bbox 1483 450 1758 507; x_wconf 61' lang='lat' dir='ltr'><strong>catholica</strong></span> <span class='ocrx_word' id='word_1_8' title='bbox 1780 460 1966 517; x_wconf 86' lang='lat' dir='ltr'><strong>repro-</strong></span> 
     </span>
    </p>
   </div>
   <div class='ocr_carea' id='block_1_3' title="bbox 383 543 1966 612">
    <p class='ocr_par' dir='ltr' id='par_1_3' title="bbox 383 543 1966 612">
     <span class='ocr_line' id='line_1_3' title="bbox 383 543 1966 612; baseline -0.001 -11"><span class='ocrx_word' id='word_1_9' title='bbox 383 548 507 601; x_wconf 89' lang='lat' dir='ltr'><strong>bare</strong></span> <span class='ocrx_word' id='word_1_10' title='bbox 525 548 863 601; x_wconf 87' lang='lat' dir='ltr'><strong>sententiam.</strong></span> <span class='ocrx_word' id='word_1_11' title='bbox 882 545 988 601; x_wconf 82' lang='lat' dir='ltr'><strong>Nos</strong></span> <span class='ocrx_word' id='word_1_12' title='bbox 1003 547 1144 603; x_wconf 91' lang='lat' dir='ltr'><strong>enim</strong></span> <span class='ocrx_word' id='word_1_13' title='bbox 1162 545 1428 601; x_wconf 94' lang='lat' dir='ltr'><strong>credimus</strong></span> <span class='ocrx_word' id='word_1_14' title='bbox 1440 543 1533 600; x_wconf 91' lang='lat' dir='ltr'><strong>Dei</strong></span> <span class='ocrx_word' id='word_1_15' title='bbox 1550 552 1789 600; x_wconf 87' lang='lat' dir='ltr'><strong>naturam</strong></span> <span class='ocrx_word' id='word_1_16' title='bbox 1808 549 1966 612; x_wconf 87' lang='lat' dir='ltr'><strong>atque</strong></span> 
     </span>
    </p>
   </div>
   <div class='ocr_carea' id='block_1_4' title="bbox 383 632 1967 707">
    <p class='ocr_par' dir='ltr' id='par_1_4' title="bbox 383 632 1967 707">
     <span class='ocr_line' id='line_1_4' title="bbox 383 632 1967 707; baseline -0.003 -16"><span class='ocrx_word' id='word_1_17' title='bbox 383 638 756 705; x_wconf 76' lang='lat' dir='ltr'><strong>substantiam,</strong></span> <span class='ocrx_word' id='word_1_18' title='bbox 784 652 903 707; x_wconf 70' lang='lat' dir='ltr'><strong>qua:</strong></span> <span class='ocrx_word' id='word_1_19' title='bbox 924 637 977 692; x_wconf 92' lang='lat' dir='ltr'><strong>in</strong></span> <span class='ocrx_word' id='word_1_20' title='bbox 1000 636 1258 692; x_wconf 87' lang='lat' dir='ltr'><strong>Trinitate</strong></span> <span class='ocrx_word' id='word_1_21' title='bbox 1282 636 1557 691; x_wconf 77' lang='lat' dir='ltr'><strong>creditura</strong></span> <span class='ocrx_word' id='word_1_22' title='bbox 1586 634 1788 700; x_wconf 89' lang='lat' dir='ltr'><strong>multis,</strong></span> <span class='ocrx_word' id='word_1_23' title='bbox 1812 632 1967 688; x_wconf 88' lang='lat' dir='ltr'><strong>intel-</strong></span> 
     </span>
    </p>
   </div>
   <div class='ocr_carea' id='block_1_5' title="bbox 383 725 1965 798">
    <p class='ocr_par' dir='ltr' id='par_1_5' title="bbox 383 725 1965 798">
     <span class='ocr_line' id='line_1_5' title="bbox 383 725 1965 798; baseline 0 -19"><span class='ocrx_word' id='word_1_24' title='bbox 383 725 561 796; x_wconf 78' lang='lat' dir='ltr'><strong>ligitur</strong></span> <span class='ocrx_word' id='word_1_25' title='bbox 585 742 615 782; x_wconf 88' lang='lat' dir='ltr'><strong>a</strong></span> <span class='ocrx_word' id='word_1_26' title='bbox 644 728 847 798; x_wconf 77' lang='lat' dir='ltr'><strong>paucis,</strong></span> <span class='ocrx_word' id='word_1_27' title='bbox 874 729 1089 783; x_wconf 89' lang='lat' dir='ltr'><strong>omnino</strong></span> <span class='ocrx_word' id='word_1_28' title='bbox 1110 743 1229 783; x_wconf 88' lang='lat' dir='ltr'><strong>esse</strong></span> <span class='ocrx_word' id='word_1_29' title='bbox 1255 726 1763 783; x_wconf 85' lang='lat' dir='ltr'><strong>ineommutabilem.</strong></span> <span class='ocrx_word' id='word_1_30' title='bbox 1796 725 1965 779; x_wconf 85' lang='lat' dir='ltr'><strong>Porro</strong></span> 
     </span>
    </p>
   </div>
   <div class='ocr_carea' id='block_1_6' title="bbox 380 815 1964 875">
    <p class='ocr_par' dir='ltr' id='par_1_6' title="bbox 380 815 1964 875">
     <span class='ocr_line' id='line_1_6' title="bbox 380 815 1964 875; baseline -0.001 -5"><span class='ocrx_word' id='word_1_31' title='bbox 380 827 559 871; x_wconf 85' lang='lat' dir='ltr'><strong>autem</strong></span> <span class='ocrx_word' id='word_1_32' title='bbox 591 822 784 875; x_wconf 73' lang='lat' dir='ltr'><strong>anima:</strong></span> <span class='ocrx_word' id='word_1_33' title='bbox 829 828 1070 874; x_wconf 89' lang='lat' dir='ltr'><strong>naturam</strong></span> <span class='ocrx_word' id='word_1_34' title='bbox 1108 818 1193 874; x_wconf 91' lang='lat' dir='ltr'><strong>vel</strong></span> <span class='ocrx_word' id='word_1_35' title='bbox 1233 819 1284 872; x_wconf 91' lang='lat' dir='ltr'><strong>in</strong></span> <span class='ocrx_word' id='word_1_36' title='bbox 1312 817 1544 872; x_wconf 79' lang='lat' dir='ltr'><strong>deterius</strong></span> <span class='ocrx_word' id='word_1_37' title='bbox 1568 816 1653 871; x_wconf 85' lang='lat' dir='ltr'><strong>vel</strong></span> <span class='ocrx_word' id='word_1_38' title='bbox 1680 816 1733 871; x_wconf 92' lang='lat' dir='ltr'><strong>in</strong></span> <span class='ocrx_word' id='word_1_39' title='bbox 1772 815 1964 870; x_wconf 89' lang='lat' dir='ltr'><strong>melius</strong></span> 
     </span>
    </p>
   </div>
   <div class='ocr_carea' id='block_1_7' title="bbox 378 908 1963 986">
    <p class='ocr_par' dir='ltr' id='par_1_7' title="bbox 378 908 1963 986">
     <span class='ocr_line' id='line_1_7' title="bbox 378 908 1963 986; baseline -0.008 -12"><span class='ocrx_word' id='word_1_40' title='bbox 378 918 696 974; x_wconf 89' lang='lat' dir='ltr'><strong>commutari</strong></span> <span class='ocrx_word' id='word_1_41' title='bbox 721 930 897 986; x_wconf 88' lang='lat' dir='ltr'><strong>posse,</strong></span> <span class='ocrx_word' id='word_1_42' title='bbox 927 912 1044 984; x_wconf 89' lang='lat' dir='ltr'><strong>quis</strong></span> <span class='ocrx_word' id='word_1_43' title='bbox 1072 911 1321 982; x_wconf 79' lang='lat' dir='ltr'><strong>ambigit?</strong></span> <span class='ocrx_word' id='word_1_44' title='bbox 1350 912 1428 965; x_wconf 83' lang='lat' dir='ltr'><strong>Ac</strong></span> <span class='ocrx_word' id='word_1_45' title='bbox 1457 925 1551 979; x_wconf 89' lang='lat' dir='ltr'><strong>per</strong></span> <span class='ocrx_word' id='word_1_46' title='bbox 1573 910 1676 964; x_wconf 90' lang='lat' dir='ltr'><strong>hoc</strong></span> <span class='ocrx_word' id='word_1_47' title='bbox 1708 908 1963 976; x_wconf 77' lang='lat' dir='ltr'><strong>sacrilega</strong></span> 
     </span>
    </p>
   </div>
   <div class='ocr_carea' id='block_1_8' title="bbox 379 998 1959 1078">
    <p class='ocr_par' dir='ltr' id='par_1_8' title="bbox 379 998 1959 1078">
     <span class='ocr_line' id='line_1_8' title="bbox 379 998 1959 1078; baseline -0.008 -15"><span class='ocrx_word' id='word_1_48' title='bbox 379 1009 557 1078; x_wconf 82' lang='lat' dir='ltr'><strong>Opinio</strong></span> <span class='ocrx_word' id='word_1_49' title='bbox 584 1015 687 1071; x_wconf 83' lang='lat' dir='ltr'><strong>est,</strong></span> <span class='ocrx_word' id='word_1_50' title='bbox 714 1021 831 1061; x_wconf 87' lang='lat' dir='ltr'><strong>eam</strong></span> <span class='ocrx_word' id='word_1_51' title='bbox 862 1013 915 1059; x_wconf 91' lang='lat' dir='ltr'><strong>et</strong></span> <span class='ocrx_word' id='word_1_52' title='bbox 946 1005 1111 1058; x_wconf 86' lang='lat' dir='ltr'><strong>Deum</strong></span> <span class='ocrx_word' id='word_1_53' title='bbox 1139 1001 1359 1056; x_wconf 89' lang='lat' dir='ltr'><strong>credere</strong></span> <span class='ocrx_word' id='word_1_54' title='bbox 1388 1001 1542 1055; x_wconf 91' lang='lat' dir='ltr'><strong>unius</strong></span> <span class='ocrx_word' id='word_1_55' title='bbox 1567 1014 1687 1054; x_wconf 93' lang='lat' dir='ltr'><strong>esse</strong></span> <span class='ocrx_word' id='word_1_56' title='bbox 1712 998 1959 1053; x_wconf 86' lang='lat' dir='ltr'><strong>substan-</strong></span> 
     </span>
    </p>
   </div>
   <div class='ocr_carea' id='block_1_9' title="bbox 378 1088 1962 1165">
    <p class='ocr_par' dir='ltr' id='par_1_9' title="bbox 378 1088 1962 1165">
     <span class='ocr_line' id='line_1_9' title="bbox 378 1088 1962 1165; baseline -0.008 -12"><span class='ocrx_word' id='word_1_57' title='bbox 378 1100 483 1153; x_wconf 63' lang='lat' dir='ltr'><strong>tiae.</strong></span> <span class='ocrx_word' id='word_1_58' title='bbox 518 1097 656 1165; x_wconf 85' lang='lat' dir='ltr'><strong>Quid</strong></span> <span class='ocrx_word' id='word_1_59' title='bbox 678 1097 817 1151; x_wconf 89' lang='lat' dir='ltr'><strong>enim</strong></span> <span class='ocrx_word' id='word_1_60' title='bbox 835 1094 937 1148; x_wconf 89' lang='lat' dir='ltr'><strong>hoc</strong></span> <span class='ocrx_word' id='word_1_61' title='bbox 967 1093 1124 1147; x_wconf 91' lang='lat' dir='ltr'><strong>modo</strong></span> <span class='ocrx_word' id='word_1_62' title='bbox 1149 1091 1288 1145; x_wconf 93' lang='lat' dir='ltr'><strong>aliud</strong></span> <span class='ocrx_word' id='word_1_63' title='bbox 1310 1106 1467 1162; x_wconf 89' lang='lat' dir='ltr'><strong>quam</strong></span> <span class='ocrx_word' id='word_1_64' title='bbox 1492 1099 1545 1145; x_wconf 93' lang='lat' dir='ltr'><strong>et</strong></span> <span class='ocrx_word' id='word_1_65' title='bbox 1564 1088 1652 1144; x_wconf 84' lang='lat' dir='ltr'><strong>ille</strong></span> <span class='ocrx_word' id='word_1_66' title='bbox 1672 1097 1962 1143; x_wconf 85' lang='lat' dir='ltr'><strong>commuta-</strong></span> 
     </span>
    </p>
   </div>
   <div class='ocr_carea' id='block_1_10' title="bbox 381 1179 1965 1252">
    <p class='ocr_par' dir='ltr' id='par_1_10' title="bbox 381 1179 1965 1252">
     <span class='ocr_line' id='line_1_10' title="bbox 381 1179 1965 1252; baseline -0.008 -9"><span class='ocrx_word' id='word_1_67' title='bbox 381 1190 501 1243; x_wconf 82' lang='lat' dir='ltr'><strong>bilis</strong></span> <span class='ocrx_word' id='word_1_68' title='bbox 528 1188 800 1243; x_wconf 76' lang='lat' dir='ltr'><strong>creditur?</strong></span> <span class='ocrx_word' id='word_1_69' title='bbox 826 1184 1160 1242; x_wconf 88' lang='lat' dir='ltr'><strong>Credcudum</strong></span> <span class='ocrx_word' id='word_1_70' title='bbox 1203 1186 1378 1252; x_wconf 89' lang='lat' dir='ltr'><strong>itaque</strong></span> <span class='ocrx_word' id='word_1_71' title='bbox 1415 1191 1526 1244; x_wconf 91' lang='lat' dir='ltr'><strong>est,</strong></span> <span class='ocrx_word' id='word_1_72' title='bbox 1572 1188 1627 1235; x_wconf 88' lang='lat' dir='ltr'><strong>et</strong></span> <span class='ocrx_word' id='word_1_73' title='bbox 1669 1179 1965 1248; x_wconf 79' lang='lat' dir='ltr'><strong>intelligen-</strong></span> 
     </span>
    </p>
   </div>
   <div class='ocr_carea' id='block_1_11' title="bbox 378 1268 1963 1349">
    <p class='ocr_par' dir='ltr' id='par_1_11' title="bbox 378 1268 1963 1349">
     <span class='ocr_line' id='line_1_11' title="bbox 378 1268 1963 1349; baseline -0.006 -15"><span class='ocrx_word' id='word_1_74' title='bbox 378 1281 527 1343; x_wconf 90' lang='lat' dir='ltr'><strong>dum,</strong></span> <span class='ocrx_word' id='word_1_75' title='bbox 570 1295 743 1349; x_wconf 84' lang='lat' dir='ltr'><strong>neque</strong></span> <span class='ocrx_word' id='word_1_76' title='bbox 764 1279 870 1332; x_wconf 90' lang='lat' dir='ltr'><strong>ullo</strong></span> <span class='ocrx_word' id='word_1_77' title='bbox 895 1278 1054 1332; x_wconf 88' lang='lat' dir='ltr'><strong>modo</strong></span> <span class='ocrx_word' id='word_1_78' title='bbox 1083 1274 1447 1337; x_wconf 87' lang='lat' dir='ltr'><strong>dubitandum,</strong></span> <span class='ocrx_word' id='word_1_79' title='bbox 1484 1270 1622 1342; x_wconf 91' lang='lat' dir='ltr'><strong>quod</strong></span> <span class='ocrx_word' id='word_1_80' title='bbox 1663 1277 1803 1324; x_wconf 87' lang='lat' dir='ltr'><strong>recta</strong></span> <span class='ocrx_word' id='word_1_81' title='bbox 1833 1268 1963 1324; x_wconf 86' lang='lat' dir='ltr'><strong>lidcs</strong></span> 
     </span>
    </p>
   </div>
   <div class='ocr_carea' id='block_1_12' title="bbox 379 1359 1960 1436">
    <p class='ocr_par' dir='ltr' id='par_1_12' title="bbox 379 1359 1960 1436">
     <span class='ocr_line' id='line_1_12' title="bbox 379 1359 1960 1436; baseline -0.007 -12"><span class='ocrx_word' id='word_1_82' title='bbox 379 1371 560 1436; x_wconf 89' lang='lat' dir='ltr'><strong>habet,</strong></span> <span class='ocrx_word' id='word_1_83' title='bbox 594 1371 821 1423; x_wconf 88' lang='lat' dir='ltr'><strong>animam</strong></span> <span class='ocrx_word' id='word_1_84' title='bbox 851 1370 927 1423; x_wconf 90' lang='lat' dir='ltr'><strong>sic</strong></span> <span class='ocrx_word' id='word_1_85' title='bbox 956 1382 1072 1421; x_wconf 86' lang='lat' dir='ltr'><strong>esse</strong></span> <span class='ocrx_word' id='word_1_86' title='bbox 1097 1384 1123 1421; x_wconf 89' lang='lat' dir='ltr'><strong>a</strong></span> <span class='ocrx_word' id='word_1_87' title='bbox 1152 1367 1258 1420; x_wconf 92' lang='lat' dir='ltr'><strong>Deo</strong></span> <span class='ocrx_word' id='word_1_88' title='bbox 1285 1374 1532 1435; x_wconf 80' lang='lat' dir='ltr'><strong>tanquam</strong></span> <span class='ocrx_word' id='word_1_89' title='bbox 1556 1378 1669 1416; x_wconf 90' lang='lat' dir='ltr'><strong>rem</strong></span> <span class='ocrx_word' id='word_1_90' title='bbox 1696 1378 1849 1433; x_wconf 90' lang='lat' dir='ltr'><strong>quam</strong></span> <span class='ocrx_word' id='word_1_91' title='bbox 1881 1359 1960 1414; x_wconf 87' lang='lat' dir='ltr'><strong>fe-</strong></span> 
     </span>
    </p>
   </div>
   <div class='ocr_carea' id='block_1_13' title="bbox 376 1454 1959 1531">
    <p class='ocr_par' dir='ltr' id='par_1_13' title="bbox 376 1454 1959 1531">
     <span class='ocr_line' id='line_1_13' title="bbox 376 1454 1959 1531; baseline -0.005 -16"><span class='ocrx_word' id='word_1_92' title='bbox 376 1463 528 1524; x_wconf 80' lang='lat' dir='ltr'><strong>cerit,</strong></span> <span class='ocrx_word' id='word_1_93' title='bbox 556 1479 659 1516; x_wconf 91' lang='lat' dir='ltr'><strong>non</strong></span> <span class='ocrx_word' id='word_1_94' title='bbox 690 1468 937 1531; x_wconf 78' lang='lat' dir='ltr'><strong>tanquam</strong></span> <span class='ocrx_word' id='word_1_95' title='bbox 968 1460 1033 1515; x_wconf 86' lang='lat' dir='ltr'><strong>de</strong></span> <span class='ocrx_word' id='word_1_96' title='bbox 1059 1469 1240 1513; x_wconf 86' lang='lat' dir='ltr'><strong>natura</strong></span> <span class='ocrx_word' id='word_1_97' title='bbox 1269 1456 1419 1526; x_wconf 86' lang='lat' dir='ltr'><strong>cujus</strong></span> <span class='ocrx_word' id='word_1_98' title='bbox 1445 1463 1529 1512; x_wconf 80' lang='lat' dir='ltr'><strong>est</strong></span> <span class='ocrx_word' id='word_1_99' title='bbox 1554 1456 1688 1526; x_wconf 89' lang='lat' dir='ltr'><strong>ipse,</strong></span> <span class='ocrx_word' id='word_1_100' title='bbox 1727 1454 1838 1508; x_wconf 83' lang='lat' dir='ltr'><strong>sive</strong></span> <span class='ocrx_word' id='word_1_101' title='bbox 1862 1468 1959 1524; x_wconf 78' lang='lat' dir='ltr'><strong>ge-</strong></span> 
     </span>
    </p>
   </div>
   <div class='ocr_carea' id='block_1_14' title="bbox 373 1549 1463 1624">
    <p class='ocr_par' dir='ltr' id='par_1_14' title="bbox 373 1549 1463 1624">
     <span class='ocr_line' id='line_1_14' title="bbox 373 1549 1463 1624; baseline -0.005 -16"><span class='ocrx_word' id='word_1_102' title='bbox 373 1555 571 1619; x_wconf 89' lang='lat' dir='ltr'><strong>nuerit,</strong></span> <span class='ocrx_word' id='word_1_103' title='bbox 605 1554 716 1608; x_wconf 86' lang='lat' dir='ltr'><strong>sive</strong></span> <span class='ocrx_word' id='word_1_104' title='bbox 742 1569 953 1624; x_wconf 89' lang='lat' dir='ltr'><strong>quoquo</strong></span> <span class='ocrx_word' id='word_1_105' title='bbox 982 1552 1140 1607; x_wconf 91' lang='lat' dir='ltr'><strong>modo</strong></span> <span class='ocrx_word' id='word_1_106' title='bbox 1164 1549 1463 1620; x_wconf 86' lang='lat' dir='ltr'><strong>protulerit.</strong></span> 
     </span>
    </p>
   </div>
   <div class='ocr_carea' id='block_1_15' title="bbox 552 1682 1784 1755">
    <p class='ocr_par' dir='ltr' id='par_1_15' title="bbox 552 1682 1784 1755">
     <span class='ocr_line' id='line_1_15' title="bbox 552 1682 1784 1755; baseline -0.002 -16"><span class='ocrx_word' id='word_1_107' title='bbox 552 1684 779 1741; x_wconf 81' lang='lat' dir='ltr'><strong>CAPUT</strong></span> <span class='ocrx_word' id='word_1_108' title='bbox 808 1683 893 1739; x_wconf 90' lang='lat' dir='ltr'><strong>HI.</strong></span> <span class='ocrx_word' id='word_1_109' title='bbox 919 1713 992 1724; x_wconf 94' lang='lat'><strong>—</strong></span> <span class='ocrx_word' id='word_1_110' title='bbox 1015 1682 1234 1755; x_wconf 85' lang='lat' dir='ltr'><strong>Urgetur</strong></span> <span class='ocrx_word' id='word_1_111' title='bbox 1259 1683 1387 1737; x_wconf 86' lang='lat' dir='ltr'><strong>idem</strong></span> <span class='ocrx_word' id='word_1_112' title='bbox 1414 1692 1784 1754; x_wconf 79' lang='lat' dir='ltr'><strong>argumentum.</strong></span> 
     </span>
    </p>
   </div>
   <div class='ocr_carea' id='block_1_16' title="bbox 441 1820 1958 1892">
    <p class='ocr_par' dir='ltr' id='par_1_16' title="bbox 441 1820 1958 1892">
     <span class='ocr_line' id='line_1_16' title="bbox 441 1820 1958 1892; baseline -0.003 -14"><span class='ocrx_word' id='word_1_113' title='bbox 441 1825 497 1879; x_wconf 73' lang='grc' dir='ltr'>ι.</span> <span class='ocrx_word' id='word_1_114' title='bbox 536 1822 611 1877; x_wconf 88' lang='grc' dir='ltr'>Ει</span> <span class='ocrx_word' id='word_1_115' title='bbox 635 1821 921 1892; x_wconf 89' lang='lat' dir='ltr'><strong>quomodo,</strong></span> <span class='ocrx_word' id='word_1_116' title='bbox 946 1821 1207 1891; x_wconf 87' lang='lat' dir='ltr'><strong>inquiunt,</strong></span> <span class='ocrx_word' id='word_1_117' title='bbox 1237 1820 1490 1892; x_wconf 88' lang='lat' dir='ltr'><strong>scriptum</strong></span> <span class='ocrx_word' id='word_1_118' title='bbox 1523 1831 1623 1887; x_wconf 83' lang='lat' dir='ltr'><strong>est,</strong></span> <span class='ocrx_word' id='word_1_119' title='bbox 1656 1820 1882 1891; x_wconf 73' lang='lat' dir='ltr'><strong>Sufﬂavit</strong></span> <span class='ocrx_word' id='word_1_120' title='bbox 1906 1821 1958 1874; x_wconf 88' lang='lat' dir='ltr'><strong>in</strong></span> 
     </span>
    </p>
   </div>
   <div class='ocr_carea' id='block_1_17' title="bbox 369 1912 1957 1985">
    <p class='ocr_par' dir='ltr' id='par_1_17' title="bbox 369 1912 1957 1985">
     <span class='ocr_line' id='line_1_17' title="bbox 369 1912 1957 1985; baseline -0.001 -17"><span class='ocrx_word' id='word_1_121' title='bbox 369 1915 557 1984; x_wconf 75' lang='lat' dir='ltr'><strong>facient</strong></span> <span class='ocrx_word' id='word_1_122' title='bbox 588 1916 717 1985; x_wconf 79' lang='lat' dir='ltr'><strong>ejus,</strong></span> <span class='ocrx_word' id='word_1_123' title='bbox 743 1923 789 1967; x_wconf 88' lang='lat' dir='ltr'><strong>et</strong></span> <span class='ocrx_word' id='word_1_124' title='bbox 813 1918 974 1985; x_wconf 80' lang='lat' dir='ltr'><strong>factus</strong></span> <span class='ocrx_word' id='word_1_125' title='bbox 996 1922 1065 1967; x_wconf 85' lang='lat' dir='ltr'><strong>est</strong></span> <span class='ocrx_word' id='word_1_126' title='bbox 1087 1913 1233 1966; x_wconf 81' lang='lat' dir='ltr'><strong>homo</strong></span> <span class='ocrx_word' id='word_1_127' title='bbox 1254 1912 1306 1966; x_wconf 84' lang='lat' dir='ltr'><strong>in</strong></span> <span class='ocrx_word' id='word_1_128' title='bbox 1332 1914 1551 1966; x_wconf 83' lang='lat' dir='ltr'><strong>animam</strong></span> <span class='ocrx_word' id='word_1_129' title='bbox 1572 1913 1763 1979; x_wconf 78' lang='lat' dir='ltr'><strong>vivam;</strong></span> <span class='ocrx_word' id='word_1_130' title='bbox 1786 1913 1827 1966; x_wconf 87' lang='lat' dir='ltr'><strong>si</strong></span> <span class='ocrx_word' id='word_1_131' title='bbox 1854 1928 1957 1969; x_wconf 89' lang='lat' dir='ltr'><strong>non</strong></span> 
     </span>
    </p>
   </div>
   <div class='ocr_carea' id='block_1_18' title="bbox 372 1983 1957 2075">
    <p class='ocr_par' dir='ltr' id='par_1_18' title="bbox 372 1983 1957 2075">
     <span class='ocr_line' id='line_1_18' title="bbox 372 1983 1957 2075; baseline -0.004 -15"><span class='ocrx_word' id='word_1_132' title='bbox 372 1983 547 2060; x_wconf 75' lang='lat' dir='ltr'><strong>anima</strong></span> <span class='ocrx_word' id='word_1_133' title='bbox 591 1983 682 2060; x_wconf 86' lang='lat' dir='ltr'><strong>Dei</strong></span> <span class='ocrx_word' id='word_1_134' title='bbox 724 1983 843 2075; x_wconf 81' lang='lat' dir='ltr'><strong>pars</strong></span> <span class='ocrx_word' id='word_1_135' title='bbox 869 2014 969 2070; x_wconf 91' lang='lat' dir='ltr'><strong>est,</strong></span> <span class='ocrx_word' id='word_1_136' title='bbox 987 2004 1071 2058; x_wconf 89' lang='lat' dir='ltr'><strong>vel</strong></span> <span class='ocrx_word' id='word_1_137' title='bbox 1104 2004 1195 2059; x_wconf 91' lang='lat' dir='ltr'><strong>Dei</strong></span> <span class='ocrx_word' id='word_1_138' title='bbox 1232 2004 1449 2057; x_wconf 89' lang='lat' dir='ltr'><strong>omnino</strong></span> <span class='ocrx_word' id='word_1_139' title='bbox 1485 2003 1818 2057; x_wconf 73' lang='lat' dir='ltr'><strong>substantia?</strong></span> <span class='ocrx_word' id='word_1_140' title='bbox 1846 2003 1957 2057; x_wconf 84' lang='lat' dir='ltr'><strong>lmo</strong></span> 
     </span>
    </p>
   </div>
   <div class='ocr_carea' id='block_1_19' title="bbox 372 2092 1954 2163">
    <p class='ocr_par' dir='ltr' id='par_1_19' title="bbox 372 2092 1954 2163">
     <span class='ocr_line' id='line_1_19' title="bbox 372 2092 1954 2163; baseline 0.001 -17"><span class='ocrx_word' id='word_1_141' title='bbox 372 2111 502 2151; x_wconf 80' lang='lat' dir='ltr'><strong>vero</strong></span> <span class='ocrx_word' id='word_1_142' title='bbox 524 2111 589 2150; x_wconf 82' lang='lat' dir='ltr'><strong>ex</strong></span> <span class='ocrx_word' id='word_1_143' title='bbox 610 2095 709 2148; x_wconf 89' lang='lat' dir='ltr'><strong>hoc</strong></span> <span class='ocrx_word' id='word_1_144' title='bbox 729 2095 892 2149; x_wconf 88' lang='lat' dir='ltr'><strong>verbo</strong></span> <span class='ocrx_word' id='word_1_145' title='bbox 909 2094 1035 2147; x_wconf 91' lang='lat' dir='ltr'><strong>satis</strong></span> <span class='ocrx_word' id='word_1_146' title='bbox 1056 2100 1274 2163; x_wconf 88' lang='lat' dir='ltr'><strong>apparet</strong></span> <span class='ocrx_word' id='word_1_147' title='bbox 1296 2092 1364 2146; x_wconf 87' lang='lat' dir='ltr'><strong>ita</strong></span> <span class='ocrx_word' id='word_1_148' title='bbox 1389 2108 1491 2147; x_wconf 92' lang='lat' dir='ltr'><strong>non</strong></span> <span class='ocrx_word' id='word_1_149' title='bbox 1515 2108 1651 2147; x_wconf 90' lang='lat' dir='ltr'><strong>esse.</strong></span> <span class='ocrx_word' id='word_1_150' title='bbox 1668 2093 1797 2147; x_wconf 90' lang='lat' dir='ltr'><strong>Cum</strong></span> <span class='ocrx_word' id='word_1_151' title='bbox 1812 2094 1954 2148; x_wconf 88' lang='lat' dir='ltr'><strong>enim</strong></span> 
     </span>
    </p>
   </div>
   <div class='ocr_carea' id='block_1_20' title="bbox 372 2183 1956 2253">
    <p class='ocr_par' dir='ltr' id='par_1_20' title="bbox 372 2183 1956 2253">
     <span class='ocr_line' id='line_1_20' title="bbox 372 2183 1956 2253; baseline -0.001 -15"><span class='ocrx_word' id='word_1_152' title='bbox 372 2185 534 2239; x_wconf 91' lang='lat' dir='ltr'><strong>homo</strong></span> <span class='ocrx_word' id='word_1_153' title='bbox 561 2183 738 2238; x_wconf 81' lang='lat' dir='ltr'><strong>sufﬂat</strong></span> <span class='ocrx_word' id='word_1_154' title='bbox 757 2225 772 2251; x_wconf 95' lang='lat'><strong>,</strong></span> <span class='ocrx_word' id='word_1_155' title='bbox 800 2185 973 2238; x_wconf 88' lang='lat' dir='ltr'><strong>anima</strong></span> <span class='ocrx_word' id='word_1_156' title='bbox 1004 2184 1181 2253; x_wconf 89' lang='lat' dir='ltr'><strong>utique</strong></span> <span class='ocrx_word' id='word_1_157' title='bbox 1211 2184 1323 2252; x_wconf 88' lang='lat' dir='ltr'><strong>ipsa</strong></span> <span class='ocrx_word' id='word_1_158' title='bbox 1350 2183 1709 2253; x_wconf 75' lang='lat' dir='ltr'><strong>subiacentem</strong></span> <span class='ocrx_word' id='word_1_159' title='bbox 1737 2183 1835 2239; x_wconf 90' lang='lat' dir='ltr'><strong>sibi</strong></span> <span class='ocrx_word' id='word_1_160' title='bbox 1864 2199 1956 2237; x_wconf 85' lang='lat' dir='ltr'><strong>na-</strong></span> 
     </span>
    </p>
   </div>
   <div class='ocr_carea' id='block_1_21' title="bbox 371 2272 1952 2344">
    <p class='ocr_par' dir='ltr' id='par_1_21' title="bbox 371 2272 1952 2344">
     <span class='ocr_line' id='line_1_21' title="bbox 371 2272 1952 2344; baseline -0.001 -16"><span class='ocrx_word' id='word_1_161' title='bbox 371 2283 542 2328; x_wconf 90' lang='lat' dir='ltr'><strong>turam</strong></span> <span class='ocrx_word' id='word_1_162' title='bbox 564 2274 802 2344; x_wconf 88' lang='lat' dir='ltr'><strong>corporis</strong></span> <span class='ocrx_word' id='word_1_163' title='bbox 833 2283 1029 2337; x_wconf 88' lang='lat' dir='ltr'><strong>movet,</strong></span> <span class='ocrx_word' id='word_1_164' title='bbox 1056 2283 1109 2329; x_wconf 92' lang='lat' dir='ltr'><strong>et</strong></span> <span class='ocrx_word' id='word_1_165' title='bbox 1134 2273 1199 2328; x_wconf 90' lang='lat' dir='ltr'><strong>de</strong></span> <span class='ocrx_word' id='word_1_166' title='bbox 1221 2273 1329 2340; x_wconf 89' lang='lat' dir='ltr'><strong>illa,</strong></span> <span class='ocrx_word' id='word_1_167' title='bbox 1357 2290 1460 2327; x_wconf 92' lang='lat' dir='ltr'><strong>nou</strong></span> <span class='ocrx_word' id='word_1_168' title='bbox 1488 2273 1553 2328; x_wconf 90' lang='lat' dir='ltr'><strong>de</strong></span> <span class='ocrx_word' id='word_1_169' title='bbox 1576 2272 1745 2341; x_wconf 84' lang='lat' dir='ltr'><strong>seipsa</strong></span> <span class='ocrx_word' id='word_1_170' title='bbox 1772 2272 1952 2326; x_wconf 91' lang='lat' dir='ltr'><strong>ﬂatum</strong></span> 
     </span>
    </p>
   </div>
   <div class='ocr_carea' id='block_1_22' title="bbox 369 2363 1954 2428">
    <p class='ocr_par' dir='ltr' id='par_1_22' title="bbox 369 2363 1954 2428">
     <span class='ocr_line' id='line_1_22' title="bbox 369 2363 1954 2428; baseline -0.001 -9"><span class='ocrx_word' id='word_1_171' title='bbox 369 2365 512 2420; x_wconf 75' lang='lat' dir='ltr'><strong>facit.</strong></span> <span class='ocrx_word' id='word_1_172' title='bbox 558 2364 668 2419; x_wconf 77' lang='lat' dir='ltr'><strong>Nisi</strong></span> <span class='ocrx_word' id='word_1_173' title='bbox 710 2364 795 2418; x_wconf 89' lang='lat' dir='ltr'><strong>isti</strong></span> <span class='ocrx_word' id='word_1_174' title='bbox 836 2364 970 2420; x_wconf 90' lang='lat' dir='ltr'><strong>forte</strong></span> <span class='ocrx_word' id='word_1_175' title='bbox 1004 2373 1109 2419; x_wconf 89' lang='lat' dir='ltr'><strong>tam</strong></span> <span class='ocrx_word' id='word_1_176' title='bbox 1154 2363 1288 2418; x_wconf 89' lang='lat' dir='ltr'><strong>tardi</strong></span> <span class='ocrx_word' id='word_1_177' title='bbox 1327 2372 1476 2428; x_wconf 92' lang='lat' dir='ltr'><strong>sunt,</strong></span> <span class='ocrx_word' id='word_1_178' title='bbox 1506 2371 1564 2417; x_wconf 90' lang='lat' dir='ltr'><strong>ut</strong></span> <span class='ocrx_word' id='word_1_179' title='bbox 1591 2365 1828 2418; x_wconf 86' lang='lat' dir='ltr'><strong>nesciant</strong></span> <span class='ocrx_word' id='word_1_180' title='bbox 1854 2365 1954 2418; x_wconf 89' lang='lat' dir='ltr'><strong>isto</strong></span> 
     </span>
    </p>
   </div>
   <div class='ocr_carea' id='block_1_23' title="bbox 369 2455 1958 2527">
    <p class='ocr_par' dir='ltr' id='par_1_23' title="bbox 369 2455 1958 2527">
     <span class='ocr_line' id='line_1_23' title="bbox 369 2455 1958 2527; baseline -0.001 -16"><span class='ocrx_word' id='word_1_181' title='bbox 369 2458 646 2527; x_wconf 88' lang='lat' dir='ltr'><strong>reciproco</strong></span> <span class='ocrx_word' id='word_1_182' title='bbox 683 2456 866 2519; x_wconf 87' lang='lat' dir='ltr'><strong>halitu,</strong></span> <span class='ocrx_word' id='word_1_183' title='bbox 908 2472 1063 2526; x_wconf 90' lang='lat' dir='ltr'><strong>quem</strong></span> <span class='ocrx_word' id='word_1_184' title='bbox 1092 2456 1158 2511; x_wconf 93' lang='lat' dir='ltr'><strong>de</strong></span> <span class='ocrx_word' id='word_1_185' title='bbox 1186 2456 1286 2512; x_wconf 93' lang='lat' dir='ltr'><strong>hoc</strong></span> <span class='ocrx_word' id='word_1_186' title='bbox 1312 2471 1434 2511; x_wconf 89' lang='lat' dir='ltr'><strong>aere</strong></span> <span class='ocrx_word' id='word_1_187' title='bbox 1468 2455 1785 2511; x_wconf 85' lang='lat' dir='ltr'><strong>circumfuso</strong></span> <span class='ocrx_word' id='word_1_188' title='bbox 1810 2456 1958 2510; x_wconf 84' lang='lat' dir='ltr'><strong>duci-</strong></span> 
     </span>
    </p>
   </div>
   <div class='ocr_carea' id='block_1_24' title="bbox 368 2547 1953 2614">
    <p class='ocr_par' dir='ltr' id='par_1_24' title="bbox 368 2547 1953 2614">
     <span class='ocr_line' id='line_1_24' title="bbox 368 2547 1953 2614; baseline -0.001 -10"><span class='ocrx_word' id='word_1_189' title='bbox 368 2564 489 2604; x_wconf 90' lang='lat' dir='ltr'><strong>mus</strong></span> <span class='ocrx_word' id='word_1_190' title='bbox 527 2558 580 2602; x_wconf 91' lang='lat' dir='ltr'><strong>et</strong></span> <span class='ocrx_word' id='word_1_191' title='bbox 617 2548 906 2607; x_wconf 90' lang='lat' dir='ltr'><strong>reddimus.</strong></span> <span class='ocrx_word' id='word_1_192' title='bbox 942 2548 1052 2602; x_wconf 82' lang='lat' dir='ltr'><strong>ﬁeri</strong></span> <span class='ocrx_word' id='word_1_193' title='bbox 1103 2549 1260 2603; x_wconf 89' lang='lat' dir='ltr'><strong>etiam</strong></span> <span class='ocrx_word' id='word_1_194' title='bbox 1304 2547 1505 2614; x_wconf 88' lang='lat' dir='ltr'><strong>ﬂatum,</strong></span> <span class='ocrx_word' id='word_1_195' title='bbox 1538 2564 1657 2603; x_wconf 92' lang='lat' dir='ltr'><strong>cum</strong></span> <span class='ocrx_word' id='word_1_196' title='bbox 1686 2549 1953 2604; x_wconf 78' lang='lat' dir='ltr'><strong>voluntate</strong></span> 
     </span>
    </p>
   </div>
   <div class='ocr_carea' id='block_1_25' title="bbox 369 2639 1954 2709">
    <p class='ocr_par' dir='ltr' id='par_1_25' title="bbox 369 2639 1954 2709">
     <span class='ocr_line' id='line_1_25' title="bbox 369 2639 1954 2709; baseline -0.001 -14"><span class='ocrx_word' id='word_1_197' title='bbox 369 2641 664 2695; x_wconf 82' lang='lat' dir='ltr'><strong>sumamus.</strong></span> <span class='ocrx_word' id='word_1_198' title='bbox 694 2641 845 2708; x_wconf 82' lang='lat' dir='ltr'><strong>Quod</strong></span> <span class='ocrx_word' id='word_1_199' title='bbox 876 2641 919 2694; x_wconf 89' lang='lat' dir='ltr'><strong>si</strong></span> <span class='ocrx_word' id='word_1_200' title='bbox 951 2641 1107 2695; x_wconf 86' lang='lat' dir='ltr'><strong>etiam</strong></span> <span class='ocrx_word' id='word_1_201' title='bbox 1135 2656 1239 2694; x_wconf 88' lang='lat' dir='ltr'><strong>non</strong></span> <span class='ocrx_word' id='word_1_202' title='bbox 1268 2655 1331 2695; x_wconf 84' lang='lat' dir='ltr'><strong>ex</strong></span> <span class='ocrx_word' id='word_1_203' title='bbox 1365 2641 1465 2695; x_wconf 91' lang='lat' dir='ltr'><strong>hoc</strong></span> <span class='ocrx_word' id='word_1_204' title='bbox 1490 2656 1632 2706; x_wconf 88' lang='lat' dir='ltr'><strong>aere,</strong></span> <span class='ocrx_word' id='word_1_205' title='bbox 1660 2640 1750 2709; x_wconf 87' lang='lat' dir='ltr'><strong>qui</strong></span> <span class='ocrx_word' id='word_1_206' title='bbox 1792 2639 1954 2695; x_wconf 87' lang='lat' dir='ltr'><strong>forin-</strong></span> 
     </span>
    </p>
   </div>
   <div class='ocr_carea' id='block_1_26' title="bbox 366 2732 1951 2801">
    <p class='ocr_par' dir='ltr' id='par_1_26' title="bbox 366 2732 1951 2801">
     <span class='ocr_line' id='line_1_26' title="bbox 366 2732 1951 2801; baseline 0.001 -15"><span class='ocrx_word' id='word_1_207' title='bbox 366 2748 524 2787; x_wconf 88' lang='lat' dir='ltr'><strong>sccus</strong></span> <span class='ocrx_word' id='word_1_208' title='bbox 554 2733 779 2801; x_wconf 83' lang='lat' dir='ltr'><strong>adjacet,</strong></span> <span class='ocrx_word' id='word_1_209' title='bbox 810 2740 1029 2801; x_wconf 86' lang='lat' dir='ltr'><strong>accepto</strong></span> <span class='ocrx_word' id='word_1_210' title='bbox 1053 2740 1103 2786; x_wconf 89' lang='lat' dir='ltr'><strong>et</strong></span> <span class='ocrx_word' id='word_1_211' title='bbox 1128 2732 1352 2797; x_wconf 91' lang='lat' dir='ltr'><strong>reddito,</strong></span> <span class='ocrx_word' id='word_1_212' title='bbox 1382 2732 1474 2787; x_wconf 92' lang='lat' dir='ltr'><strong>sed</strong></span> <span class='ocrx_word' id='word_1_213' title='bbox 1506 2748 1571 2787; x_wconf 77' lang='lat' dir='ltr'><strong>ex</strong></span> <span class='ocrx_word' id='word_1_214' title='bbox 1596 2733 1761 2801; x_wconf 85' lang='lat' dir='ltr'><strong>ipsius</strong></span> <span class='ocrx_word' id='word_1_215' title='bbox 1785 2734 1951 2787; x_wconf 87' lang='lat' dir='ltr'><strong>nostri</strong></span> 
     </span>
    </p>
   </div>
   <div class='ocr_carea' id='block_1_27' title="bbox 365 2818 1954 2894">
    <p class='ocr_par' dir='ltr' id='par_1_27' title="bbox 365 2818 1954 2894">
     <span class='ocr_line' id='line_1_27' title="bbox 365 2818 1954 2894; baseline 0.001 -17"><span class='ocrx_word' id='word_1_216' title='bbox 365 2826 608 2893; x_wconf 86' lang='lat' dir='ltr'><strong>corporis</strong></span> <span class='ocrx_word' id='word_1_217' title='bbox 638 2834 822 2877; x_wconf 89' lang='lat' dir='ltr'><strong>natura</strong></span> <span class='ocrx_word' id='word_1_218' title='bbox 851 2839 951 2894; x_wconf 89' lang='lat' dir='ltr'><strong>qua</strong></span> <span class='ocrx_word' id='word_1_219' title='bbox 974 2818 1197 2888; x_wconf 85' lang='lat' dir='ltr'><strong>constat,</strong></span> <span class='ocrx_word' id='word_1_220' title='bbox 1225 2822 1485 2877; x_wconf 80' lang='lat' dir='ltr'><strong>sufﬂando</strong></span> <span class='ocrx_word' id='word_1_221' title='bbox 1509 2822 1708 2894; x_wconf 87' lang='lat' dir='ltr'><strong>aliquid</strong></span> <span class='ocrx_word' id='word_1_222' title='bbox 1734 2823 1954 2894; x_wconf 86' lang='lat' dir='ltr'><strong>ejicere-</strong></span> 
     </span>
    </p>
   </div>
   <div class='ocr_carea' id='block_1_28' title="bbox 364 2914 1951 2985">
    <p class='ocr_par' dir='ltr' id='par_1_28' title="bbox 364 2914 1951 2985">
     <span class='ocr_line' id='line_1_28' title="bbox 364 2914 1951 2985; baseline -0.001 -15"><span class='ocrx_word' id='word_1_223' title='bbox 364 2932 505 2980; x_wconf 87' lang='lat' dir='ltr'><strong>mus,</strong></span> <span class='ocrx_word' id='word_1_224' title='bbox 537 2932 641 2970; x_wconf 88' lang='lat' dir='ltr'><strong>non</strong></span> <span class='ocrx_word' id='word_1_225' title='bbox 672 2915 857 2970; x_wconf 87' lang='lat' dir='ltr'><strong>eadem</strong></span> <span class='ocrx_word' id='word_1_226' title='bbox 891 2924 1075 2969; x_wconf 89' lang='lat' dir='ltr'><strong>natura</strong></span> <span class='ocrx_word' id='word_1_227' title='bbox 1107 2923 1189 2969; x_wconf 90' lang='lat' dir='ltr'><strong>est</strong></span> <span class='ocrx_word' id='word_1_228' title='bbox 1219 2916 1458 2984; x_wconf 88' lang='lat' dir='ltr'><strong>corporis</strong></span> <span class='ocrx_word' id='word_1_229' title='bbox 1482 2924 1535 2969; x_wconf 91' lang='lat' dir='ltr'><strong>ct</strong></span> <span class='ocrx_word' id='word_1_230' title='bbox 1556 2916 1779 2978; x_wconf 73' lang='lat' dir='ltr'><strong>animm;</strong></span> <span class='ocrx_word' id='word_1_231' title='bbox 1808 2914 1951 2985; x_wconf 88' lang='lat' dir='ltr'><strong>quod</strong></span> 
     </span>
    </p>
   </div>
   <div class='ocr_carea' id='block_1_29' title="bbox 365 3006 1949 3077">
    <p class='ocr_par' dir='ltr' id='par_1_29' title="bbox 365 3006 1949 3077">
     <span class='ocr_line' id='line_1_29' title="bbox 365 3006 1949 3077; baseline -0.001 -15"><span class='ocrx_word' id='word_1_232' title='bbox 365 3017 423 3062; x_wconf 83' lang='lat' dir='ltr'><strong>et</strong></span> <span class='ocrx_word' id='word_1_233' title='bbox 453 3008 552 3075; x_wconf 88' lang='lat' dir='ltr'><strong>ipsi</strong></span> <span class='ocrx_word' id='word_1_234' title='bbox 578 3008 760 3077; x_wconf 87' lang='lat' dir='ltr'><strong>utique</strong></span> <span class='ocrx_word' id='word_1_235' title='bbox 784 3008 1143 3061; x_wconf 89' lang='lat' dir='ltr'><strong>consentiunt.</strong></span> <span class='ocrx_word' id='word_1_236' title='bbox 1171 3006 1502 3076; x_wconf 85' lang='lat' dir='ltr'><strong>Quapropter</strong></span> <span class='ocrx_word' id='word_1_237' title='bbox 1526 3008 1683 3062; x_wconf 89' lang='lat' dir='ltr'><strong>etiam</strong></span> <span class='ocrx_word' id='word_1_238' title='bbox 1710 3008 1786 3062; x_wconf 87' lang='lat' dir='ltr'><strong>sic</strong></span> <span class='ocrx_word' id='word_1_239' title='bbox 1807 3007 1949 3061; x_wconf 86' lang='lat' dir='ltr'><strong>aliud</strong></span> 
     </span>
    </p>
   </div>
   <div class='ocr_carea' id='block_1_30' title="bbox 362 3096 1945 3170">
    <p class='ocr_par' dir='ltr' id='par_1_30' title="bbox 362 3096 1945 3170">
     <span class='ocr_line' id='line_1_30' title="bbox 362 3096 1945 3170; baseline -0.001 -17"><span class='ocrx_word' id='word_1_240' title='bbox 362 3106 448 3153; x_wconf 83' lang='lat' dir='ltr'><strong>est</strong></span> <span class='ocrx_word' id='word_1_241' title='bbox 476 3096 668 3153; x_wconf 76' lang='lat' dir='ltr'><strong>anima:</strong></span> <span class='ocrx_word' id='word_1_242' title='bbox 705 3098 997 3153; x_wconf 84' lang='lat' dir='ltr'><strong>substantia</strong></span> <span class='ocrx_word' id='word_1_243' title='bbox 1022 3140 1036 3164; x_wconf 92' lang='lat'><strong>,</strong></span> <span class='ocrx_word' id='word_1_244' title='bbox 1076 3114 1195 3168; x_wconf 69' lang='lat' dir='ltr'><strong>qum</strong></span> <span class='ocrx_word' id='word_1_245' title='bbox 1235 3114 1429 3168; x_wconf 91' lang='lat' dir='ltr'><strong>corpus</strong></span> <span class='ocrx_word' id='word_1_246' title='bbox 1473 3099 1606 3170; x_wconf 78' lang='lat' dir='ltr'><strong>regit</strong></span> <span class='ocrx_word' id='word_1_247' title='bbox 1648 3107 1700 3154; x_wconf 90' lang='lat' dir='ltr'><strong>et</strong></span> <span class='ocrx_word' id='word_1_248' title='bbox 1736 3110 1945 3166; x_wconf 89' lang='lat' dir='ltr'><strong>movet;</strong></span> 
     </span>
    </p>
   </div>
   <div class='ocr_carea' id='block_1_31' title="bbox 359 3189 1950 3259">
    <p class='ocr_par' dir='ltr' id='par_1_31' title="bbox 359 3189 1950 3259">
     <span class='ocr_line' id='line_1_31' title="bbox 359 3189 1950 3259; baseline 0 -15"><span class='ocrx_word' id='word_1_249' title='bbox 359 3191 506 3245; x_wconf 86' lang='lat' dir='ltr'><strong>aliud</strong></span> <span class='ocrx_word' id='word_1_250' title='bbox 534 3189 709 3256; x_wconf 90' lang='lat' dir='ltr'><strong>ﬂatus,</strong></span> <span class='ocrx_word' id='word_1_251' title='bbox 740 3205 894 3259; x_wconf 88' lang='lat' dir='ltr'><strong>quem</strong></span> <span class='ocrx_word' id='word_1_252' title='bbox 925 3190 1154 3259; x_wconf 82' lang='lat' dir='ltr'><strong>regendo</strong></span> <span class='ocrx_word' id='word_1_253' title='bbox 1184 3190 1265 3245; x_wconf 88' lang='lat' dir='ltr'><strong>vel</strong></span> <span class='ocrx_word' id='word_1_254' title='bbox 1293 3191 1554 3245; x_wconf 89' lang='lat' dir='ltr'><strong>movendo</strong></span> <span class='ocrx_word' id='word_1_255' title='bbox 1577 3190 1698 3245; x_wconf 80' lang='lat' dir='ltr'><strong>facit</strong></span> <span class='ocrx_word' id='word_1_256' title='bbox 1733 3190 1799 3246; x_wconf 93' lang='lat' dir='ltr'><strong>de</strong></span> <span class='ocrx_word' id='word_1_257' title='bbox 1830 3206 1950 3245; x_wconf 86' lang='lat' dir='ltr'><strong>cor-</strong></span> 
     </span>
    </p>
   </div>
   <div class='ocr_carea' id='block_1_32' title="bbox 363 3280 1948 3352">
    <p class='ocr_par' dir='ltr' id='par_1_32' title="bbox 363 3280 1948 3352">
     <span class='ocr_line' id='line_1_32' title="bbox 363 3280 1948 3352; baseline 0 -17"><span class='ocrx_word' id='word_1_258' title='bbox 363 3298 494 3352; x_wconf 89' lang='lat' dir='ltr'><strong>pore</strong></span> <span class='ocrx_word' id='word_1_259' title='bbox 522 3282 620 3336; x_wconf 91' lang='lat' dir='ltr'><strong>sibi</strong></span> <span class='ocrx_word' id='word_1_260' title='bbox 647 3280 877 3346; x_wconf 91' lang='lat' dir='ltr'><strong>subdito,</strong></span> <span class='ocrx_word' id='word_1_261' title='bbox 902 3295 1005 3334; x_wconf 91' lang='lat' dir='ltr'><strong>non</strong></span> <span class='ocrx_word' id='word_1_262' title='bbox 1030 3280 1097 3335; x_wconf 89' lang='lat' dir='ltr'><strong>de</strong></span> <span class='ocrx_word' id='word_1_263' title='bbox 1125 3282 1298 3350; x_wconf 89' lang='lat' dir='ltr'><strong>seipsa</strong></span> <span class='ocrx_word' id='word_1_264' title='bbox 1325 3281 1408 3336; x_wconf 91' lang='lat' dir='ltr'><strong>cui</strong></span> <span class='ocrx_word' id='word_1_265' title='bbox 1446 3296 1637 3350; x_wconf 92' lang='lat' dir='ltr'><strong>corpus</strong></span> <span class='ocrx_word' id='word_1_266' title='bbox 1660 3293 1741 3336; x_wconf 82' lang='lat' dir='ltr'><strong>eSt</strong></span> <span class='ocrx_word' id='word_1_267' title='bbox 1762 3282 1948 3336; x_wconf 92' lang='lat' dir='ltr'><strong>subdi-</strong></span> 
     </span>
    </p>
   </div>
   <div class='ocr_carea' id='block_1_33' title="bbox 274 3373 1942 3445">
    <p class='ocr_par' dir='ltr' id='par_1_33' title="bbox 274 3373 1942 3445">
     <span class='ocr_line' id='line_1_33' title="bbox 274 3373 1942 3445; baseline 0 -16"><span class='ocrx_word' id='word_1_268' title='bbox 274 3414 275 3417; x_wconf 60' lang='grc' dir='ltr'><strong>η</strong></span> <span class='ocrx_word' id='word_1_269' title='bbox 363 3385 498 3429; x_wconf 88' lang='lat' dir='ltr'><strong>tum.</strong></span> <span class='ocrx_word' id='word_1_270' title='bbox 526 3373 659 3429; x_wconf 91' lang='lat' dir='ltr'><strong>Cum</strong></span> <span class='ocrx_word' id='word_1_271' title='bbox 690 3375 865 3443; x_wconf 86' lang='lat' dir='ltr'><strong>itaque</strong></span> <span class='ocrx_word' id='word_1_272' title='bbox 891 3374 1044 3445; x_wconf 82' lang='lat' dir='ltr'><strong>longe</strong></span> <span class='ocrx_word' id='word_1_273' title='bbox 1074 3374 1285 3445; x_wconf 89' lang='lat' dir='ltr'><strong>quidem</strong></span> <span class='ocrx_word' id='word_1_274' title='bbox 1330 3374 1727 3444; x_wconf 88' lang='lat' dir='ltr'><strong>incomparabili</strong></span> <span class='ocrx_word' id='word_1_275' title='bbox 1763 3376 1942 3442; x_wconf 88' lang='lat' dir='ltr'><strong>modo,</strong></span> 
     </span>
    </p>
   </div>
   <div class='ocr_carea' id='block_1_34' title="bbox 361 3466 1947 3536">
    <p class='ocr_par' dir='ltr' id='par_1_34' title="bbox 361 3466 1947 3536">
     <span class='ocr_line' id='line_1_34' title="bbox 361 3466 1947 3536; baseline 0.001 -17"><span class='ocrx_word' id='word_1_276' title='bbox 361 3466 457 3519; x_wconf 86' lang='lat' dir='ltr'><strong>sed</strong></span> <span class='ocrx_word' id='word_1_277' title='bbox 490 3476 667 3520; x_wconf 88' lang='lat' dir='ltr'><strong>tamen</strong></span> <span class='ocrx_word' id='word_1_278' title='bbox 684 3466 855 3519; x_wconf 90' lang='lat' dir='ltr'><strong>anima</strong></span> <span class='ocrx_word' id='word_1_279' title='bbox 884 3477 1030 3536; x_wconf 76' lang='lat' dir='ltr'><strong>regat</strong></span> <span class='ocrx_word' id='word_1_280' title='bbox 1058 3466 1324 3520; x_wconf 87' lang='lat' dir='ltr'><strong>subditum</strong></span> <span class='ocrx_word' id='word_1_281' title='bbox 1354 3481 1566 3534; x_wconf 90' lang='lat' dir='ltr'><strong>corpus,</strong></span> <span class='ocrx_word' id='word_1_282' title='bbox 1592 3475 1644 3519; x_wconf 90' lang='lat' dir='ltr'><strong>et</strong></span> <span class='ocrx_word' id='word_1_283' title='bbox 1667 3466 1805 3521; x_wconf 87' lang='lat' dir='ltr'><strong>Deus</strong></span> <span class='ocrx_word' id='word_1_284' title='bbox 1824 3467 1947 3521; x_wconf 51' lang='lat' dir='ltr'><strong>sub-</strong></span> 
     </span>
    </p>
   </div>
   <div class='ocr_carea' id='block_1_35' title="bbox 363 3555 1944 3625">
    <p class='ocr_par' dir='ltr' id='par_1_35' title="bbox 363 3555 1944 3625">
     <span class='ocr_line' id='line_1_35' title="bbox 363 3555 1944 3625; baseline 0.001 -16"><span class='ocrx_word' id='word_1_285' title='bbox 363 3555 532 3609; x_wconf 89' lang='lat' dir='ltr'><strong>ditam</strong></span> <span class='ocrx_word' id='word_1_286' title='bbox 564 3563 882 3619; x_wconf 85' lang='lat' dir='ltr'><strong>creaturam,</strong></span> <span class='ocrx_word' id='word_1_287' title='bbox 911 3570 1005 3609; x_wconf 91' lang='lat' dir='ltr'><strong>cur</strong></span> <span class='ocrx_word' id='word_1_288' title='bbox 1039 3571 1141 3609; x_wconf 90' lang='lat' dir='ltr'><strong>non</strong></span> <span class='ocrx_word' id='word_1_289' title='bbox 1180 3556 1352 3625; x_wconf 88' lang='lat' dir='ltr'><strong>potius</strong></span> <span class='ocrx_word' id='word_1_290' title='bbox 1378 3556 1700 3625; x_wconf 81' lang='lat' dir='ltr'><strong>intelligatur</strong></span> <span class='ocrx_word' id='word_1_291' title='bbox 1722 3556 1789 3611; x_wconf 89' lang='lat' dir='ltr'><strong>de</strong></span> <span class='ocrx_word' id='word_1_292' title='bbox 1815 3556 1944 3611; x_wconf 88' lang='lat' dir='ltr'><strong>sub-</strong></span> 
     </span>
    </p>
   </div>
   <div class='ocr_carea' id='block_1_36' title="bbox 354 3644 1944 3717">
    <p class='ocr_par' dir='ltr' id='par_1_36' title="bbox 354 3644 1944 3717">
     <span class='ocr_line' id='line_1_36' title="bbox 354 3644 1944 3717; baseline 0.001 -17"><span class='ocrx_word' id='word_1_293' title='bbox 354 3646 499 3715; x_wconf 88' lang='lat' dir='ltr'><strong>jecta</strong></span> <span class='ocrx_word' id='word_1_294' title='bbox 528 3646 626 3701; x_wconf 88' lang='lat' dir='ltr'><strong>sibi</strong></span> <span class='ocrx_word' id='word_1_295' title='bbox 662 3654 905 3702; x_wconf 87' lang='lat' dir='ltr'><strong>creatura</strong></span> <span class='ocrx_word' id='word_1_296' title='bbox 937 3645 1121 3700; x_wconf 82' lang='lat' dir='ltr'><strong>fecisse</strong></span> <span class='ocrx_word' id='word_1_297' title='bbox 1163 3647 1297 3700; x_wconf 88' lang='lat' dir='ltr'><strong>Deus</strong></span> <span class='ocrx_word' id='word_1_298' title='bbox 1331 3644 1560 3699; x_wconf 88' lang='lat' dir='ltr'><strong>animam</strong></span> <span class='ocrx_word' id='word_1_299' title='bbox 1596 3647 1649 3700; x_wconf 93' lang='lat' dir='ltr'><strong>in</strong></span> <span class='ocrx_word' id='word_1_300' title='bbox 1693 3662 1757 3701; x_wconf 93' lang='lat' dir='ltr'><strong>eo</strong></span> <span class='ocrx_word' id='word_1_301' title='bbox 1804 3647 1944 3717; x_wconf 91' lang='lat' dir='ltr'><strong>quod</strong></span> 
     </span>
    </p>
   </div>
   <div class='ocr_carea' id='block_1_37' title="bbox 358 3737 1945 3809">
    <p class='ocr_par' dir='ltr' id='par_1_37' title="bbox 358 3737 1945 3809">
     <span class='ocr_line' id='line_1_37' title="bbox 358 3737 1945 3809; baseline 0.001 -17"><span class='ocrx_word' id='word_1_302' title='bbox 358 3738 607 3793; x_wconf 83' lang='lat' dir='ltr'><strong>sumasse</strong></span> <span class='ocrx_word' id='word_1_303' title='bbox 628 3739 796 3793; x_wconf 90' lang='lat' dir='ltr'><strong>dictus</strong></span> <span class='ocrx_word' id='word_1_304' title='bbox 824 3749 933 3804; x_wconf 90' lang='lat' dir='ltr'><strong>est;</strong></span> <span class='ocrx_word' id='word_1_305' title='bbox 959 3737 1383 3809; x_wconf 80' lang='lat' dir='ltr'><strong>quandoquidem</strong></span> <span class='ocrx_word' id='word_1_306' title='bbox 1405 3738 1515 3807; x_wconf 84' lang='lat' dir='ltr'><strong>ipsa</strong></span> <span class='ocrx_word' id='word_1_307' title='bbox 1543 3739 1737 3805; x_wconf 87' lang='lat' dir='ltr'><strong>anima,</strong></span> <span class='ocrx_word' id='word_1_308' title='bbox 1762 3756 1945 3809; x_wconf 88' lang='lat' dir='ltr'><strong>quam-</strong></span> 
     </span>
    </p>
   </div>
   <div class='ocr_carea' id='block_1_38' title="bbox 359 3830 1943 3901">
    <p class='ocr_par' dir='ltr' id='par_1_38' title="bbox 359 3830 1943 3901">
     <span class='ocr_line' id='line_1_38' title="bbox 359 3830 1943 3901; baseline 0.003 -18"><span class='ocrx_word' id='word_1_309' title='bbox 359 3832 443 3884; x_wconf 85' lang='lat' dir='ltr'><strong>vis</strong></span> <span class='ocrx_word' id='word_1_310' title='bbox 464 3831 675 3901; x_wconf 85' lang='lat' dir='ltr'><strong>cerpori</strong></span> <span class='ocrx_word' id='word_1_311' title='bbox 703 3846 799 3884; x_wconf 86' lang='lat' dir='ltr'><strong>suo</strong></span> <span class='ocrx_word' id='word_1_312' title='bbox 824 3846 928 3884; x_wconf 92' lang='lat' dir='ltr'><strong>non</strong></span> <span class='ocrx_word' id='word_1_313' title='bbox 947 3831 1018 3884; x_wconf 90' lang='lat' dir='ltr'><strong>ita</strong></span> <span class='ocrx_word' id='word_1_314' title='bbox 1040 3830 1358 3895; x_wconf 82' lang='lat' dir='ltr'><strong>dominetur,</strong></span> <span class='ocrx_word' id='word_1_315' title='bbox 1385 3841 1440 3884; x_wconf 92' lang='grc' dir='ltr'><strong>ιιι</strong></span> <span class='ocrx_word' id='word_1_316' title='bbox 1462 3831 1600 3885; x_wconf 90' lang='lat' dir='ltr'><strong>Deus</strong></span> <span class='ocrx_word' id='word_1_317' title='bbox 1619 3833 1943 3888; x_wconf 88' lang='lat' dir='ltr'><strong>universitati</strong></span> 
     </span>
    </p>
   </div>
   <div class='ocr_carea' id='block_1_39' title="bbox 358 3921 1943 3991">
    <p class='ocr_par' dir='ltr' id='par_1_39' title="bbox 358 3921 1943 3991">
     <span class='ocr_line' id='line_1_39' title="bbox 358 3921 1943 3991; baseline 0.002 -16"><span class='ocrx_word' id='word_1_318' title='bbox 358 3936 521 3990; x_wconf 91' lang='lat' dir='ltr'><strong>quam</strong></span> <span class='ocrx_word' id='word_1_319' title='bbox 550 3922 804 3985; x_wconf 85' lang='lat' dir='ltr'><strong>condidit,</strong></span> <span class='ocrx_word' id='word_1_320' title='bbox 837 3930 1011 3976; x_wconf 88' lang='lat' dir='ltr'><strong>tamen</strong></span> <span class='ocrx_word' id='word_1_321' title='bbox 1039 3921 1153 3991; x_wconf 84' lang='lat' dir='ltr'><strong>ejus</strong></span> <span class='ocrx_word' id='word_1_322' title='bbox 1175 3931 1342 3990; x_wconf 92' lang='lat' dir='ltr'><strong>motu,</strong></span> <span class='ocrx_word' id='word_1_323' title='bbox 1372 3938 1476 3977; x_wconf 92' lang='lat' dir='ltr'><strong>non</strong></span> <span class='ocrx_word' id='word_1_324' title='bbox 1503 3922 1569 3978; x_wconf 90' lang='lat' dir='ltr'><strong>de</strong></span> <span class='ocrx_word' id='word_1_325' title='bbox 1593 3938 1685 3978; x_wconf 89' lang='lat' dir='ltr'><strong>sua</strong></span> <span class='ocrx_word' id='word_1_326' title='bbox 1708 3924 1943 3979; x_wconf 84' lang='lat' dir='ltr'><strong>substan-</strong></span> 
     </span>
    </p>
   </div>
   <div class='ocr_carea' id='block_1_40' title="bbox 354 4004 836 4068">
    <p class='ocr_par' dir='ltr' id='par_1_40' title="bbox 354 4004 836 4068">
     <span class='ocr_line' id='line_1_40' title="bbox 354 4004 836 4068; baseline -0.004 0"><span class='ocrx_word' id='word_1_327' title='bbox 354 4004 432 4068; x_wconf 69' lang='lat' dir='ltr'><strong>tia</strong></span> <span class='ocrx_word' id='word_1_328' title='bbox 463 4012 642 4067; x_wconf 89' lang='lat' dir='ltr'><strong>ﬂatum</strong></span> <span class='ocrx_word' id='word_1_329' title='bbox 670 4012 836 4067; x_wconf 83' lang='lat' dir='ltr'><strong>facit?</strong></span> 
     </span>
    </p>
   </div>
   <div class='ocr_carea' id='block_1_41' title="bbox 433 4103 1940 4176">
    <p class='ocr_par' dir='ltr' id='par_1_41' title="bbox 433 4103 1940 4176">
     <span class='ocr_line' id='line_1_41' title="bbox 433 4103 1940 4176; baseline 0.004 -17"><span class='ocrx_word' id='word_1_330' title='bbox 433 4105 486 4159; x_wconf 85' lang='lat'><strong>5.</strong></span> <span class='ocrx_word' id='word_1_331' title='bbox 528 4104 813 4158; x_wconf 85' lang='lat' dir='ltr'><strong>Possemus</strong></span> <span class='ocrx_word' id='word_1_332' title='bbox 840 4103 1050 4173; x_wconf 88' lang='lat' dir='ltr'><strong>quidem</strong></span> <span class='ocrx_word' id='word_1_333' title='bbox 1076 4104 1251 4160; x_wconf 89' lang='lat' dir='ltr'><strong>dicere</strong></span> <span class='ocrx_word' id='word_1_334' title='bbox 1282 4120 1380 4160; x_wconf 91' lang='lat' dir='ltr'><strong>nec</strong></span> <span class='ocrx_word' id='word_1_335' title='bbox 1421 4106 1589 4176; x_wconf 91' lang='lat' dir='ltr'><strong>ipsum</strong></span> <span class='ocrx_word' id='word_1_336' title='bbox 1628 4107 1717 4161; x_wconf 81' lang='lat' dir='ltr'><strong>Dei</strong></span> <span class='ocrx_word' id='word_1_337' title='bbox 1759 4107 1940 4165; x_wconf 88' lang='lat' dir='ltr'><strong>ﬂatum</strong></span> 
     </span>
    </p>
   </div>
   <div class='ocr_carea' id='block_1_42' title="bbox 355 4177 1941 4260">
    <p class='ocr_par' dir='ltr' id='par_1_42' title="bbox 355 4177 1941 4260">
     <span class='ocr_line' id='line_1_42' title="bbox 355 4177 1941 4260; baseline 0.004 -11"><span class='ocrx_word' id='word_1_338' title='bbox 355 4210 482 4249; x_wconf 73' lang='lat' dir='ltr'><strong>esse</strong></span> <span class='ocrx_word' id='word_1_339' title='bbox 528 4177 755 4248; x_wconf 81' lang='lat' dir='ltr'><strong>animam</strong></span> <span class='ocrx_word' id='word_1_340' title='bbox 794 4193 1058 4260; x_wconf 80' lang='lat' dir='ltr'><strong>hominis,</strong></span> <span class='ocrx_word' id='word_1_341' title='bbox 1107 4196 1199 4250; x_wconf 90' lang='lat' dir='ltr'><strong>sed</strong></span> <span class='ocrx_word' id='word_1_342' title='bbox 1241 4197 1403 4250; x_wconf 89' lang='lat' dir='ltr'><strong>Deum</strong></span> <span class='ocrx_word' id='word_1_343' title='bbox 1450 4198 1711 4253; x_wconf 86' lang='lat' dir='ltr'><strong>sufﬂando</strong></span> <span class='ocrx_word' id='word_1_344' title='bbox 1750 4200 1941 4256; x_wconf 80' lang='lat' dir='ltr'><strong>fecisse</strong></span> 
     </span>
    </p>
   </div>
   <div class='ocr_carea' id='block_1_43' title="bbox 352 4286 1941 4362">
    <p class='ocr_par' dir='ltr' id='par_1_43' title="bbox 352 4286 1941 4362">
     <span class='ocr_line' id='line_1_43' title="bbox 352 4286 1941 4362; baseline 0.005 -22"><span class='ocrx_word' id='word_1_345' title='bbox 352 4287 589 4340; x_wconf 86' lang='lat' dir='ltr'><strong>animam</strong></span> <span class='ocrx_word' id='word_1_346' title='bbox 624 4287 674 4340; x_wconf 92' lang='lat' dir='ltr'><strong>in</strong></span> <span class='ocrx_word' id='word_1_347' title='bbox 695 4286 913 4341; x_wconf 87' lang='lat' dir='ltr'><strong>homine</strong></span> <span class='ocrx_word' id='word_1_348' title='bbox 941 4305 953 4341; x_wconf 92' lang='lat'>:</span> <span class='ocrx_word' id='word_1_349' title='bbox 983 4287 1075 4341; x_wconf 94' lang='lat' dir='ltr'><strong>sed</strong></span> <span class='ocrx_word' id='word_1_350' title='bbox 1104 4304 1169 4342; x_wconf 91' lang='lat' dir='ltr'><strong>ne</strong></span> <span class='ocrx_word' id='word_1_351' title='bbox 1195 4298 1446 4358; x_wconf 91' lang='lat' dir='ltr'><strong>putentur</strong></span> <span class='ocrx_word' id='word_1_352' title='bbox 1468 4292 1682 4345; x_wconf 81' lang='lat' dir='ltr'><strong>meliora</strong></span> <span class='ocrx_word' id='word_1_353' title='bbox 1714 4309 1831 4362; x_wconf 69' lang='lat' dir='ltr'><strong>qum</strong></span> <span class='ocrx_word' id='word_1_354' title='bbox 1863 4292 1941 4349; x_wconf 80' lang='lat' dir='ltr'><strong>fc-</strong></span> 
     </span>
    </p>
   </div>
   <div class='ocr_carea' id='block_1_44' title="bbox 354 4375 1939 4448">
    <p class='ocr_par' dir='ltr' id='par_1_44' title="bbox 354 4375 1939 4448">
     <span class='ocr_line' id='line_1_44' title="bbox 354 4375 1939 4448; baseline 0.005 -18"><span class='ocrx_word' id='word_1_355' title='bbox 354 4378 436 4430; x_wconf 89' lang='lat' dir='ltr'><strong>cit</strong></span> <span class='ocrx_word' id='word_1_356' title='bbox 463 4376 643 4440; x_wconf 83' lang='lat' dir='ltr'><strong>verbo,</strong></span> <span class='ocrx_word' id='word_1_357' title='bbox 677 4392 831 4445; x_wconf 87' lang='lat' dir='ltr'><strong>quam</strong></span> <span class='ocrx_word' id='word_1_358' title='bbox 856 4376 995 4446; x_wconf 89' lang='lat' dir='ltr'><strong>quod</strong></span> <span class='ocrx_word' id='word_1_359' title='bbox 1019 4376 1142 4431; x_wconf 84' lang='lat' dir='ltr'><strong>fecit</strong></span> <span class='ocrx_word' id='word_1_360' title='bbox 1166 4375 1311 4439; x_wconf 87' lang='lat' dir='ltr'><strong>ﬂatu,</strong></span> <span class='ocrx_word' id='word_1_361' title='bbox 1336 4380 1453 4448; x_wconf 91' lang='lat' dir='ltr'><strong>quia</strong></span> <span class='ocrx_word' id='word_1_362' title='bbox 1485 4388 1536 4435; x_wconf 89' lang='lat' dir='ltr'><strong>et</strong></span> <span class='ocrx_word' id='word_1_363' title='bbox 1564 4380 1615 4433; x_wconf 92' lang='lat' dir='ltr'><strong>in</strong></span> <span class='ocrx_word' id='word_1_364' title='bbox 1649 4382 1799 4436; x_wconf 87' lang='lat' dir='ltr'><strong>nobis</strong></span> <span class='ocrx_word' id='word_1_365' title='bbox 1827 4398 1939 4438; x_wconf 88' lang='lat' dir='ltr'><strong>mc-</strong></span> 
     </span>
    </p>
   </div>
   <div class='ocr_carea' id='block_1_45' title="bbox 356 4468 1939 4539">
    <p class='ocr_par' dir='ltr' id='par_1_45' title="bbox 356 4468 1939 4539">
     <span class='ocr_line' id='line_1_45' title="bbox 356 4468 1939 4539; baseline 0.003 -15"><span class='ocrx_word' id='word_1_366' title='bbox 356 4471 465 4525; x_wconf 84' lang='lat' dir='ltr'><strong>lius</strong></span> <span class='ocrx_word' id='word_1_367' title='bbox 486 4480 566 4526; x_wconf 92' lang='lat' dir='ltr'><strong>cst</strong></span> <span class='ocrx_word' id='word_1_368' title='bbox 592 4470 811 4524; x_wconf 79' lang='lat' dir='ltr'><strong>verbum</strong></span> <span class='ocrx_word' id='word_1_369' title='bbox 843 4485 997 4539; x_wconf 90' lang='lat' dir='ltr'><strong>quam</strong></span> <span class='ocrx_word' id='word_1_370' title='bbox 1026 4468 1213 4535; x_wconf 85' lang='lat' dir='ltr'><strong>ﬂatus;</strong></span> <span class='ocrx_word' id='word_1_371' title='bbox 1242 4470 1369 4524; x_wconf 85' lang='lat' dir='ltr'><strong>nihil</strong></span> <span class='ocrx_word' id='word_1_372' title='bbox 1400 4480 1478 4525; x_wconf 87' lang='lat' dir='ltr'><strong>est</strong></span> <span class='ocrx_word' id='word_1_373' title='bbox 1508 4472 1717 4527; x_wconf 88' lang='lat' dir='ltr'><strong>interim</strong></span> <span class='ocrx_word' id='word_1_374' title='bbox 1749 4490 1939 4529; x_wconf 83' lang='lat' dir='ltr'><strong>secun-</strong></span> 
     </span>
    </p>
   </div>
   <div class='ocr_carea' id='block_1_46' title="bbox 355 4560 1936 4633">
    <p class='ocr_par' dir='ltr' id='par_1_46' title="bbox 355 4560 1936 4633">
     <span class='ocr_line' id='line_1_46' title="bbox 355 4560 1936 4633; baseline 0.003 -17"><span class='ocrx_word' id='word_1_375' title='bbox 355 4563 483 4616; x_wconf 89' lang='lat' dir='ltr'><strong>dum</strong></span> <span class='ocrx_word' id='word_1_376' title='bbox 515 4561 866 4629; x_wconf 88' lang='lat' dir='ltr'><strong>supradictam</strong></span> <span class='ocrx_word' id='word_1_377' title='bbox 914 4560 1169 4614; x_wconf 89' lang='lat' dir='ltr'><strong>rationem</strong></span> <span class='ocrx_word' id='word_1_378' title='bbox 1196 4601 1210 4624; x_wconf 96' lang='lat'><strong>,</strong></span> <span class='ocrx_word' id='word_1_379' title='bbox 1242 4576 1337 4615; x_wconf 90' lang='lat' dir='ltr'><strong>cur</strong></span> <span class='ocrx_word' id='word_1_380' title='bbox 1360 4561 1586 4615; x_wconf 90' lang='lat' dir='ltr'><strong>animam</strong></span> <span class='ocrx_word' id='word_1_381' title='bbox 1629 4563 1795 4633; x_wconf 86' lang='lat' dir='ltr'><strong>ipsam</strong></span> <span class='ocrx_word' id='word_1_382' title='bbox 1848 4567 1936 4620; x_wconf 74' lang='lat' dir='ltr'><strong>llci</strong></span> 
     </span>
    </p>
   </div>
   <div class='ocr_carea' id='block_1_47' title="bbox 354 4649 1936 4721">
    <p class='ocr_par' dir='ltr' id='par_1_47' title="bbox 354 4649 1936 4721">
     <span class='ocr_line' id='line_1_47' title="bbox 354 4649 1936 4721; baseline 0.003 -16"><span class='ocrx_word' id='word_1_383' title='bbox 354 4653 543 4705; x_wconf 82' lang='lat' dir='ltr'><strong>ﬂatum</strong></span> <span class='ocrx_word' id='word_1_384' title='bbox 571 4651 749 4705; x_wconf 88' lang='lat' dir='ltr'><strong>dicere</strong></span> <span class='ocrx_word' id='word_1_385' title='bbox 778 4650 1078 4704; x_wconf 90' lang='lat' dir='ltr'><strong>dubitemus</strong></span> <span class='ocrx_word' id='word_1_386' title='bbox 1098 4692 1112 4717; x_wconf 94' lang='lat'><strong>,</strong></span> <span class='ocrx_word' id='word_1_387' title='bbox 1156 4649 1278 4704; x_wconf 90' lang='lat' dir='ltr'><strong>dum</strong></span> <span class='ocrx_word' id='word_1_388' title='bbox 1310 4651 1627 4721; x_wconf 79' lang='lat' dir='ltr'><strong>intelligatur</strong></span> <span class='ocrx_word' id='word_1_389' title='bbox 1669 4670 1774 4708; x_wconf 86' lang='lat' dir='ltr'><strong>non</strong></span> <span class='ocrx_word' id='word_1_390' title='bbox 1818 4672 1936 4711; x_wconf 88' lang='lat' dir='ltr'><strong>esse</strong></span> 
     </span>
    </p>
   </div>
   <div class='ocr_carea' id='block_1_48' title="bbox 357 4742 1933 4815">
    <p class='ocr_par' dir='ltr' id='par_1_48' title="bbox 357 4742 1933 4815">
     <span class='ocr_line' id='line_1_48' title="bbox 357 4742 1933 4815; baseline 0.003 -17"><span class='ocrx_word' id='word_1_391' title='bbox 357 4745 453 4798; x_wconf 83' lang='lat' dir='ltr'><strong>Dei</strong></span> <span class='ocrx_word' id='word_1_392' title='bbox 479 4753 665 4798; x_wconf 89' lang='lat' dir='ltr'><strong>natura</strong></span> <span class='ocrx_word' id='word_1_393' title='bbox 693 4752 849 4813; x_wconf 90' lang='lat' dir='ltr'><strong>atque</strong></span> <span class='ocrx_word' id='word_1_394' title='bbox 871 4742 1162 4799; x_wconf 85' lang='lat' dir='ltr'><strong>substantia</strong></span> <span class='ocrx_word' id='word_1_395' title='bbox 1183 4786 1196 4808; x_wconf 98' lang='lat'><strong>,</strong></span> <span class='ocrx_word' id='word_1_396' title='bbox 1229 4744 1319 4798; x_wconf 92' lang='lat' dir='ltr'><strong>sed</strong></span> <span class='ocrx_word' id='word_1_397' title='bbox 1351 4746 1449 4799; x_wconf 92' lang='lat' dir='ltr'><strong>hoc</strong></span> <span class='ocrx_word' id='word_1_398' title='bbox 1478 4746 1645 4815; x_wconf 77' lang='lat' dir='ltr'><strong>ipsum</strong></span> <span class='ocrx_word' id='word_1_399' title='bbox 1673 4763 1792 4803; x_wconf 90' lang='lat' dir='ltr'><strong>esse</strong></span> <span class='ocrx_word' id='word_1_400' title='bbox 1821 4748 1933 4802; x_wconf 86' lang='lat' dir='ltr'><strong>suf-</strong></span> 
     </span>
    </p>
   </div>
   <div class='ocr_carea' id='block_1_49' title="bbox 355 4834 1933 4907">
    <p class='ocr_par' dir='ltr' id='par_1_49' title="bbox 355 4834 1933 4907">
     <span class='ocr_line' id='line_1_49' title="bbox 355 4834 1933 4907; baseline 0.001 -16"><span class='ocrx_word' id='word_1_401' title='bbox 355 4837 506 4900; x_wconf 88' lang='lat' dir='ltr'><strong>ﬂare,</strong></span> <span class='ocrx_word' id='word_1_402' title='bbox 540 4836 678 4906; x_wconf 90' lang='lat' dir='ltr'><strong>quod</strong></span> <span class='ocrx_word' id='word_1_403' title='bbox 708 4844 793 4890; x_wconf 91' lang='lat' dir='ltr'><strong>est</strong></span> <span class='ocrx_word' id='word_1_404' title='bbox 821 4835 1000 4889; x_wconf 88' lang='lat' dir='ltr'><strong>ﬂatum</strong></span> <span class='ocrx_word' id='word_1_405' title='bbox 1034 4834 1204 4890; x_wconf 88' lang='lat' dir='ltr'><strong>facere</strong></span> <span class='ocrx_word' id='word_1_406' title='bbox 1228 4852 1242 4900; x_wconf 85' lang='lat'><strong>;</strong></span> <span class='ocrx_word' id='word_1_407' title='bbox 1270 4836 1408 4907; x_wconf 91' lang='lat' dir='ltr'><strong>quod</strong></span> <span class='ocrx_word' id='word_1_408' title='bbox 1435 4847 1610 4892; x_wconf 83' lang='lat' dir='ltr'><strong>autem</strong></span> <span class='ocrx_word' id='word_1_409' title='bbox 1640 4838 1818 4895; x_wconf 90' lang='lat' dir='ltr'><strong>ﬂatum</strong></span> <span class='ocrx_word' id='word_1_410' title='bbox 1860 4842 1933 4896; x_wconf 82' lang='lat' dir='ltr'><strong>fa-</strong></span> 
     </span>
    </p>
   </div>
   <div class='ocr_carea' id='block_1_50' title="bbox 354 4925 1931 5003">
    <p class='ocr_par' dir='ltr' id='par_1_50' title="bbox 354 4925 1931 5003">
     <span class='ocr_line' id='line_1_50' title="bbox 354 4925 1931 5003; baseline 0.004 -21"><span class='ocrx_word' id='word_1_411' title='bbox 354 4944 499 4984; x_wconf 78' lang='lat' dir='ltr'><strong>cere.</strong></span> <span class='ocrx_word' id='word_1_412' title='bbox 532 4929 633 4983; x_wconf 93' lang='lat' dir='ltr'><strong>hoc</strong></span> <span class='ocrx_word' id='word_1_413' title='bbox 658 4929 888 4983; x_wconf 88' lang='lat' dir='ltr'><strong>animam</strong></span> <span class='ocrx_word' id='word_1_414' title='bbox 908 4926 1101 4981; x_wconf 87' lang='lat' dir='ltr'><strong>facere.</strong></span> <span class='ocrx_word' id='word_1_415' title='bbox 1122 4925 1216 4981; x_wconf 87' lang='lat' dir='ltr'><strong>Cui</strong></span> <span class='ocrx_word' id='word_1_416' title='bbox 1239 4929 1513 4983; x_wconf 71' lang='lat' dir='ltr'><strong>sententia:</strong></span> <span class='ocrx_word' id='word_1_417' title='bbox 1534 4932 1774 5002; x_wconf 81' lang='lat' dir='ltr'><strong>congruit</strong></span> <span class='ocrx_word' id='word_1_418' title='bbox 1794 4935 1931 5003; x_wconf 83' lang='lat' dir='ltr'><strong>qunti</strong></span> 
     </span>
    </p>
   </div>
   <div class='ocr_carea' id='block_1_51' title="bbox 352 5016 1934 5092">
    <p class='ocr_par' dir='ltr' id='par_1_51' title="bbox 352 5016 1934 5092">
     <span class='ocr_line' id='line_1_51' title="bbox 352 5016 1934 5092; baseline 0.004 -20"><span class='ocrx_word' id='word_1_419' title='bbox 352 5036 450 5088; x_wconf 81' lang='lat' dir='ltr'><strong>per</strong></span> <span class='ocrx_word' id='word_1_420' title='bbox 478 5019 664 5073; x_wconf 87' lang='lat' dir='ltr'><strong>lsaiam</strong></span> <span class='ocrx_word' id='word_1_421' title='bbox 692 5019 818 5086; x_wconf 81' lang='lat' dir='ltr'><strong>dicit</strong></span> <span class='ocrx_word' id='word_1_422' title='bbox 842 5019 981 5072; x_wconf 86' lang='lat' dir='ltr'><strong>Deus</strong></span> <span class='ocrx_word' id='word_1_423' title='bbox 1009 5036 1021 5071; x_wconf 90' lang='lat'><strong>:</strong></span> <span class='ocrx_word' id='word_1_424' title='bbox 1051 5016 1273 5085; x_wconf 80' lang='lat' dir='ltr'><strong>Spiritus</strong></span> <span class='ocrx_word' id='word_1_425' title='bbox 1300 5022 1430 5073; x_wconf 84' lang='lat' dir='ltr'><strong>enim</strong></span> <span class='ocrx_word' id='word_1_426' title='bbox 1454 5037 1483 5072; x_wconf 90' lang='lat' dir='ltr'><strong>a</strong></span> <span class='ocrx_word' id='word_1_427' title='bbox 1512 5038 1591 5075; x_wconf 89' lang='lat' dir='ltr'><strong>me</strong></span> <span class='ocrx_word' id='word_1_428' title='bbox 1612 5024 1858 5092; x_wconf 82' lang='lat' dir='ltr'><strong>procedet,</strong></span> <span class='ocrx_word' id='word_1_429' title='bbox 1888 5035 1934 5080; x_wconf 85' lang='lat' dir='ltr'><strong>et</strong></span> 
     </span>
    </p>
   </div>
   <div class='ocr_carea' id='block_1_52' title="bbox 352 5108 1929 5181">
    <p class='ocr_par' dir='ltr' id='par_1_52' title="bbox 352 5108 1929 5181">
     <span class='ocr_line' id='line_1_52' title="bbox 352 5108 1929 5181; baseline 0.008 -23"><span class='ocrx_word' id='word_1_430' title='bbox 352 5112 533 5180; x_wconf 78' lang='lat' dir='ltr'><strong>flatum</strong></span> <span class='ocrx_word' id='word_1_431' title='bbox 582 5122 781 5163; x_wconf 84' lang='lat' dir='ltr'><strong>onmem</strong></span> <span class='ocrx_word' id='word_1_432' title='bbox 822 5126 911 5179; x_wconf 89' lang='lat' dir='ltr'><strong>ego</strong></span> <span class='ocrx_word' id='word_1_433' title='bbox 939 5109 1054 5179; x_wconf 80' lang='lat' dir='ltr'><strong>feci.</strong></span> <span class='ocrx_word' id='word_1_434' title='bbox 1095 5108 1224 5163; x_wconf 88' lang='lat' dir='ltr'><strong>Nam</strong></span> <span class='ocrx_word' id='word_1_435' title='bbox 1275 5126 1379 5164; x_wconf 88' lang='lat' dir='ltr'><strong>non</strong></span> <span class='ocrx_word' id='word_1_436' title='bbox 1424 5113 1710 5181; x_wconf 89' lang='lat' dir='ltr'><strong>quemlibet</strong></span> <span class='ocrx_word' id='word_1_437' title='bbox 1749 5114 1929 5172; x_wconf 83' lang='lat' dir='ltr'><strong>ﬂatum</strong></span> 
     </span>
    </p>
   </div>
   <div class='ocr_carea' id='block_1_53' title="bbox 348 5203 1928 5273">
    <p class='ocr_par' dir='ltr' id='par_1_53' title="bbox 348 5203 1928 5273">
     <span class='ocr_line' id='line_1_53' title="bbox 348 5203 1928 5273; baseline 0.005 -16"><span class='ocrx_word' id='word_1_438' title='bbox 348 5218 668 5273; x_wconf 87' lang='lat' dir='ltr'><strong>corporeum</strong></span> <span class='ocrx_word' id='word_1_439' title='bbox 695 5217 817 5257; x_wconf 88' lang='lat' dir='ltr'><strong>eum</strong></span> <span class='ocrx_word' id='word_1_440' title='bbox 848 5203 1044 5268; x_wconf 89' lang='lat' dir='ltr'><strong>dicere,</strong></span> <span class='ocrx_word' id='word_1_441' title='bbox 1077 5203 1353 5271; x_wconf 86' lang='lat' dir='ltr'><strong>sequentia</strong></span> <span class='ocrx_word' id='word_1_442' title='bbox 1393 5203 1602 5260; x_wconf 86' lang='lat' dir='ltr'><strong>docent.</strong></span> <span class='ocrx_word' id='word_1_443' title='bbox 1630 5206 1761 5262; x_wconf 90' lang='lat' dir='ltr'><strong>Cum</strong></span> <span class='ocrx_word' id='word_1_444' title='bbox 1788 5211 1928 5265; x_wconf 87' lang='lat' dir='ltr'><strong>enim</strong></span> 
     </span>
    </p>
   </div>
   <div class='ocr_carea' id='block_1_54' title="bbox 348 5291 1926 5370">
    <p class='ocr_par' dir='ltr' id='par_1_54' title="bbox 348 5291 1926 5370">
     <span class='ocr_line' id='line_1_54' title="bbox 348 5291 1926 5370; baseline 0.006 -25"><span class='ocrx_word' id='word_1_445' title='bbox 348 5294 593 5359; x_wconf 79' lang='lat' dir='ltr'><strong>dixisset,</strong></span> <span class='ocrx_word' id='word_1_446' title='bbox 625 5291 835 5347; x_wconf 87' lang='lat' dir='ltr'><strong>Omnem</strong></span> <span class='ocrx_word' id='word_1_447' title='bbox 854 5294 1030 5364; x_wconf 81' lang='lat' dir='ltr'><strong>ﬂatum</strong></span> <span class='ocrx_word' id='word_1_448' title='bbox 1057 5310 1145 5363; x_wconf 80' lang='lat' dir='ltr'><strong>ego</strong></span> <span class='ocrx_word' id='word_1_449' title='bbox 1166 5294 1297 5364; x_wconf 77' lang='lat' dir='ltr'><strong>feci;</strong></span> <span class='ocrx_word' id='word_1_450' title='bbox 1323 5293 1390 5347; x_wconf 84' lang='lat' dir='ltr'><strong>Et</strong></span> <span class='ocrx_word' id='word_1_451' title='bbox 1419 5306 1622 5367; x_wconf 83' lang='lat' dir='ltr'><strong>prapter</strong></span> <span class='ocrx_word' id='word_1_452' title='bbox 1649 5311 1926 5370; x_wconf 87' lang='lat' dir='ltr'><strong>peccatum,</strong></span> 
     </span>
    </p>
   </div>
   <div class='ocr_carea' id='block_1_55' title="bbox 349 5383 1929 5458">
    <p class='ocr_par' dir='ltr' id='par_1_55' title="bbox 349 5383 1929 5458">
     <span class='ocr_line' id='line_1_55' title="bbox 349 5383 1929 5458; baseline 0.006 -20"><span class='ocrx_word' id='word_1_453' title='bbox 349 5384 540 5452; x_wconf 87' lang='lat' dir='ltr'><strong>inquit,</strong></span> <span class='ocrx_word' id='word_1_454' title='bbox 574 5384 812 5456; x_wconf 80' lang='lat' dir='ltr'><strong>pusillum</strong></span> <span class='ocrx_word' id='word_1_455' title='bbox 834 5383 955 5454; x_wconf 81' lang='lat' dir='ltr'><strong>quid</strong></span> <span class='ocrx_word' id='word_1_456' title='bbox 990 5385 1275 5437; x_wconf 79' lang='lat' dir='ltr'><strong>contristavi</strong></span> <span class='ocrx_word' id='word_1_457' title='bbox 1299 5402 1430 5451; x_wconf 87' lang='lat' dir='ltr'><strong>eum,</strong></span> <span class='ocrx_word' id='word_1_458' title='bbox 1472 5398 1522 5441; x_wconf 86' lang='lat' dir='ltr'><strong>et</strong></span> <span class='ocrx_word' id='word_1_459' title='bbox 1558 5393 1780 5458; x_wconf 74' lang='lat' dir='ltr'><strong>percussi</strong></span> <span class='ocrx_word' id='word_1_460' title='bbox 1818 5409 1929 5448; x_wconf 89' lang='lat' dir='ltr'><strong>eum</strong></span> 
     </span>
    </p>
   </div>
   <div class='ocr_carea' id='block_1_56' title="bbox 350 5475 1923 5551">
    <p class='ocr_par' dir='ltr' id='par_1_56' title="bbox 350 5475 1923 5551">
     <span class='ocr_line' id='line_1_56' title="bbox 350 5475 1923 5551; baseline 0.008 -23"><span class='ocrx_word' id='word_1_461' title='bbox 350 5475 507 5543; x_wconf 63' lang='grc' dir='ltr'><strong>(ικαὶ.</strong></span> <span class='ocrx_word' id='word_1_462' title='bbox 542 5491 674 5542; x_wconf 80' lang='lat' dir='ltr'><strong>Lvn,</strong></span> <span class='ocrx_word' id='word_1_463' title='bbox 702 5475 788 5540; x_wconf 81' lang='lat' dir='ltr'><strong>i6,</strong></span> <span class='ocrx_word' id='word_1_464' title='bbox 820 5476 906 5541; x_wconf 80' lang='grc'><strong>17,</strong></span> <span class='ocrx_word' id='word_1_465' title='bbox 933 5493 1028 5529; x_wconf 86' lang='lat' dir='ltr'><strong>sec.</strong></span> <span class='ocrx_word' id='word_1_466' title='bbox 1053 5475 1235 5544; x_wconf 80' lang='lat' dir='ltr'><strong>LXX).</strong></span> <span class='ocrx_word' id='word_1_467' title='bbox 1267 5477 1399 5543; x_wconf 90' lang='lat' dir='ltr'><strong>Quid</strong></span> <span class='ocrx_word' id='word_1_468' title='bbox 1423 5495 1548 5550; x_wconf 86' lang='lat' dir='ltr'><strong>ergo</strong></span> <span class='ocrx_word' id='word_1_469' title='bbox 1568 5482 1695 5537; x_wconf 90' lang='lat' dir='ltr'><strong>dicit</strong></span> <span class='ocrx_word' id='word_1_470' title='bbox 1714 5484 1889 5540; x_wconf 90' lang='lat' dir='ltr'><strong>ﬂatum</strong></span> <span class='ocrx_word' id='word_1_471' title='bbox 1911 5530 1923 5551; x_wconf 96' lang='lat'><strong>,</strong></span> 
     </span>
    </p>
   </div>
   <div class='ocr_carea' id='block_1_57' title="bbox 351 5567 1924 5642">
    <p class='ocr_par' dir='ltr' id='par_1_57' title="bbox 351 5567 1924 5642">
     <span class='ocr_line' id='line_1_57' title="bbox 351 5567 1924 5642; baseline 0.008 -20"><span class='ocrx_word' id='word_1_472' title='bbox 351 5567 457 5622; x_wconf 90' lang='lat' dir='ltr'><strong>nisi</strong></span> <span class='ocrx_word' id='word_1_473' title='bbox 476 5568 732 5634; x_wconf 89' lang='lat' dir='ltr'><strong>animam,</strong></span> <span class='ocrx_word' id='word_1_474' title='bbox 756 5582 873 5638; x_wconf 71' lang='lat' dir='ltr'><strong>qua:</strong></span> <span class='ocrx_word' id='word_1_475' title='bbox 902 5578 1114 5638; x_wconf 89' lang='lat' dir='ltr'><strong>propter</strong></span> <span class='ocrx_word' id='word_1_476' title='bbox 1146 5581 1417 5639; x_wconf 88' lang='lat' dir='ltr'><strong>peccatum</strong></span> <span class='ocrx_word' id='word_1_477' title='bbox 1446 5588 1693 5642; x_wconf 92' lang='lat' dir='ltr'><strong>percussa</strong></span> <span class='ocrx_word' id='word_1_478' title='bbox 1720 5588 1771 5631; x_wconf 85' lang='lat' dir='ltr'><strong>et</strong></span> <span class='ocrx_word' id='word_1_479' title='bbox 1796 5595 1924 5634; x_wconf 87' lang='lat' dir='ltr'><strong>con-</strong></span> 
     </span>
    </p>
   </div>
   <div class='ocr_carea' id='block_1_58' title="bbox 352 5657 1921 5744">
    <p class='ocr_par' dir='ltr' id='par_1_58' title="bbox 352 5657 1921 5744">
     <span class='ocr_line' id='line_1_58' title="bbox 352 5657 1921 5744; baseline 0.01 -34"><span class='ocrx_word' id='word_1_480' title='bbox 352 5659 559 5711; x_wconf 82' lang='lat' dir='ltr'><strong>tristata</strong></span> <span class='ocrx_word' id='word_1_481' title='bbox 587 5657 708 5712; x_wconf 80' lang='lat' dir='ltr'><strong>est?</strong></span> <span class='ocrx_word' id='word_1_482' title='bbox 736 5657 871 5726; x_wconf 91' lang='lat' dir='ltr'><strong>Quid</strong></span> <span class='ocrx_word' id='word_1_483' title='bbox 903 5659 1060 5729; x_wconf 82' lang='lat' dir='ltr'><strong>igitur</strong></span> <span class='ocrx_word' id='word_1_484' title='bbox 1085 5667 1184 5725; x_wconf 93' lang='lat' dir='ltr'><strong>est,</strong></span> <span class='ocrx_word' id='word_1_485' title='bbox 1230 5660 1438 5717; x_wconf 86' lang='lat' dir='ltr'><strong>Omnem</strong></span> <span class='ocrx_word' id='word_1_486' title='bbox 1477 5665 1655 5735; x_wconf 81' lang='lat' dir='ltr'><strong>ﬂatum</strong></span> <span class='ocrx_word' id='word_1_487' title='bbox 1684 5685 1772 5741; x_wconf 87' lang='lat' dir='ltr'><strong>ego</strong></span> <span class='ocrx_word' id='word_1_488' title='bbox 1807 5673 1921 5744; x_wconf 67' lang='lat' dir='ltr'><strong>feci,</strong></span> 
     </span>
    </p>
   </div>
   <div class='ocr_carea' id='block_1_59' title="bbox 348 5748 1831 5821">
    <p class='ocr_par' dir='ltr' id='par_1_59' title="bbox 348 5748 1831 5821">
     <span class='ocr_line' id='line_1_59' title="bbox 348 5748 1831 5821; baseline 0.004 -19"><span class='ocrx_word' id='word_1_489' title='bbox 348 5748 473 5816; x_wconf 88' lang='lat' dir='ltr'><strong>nisi,</strong></span> <span class='ocrx_word' id='word_1_490' title='bbox 500 5748 724 5805; x_wconf 83' lang='lat' dir='ltr'><strong>Omnem</strong></span> <span class='ocrx_word' id='word_1_491' title='bbox 752 5750 980 5805; x_wconf 88' lang='lat' dir='ltr'><strong>animam</strong></span> <span class='ocrx_word' id='word_1_492' title='bbox 1010 5764 1107 5821; x_wconf 78' lang='lat' dir='ltr'><strong>ego</strong></span> <span class='ocrx_word' id='word_1_493' title='bbox 1134 5749 1229 5805; x_wconf 80' lang='lat' dir='ltr'><strong>feci</strong></span> <span class='ocrx_word' id='word_1_494' title='bbox 1252 5751 1275 5806; x_wconf 70' lang='grc' dir='ltr'><em>ἲ</em></span> <span class='ocrx_word' id='word_1_495' title='bbox 1826 5770 1831 5773; x_wconf 91' lang='grc'><strong>·</strong></span> 
     </span>
    </p>
   </div>
   <div class='ocr_carea' id='block_1_60' title="bbox 1703 308 2313 385">
    <p class='ocr_par' dir='ltr' id='par_1_60' title="bbox 1703 308 2313 385">
     <span class='ocr_line' id='line_1_60' title="bbox 1703 308 2313 385; baseline 0 -4"><span class='ocrx_word' id='word_1_496' title='bbox 1703 308 1921 381; x_wconf 74' lang='lat' dir='ltr'><strong>um</strong></span> <span class='ocrx_word' id='word_1_497' title='bbox 1963 320 2313 385; x_wconf 71' lang='lat' dir='ltr'><strong>SEPTIMUS.</strong></span> 
     </span>
    </p>
   </div>
   <div class='ocr_carea' id='block_1_61' title="bbox 3544 341 3655 400">
    <p class='ocr_par' dir='ltr' id='par_1_61' title="bbox 3544 341 3655 400">
     <span class='ocr_line' id='line_1_61' title="bbox 3544 341 3655 400; baseline -0.009 0"><span class='ocrx_word' id='word_1_498' title='bbox 3544 341 3655 400; x_wconf 70' lang='lat'><strong>5528</strong></span> 
     </span>
    </p>
   </div>
   <div class='ocr_carea' id='block_1_62' title="bbox 2071 442 3651 531">
    <p class='ocr_par' dir='ltr' id='par_1_62' title="bbox 2071 442 3651 531">
     <span class='ocr_line' id='line_1_62' title="bbox 2071 442 3651 531; baseline 0.011 -32"><span class='ocrx_word' id='word_1_499' title='bbox 2071 442 2297 502; x_wconf 87' lang='lat' dir='ltr'><strong>CAPUT</strong></span> <span class='ocrx_word' id='word_1_500' title='bbox 2321 444 2500 501; x_wconf 79' lang='lat' dir='ltr'><strong>W.—</strong></span> <span class='ocrx_word' id='word_1_501' title='bbox 2535 446 2699 503; x_wconf 79' lang='lat' dir='ltr'><strong>Deum</strong></span> <span class='ocrx_word' id='word_1_502' title='bbox 2744 450 2988 522; x_wconf 66' lang='lat' dir='ltr'><strong>sumendo</strong></span> <span class='ocrx_word' id='word_1_503' title='bbox 3033 469 3132 508; x_wconf 85' lang='lat' dir='ltr'><strong>non</strong></span> <span class='ocrx_word' id='word_1_504' title='bbox 3164 442 3358 527; x_wconf 73' lang='lat' dir='ltr'><strong>fecisse</strong></span> <span class='ocrx_word' id='word_1_505' title='bbox 3387 459 3452 514; x_wconf 83' lang='lat' dir='ltr'><strong>de</strong></span> <span class='ocrx_word' id='word_1_506' title='bbox 3486 462 3651 531; x_wconf 75' lang='lat' dir='ltr'><strong>aeipso</strong></span> 
     </span>
    </p>
   </div>
   <div class='ocr_carea' id='block_1_63' title="bbox 2483 542 3237 609">
    <p class='ocr_par' dir='ltr' id='par_1_63' title="bbox 2483 542 3237 609">
     <span class='ocr_line' id='line_1_63' title="bbox 2483 542 3237 609; baseline 0.009 -16"><span class='ocrx_word' id='word_1_507' title='bbox 2483 542 2704 595; x_wconf 81' lang='lat' dir='ltr'><strong>animum</strong></span> <span class='ocrx_word' id='word_1_508' title='bbox 2722 584 2737 609; x_wconf 93' lang='lat'><strong>,</strong></span> <span class='ocrx_word' id='word_1_509' title='bbox 2768 558 2857 596; x_wconf 85' lang='lat' dir='ltr'><strong>nec</strong></span> <span class='ocrx_word' id='word_1_510' title='bbox 2881 543 2943 599; x_wconf 85' lang='lat' dir='ltr'><strong>de</strong></span> <span class='ocrx_word' id='word_1_511' title='bbox 2962 544 3237 601; x_wconf 79' lang='lat' dir='ltr'><strong>elementis.</strong></span> 
     </span>
    </p>
   </div>
   <div class='ocr_carea' id='block_1_64' title="bbox 2140 657 3650 737">
    <p class='ocr_par' dir='ltr' id='par_1_64' title="bbox 2140 657 3650 737">
     <span class='ocr_line' id='line_1_64' title="bbox 2140 657 3650 737; baseline 0.007 -22"><span class='ocrx_word' id='word_1_512' title='bbox 2140 657 2194 715; x_wconf 88' lang='lat'><strong>6.</strong></span> <span class='ocrx_word' id='word_1_513' title='bbox 2230 658 2286 715; x_wconf 88' lang='lat' dir='ltr'><strong>Si</strong></span> <span class='ocrx_word' id='word_1_514' title='bbox 2315 675 2442 732; x_wconf 79' lang='lat' dir='ltr'><strong>ergo</strong></span> <span class='ocrx_word' id='word_1_515' title='bbox 2459 661 2625 716; x_wconf 89' lang='lat' dir='ltr'><strong>Deum</strong></span> <span class='ocrx_word' id='word_1_516' title='bbox 2651 660 2947 719; x_wconf 89' lang='lat' dir='ltr'><strong>diceremus</strong></span> <span class='ocrx_word' id='word_1_517' title='bbox 2967 673 3213 736; x_wconf 89' lang='lat' dir='ltr'><strong>tanquam</strong></span> <span class='ocrx_word' id='word_1_518' title='bbox 3234 668 3475 737; x_wconf 87' lang='lat' dir='ltr'><strong>corporei</strong></span> <span class='ocrx_word' id='word_1_519' title='bbox 3496 685 3650 726; x_wconf 87' lang='lat' dir='ltr'><strong>mun-</strong></span> 
     </span>
    </p>
   </div>
   <div class='ocr_carea' id='block_1_65' title="bbox 2068 746 3648 831">
    <p class='ocr_par' dir='ltr' id='par_1_65' title="bbox 2068 746 3648 831">
     <span class='ocr_line' id='line_1_65' title="bbox 2068 746 3648 831; baseline 0.009 -29"><span class='ocrx_word' id='word_1_520' title='bbox 2068 746 2123 803; x_wconf 90' lang='lat' dir='ltr'><strong>di</strong></span> <span class='ocrx_word' id='word_1_521' title='bbox 2174 748 2331 819; x_wconf 89' lang='lat' dir='ltr'><strong>hujus</strong></span> <span class='ocrx_word' id='word_1_522' title='bbox 2372 752 2624 819; x_wconf 87' lang='lat' dir='ltr'><strong>animam,</strong></span> <span class='ocrx_word' id='word_1_523' title='bbox 2656 754 2738 808; x_wconf 91' lang='lat' dir='ltr'><strong>cui</strong></span> <span class='ocrx_word' id='word_1_524' title='bbox 2786 754 3014 809; x_wconf 88' lang='lat' dir='ltr'><strong>mundus</strong></span> <span class='ocrx_word' id='word_1_525' title='bbox 3056 756 3168 825; x_wconf 89' lang='lat' dir='ltr'><strong>ipse</strong></span> <span class='ocrx_word' id='word_1_526' title='bbox 3211 766 3353 813; x_wconf 86' lang='lat' dir='ltr'><strong>esset</strong></span> <span class='ocrx_word' id='word_1_527' title='bbox 3399 768 3648 831; x_wconf 87' lang='lat' dir='ltr'><strong>tanquam</strong></span> 
     </span>
    </p>
   </div>
   <div class='ocr_carea' id='block_1_66' title="bbox 2068 844 3651 912">
    <p class='ocr_par' dir='ltr' id='par_1_66' title="bbox 2068 844 3651 912">
     <span class='ocr_line' id='line_1_66' title="bbox 2068 844 3651 912; baseline 0.009 -17"><span class='ocrx_word' id='word_1_528' title='bbox 2068 855 2263 910; x_wconf 91' lang='lat' dir='ltr'><strong>corpus</strong></span> <span class='ocrx_word' id='word_1_529' title='bbox 2309 844 2464 899; x_wconf 92' lang='lat' dir='ltr'><strong>unius</strong></span> <span class='ocrx_word' id='word_1_530' title='bbox 2504 845 2821 912; x_wconf 91' lang='lat' dir='ltr'><strong>animantis,</strong></span> <span class='ocrx_word' id='word_1_531' title='bbox 2853 857 2999 903; x_wconf 89' lang='lat' dir='ltr'><strong>recte</strong></span> <span class='ocrx_word' id='word_1_532' title='bbox 3043 863 3146 903; x_wconf 90' lang='lat' dir='ltr'><strong>non</strong></span> <span class='ocrx_word' id='word_1_533' title='bbox 3191 864 3312 904; x_wconf 91' lang='lat' dir='ltr'><strong>eum</strong></span> <span class='ocrx_word' id='word_1_534' title='bbox 3351 850 3651 911; x_wconf 83' lang='lat' dir='ltr'><strong>diceremus</strong></span> 
     </span>
    </p>
   </div>
   <div class='ocr_carea' id='block_1_67' title="bbox 2066 932 3649 1012">
    <p class='ocr_par' dir='ltr' id='par_1_67' title="bbox 2066 932 3649 1012">
     <span class='ocr_line' id='line_1_67' title="bbox 2066 932 3649 1012; baseline 0.008 -26"><span class='ocrx_word' id='word_1_535' title='bbox 2066 932 2329 988; x_wconf 81' lang='lat' dir='ltr'><strong>sufﬂando</strong></span> <span class='ocrx_word' id='word_1_536' title='bbox 2354 935 2540 991; x_wconf 80' lang='lat' dir='ltr'><strong>fecisse</strong></span> <span class='ocrx_word' id='word_1_537' title='bbox 2566 938 2794 991; x_wconf 88' lang='lat' dir='ltr'><strong>animam</strong></span> <span class='ocrx_word' id='word_1_538' title='bbox 2824 937 3074 1004; x_wconf 91' lang='lat' dir='ltr'><strong>hominis,</strong></span> <span class='ocrx_word' id='word_1_539' title='bbox 3106 935 3207 993; x_wconf 81' lang='lat' dir='ltr'><strong>nisi</strong></span> <span class='ocrx_word' id='word_1_540' title='bbox 3227 955 3556 1012; x_wconf 86' lang='lat' dir='ltr'><strong>corpoream,</strong></span> <span class='ocrx_word' id='word_1_541' title='bbox 3580 944 3649 1001; x_wconf 88' lang='lat' dir='ltr'><strong>de</strong></span> 
     </span>
    </p>
   </div>
   <div class='ocr_carea' id='block_1_68' title="bbox 2067 1022 3646 1098">
    <p class='ocr_par' dir='ltr' id='par_1_68' title="bbox 2067 1022 3646 1098">
     <span class='ocr_line' id='line_1_68' title="bbox 2067 1022 3646 1098; baseline 0.009 -22"><span class='ocrx_word' id='word_1_542' title='bbox 2067 1022 2169 1077; x_wconf 92' lang='lat' dir='ltr'><strong>isto</strong></span> <span class='ocrx_word' id='word_1_543' title='bbox 2193 1038 2315 1079; x_wconf 87' lang='lat' dir='ltr'><strong>acre</strong></span> <span class='ocrx_word' id='word_1_544' title='bbox 2344 1024 2648 1095; x_wconf 85' lang='lat' dir='ltr'><strong>suhjacente</strong></span> <span class='ocrx_word' id='word_1_545' title='bbox 2677 1028 2776 1083; x_wconf 90' lang='lat' dir='ltr'><strong>sibi</strong></span> <span class='ocrx_word' id='word_1_546' title='bbox 2806 1043 2872 1083; x_wconf 77' lang='lat' dir='ltr'><strong>ex</strong></span> <span class='ocrx_word' id='word_1_547' title='bbox 2901 1043 3123 1098; x_wconf 92' lang='lat' dir='ltr'><strong>corpore</strong></span> <span class='ocrx_word' id='word_1_548' title='bbox 3153 1046 3249 1085; x_wconf 92' lang='lat' dir='ltr'><strong>suo</strong></span> <span class='ocrx_word' id='word_1_549' title='bbox 3276 1050 3289 1084; x_wconf 92' lang='lat'><strong>:</strong></span> <span class='ocrx_word' id='word_1_550' title='bbox 3327 1046 3431 1087; x_wconf 90' lang='lat' dir='ltr'><strong>non</strong></span> <span class='ocrx_word' id='word_1_551' title='bbox 3468 1043 3646 1091; x_wconf 88' lang='lat' dir='ltr'><strong>tamen</strong></span> 
     </span>
    </p>
   </div>
   <div class='ocr_carea' id='block_1_69' title="bbox 2066 1113 3647 1194">
    <p class='ocr_par' dir='ltr' id='par_1_69' title="bbox 2066 1113 3647 1194">
     <span class='ocr_line' id='line_1_69' title="bbox 2066 1113 3647 1194; baseline 0.01 -29"><span class='ocrx_word' id='word_1_552' title='bbox 2066 1113 2206 1182; x_wconf 91' lang='lat' dir='ltr'><strong>quod</strong></span> <span class='ocrx_word' id='word_1_553' title='bbox 2229 1115 2439 1169; x_wconf 89' lang='lat' dir='ltr'><strong>fecisset</strong></span> <span class='ocrx_word' id='word_1_554' title='bbox 2463 1116 2798 1188; x_wconf 87' lang='lat' dir='ltr'><strong>dedissetque</strong></span> <span class='ocrx_word' id='word_1_555' title='bbox 2828 1118 3108 1187; x_wconf 85' lang='lat' dir='ltr'><strong>sufﬂando,</strong></span> <span class='ocrx_word' id='word_1_556' title='bbox 3140 1120 3207 1177; x_wconf 90' lang='lat' dir='ltr'><strong>de</strong></span> <span class='ocrx_word' id='word_1_557' title='bbox 3230 1121 3405 1194; x_wconf 81' lang='lat' dir='ltr'><strong>scipso</strong></span> <span class='ocrx_word' id='word_1_558' title='bbox 3435 1124 3647 1180; x_wconf 83' lang='lat' dir='ltr'><strong>dedisse</strong></span> 
     </span>
    </p>
   </div>
   <div class='ocr_carea' id='block_1_70' title="bbox 2064 1204 3645 1282">
    <p class='ocr_par' dir='ltr' id='par_1_70' title="bbox 2064 1204 3645 1282">
     <span class='ocr_line' id='line_1_70' title="bbox 2064 1204 3645 1282; baseline 0.01 -28"><span class='ocrx_word' id='word_1_559' title='bbox 2064 1212 2251 1271; x_wconf 90' lang='lat' dir='ltr'><strong>putare</strong></span> <span class='ocrx_word' id='word_1_560' title='bbox 2278 1204 2595 1261; x_wconf 81' lang='lat' dir='ltr'><strong>deberemus</strong></span> <span class='ocrx_word' id='word_1_561' title='bbox 2613 1250 2627 1272; x_wconf 91' lang='lat'><strong>,</strong></span> <span class='ocrx_word' id='word_1_562' title='bbox 2661 1210 2751 1263; x_wconf 89' lang='lat' dir='ltr'><strong>sed</strong></span> <span class='ocrx_word' id='word_1_563' title='bbox 2779 1211 2848 1263; x_wconf 89' lang='lat' dir='ltr'><strong>ita</strong></span> <span class='ocrx_word' id='word_1_564' title='bbox 2886 1210 2954 1265; x_wconf 92' lang='lat' dir='ltr'><strong>de</strong></span> <span class='ocrx_word' id='word_1_565' title='bbox 2982 1211 3079 1265; x_wconf 91' lang='lat' dir='ltr'><strong>sibi</strong></span> <span class='ocrx_word' id='word_1_566' title='bbox 3110 1210 3349 1282; x_wconf 84' lang='lat' dir='ltr'><strong>subjecto</strong></span> <span class='ocrx_word' id='word_1_567' title='bbox 3373 1230 3495 1269; x_wconf 88' lang='lat' dir='ltr'><strong>aere</strong></span> <span class='ocrx_word' id='word_1_568' title='bbox 3522 1230 3645 1270; x_wconf 86' lang='lat' dir='ltr'><strong>cor-</strong></span> 
     </span>
    </p>
   </div>
   <div class='ocr_carea' id='block_1_71' title="bbox 2064 1294 3638 1375">
    <p class='ocr_par' dir='ltr' id='par_1_71' title="bbox 2064 1294 3638 1375">
     <span class='ocr_line' id='line_1_71' title="bbox 2064 1294 3638 1375; baseline 0.01 -29"><span class='ocrx_word' id='word_1_569' title='bbox 2064 1294 2207 1363; x_wconf 89' lang='lat' dir='ltr'><strong>poris</strong></span> <span class='ocrx_word' id='word_1_570' title='bbox 2231 1297 2332 1361; x_wconf 91' lang='lat' dir='ltr'><strong>sui,</strong></span> <span class='ocrx_word' id='word_1_571' title='bbox 2362 1297 2495 1352; x_wconf 89' lang='lat' dir='ltr'><strong>sicut</strong></span> <span class='ocrx_word' id='word_1_572' title='bbox 2514 1300 2687 1352; x_wconf 86' lang='lat' dir='ltr'><strong>anima</strong></span> <span class='ocrx_word' id='word_1_573' title='bbox 2714 1299 2781 1355; x_wconf 90' lang='lat' dir='ltr'><strong>de</strong></span> <span class='ocrx_word' id='word_1_574' title='bbox 2808 1299 3106 1370; x_wconf 85' lang='lat' dir='ltr'><strong>hujusmodi</strong></span> <span class='ocrx_word' id='word_1_575' title='bbox 3132 1318 3188 1357; x_wconf 94' lang='lat' dir='ltr'><strong>re</strong></span> <span class='ocrx_word' id='word_1_576' title='bbox 3214 1302 3463 1360; x_wconf 84' lang='lat' dir='ltr'><strong>similiter</strong></span> <span class='ocrx_word' id='word_1_577' title='bbox 3490 1306 3638 1375; x_wconf 86' lang='lat' dir='ltr'><strong>adja-</strong></span> 
     </span>
    </p>
   </div>
   <div class='ocr_carea' id='block_1_72' title="bbox 2064 1384 3641 1465">
    <p class='ocr_par' dir='ltr' id='par_1_72' title="bbox 2064 1384 3641 1465">
     <span class='ocr_line' id='line_1_72' title="bbox 2064 1384 3641 1465; baseline 0.008 -26"><span class='ocrx_word' id='word_1_578' title='bbox 2064 1392 2240 1450; x_wconf 90' lang='lat' dir='ltr'><strong>cente,</strong></span> <span class='ocrx_word' id='word_1_579' title='bbox 2267 1384 2370 1441; x_wconf 91' lang='lat' dir='ltr'><strong>hoc</strong></span> <span class='ocrx_word' id='word_1_580' title='bbox 2397 1396 2481 1443; x_wconf 89' lang='lat' dir='ltr'><strong>est</strong></span> <span class='ocrx_word' id='word_1_581' title='bbox 2506 1388 2572 1443; x_wconf 92' lang='lat' dir='ltr'><strong>de</strong></span> <span class='ocrx_word' id='word_1_582' title='bbox 2600 1405 2842 1459; x_wconf 90' lang='lat' dir='ltr'><strong>corpore,</strong></span> <span class='ocrx_word' id='word_1_583' title='bbox 2874 1407 2976 1447; x_wconf 93' lang='lat' dir='ltr'><strong>non</strong></span> <span class='ocrx_word' id='word_1_584' title='bbox 3002 1392 3068 1449; x_wconf 93' lang='lat' dir='ltr'><strong>de</strong></span> <span class='ocrx_word' id='word_1_585' title='bbox 3094 1394 3265 1465; x_wconf 90' lang='lat' dir='ltr'><strong>seipsa</strong></span> <span class='ocrx_word' id='word_1_586' title='bbox 3286 1395 3467 1450; x_wconf 89' lang='lat' dir='ltr'><strong>ﬂatum</strong></span> <span class='ocrx_word' id='word_1_587' title='bbox 3498 1397 3641 1453; x_wconf 74' lang='lat' dir='ltr'><strong>facit.</strong></span> 
     </span>
    </p>
   </div>
   <div class='ocr_carea' id='block_1_73' title="bbox 2062 1475 3643 1561">
    <p class='ocr_par' dir='ltr' id='par_1_73' title="bbox 2062 1475 3643 1561">
     <span class='ocr_line' id='line_1_73' title="bbox 2062 1475 3643 1561; baseline 0.011 -32"><span class='ocrx_word' id='word_1_588' title='bbox 2062 1475 2213 1531; x_wconf 86' lang='lat' dir='ltr'><strong>Nunc</strong></span> <span class='ocrx_word' id='word_1_589' title='bbox 2254 1494 2381 1532; x_wconf 90' lang='lat' dir='ltr'><strong>vero</strong></span> <span class='ocrx_word' id='word_1_590' title='bbox 2419 1480 2541 1550; x_wconf 89' lang='lat' dir='ltr'><strong>quia</strong></span> <span class='ocrx_word' id='word_1_591' title='bbox 2585 1498 2689 1536; x_wconf 91' lang='lat' dir='ltr'><strong>non</strong></span> <span class='ocrx_word' id='word_1_592' title='bbox 2723 1485 3082 1540; x_wconf 90' lang='lat' dir='ltr'><strong>tantummodo</strong></span> <span class='ocrx_word' id='word_1_593' title='bbox 3108 1488 3289 1543; x_wconf 91' lang='lat' dir='ltr'><strong>mundi</strong></span> <span class='ocrx_word' id='word_1_594' title='bbox 3317 1504 3509 1561; x_wconf 87' lang='lat' dir='ltr'><strong>corpus</strong></span> <span class='ocrx_word' id='word_1_595' title='bbox 3536 1489 3643 1547; x_wconf 90' lang='lat' dir='ltr'><strong>Deo</strong></span> 
     </span>
    </p>
   </div>
   <div class='ocr_carea' id='block_1_74' title="bbox 2062 1569 3642 1653">
    <p class='ocr_par' dir='ltr' id='par_1_74' title="bbox 2062 1569 3642 1653">
     <span class='ocr_line' id='line_1_74' title="bbox 2062 1569 3642 1653; baseline 0.014 -34"><span class='ocrx_word' id='word_1_596' title='bbox 2062 1581 2182 1622; x_wconf 84' lang='lat' dir='ltr'><strong>esse</strong></span> <span class='ocrx_word' id='word_1_597' title='bbox 2208 1569 2476 1631; x_wconf 88' lang='lat' dir='ltr'><strong>subditum</strong></span> <span class='ocrx_word' id='word_1_598' title='bbox 2503 1572 2728 1629; x_wconf 86' lang='lat' dir='ltr'><strong>dicimus</strong></span> <span class='ocrx_word' id='word_1_599' title='bbox 2748 1617 2761 1638; x_wconf 92' lang='lat'><strong>,</strong></span> <span class='ocrx_word' id='word_1_600' title='bbox 2802 1577 2895 1631; x_wconf 90' lang='lat' dir='ltr'><strong>sed</strong></span> <span class='ocrx_word' id='word_1_601' title='bbox 2926 1577 3070 1632; x_wconf 90' lang='lat' dir='ltr'><strong>illum</strong></span> <span class='ocrx_word' id='word_1_602' title='bbox 3101 1594 3221 1635; x_wconf 90' lang='lat' dir='ltr'><strong>esse</strong></span> <span class='ocrx_word' id='word_1_603' title='bbox 3246 1597 3402 1653; x_wconf 90' lang='lat' dir='ltr'><strong>supra</strong></span> <span class='ocrx_word' id='word_1_604' title='bbox 3430 1600 3642 1641; x_wconf 87' lang='lat' dir='ltr'><strong>omnem</strong></span> 
     </span>
    </p>
   </div>
   <div class='ocr_carea' id='block_1_75' title="bbox 2061 1663 3643 1741">
    <p class='ocr_par' dir='ltr' id='par_1_75' title="bbox 2061 1663 3643 1741">
     <span class='ocr_line' id='line_1_75' title="bbox 2061 1663 3643 1741; baseline 0.015 -30"><span class='ocrx_word' id='word_1_605' title='bbox 2061 1670 2358 1714; x_wconf 88' lang='lat' dir='ltr'><strong>creaturam</strong></span> <span class='ocrx_word' id='word_1_606' title='bbox 2396 1663 2508 1719; x_wconf 84' lang='lat' dir='ltr'><strong>sive</strong></span> <span class='ocrx_word' id='word_1_607' title='bbox 2540 1668 2866 1737; x_wconf 89' lang='lat' dir='ltr'><strong>corporalem</strong></span> <span class='ocrx_word' id='word_1_608' title='bbox 2910 1670 3023 1725; x_wconf 88' lang='lat' dir='ltr'><strong>sive</strong></span> <span class='ocrx_word' id='word_1_609' title='bbox 3066 1673 3424 1741; x_wconf 79' lang='lat' dir='ltr'><strong>Spiritualem:</strong></span> <span class='ocrx_word' id='word_1_610' title='bbox 3453 1694 3549 1733; x_wconf 90' lang='lat' dir='ltr'><strong>nec</strong></span> <span class='ocrx_word' id='word_1_611' title='bbox 3575 1678 3643 1734; x_wconf 85' lang='lat' dir='ltr'><strong>de</strong></span> 
     </span>
    </p>
   </div>
   <div class='ocr_carea' id='block_1_76' title="bbox 2059 1754 3642 1828">
    <p class='ocr_par' dir='ltr' id='par_1_76' title="bbox 2059 1754 3642 1828">
     <span class='ocr_line' id='line_1_76' title="bbox 2059 1754 3642 1828; baseline 0.013 -22"><span class='ocrx_word' id='word_1_612' title='bbox 2059 1754 2257 1823; x_wconf 87' lang='lat' dir='ltr'><strong>seipse,</strong></span> <span class='ocrx_word' id='word_1_613' title='bbox 2290 1771 2387 1811; x_wconf 91' lang='lat' dir='ltr'><strong>nec</strong></span> <span class='ocrx_word' id='word_1_614' title='bbox 2408 1756 2473 1812; x_wconf 91' lang='lat' dir='ltr'><strong>de</strong></span> <span class='ocrx_word' id='word_1_615' title='bbox 2497 1761 2766 1828; x_wconf 87' lang='lat' dir='ltr'><strong>corporeis</strong></span> <span class='ocrx_word' id='word_1_616' title='bbox 2791 1762 3066 1819; x_wconf 89' lang='lat' dir='ltr'><strong>elementis</strong></span> <span class='ocrx_word' id='word_1_617' title='bbox 3092 1764 3391 1823; x_wconf 88' lang='lat' dir='ltr'><strong>credendus</strong></span> <span class='ocrx_word' id='word_1_618' title='bbox 3419 1781 3497 1825; x_wconf 89' lang='lat' dir='ltr'><strong>cst</strong></span> <span class='ocrx_word' id='word_1_619' title='bbox 3526 1772 3642 1826; x_wconf 86' lang='lat' dir='ltr'><strong>ani-</strong></span> 
     </span>
    </p>
   </div>
   <div class='ocr_carea' id='block_1_77' title="bbox 2059 1844 2713 1904">
    <p class='ocr_par' dir='ltr' id='par_1_77' title="bbox 2059 1844 2713 1904">
     <span class='ocr_line' id='line_1_77' title="bbox 2059 1844 2713 1904; baseline 0.011 -7"><span class='ocrx_word' id='word_1_620' title='bbox 2059 1858 2201 1898; x_wconf 87' lang='lat' dir='ltr'><strong>mam</strong></span> <span class='ocrx_word' id='word_1_621' title='bbox 2222 1844 2411 1900; x_wconf 83' lang='lat' dir='ltr'><strong>fecisse</strong></span> <span class='ocrx_word' id='word_1_622' title='bbox 2432 1847 2713 1904; x_wconf 83' lang='lat' dir='ltr'><strong>sufﬂaudo.</strong></span> 
     </span>
    </p>
   </div>
   <div class='ocr_carea' id='block_1_78' title="bbox 2356 1979 3346 2044">
    <p class='ocr_par' dir='ltr' id='par_1_78' title="bbox 2356 1979 3346 2044">
     <span class='ocr_line' id='line_1_78' title="bbox 2356 1979 3346 2044; baseline 0.009 -9"><span class='ocrx_word' id='word_1_623' title='bbox 2356 1979 2579 2037; x_wconf 84' lang='lat' dir='ltr'><strong>CAPUT</strong></span> <span class='ocrx_word' id='word_1_624' title='bbox 2606 1980 2671 2037; x_wconf 85' lang='lat' dir='ltr'><strong>V.</strong></span> <span class='ocrx_word' id='word_1_625' title='bbox 2694 2012 2765 2023; x_wconf 90' lang='lat'><em>-</em></span> <span class='ocrx_word' id='word_1_626' title='bbox 2791 1983 2871 2038; x_wconf 83' lang='lat' dir='ltr'><strong>An</strong></span> <span class='ocrx_word' id='word_1_627' title='bbox 2895 1986 3064 2041; x_wconf 86' lang='lat' dir='ltr'><strong>anima</strong></span> <span class='ocrx_word' id='word_1_628' title='bbox 3082 2002 3147 2042; x_wconf 72' lang='lat' dir='ltr'><strong>ex</strong></span> <span class='ocrx_word' id='word_1_629' title='bbox 3168 1988 3346 2044; x_wconf 78' lang='lat' dir='ltr'><strong>nihilo.</strong></span> 
     </span>
    </p>
   </div>
   <div class='ocr_carea' id='block_1_79' title="bbox 2134 2089 3641 2169">
    <p class='ocr_par' dir='ltr' id='par_1_79' title="bbox 2134 2089 3641 2169">
     <span class='ocr_line' id='line_1_79' title="bbox 2134 2089 3641 2169; baseline 0.009 -24"><span class='ocrx_word' id='word_1_630' title='bbox 2134 2089 2185 2145; x_wconf 92' lang='lat'><strong>7.</strong></span> <span class='ocrx_word' id='word_1_631' title='bbox 2231 2090 2416 2146; x_wconf 89' lang='lat' dir='ltr'><strong>Utrum</strong></span> <span class='ocrx_word' id='word_1_632' title='bbox 2446 2101 2620 2147; x_wconf 90' lang='lat' dir='ltr'><strong>autem</strong></span> <span class='ocrx_word' id='word_1_633' title='bbox 2650 2108 2717 2149; x_wconf 83' lang='lat' dir='ltr'><strong>ex</strong></span> <span class='ocrx_word' id='word_1_634' title='bbox 2757 2110 2822 2149; x_wconf 91' lang='lat' dir='ltr'><strong>co</strong></span> <span class='ocrx_word' id='word_1_635' title='bbox 2862 2096 3002 2166; x_wconf 91' lang='lat' dir='ltr'><strong>quod</strong></span> <span class='ocrx_word' id='word_1_636' title='bbox 3038 2099 3257 2155; x_wconf 88' lang='lat' dir='ltr'><strong>omnino</strong></span> <span class='ocrx_word' id='word_1_637' title='bbox 3286 2115 3391 2156; x_wconf 92' lang='lat' dir='ltr'><strong>non</strong></span> <span class='ocrx_word' id='word_1_638' title='bbox 3421 2110 3555 2169; x_wconf 87' lang='lat' dir='ltr'><strong>erat,</strong></span> <span class='ocrx_word' id='word_1_639' title='bbox 3587 2104 3641 2159; x_wconf 90' lang='lat' dir='ltr'><strong>id</strong></span> 
     </span>
    </p>
   </div>
   <div class='ocr_carea' id='block_1_80' title="bbox 2059 2182 3637 2259">
    <p class='ocr_par' dir='ltr' id='par_1_80' title="bbox 2059 2182 3637 2259">
     <span class='ocr_line' id='line_1_80' title="bbox 2059 2182 3637 2259; baseline 0.01 -25"><span class='ocrx_word' id='word_1_640' title='bbox 2059 2189 2142 2235; x_wconf 91' lang='lat' dir='ltr'><strong>cst</strong></span> <span class='ocrx_word' id='word_1_641' title='bbox 2168 2197 2231 2235; x_wconf 83' lang='lat' dir='ltr'><strong>ex</strong></span> <span class='ocrx_word' id='word_1_642' title='bbox 2264 2182 2460 2250; x_wconf 88' lang='lat' dir='ltr'><strong>nihilo;</strong></span> <span class='ocrx_word' id='word_1_643' title='bbox 2492 2198 2558 2237; x_wconf 89' lang='lat' dir='ltr'><strong>an</strong></span> <span class='ocrx_word' id='word_1_644' title='bbox 2596 2200 2659 2239; x_wconf 85' lang='lat' dir='ltr'><strong>ex</strong></span> <span class='ocrx_word' id='word_1_645' title='bbox 2688 2185 2863 2256; x_wconf 90' lang='lat' dir='ltr'><strong>aliqua</strong></span> <span class='ocrx_word' id='word_1_646' title='bbox 2902 2202 2990 2253; x_wconf 92' lang='lat' dir='ltr'><strong>re,</strong></span> <span class='ocrx_word' id='word_1_647' title='bbox 3019 2203 3137 2258; x_wconf 64' lang='lat' dir='ltr'><strong>qua:</strong></span> <span class='ocrx_word' id='word_1_648' title='bbox 3157 2189 3267 2259; x_wconf 89' lang='lat' dir='ltr'><strong>jam</strong></span> <span class='ocrx_word' id='word_1_649' title='bbox 3296 2192 3480 2248; x_wconf 89' lang='lat' dir='ltr'><strong>abillo</strong></span> <span class='ocrx_word' id='word_1_650' title='bbox 3506 2192 3637 2249; x_wconf 86' lang='lat' dir='ltr'><strong>faeta</strong></span> 
     </span>
    </p>
   </div>
   <div class='ocr_carea' id='block_1_81' title="bbox 2059 2272 3641 2351">
    <p class='ocr_par' dir='ltr' id='par_1_81' title="bbox 2059 2272 3641 2351">
     <span class='ocr_line' id='line_1_81' title="bbox 2059 2272 3641 2351; baseline 0.009 -26"><span class='ocrx_word' id='word_1_651' title='bbox 2059 2272 2405 2341; x_wconf 83' lang='lat' dir='ltr'><strong>spiritualitcr</strong></span> <span class='ocrx_word' id='word_1_652' title='bbox 2447 2283 2599 2341; x_wconf 90' lang='lat' dir='ltr'><strong>erat,</strong></span> <span class='ocrx_word' id='word_1_653' title='bbox 2652 2276 2745 2330; x_wconf 87' lang='lat' dir='ltr'><strong>sed</strong></span> <span class='ocrx_word' id='word_1_654' title='bbox 2774 2278 2950 2332; x_wconf 87' lang='lat' dir='ltr'><strong>anima</strong></span> <span class='ocrx_word' id='word_1_655' title='bbox 2996 2280 3231 2335; x_wconf 89' lang='lat' dir='ltr'><strong>nondum</strong></span> <span class='ocrx_word' id='word_1_656' title='bbox 3271 2292 3405 2351; x_wconf 88' lang='lat' dir='ltr'><strong>erat,</strong></span> <span class='ocrx_word' id='word_1_657' title='bbox 3450 2287 3641 2340; x_wconf 85' lang='lat' dir='ltr'><strong>merito</strong></span> 
     </span>
    </p>
   </div>
   <div class='ocr_carea' id='block_1_82' title="bbox 2060 2362 3640 2443">
    <p class='ocr_par' dir='ltr' id='par_1_82' title="bbox 2060 2362 3640 2443">
     <span class='ocr_line' id='line_1_82' title="bbox 2060 2362 3640 2443; baseline 0.011 -28"><span class='ocrx_word' id='word_1_658' title='bbox 2060 2362 2225 2431; x_wconf 86' lang='lat' dir='ltr'><strong>quaeri</strong></span> <span class='ocrx_word' id='word_1_659' title='bbox 2267 2371 2460 2433; x_wconf 88' lang='lat' dir='ltr'><strong>potest.</strong></span> <span class='ocrx_word' id='word_1_660' title='bbox 2500 2365 2555 2421; x_wconf 88' lang='lat' dir='ltr'><strong>Si</strong></span> <span class='ocrx_word' id='word_1_661' title='bbox 2583 2367 2725 2421; x_wconf 87' lang='lat' dir='ltr'><strong>enim</strong></span> <span class='ocrx_word' id='word_1_662' title='bbox 2764 2368 2929 2423; x_wconf 90' lang='lat' dir='ltr'><strong>Deum</strong></span> <span class='ocrx_word' id='word_1_663' title='bbox 2958 2370 3130 2428; x_wconf 88' lang='lat' dir='ltr'><strong>adhuc</strong></span> <span class='ocrx_word' id='word_1_664' title='bbox 3156 2373 3351 2443; x_wconf 90' lang='lat' dir='ltr'><strong>aliquid</strong></span> <span class='ocrx_word' id='word_1_665' title='bbox 3383 2390 3449 2430; x_wconf 83' lang='lat' dir='ltr'><strong>ex</strong></span> <span class='ocrx_word' id='word_1_666' title='bbox 3474 2377 3640 2433; x_wconf 90' lang='lat' dir='ltr'><strong>nihilo</strong></span> 
     </span>
    </p>
   </div>
   <div class='ocr_carea' id='block_1_83' title="bbox 2056 2456 3642 2530">
    <p class='ocr_par' dir='ltr' id='par_1_83' title="bbox 2056 2456 3642 2530">
     <span class='ocr_line' id='line_1_83' title="bbox 2056 2456 3642 2530; baseline 0.011 -24"><span class='ocrx_word' id='word_1_667' title='bbox 2056 2466 2241 2507; x_wconf 89' lang='lat' dir='ltr'><strong>creare</strong></span> <span class='ocrx_word' id='word_1_668' title='bbox 2270 2471 2372 2507; x_wconf 92' lang='lat' dir='ltr'><strong>non</strong></span> <span class='ocrx_word' id='word_1_669' title='bbox 2400 2456 2700 2525; x_wconf 90' lang='lat' dir='ltr'><strong>credimus,</strong></span> <span class='ocrx_word' id='word_1_670' title='bbox 2741 2468 3085 2530; x_wconf 87' lang='lat' dir='ltr'><strong>posteaquam</strong></span> <span class='ocrx_word' id='word_1_671' title='bbox 3131 2465 3330 2519; x_wconf 89' lang='lat' dir='ltr'><strong>creavit</strong></span> <span class='ocrx_word' id='word_1_672' title='bbox 3358 2467 3533 2522; x_wconf 89' lang='lat' dir='ltr'><strong>omnia</strong></span> <span class='ocrx_word' id='word_1_673' title='bbox 3571 2469 3642 2523; x_wconf 79' lang='lat' dir='ltr'><strong>si—</strong></span> 
     </span>
    </p>
   </div>
   <div class='ocr_carea' id='block_1_84' title="bbox 2056 2544 3639 2625">
    <p class='ocr_par' dir='ltr' id='par_1_84' title="bbox 2056 2544 3639 2625">
     <span class='ocr_line' id='line_1_84' title="bbox 2056 2544 3639 2625; baseline 0.011 -29"><span class='ocrx_word' id='word_1_674' title='bbox 2056 2544 2187 2605; x_wconf 90' lang='lat' dir='ltr'><strong>mul,</strong></span> <span class='ocrx_word' id='word_1_675' title='bbox 2219 2553 2272 2599; x_wconf 91' lang='lat' dir='ltr'><strong>et</strong></span> <span class='ocrx_word' id='word_1_676' title='bbox 2292 2544 2358 2599; x_wconf 87' lang='lat' dir='ltr'><strong>ob</strong></span> <span class='ocrx_word' id='word_1_677' title='bbox 2388 2545 2488 2600; x_wconf 90' lang='lat' dir='ltr'><strong>hoc</strong></span> <span class='ocrx_word' id='word_1_678' title='bbox 2505 2563 2534 2601; x_wconf 90' lang='lat' dir='ltr'><strong>a</strong></span> <span class='ocrx_word' id='word_1_679' title='bbox 2558 2549 2574 2579; x_wconf 85' lang='grc'>¹</span> <span class='ocrx_word' id='word_1_680' title='bbox 2605 2552 2984 2605; x_wconf 89' lang='lat' dir='ltr'><strong>consummatis</strong></span> <span class='ocrx_word' id='word_1_681' title='bbox 3010 2553 3251 2608; x_wconf 89' lang='lat' dir='ltr'><strong>omnibus</strong></span> <span class='ocrx_word' id='word_1_682' title='bbox 3278 2556 3525 2625; x_wconf 87' lang='lat' dir='ltr'><strong>operibus</strong></span> <span class='ocrx_word' id='word_1_683' title='bbox 3549 2572 3639 2613; x_wconf 82' lang='lat' dir='ltr'><strong>re-</strong></span> 
     </span>
    </p>
   </div>
   <div class='ocr_carea' id='block_1_85' title="bbox 2056 2634 3640 2718">
    <p class='ocr_par' dir='ltr' id='par_1_85' title="bbox 2056 2634 3640 2718">
     <span class='ocr_line' id='line_1_85' title="bbox 2056 2634 3640 2718; baseline 0.012 -32"><span class='ocrx_word' id='word_1_684' title='bbox 2056 2634 2321 2705; x_wconf 89' lang='lat' dir='ltr'><strong>quievissc</strong></span> <span class='ocrx_word' id='word_1_685' title='bbox 2348 2636 2633 2704; x_wconf 89' lang='lat' dir='ltr'><strong>credimus,</strong></span> <span class='ocrx_word' id='word_1_686' title='bbox 2661 2654 2776 2708; x_wconf 83' lang='lat' dir='ltr'><strong>quae</strong></span> <span class='ocrx_word' id='word_1_687' title='bbox 2799 2639 3065 2696; x_wconf 88' lang='lat' dir='ltr'><strong>inchoavit</strong></span> <span class='ocrx_word' id='word_1_688' title='bbox 3089 2642 3282 2710; x_wconf 85' lang='lat' dir='ltr'><strong>facere,</strong></span> <span class='ocrx_word' id='word_1_689' title='bbox 3306 2655 3363 2699; x_wconf 90' lang='lat' dir='ltr'><strong>ut</strong></span> <span class='ocrx_word' id='word_1_690' title='bbox 3386 2647 3640 2718; x_wconf 83' lang='lat' dir='ltr'><strong>quidquid</strong></span> 
     </span>
    </p>
   </div>
   <div class='ocr_carea' id='block_1_86' title="bbox 2055 2724 3643 2805">
    <p class='ocr_par' dir='ltr' id='par_1_86' title="bbox 2055 2724 3643 2805">
     <span class='ocr_line' id='line_1_86' title="bbox 2055 2724 3643 2805; baseline 0.009 -27"><span class='ocrx_word' id='word_1_691' title='bbox 2055 2724 2247 2780; x_wconf 90' lang='lat' dir='ltr'><strong>deinde</strong></span> <span class='ocrx_word' id='word_1_692' title='bbox 2273 2725 2493 2794; x_wconf 86' lang='lat' dir='ltr'><strong>faceret,</strong></span> <span class='ocrx_word' id='word_1_693' title='bbox 2522 2743 2588 2784; x_wconf 79' lang='lat' dir='ltr'><strong>ex</strong></span> <span class='ocrx_word' id='word_1_694' title='bbox 2622 2729 2704 2783; x_wconf 89' lang='lat' dir='ltr'><strong>his</strong></span> <span class='ocrx_word' id='word_1_695' title='bbox 2728 2729 2952 2797; x_wconf 85' lang='lat' dir='ltr'><strong>faceret;</strong></span> <span class='ocrx_word' id='word_1_696' title='bbox 2984 2748 3090 2788; x_wconf 89' lang='lat' dir='ltr'><strong>non</strong></span> <span class='ocrx_word' id='word_1_697' title='bbox 3115 2734 3271 2789; x_wconf 88' lang='lat' dir='ltr'><strong>video</strong></span> <span class='ocrx_word' id='word_1_698' title='bbox 3298 2738 3643 2805; x_wconf 86' lang='lat' dir='ltr'><strong>quemadmo-</strong></span> 
     </span>
    </p>
   </div>
   <div class='ocr_carea' id='block_1_87' title="bbox 2057 2816 3636 2889">
    <p class='ocr_par' dir='ltr' id='par_1_87' title="bbox 2057 2816 3636 2889">
     <span class='ocr_line' id='line_1_87' title="bbox 2057 2816 3636 2889; baseline 0.01 -20"><span class='ocrx_word' id='word_1_699' title='bbox 2057 2816 2181 2870; x_wconf 92' lang='lat' dir='ltr'><strong>dum</strong></span> <span class='ocrx_word' id='word_1_700' title='bbox 2213 2817 2584 2889; x_wconf 82' lang='lat' dir='ltr'><strong>intelligamus,</strong></span> <span class='ocrx_word' id='word_1_701' title='bbox 2613 2819 2785 2876; x_wconf 91' lang='lat' dir='ltr'><strong>adhuc</strong></span> <span class='ocrx_word' id='word_1_702' title='bbox 2806 2837 2924 2876; x_wconf 92' lang='lat' dir='ltr'><strong>eum</strong></span> <span class='ocrx_word' id='word_1_703' title='bbox 2948 2840 3012 2879; x_wconf 82' lang='lat' dir='ltr'><strong>ex</strong></span> <span class='ocrx_word' id='word_1_704' title='bbox 3030 2824 3195 2880; x_wconf 81' lang='lat' dir='ltr'><strong>nihilo</strong></span> <span class='ocrx_word' id='word_1_705' title='bbox 3215 2828 3419 2883; x_wconf 90' lang='lat' dir='ltr'><strong>animas</strong></span> <span class='ocrx_word' id='word_1_706' title='bbox 3441 2828 3636 2886; x_wconf 85' lang='lat' dir='ltr'><strong>facere.</strong></span> 
     </span>
    </p>
   </div>
   <div class='ocr_carea' id='block_1_88' title="bbox 2054 2910 3638 2992">
    <p class='ocr_par' dir='ltr' id='par_1_88' title="bbox 2054 2910 3638 2992">
     <span class='ocr_line' id='line_1_88' title="bbox 2054 2910 3638 2992; baseline 0.009 -28"><span class='ocrx_word' id='word_1_707' title='bbox 2054 2910 2136 2964; x_wconf 82' lang='lat' dir='ltr'><strong>An</strong></span> <span class='ocrx_word' id='word_1_708' title='bbox 2164 2910 2445 2965; x_wconf 91' lang='lat' dir='ltr'><strong>dicendum</strong></span> <span class='ocrx_word' id='word_1_709' title='bbox 2475 2920 2579 2979; x_wconf 89' lang='lat' dir='ltr'><strong>est,</strong></span> <span class='ocrx_word' id='word_1_710' title='bbox 2605 2929 2724 2967; x_wconf 91' lang='lat' dir='ltr'><strong>eum</strong></span> <span class='ocrx_word' id='word_1_711' title='bbox 2767 2915 2817 2968; x_wconf 91' lang='lat' dir='ltr'><strong>in</strong></span> <span class='ocrx_word' id='word_1_712' title='bbox 2848 2916 2949 2971; x_wconf 90' lang='lat' dir='ltr'><strong>illis</strong></span> <span class='ocrx_word' id='word_1_713' title='bbox 2979 2918 3192 2988; x_wconf 90' lang='lat' dir='ltr'><strong>quidem</strong></span> <span class='ocrx_word' id='word_1_714' title='bbox 3235 2922 3487 2989; x_wconf 87' lang='lat' dir='ltr'><strong>operibus</strong></span> <span class='ocrx_word' id='word_1_715' title='bbox 3524 2924 3638 2992; x_wconf 83' lang='lat' dir='ltr'><strong>pri-</strong></span> 
     </span>
    </p>
   </div>
   <div class='ocr_carea' id='block_1_89' title="bbox 2056 3001 3637 3075">
    <p class='ocr_par' dir='ltr' id='par_1_89' title="bbox 2056 3001 3637 3075">
     <span class='ocr_line' id='line_1_89' title="bbox 2056 3001 3637 3075; baseline 0.01 -23"><span class='ocrx_word' id='word_1_716' title='bbox 2056 3008 2261 3054; x_wconf 80' lang='lat' dir='ltr'><strong>morum</strong></span> <span class='ocrx_word' id='word_1_717' title='bbox 2284 3016 2375 3055; x_wconf 79' lang='lat' dir='ltr'><strong>sex</strong></span> <span class='ocrx_word' id='word_1_718' title='bbox 2406 3001 2612 3056; x_wconf 90' lang='lat' dir='ltr'><strong>dierum</strong></span> <span class='ocrx_word' id='word_1_719' title='bbox 2642 3001 2833 3059; x_wconf 89' lang='lat' dir='ltr'><strong>fecisse</strong></span> <span class='ocrx_word' id='word_1_720' title='bbox 2859 3005 3003 3060; x_wconf 90' lang='lat' dir='ltr'><strong>illum</strong></span> <span class='ocrx_word' id='word_1_721' title='bbox 3029 3007 3167 3063; x_wconf 90' lang='lat' dir='ltr'><strong>diem</strong></span> <span class='ocrx_word' id='word_1_722' title='bbox 3200 3012 3483 3075; x_wconf 91' lang='lat' dir='ltr'><strong>occultum,</strong></span> <span class='ocrx_word' id='word_1_723' title='bbox 3509 3028 3573 3067; x_wconf 89' lang='lat' dir='ltr'><strong>ac</strong></span> <span class='ocrx_word' id='word_1_724' title='bbox 3592 3014 3637 3068; x_wconf 92' lang='lat' dir='ltr'><strong>si</strong></span> 
     </span>
    </p>
   </div>
   <div class='ocr_carea' id='block_1_90' title="bbox 2054 3090 3638 3169">
    <p class='ocr_par' dir='ltr' id='par_1_90' title="bbox 2054 3090 3638 3169">
     <span class='ocr_line' id='line_1_90' title="bbox 2054 3090 3638 3169; baseline 0.01 -26"><span class='ocrx_word' id='word_1_725' title='bbox 2054 3090 2155 3145; x_wconf 91' lang='lat' dir='ltr'><strong>hoc</strong></span> <span class='ocrx_word' id='word_1_726' title='bbox 2181 3092 2353 3161; x_wconf 87' lang='lat' dir='ltr'><strong>potius</strong></span> <span class='ocrx_word' id='word_1_727' title='bbox 2392 3092 2535 3147; x_wconf 91' lang='lat' dir='ltr'><strong>crcdi</strong></span> <span class='ocrx_word' id='word_1_728' title='bbox 2582 3104 2830 3165; x_wconf 88' lang='lat' dir='ltr'><strong>oportet,</strong></span> <span class='ocrx_word' id='word_1_729' title='bbox 2864 3095 3192 3166; x_wconf 88' lang='lat' dir='ltr'><strong>spiritualem</strong></span> <span class='ocrx_word' id='word_1_730' title='bbox 3234 3108 3393 3169; x_wconf 91' lang='lat' dir='ltr'><strong>atque</strong></span> <span class='ocrx_word' id='word_1_731' title='bbox 3432 3102 3638 3159; x_wconf 87' lang='lat' dir='ltr'><strong>intelle-</strong></span> 
     </span>
    </p>
   </div>
   <div class='ocr_carea' id='block_1_91' title="bbox 2053 3183 3636 3258">
    <p class='ocr_par' dir='ltr' id='par_1_91' title="bbox 2053 3183 3636 3258">
     <span class='ocr_line' id='line_1_91' title="bbox 2053 3183 3636 3258; baseline 0.008 -23"><span class='ocrx_word' id='word_1_732' title='bbox 2053 3183 2279 3236; x_wconf 90' lang='lat' dir='ltr'><strong>ctualem</strong></span> <span class='ocrx_word' id='word_1_733' title='bbox 2311 3194 2575 3248; x_wconf 90' lang='lat' dir='ltr'><strong>naturam,</strong></span> <span class='ocrx_word' id='word_1_734' title='bbox 2607 3184 2811 3239; x_wconf 89' lang='lat' dir='ltr'><strong>scilicet</strong></span> <span class='ocrx_word' id='word_1_735' title='bbox 2834 3187 3051 3241; x_wconf 88' lang='lat' dir='ltr'><strong>unitatis</strong></span> <span class='ocrx_word' id='word_1_736' title='bbox 3075 3190 3362 3258; x_wconf 73' lang='lat' dir='ltr'><strong>angelicte,</strong></span> <span class='ocrx_word' id='word_1_737' title='bbox 3398 3201 3451 3246; x_wconf 90' lang='lat' dir='ltr'><strong>ct</strong></span> <span class='ocrx_word' id='word_1_738' title='bbox 3484 3208 3636 3247; x_wconf 73' lang='lat' dir='ltr'><strong>mue-</strong></span> 
     </span>
    </p>
   </div>
   <div class='ocr_carea' id='block_1_92' title="bbox 2052 3271 3637 3352">
    <p class='ocr_par' dir='ltr' id='par_1_92' title="bbox 2052 3271 3637 3352">
     <span class='ocr_line' id='line_1_92' title="bbox 2052 3271 3637 3352; baseline 0.01 -28"><span class='ocrx_word' id='word_1_739' title='bbox 2052 3271 2176 3325; x_wconf 93' lang='lat' dir='ltr'><strong>dum</strong></span> <span class='ocrx_word' id='word_1_740' title='bbox 2204 3314 2217 3337; x_wconf 95' lang='lat'><strong>,</strong></span> <span class='ocrx_word' id='word_1_741' title='bbox 2247 3271 2301 3326; x_wconf 90' lang='lat' dir='ltr'><strong>id</strong></span> <span class='ocrx_word' id='word_1_742' title='bbox 2335 3280 2417 3328; x_wconf 90' lang='lat' dir='ltr'><strong>est</strong></span> <span class='ocrx_word' id='word_1_743' title='bbox 2440 3275 2632 3328; x_wconf 88' lang='lat' dir='ltr'><strong>coelum</strong></span> <span class='ocrx_word' id='word_1_744' title='bbox 2672 3284 2724 3330; x_wconf 95' lang='lat' dir='ltr'><strong>et</strong></span> <span class='ocrx_word' id='word_1_745' title='bbox 2754 3285 2980 3343; x_wconf 88' lang='lat' dir='ltr'><strong>terram;</strong></span> <span class='ocrx_word' id='word_1_746' title='bbox 3009 3286 3165 3349; x_wconf 89' lang='lat' dir='ltr'><strong>atque</strong></span> <span class='ocrx_word' id='word_1_747' title='bbox 3195 3281 3249 3334; x_wconf 91' lang='lat' dir='ltr'><strong>in</strong></span> <span class='ocrx_word' id='word_1_748' title='bbox 3281 3282 3383 3336; x_wconf 91' lang='lat' dir='ltr'><strong>illis</strong></span> <span class='ocrx_word' id='word_1_749' title='bbox 3407 3283 3515 3352; x_wconf 90' lang='lat' dir='ltr'><strong>jam</strong></span> <span class='ocrx_word' id='word_1_750' title='bbox 3542 3300 3637 3339; x_wconf 78' lang='lat' dir='ltr'><strong>ex-</strong></span> 
     </span>
    </p>
   </div>
   <div class='ocr_carea' id='block_1_93' title="bbox 2053 3364 3627 3443">
    <p class='ocr_par' dir='ltr' id='par_1_93' title="bbox 2053 3364 3627 3443">
     <span class='ocr_line' id='line_1_93' title="bbox 2053 3364 3627 3443; baseline 0.008 -26"><span class='ocrx_word' id='word_1_751' title='bbox 2053 3364 2318 3420; x_wconf 90' lang='lat' dir='ltr'><strong>stantibus</strong></span> <span class='ocrx_word' id='word_1_752' title='bbox 2346 3366 2547 3422; x_wconf 90' lang='lat' dir='ltr'><strong>naturis</strong></span> <span class='ocrx_word' id='word_1_753' title='bbox 2572 3368 2804 3423; x_wconf 90' lang='lat' dir='ltr'><strong>rationes</strong></span> <span class='ocrx_word' id='word_1_754' title='bbox 2830 3384 3040 3425; x_wconf 89' lang='lat' dir='ltr'><strong>creasse</strong></span> <span class='ocrx_word' id='word_1_755' title='bbox 3066 3371 3355 3427; x_wconf 90' lang='lat' dir='ltr'><strong>futurarum</strong></span> <span class='ocrx_word' id='word_1_756' title='bbox 3382 3376 3627 3443; x_wconf 82' lang='lat' dir='ltr'><strong>aliarum,</strong></span> 
     </span>
    </p>
   </div>
   <div class='ocr_carea' id='block_1_94' title="bbox 2050 3458 3636 3534">
    <p class='ocr_par' dir='ltr' id='par_1_94' title="bbox 2050 3458 3636 3534">
     <span class='ocr_line' id='line_1_94' title="bbox 2050 3458 3636 3534; baseline 0.011 -25"><span class='ocrx_word' id='word_1_757' title='bbox 2050 3471 2156 3510; x_wconf 92' lang='lat' dir='ltr'><strong>non</strong></span> <span class='ocrx_word' id='word_1_758' title='bbox 2186 3458 2325 3527; x_wconf 88' lang='lat' dir='ltr'><strong>ipsas</strong></span> <span class='ocrx_word' id='word_1_759' title='bbox 2367 3469 2583 3516; x_wconf 89' lang='lat' dir='ltr'><strong>naturas</strong></span> <span class='ocrx_word' id='word_1_760' title='bbox 2614 3478 2628 3514; x_wconf 89' lang='lat'><strong>:</strong></span> <span class='ocrx_word' id='word_1_761' title='bbox 2659 3462 2892 3533; x_wconf 88' lang='lat' dir='ltr'><strong>alioquin</strong></span> <span class='ocrx_word' id='word_1_762' title='bbox 2918 3464 2963 3518; x_wconf 89' lang='lat' dir='ltr'><strong>si</strong></span> <span class='ocrx_word' id='word_1_763' title='bbox 2984 3465 3093 3534; x_wconf 89' lang='lat' dir='ltr'><strong>jam</strong></span> <span class='ocrx_word' id='word_1_764' title='bbox 3135 3466 3205 3521; x_wconf 91' lang='lat' dir='ltr'><strong>ibi</strong></span> <span class='ocrx_word' id='word_1_765' title='bbox 3232 3477 3424 3524; x_wconf 72' lang='lat' dir='ltr'><strong>creata:</strong></span> <span class='ocrx_word' id='word_1_766' title='bbox 3450 3480 3636 3527; x_wconf 84' lang='lat' dir='ltr'><strong>essent</strong></span> 
     </span>
    </p>
   </div>
   <div class='ocr_carea' id='block_1_95' title="bbox 2050 3546 3632 3628">
    <p class='ocr_par' dir='ltr' id='par_1_95' title="bbox 2050 3546 3632 3628">
     <span class='ocr_line' id='line_1_95' title="bbox 2050 3546 3632 3628; baseline 0.011 -27"><span class='ocrx_word' id='word_1_767' title='bbox 2050 3546 2185 3601; x_wconf 84' lang='lat' dir='ltr'><strong>sicut</strong></span> <span class='ocrx_word' id='word_1_768' title='bbox 2208 3558 2360 3604; x_wconf 90' lang='lat' dir='ltr'><strong>erant</strong></span> <span class='ocrx_word' id='word_1_769' title='bbox 2382 3551 2590 3621; x_wconf 58' lang='lat' dir='ltr'><strong>futurae,</strong></span> <span class='ocrx_word' id='word_1_770' title='bbox 2615 3568 2720 3606; x_wconf 91' lang='lat' dir='ltr'><strong>non</strong></span> <span class='ocrx_word' id='word_1_771' title='bbox 2747 3555 2918 3609; x_wconf 90' lang='lat' dir='ltr'><strong>adhuc</strong></span> <span class='ocrx_word' id='word_1_772' title='bbox 2947 3567 3126 3611; x_wconf 88' lang='lat' dir='ltr'><strong>essent</strong></span> <span class='ocrx_word' id='word_1_773' title='bbox 3155 3557 3381 3614; x_wconf 68' lang='lat' dir='ltr'><strong>futnrze?</strong></span> <span class='ocrx_word' id='word_1_774' title='bbox 3408 3562 3559 3628; x_wconf 87' lang='lat' dir='ltr'><strong>Quod</strong></span> <span class='ocrx_word' id='word_1_775' title='bbox 3587 3565 3632 3619; x_wconf 90' lang='lat' dir='ltr'><strong>si</strong></span> 
     </span>
    </p>
   </div>
   <div class='ocr_carea' id='block_1_96' title="bbox 2050 3637 3631 3707">
    <p class='ocr_par' dir='ltr' id='par_1_96' title="bbox 2050 3637 3631 3707">
     <span class='ocr_line' id='line_1_96' title="bbox 2050 3637 3631 3707; baseline 0.009 -15"><span class='ocrx_word' id='word_1_776' title='bbox 2050 3637 2119 3692; x_wconf 89' lang='lat' dir='ltr'><strong>ita</strong></span> <span class='ocrx_word' id='word_1_777' title='bbox 2145 3649 2245 3706; x_wconf 88' lang='lat' dir='ltr'><strong>est,</strong></span> <span class='ocrx_word' id='word_1_778' title='bbox 2269 3640 2501 3696; x_wconf 93' lang='lat' dir='ltr'><strong>nondum</strong></span> <span class='ocrx_word' id='word_1_779' title='bbox 2525 3651 2638 3697; x_wconf 87' lang='lat' dir='ltr'><strong>erat</strong></span> <span class='ocrx_word' id='word_1_780' title='bbox 2666 3644 2715 3698; x_wconf 91' lang='lat' dir='ltr'><strong>in</strong></span> <span class='ocrx_word' id='word_1_781' title='bbox 2744 3644 2968 3700; x_wconf 91' lang='lat' dir='ltr'><strong>conditis</strong></span> <span class='ocrx_word' id='word_1_782' title='bbox 2985 3647 3143 3703; x_wconf 83' lang='lat' dir='ltr'><strong>rebus</strong></span> <span class='ocrx_word' id='word_1_783' title='bbox 3168 3649 3358 3704; x_wconf 62' lang='lat' dir='ltr'><strong>anima:</strong></span> <span class='ocrx_word' id='word_1_784' title='bbox 3385 3650 3631 3707; x_wconf 76' lang='lat' dir='ltr'><strong>humana:</strong></span> 
     </span>
    </p>
   </div>
   <div class='ocr_carea' id='block_1_97' title="bbox 2049 3728 3630 3805">
    <p class='ocr_par' dir='ltr' id='par_1_97' title="bbox 2049 3728 3630 3805">
     <span class='ocr_line' id='line_1_97' title="bbox 2049 3728 3630 3805; baseline 0.012 -24"><span class='ocrx_word' id='word_1_785' title='bbox 2049 3728 2152 3781; x_wconf 85' lang='lat' dir='ltr'><strong>ulla</strong></span> <span class='ocrx_word' id='word_1_786' title='bbox 2180 3737 2386 3797; x_wconf 91' lang='lat' dir='ltr'><strong>natura,</strong></span> <span class='ocrx_word' id='word_1_787' title='bbox 2407 3741 2459 3786; x_wconf 91' lang='lat' dir='ltr'><strong>et</strong></span> <span class='ocrx_word' id='word_1_788' title='bbox 2482 3741 2604 3787; x_wconf 91' lang='lat' dir='ltr'><strong>tunc</strong></span> <span class='ocrx_word' id='word_1_789' title='bbox 2620 3749 2737 3789; x_wconf 88' lang='lat' dir='ltr'><strong>esse</strong></span> <span class='ocrx_word' id='word_1_790' title='bbox 2757 3734 2937 3805; x_wconf 67' lang='lat' dir='ltr'><strong>ca&#39;apit,</strong></span> <span class='ocrx_word' id='word_1_791' title='bbox 2960 3753 3080 3792; x_wconf 91' lang='lat' dir='ltr'><strong>cum</strong></span> <span class='ocrx_word' id='word_1_792' title='bbox 3105 3754 3222 3793; x_wconf 87' lang='lat' dir='ltr'><strong>eam</strong></span> <span class='ocrx_word' id='word_1_793' title='bbox 3243 3740 3382 3796; x_wconf 92' lang='lat' dir='ltr'><strong>Deus</strong></span> <span class='ocrx_word' id='word_1_794' title='bbox 3406 3742 3630 3799; x_wconf 84' lang='lat' dir='ltr'><strong>sufﬂan-</strong></span> 
     </span>
    </p>
   </div>
   <div class='ocr_carea' id='block_1_98' title="bbox 2048 3820 2938 3893">
    <p class='ocr_par' dir='ltr' id='par_1_98' title="bbox 2048 3820 2938 3893">
     <span class='ocr_line' id='line_1_98' title="bbox 2048 3820 2938 3893; baseline 0.01 -20"><span class='ocrx_word' id='word_1_795' title='bbox 2048 3820 2116 3874; x_wconf 89' lang='lat' dir='ltr'><strong>do</strong></span> <span class='ocrx_word' id='word_1_796' title='bbox 2145 3821 2289 3886; x_wconf 82' lang='lat' dir='ltr'><strong>fecit,</strong></span> <span class='ocrx_word' id='word_1_797' title='bbox 2322 3824 2477 3893; x_wconf 88' lang='lat' dir='ltr'><strong>atque</strong></span> <span class='ocrx_word' id='word_1_798' title='bbox 2508 3825 2689 3880; x_wconf 89' lang='lat' dir='ltr'><strong>indidit</strong></span> <span class='ocrx_word' id='word_1_799' title='bbox 2720 3827 2938 3882; x_wconf 90' lang='lat' dir='ltr'><strong>homini.</strong></span> 
     </span>
    </p>
   </div>
   <div class='ocr_carea' id='block_1_99' title="bbox 2117 3911 3630 3994">
    <p class='ocr_par' dir='ltr' id='par_1_99' title="bbox 2117 3911 3630 3994">
     <span class='ocr_line' id='line_1_99' title="bbox 2117 3911 3630 3994; baseline 0.011 -29"><span class='ocrx_word' id='word_1_800' title='bbox 2117 3911 2172 3966; x_wconf 91' lang='lat'><strong>8.</strong></span> <span class='ocrx_word' id='word_1_801' title='bbox 2212 3913 2315 3967; x_wconf 91' lang='lat' dir='ltr'><strong>Sed</strong></span> <span class='ocrx_word' id='word_1_802' title='bbox 2342 3930 2446 3967; x_wconf 90' lang='lat' dir='ltr'><strong>non</strong></span> <span class='ocrx_word' id='word_1_803' title='bbox 2475 3915 2592 3970; x_wconf 89' lang='lat' dir='ltr'><strong>ideo</strong></span> <span class='ocrx_word' id='word_1_804' title='bbox 2619 3919 2838 3987; x_wconf 74' lang='lat' dir='ltr'><strong>quzestio</strong></span> <span class='ocrx_word' id='word_1_805' title='bbox 2865 3920 3066 3974; x_wconf 87' lang='lat' dir='ltr'><strong>sublata</strong></span> <span class='ocrx_word' id='word_1_806' title='bbox 3098 3929 3199 3988; x_wconf 91' lang='lat' dir='ltr'><strong>est,</strong></span> <span class='ocrx_word' id='word_1_807' title='bbox 3244 3937 3345 3992; x_wconf 90' lang='lat' dir='ltr'><strong>qua</strong></span> <span class='ocrx_word' id='word_1_808' title='bbox 3374 3926 3630 3994; x_wconf 71' lang='lat' dir='ltr'><strong>qumritur</strong></span> 
     </span>
    </p>
   </div>
   <div class='ocr_carea' id='block_1_100' title="bbox 2046 4002 3631 4082">
    <p class='ocr_par' dir='ltr' id='par_1_100' title="bbox 2046 4002 3631 4082">
     <span class='ocr_line' id='line_1_100' title="bbox 2046 4002 3631 4082; baseline 0.013 -27"><span class='ocrx_word' id='word_1_809' title='bbox 2046 4002 2219 4058; x_wconf 90' lang='lat' dir='ltr'><strong>adhuc</strong></span> <span class='ocrx_word' id='word_1_810' title='bbox 2262 4015 2435 4059; x_wconf 92' lang='lat' dir='ltr'><strong>utrum</strong></span> <span class='ocrx_word' id='word_1_811' title='bbox 2478 4023 2597 4062; x_wconf 89' lang='lat' dir='ltr'><strong>eam</strong></span> <span class='ocrx_word' id='word_1_812' title='bbox 2639 4019 2915 4077; x_wconf 90' lang='lat' dir='ltr'><strong>naturam,</strong></span> <span class='ocrx_word' id='word_1_813' title='bbox 2966 4028 3085 4082; x_wconf 74' lang='lat' dir='ltr'><strong>qua:</strong></span> <span class='ocrx_word' id='word_1_814' title='bbox 3133 4015 3307 4070; x_wconf 90' lang='lat' dir='ltr'><strong>anima</strong></span> <span class='ocrx_word' id='word_1_815' title='bbox 3336 4017 3544 4080; x_wconf 87' lang='lat' dir='ltr'><strong>dicitur.</strong></span> <span class='ocrx_word' id='word_1_816' title='bbox 3575 4029 3631 4075; x_wconf 85' lang='lat' dir='ltr'><strong>et</strong></span> 
     </span>
    </p>
   </div>
   <div class='ocr_carea' id='block_1_101' title="bbox 2045 4102 3628 4179">
    <p class='ocr_par' dir='ltr' id='par_1_101' title="bbox 2045 4102 3628 4179">
     <span class='ocr_line' id='line_1_101' title="bbox 2045 4102 3628 4179; baseline 0.01 -30"><span class='ocrx_word' id='word_1_817' title='bbox 2045 4105 2197 4151; x_wconf 88' lang='lat' dir='ltr'><strong>antea</strong></span> <span class='ocrx_word' id='word_1_818' title='bbox 2222 4111 2323 4152; x_wconf 90' lang='lat' dir='ltr'><strong>non</strong></span> <span class='ocrx_word' id='word_1_819' title='bbox 2355 4110 2486 4163; x_wconf 86' lang='lat' dir='ltr'><strong>erat,</strong></span> <span class='ocrx_word' id='word_1_820' title='bbox 2516 4117 2578 4155; x_wconf 81' lang='lat' dir='ltr'><strong>ex</strong></span> <span class='ocrx_word' id='word_1_821' title='bbox 2612 4102 2775 4157; x_wconf 88' lang='lat' dir='ltr'><strong>nihilo</strong></span> <span class='ocrx_word' id='word_1_822' title='bbox 2801 4106 3090 4172; x_wconf 86' lang='lat' dir='ltr'><strong>creaverit,</strong></span> <span class='ocrx_word' id='word_1_823' title='bbox 3118 4115 3361 4177; x_wconf 89' lang='lat' dir='ltr'><strong>tanquam</strong></span> <span class='ocrx_word' id='word_1_824' title='bbox 3392 4111 3501 4179; x_wconf 89' lang='lat' dir='ltr'><strong>ipse</strong></span> <span class='ocrx_word' id='word_1_825' title='bbox 3532 4111 3628 4164; x_wconf 83' lang='lat' dir='ltr'><strong>ﬂa-</strong></span> 
     </span>
    </p>
   </div>
   <div class='ocr_carea' id='block_1_102' title="bbox 2046 4191 3623 4268">
    <p class='ocr_par' dir='ltr' id='par_1_102' title="bbox 2046 4191 3623 4268">
     <span class='ocr_line' id='line_1_102' title="bbox 2046 4191 3623 4268; baseline 0.01 -26"><span class='ocrx_word' id='word_1_826' title='bbox 2046 4199 2130 4243; x_wconf 90' lang='lat' dir='ltr'><strong>tus</strong></span> <span class='ocrx_word' id='word_1_827' title='bbox 2159 4191 2273 4259; x_wconf 87' lang='lat' dir='ltr'><strong>ejus</strong></span> <span class='ocrx_word' id='word_1_828' title='bbox 2302 4207 2405 4246; x_wconf 90' lang='lat' dir='ltr'><strong>non</strong></span> <span class='ocrx_word' id='word_1_829' title='bbox 2434 4207 2498 4247; x_wconf 74' lang='lat' dir='ltr'><strong>ex</strong></span> <span class='ocrx_word' id='word_1_830' title='bbox 2521 4193 2692 4263; x_wconf 88' lang='lat' dir='ltr'><strong>aliqua</strong></span> <span class='ocrx_word' id='word_1_831' title='bbox 2714 4195 3000 4251; x_wconf 86' lang='lat' dir='ltr'><strong>substantia</strong></span> <span class='ocrx_word' id='word_1_832' title='bbox 3020 4198 3322 4268; x_wconf 85' lang='lat' dir='ltr'><strong>subjaecnte</strong></span> <span class='ocrx_word' id='word_1_833' title='bbox 3344 4201 3509 4256; x_wconf 85' lang='lat' dir='ltr'><strong>factus</strong></span> <span class='ocrx_word' id='word_1_834' title='bbox 3534 4206 3623 4267; x_wconf 91' lang='lat' dir='ltr'><strong>sit,</strong></span> 
     </span>
    </p>
   </div>
   <div class='ocr_carea' id='block_1_103' title="bbox 2043 4281 3624 4362">
    <p class='ocr_par' dir='ltr' id='par_1_103' title="bbox 2043 4281 3624 4362">
     <span class='ocr_line' id='line_1_103' title="bbox 2043 4281 3624 4362; baseline 0.009 -27"><span class='ocrx_word' id='word_1_835' title='bbox 2043 4281 2181 4336; x_wconf 88' lang='lat' dir='ltr'><strong>sicut</strong></span> <span class='ocrx_word' id='word_1_836' title='bbox 2208 4284 2272 4337; x_wconf 92' lang='lat' dir='ltr'><strong>dc</strong></span> <span class='ocrx_word' id='word_1_837' title='bbox 2297 4283 2421 4337; x_wconf 89' lang='lat' dir='ltr'><strong>ﬂatu</strong></span> <span class='ocrx_word' id='word_1_838' title='bbox 2443 4284 2765 4352; x_wconf 89' lang='lat' dir='ltr'><strong>dicebamus,</strong></span> <span class='ocrx_word' id='word_1_839' title='bbox 2789 4302 2944 4356; x_wconf 91' lang='lat' dir='ltr'><strong>quem</strong></span> <span class='ocrx_word' id='word_1_840' title='bbox 2973 4289 3093 4343; x_wconf 85' lang='lat' dir='ltr'><strong>facit</strong></span> <span class='ocrx_word' id='word_1_841' title='bbox 3118 4291 3289 4344; x_wconf 87' lang='lat' dir='ltr'><strong>anima</strong></span> <span class='ocrx_word' id='word_1_842' title='bbox 3315 4307 3378 4345; x_wconf 77' lang='lat' dir='ltr'><strong>ex</strong></span> <span class='ocrx_word' id='word_1_843' title='bbox 3399 4307 3624 4362; x_wconf 85' lang='lat' dir='ltr'><strong>corpore</strong></span> 
     </span>
    </p>
   </div>
   <div class='ocr_carea' id='block_1_104' title="bbox 2044 4375 3620 4448">
    <p class='ocr_par' dir='ltr' id='par_1_104' title="bbox 2044 4375 3620 4448">
     <span class='ocr_line' id='line_1_104' title="bbox 2044 4375 3620 4448; baseline 0.008 -20"><span class='ocrx_word' id='word_1_844' title='bbox 2044 4390 2174 4439; x_wconf 90' lang='lat' dir='ltr'><strong>suo;</strong></span> <span class='ocrx_word' id='word_1_845' title='bbox 2205 4375 2297 4429; x_wconf 87' lang='lat' dir='ltr'><strong>sed</strong></span> <span class='ocrx_word' id='word_1_846' title='bbox 2327 4377 2542 4429; x_wconf 78' lang='lat' dir='ltr'><strong>omnino</strong></span> <span class='ocrx_word' id='word_1_847' title='bbox 2570 4392 2635 4430; x_wconf 81' lang='lat' dir='ltr'><strong>ex</strong></span> <span class='ocrx_word' id='word_1_848' title='bbox 2665 4377 2831 4430; x_wconf 89' lang='lat' dir='ltr'><strong>nihilo</strong></span> <span class='ocrx_word' id='word_1_849' title='bbox 2860 4388 2983 4432; x_wconf 93' lang='lat' dir='ltr'><strong>tunc</strong></span> <span class='ocrx_word' id='word_1_850' title='bbox 3008 4378 3175 4433; x_wconf 86' lang='lat' dir='ltr'><strong>factus</strong></span> <span class='ocrx_word' id='word_1_851' title='bbox 3202 4382 3470 4448; x_wconf 72' lang='lat' dir='ltr'><strong>sitnatus,</strong></span> <span class='ocrx_word' id='word_1_852' title='bbox 3502 4400 3620 4441; x_wconf 89' lang='lat' dir='ltr'><strong>cum</strong></span> 
     </span>
    </p>
   </div>
   <div class='ocr_carea' id='block_1_105' title="bbox 2044 4464 3618 4536">
    <p class='ocr_par' dir='ltr' id='par_1_105' title="bbox 2044 4464 3618 4536">
     <span class='ocr_line' id='line_1_105' title="bbox 2044 4464 3618 4536; baseline 0.008 -18"><span class='ocrx_word' id='word_1_853' title='bbox 2044 4464 2183 4519; x_wconf 89' lang='lat' dir='ltr'><strong>Deus</strong></span> <span class='ocrx_word' id='word_1_854' title='bbox 2212 4464 2339 4520; x_wconf 90' lang='lat' dir='ltr'><strong>ﬂare</strong></span> <span class='ocrx_word' id='word_1_855' title='bbox 2365 4466 2553 4532; x_wconf 85' lang='lat' dir='ltr'><strong>voluit,</strong></span> <span class='ocrx_word' id='word_1_856' title='bbox 2574 4466 2817 4536; x_wconf 89' lang='lat' dir='ltr'><strong>idemque</strong></span> <span class='ocrx_word' id='word_1_857' title='bbox 2847 4467 3075 4523; x_wconf 84' lang='lat' dir='ltr'><strong>hominis</strong></span> <span class='ocrx_word' id='word_1_858' title='bbox 3104 4470 3277 4523; x_wconf 89' lang='lat' dir='ltr'><strong>anima</strong></span> <span class='ocrx_word' id='word_1_859' title='bbox 3307 4470 3474 4527; x_wconf 87' lang='lat' dir='ltr'><strong>factus</strong></span> <span class='ocrx_word' id='word_1_860' title='bbox 3513 4475 3618 4530; x_wconf 76' lang='lat' dir='ltr'><strong>sit:</strong></span> 
     </span>
    </p>
   </div>
   <div class='ocr_carea' id='block_1_106' title="bbox 2042 4556 3622 4635">
    <p class='ocr_par' dir='ltr' id='par_1_106' title="bbox 2042 4556 3622 4635">
     <span class='ocr_line' id='line_1_106' title="bbox 2042 4556 3622 4635; baseline 0.008 -28"><span class='ocrx_word' id='word_1_861' title='bbox 2042 4570 2106 4607; x_wconf 88' lang='lat' dir='ltr'><strong>an</strong></span> <span class='ocrx_word' id='word_1_862' title='bbox 2134 4571 2260 4608; x_wconf 83' lang='lat' dir='ltr'><strong>vero</strong></span> <span class='ocrx_word' id='word_1_863' title='bbox 2276 4556 2385 4624; x_wconf 85' lang='lat' dir='ltr'><strong>jam</strong></span> <span class='ocrx_word' id='word_1_864' title='bbox 2412 4566 2523 4610; x_wconf 89' lang='lat' dir='ltr'><strong>erat</strong></span> <span class='ocrx_word' id='word_1_865' title='bbox 2545 4557 2739 4626; x_wconf 90' lang='lat' dir='ltr'><strong>aliquid</strong></span> <span class='ocrx_word' id='word_1_866' title='bbox 2763 4558 3052 4627; x_wconf 89' lang='lat' dir='ltr'><strong>spirituale,</strong></span> <span class='ocrx_word' id='word_1_867' title='bbox 3077 4563 3316 4631; x_wconf 87' lang='lat' dir='ltr'><strong>quamvis</strong></span> <span class='ocrx_word' id='word_1_868' title='bbox 3340 4563 3443 4617; x_wconf 88' lang='lat' dir='ltr'><strong>hoc</strong></span> <span class='ocrx_word' id='word_1_869' title='bbox 3468 4567 3622 4635; x_wconf 90' lang='lat' dir='ltr'><strong>quid-</strong></span> 
     </span>
    </p>
   </div>
   <div class='ocr_carea' id='block_1_107' title="bbox 2041 4646 3622 4730">
    <p class='ocr_par' dir='ltr' id='par_1_107' title="bbox 2041 4646 3622 4730">
     <span class='ocr_line' id='line_1_107' title="bbox 2041 4646 3622 4730; baseline 0.01 -33"><span class='ocrx_word' id='word_1_870' title='bbox 2041 4646 2166 4715; x_wconf 89' lang='lat' dir='ltr'><strong>quid</strong></span> <span class='ocrx_word' id='word_1_871' title='bbox 2196 4654 2340 4709; x_wconf 86' lang='lat' dir='ltr'><strong>crat,</strong></span> <span class='ocrx_word' id='word_1_872' title='bbox 2373 4647 2603 4700; x_wconf 89' lang='lat' dir='ltr'><strong>nondum</strong></span> <span class='ocrx_word' id='word_1_873' title='bbox 2632 4649 2821 4702; x_wconf 72' lang='lat' dir='ltr'><strong>anima:</strong></span> <span class='ocrx_word' id='word_1_874' title='bbox 2855 4660 3038 4704; x_wconf 87' lang='lat' dir='ltr'><strong>natura</strong></span> <span class='ocrx_word' id='word_1_875' title='bbox 3065 4664 3210 4716; x_wconf 90' lang='lat' dir='ltr'><strong>erat,</strong></span> <span class='ocrx_word' id='word_1_876' title='bbox 3243 4662 3401 4725; x_wconf 89' lang='lat' dir='ltr'><strong>atque</strong></span> <span class='ocrx_word' id='word_1_877' title='bbox 3427 4671 3503 4730; x_wconf 37' lang='lat' dir='ltr'><strong>ex.</strong></span> <span class='ocrx_word' id='word_1_878' title='bbox 3523 4661 3622 4713; x_wconf 90' lang='lat' dir='ltr'><strong>hoc</strong></span> 
     </span>
    </p>
   </div>
   <div class='ocr_carea' id='block_1_108' title="bbox 2039 4733 3620 4810">
    <p class='ocr_par' dir='ltr' id='par_1_108' title="bbox 2039 4733 3620 4810">
     <span class='ocr_line' id='line_1_108' title="bbox 2039 4733 3620 4810; baseline 0.009 -22"><span class='ocrx_word' id='word_1_879' title='bbox 2039 4733 2207 4791; x_wconf 87' lang='lat' dir='ltr'><strong>factus</strong></span> <span class='ocrx_word' id='word_1_880' title='bbox 2233 4736 2302 4790; x_wconf 89' lang='lat' dir='ltr'><strong>sit</strong></span> <span class='ocrx_word' id='word_1_881' title='bbox 2326 4736 2478 4789; x_wconf 87' lang='lat' dir='ltr'><strong>ﬂatus</strong></span> <span class='ocrx_word' id='word_1_882' title='bbox 2502 4736 2593 4791; x_wconf 90' lang='lat' dir='ltr'><strong>Dei</strong></span> <span class='ocrx_word' id='word_1_883' title='bbox 2612 4754 2729 4808; x_wconf 62' lang='lat' dir='ltr'><strong>quin</strong></span> <span class='ocrx_word' id='word_1_884' title='bbox 2753 4749 2936 4794; x_wconf 88' lang='lat' dir='ltr'><strong>natura</strong></span> <span class='ocrx_word' id='word_1_885' title='bbox 2963 4752 3101 4796; x_wconf 90' lang='lat' dir='ltr'><strong>esset</strong></span> <span class='ocrx_word' id='word_1_886' title='bbox 3123 4745 3344 4810; x_wconf 68' lang='lat' dir='ltr'><strong>animm;</strong></span> <span class='ocrx_word' id='word_1_887' title='bbox 3367 4748 3501 4801; x_wconf 89' lang='lat' dir='ltr'><strong>sicut</strong></span> <span class='ocrx_word' id='word_1_888' title='bbox 3523 4766 3620 4803; x_wconf 88' lang='lat' dir='ltr'><strong>nec</strong></span> 
     </span>
    </p>
   </div>
   <div class='ocr_carea' id='block_1_109' title="bbox 2040 4824 3616 4903">
    <p class='ocr_par' dir='ltr' id='par_1_109' title="bbox 2040 4824 3616 4903">
     <span class='ocr_line' id='line_1_109' title="bbox 2040 4824 3616 4903; baseline 0.009 -25"><span class='ocrx_word' id='word_1_889' title='bbox 2040 4826 2275 4893; x_wconf 80' lang='lat' dir='ltr'><strong>corporis</strong></span> <span class='ocrx_word' id='word_1_890' title='bbox 2299 4824 2512 4880; x_wconf 88' lang='lat' dir='ltr'><strong>humani</strong></span> <span class='ocrx_word' id='word_1_891' title='bbox 2536 4836 2719 4881; x_wconf 89' lang='lat' dir='ltr'><strong>natura</strong></span> <span class='ocrx_word' id='word_1_892' title='bbox 2742 4828 2850 4898; x_wconf 88' lang='lat' dir='ltr'><strong>jam</strong></span> <span class='ocrx_word' id='word_1_893' title='bbox 2874 4839 3004 4897; x_wconf 89' lang='lat' dir='ltr'><strong>erat,</strong></span> <span class='ocrx_word' id='word_1_894' title='bbox 3034 4842 3313 4903; x_wconf 86' lang='lat' dir='ltr'><strong>antequam</strong></span> <span class='ocrx_word' id='word_1_895' title='bbox 3341 4836 3481 4892; x_wconf 89' lang='lat' dir='ltr'><strong>Deus</strong></span> <span class='ocrx_word' id='word_1_896' title='bbox 3501 4854 3616 4892; x_wconf 89' lang='lat' dir='ltr'><strong>cam</strong></span> 
     </span>
    </p>
   </div>
   <div class='ocr_carea' id='block_1_110' title="bbox 2040 4915 3618 4988">
    <p class='ocr_par' dir='ltr' id='par_1_110' title="bbox 2040 4915 3618 4988">
     <span class='ocr_line' id='line_1_110' title="bbox 2040 4915 3618 4988; baseline 0.011 -21"><span class='ocrx_word' id='word_1_897' title='bbox 2040 4915 2103 4969; x_wconf 87' lang='lat' dir='ltr'><strong>de</strong></span> <span class='ocrx_word' id='word_1_898' title='bbox 2132 4916 2258 4969; x_wconf 89' lang='lat' dir='ltr'><strong>limo</strong></span> <span class='ocrx_word' id='word_1_899' title='bbox 2289 4925 2442 4971; x_wconf 68' lang='lat' dir='ltr'><strong>terra:</strong></span> <span class='ocrx_word' id='word_1_900' title='bbox 2471 4918 2551 4972; x_wconf 86' lang='lat' dir='ltr'><strong>vel</strong></span> <span class='ocrx_word' id='word_1_901' title='bbox 2593 4921 2807 4988; x_wconf 91' lang='lat' dir='ltr'><strong>pulvere</strong></span> <span class='ocrx_word' id='word_1_902' title='bbox 2836 4920 3131 4979; x_wconf 83' lang='lat' dir='ltr'><strong>formasset.</strong></span> <span class='ocrx_word' id='word_1_903' title='bbox 3163 4926 3277 4982; x_wconf 89' lang='lat' dir='ltr'><strong>Non</strong></span> <span class='ocrx_word' id='word_1_904' title='bbox 3316 4930 3457 4983; x_wconf 89' lang='lat' dir='ltr'><strong>enim</strong></span> <span class='ocrx_word' id='word_1_905' title='bbox 3493 4946 3618 4985; x_wconf 87' lang='lat' dir='ltr'><strong>caro</strong></span> 
     </span>
    </p>
   </div>
   <div class='ocr_carea' id='block_1_111' title="bbox 2040 5004 3617 5090">
    <p class='ocr_par' dir='ltr' id='par_1_111' title="bbox 2040 5004 3617 5090">
     <span class='ocr_line' id='line_1_111' title="bbox 2040 5004 3617 5090; baseline 0.013 -33"><span class='ocrx_word' id='word_1_906' title='bbox 2040 5004 2266 5059; x_wconf 87' lang='lat' dir='ltr'><strong>humana</strong></span> <span class='ocrx_word' id='word_1_907' title='bbox 2296 5016 2407 5060; x_wconf 86' lang='lat' dir='ltr'><strong>erat</strong></span> <span class='ocrx_word' id='word_1_908' title='bbox 2437 5009 2610 5077; x_wconf 85' lang='lat' dir='ltr'><strong>pulvis</strong></span> <span class='ocrx_word' id='word_1_909' title='bbox 2633 5021 2723 5063; x_wconf 89' lang='lat' dir='ltr'><strong>aut</strong></span> <span class='ocrx_word' id='word_1_910' title='bbox 2744 5011 2934 5078; x_wconf 89' lang='lat' dir='ltr'><strong>limus;</strong></span> <span class='ocrx_word' id='word_1_911' title='bbox 2958 5014 3049 5068; x_wconf 92' lang='lat' dir='ltr'><strong>sed</strong></span> <span class='ocrx_word' id='word_1_912' title='bbox 3079 5024 3253 5073; x_wconf 89' lang='lat' dir='ltr'><strong>tamen</strong></span> <span class='ocrx_word' id='word_1_913' title='bbox 3278 5019 3473 5090; x_wconf 88' lang='lat' dir='ltr'><strong>aliquid</strong></span> <span class='ocrx_word' id='word_1_914' title='bbox 3502 5030 3617 5077; x_wconf 86' lang='lat' dir='ltr'><strong>erat</strong></span> 
     </span>
    </p>
   </div>
   <div class='ocr_carea' id='block_1_112' title="bbox 2040 5099 3052 5171">
    <p class='ocr_par' dir='ltr' id='par_1_112' title="bbox 2040 5099 3052 5171">
     <span class='ocr_line' id='line_1_112' title="bbox 2040 5099 3052 5171; baseline 0.012 -20"><span class='ocrx_word' id='word_1_915' title='bbox 2040 5099 2177 5153; x_wconf 91' lang='lat' dir='ltr'><strong>unde</strong></span> <span class='ocrx_word' id='word_1_916' title='bbox 2207 5100 2291 5153; x_wconf 86' lang='lat' dir='ltr'><strong>illa</strong></span> <span class='ocrx_word' id='word_1_917' title='bbox 2322 5100 2490 5168; x_wconf 78' lang='lat' dir='ltr'><strong>fieret,</strong></span> <span class='ocrx_word' id='word_1_918' title='bbox 2513 5119 2630 5171; x_wconf 77' lang='lat' dir='ltr'><strong>qua:</strong></span> <span class='ocrx_word' id='word_1_919' title='bbox 2658 5105 2887 5159; x_wconf 92' lang='lat' dir='ltr'><strong>nondum</strong></span> <span class='ocrx_word' id='word_1_920' title='bbox 2919 5117 3052 5163; x_wconf 88' lang='lat' dir='ltr'><strong>erat.</strong></span> 
     </span>
    </p>
   </div>
   <div class='ocr_carea' id='block_1_113' title="bbox 2036 5184 3615 5271">
    <p class='ocr_par' dir='ltr' id='par_1_113' title="bbox 2036 5184 3615 5271">
     <span class='ocr_line' id='line_1_113' title="bbox 2036 5184 3615 5271; baseline 0.01 -27"><span class='ocrx_word' id='word_1_921' title='bbox 2036 5188 2263 5246; x_wconf 82' lang='lat' dir='ltr'><strong>CAPUT</strong></span> <span class='ocrx_word' id='word_1_922' title='bbox 2290 5190 2374 5245; x_wconf 81' lang='lat' dir='ltr'><strong>Vl.</strong></span> <span class='ocrx_word' id='word_1_923' title='bbox 2395 5221 2468 5232; x_wconf 86' lang='lat'><strong>--</strong></span> <span class='ocrx_word' id='word_1_924' title='bbox 2487 5184 2566 5247; x_wconf 73' lang='lat' dir='ltr'><strong>An</strong></span> <span class='ocrx_word' id='word_1_925' title='bbox 2594 5202 2647 5247; x_wconf 88' lang='lat' dir='ltr'><strong>ut</strong></span> <span class='ocrx_word' id='word_1_926' title='bbox 2676 5197 2920 5264; x_wconf 82' lang='lat' dir='ltr'><strong>corporis,</strong></span> <span class='ocrx_word' id='word_1_927' title='bbox 2941 5198 3014 5251; x_wconf 79' lang='lat' dir='ltr'><strong>ita</strong></span> <span class='ocrx_word' id='word_1_928' title='bbox 3039 5199 3287 5267; x_wconf 76' lang='lat' dir='ltr'><strong>etaninue</strong></span> <span class='ocrx_word' id='word_1_929' title='bbox 3310 5206 3615 5271; x_wconf 71' lang='lat' dir='ltr'><strong>prwcesserit</strong></span> 
     </span>
    </p>
   </div>
   <div class='ocr_carea' id='block_1_114' title="bbox 2602 5288 3041 5358">
    <p class='ocr_par' dir='ltr' id='par_1_114' title="bbox 2602 5288 3041 5358">
     <span class='ocr_line' id='line_1_114' title="bbox 2602 5288 3041 5358; baseline 0.009 -18"><span class='ocrx_word' id='word_1_930' title='bbox 2602 5288 2772 5358; x_wconf 84' lang='lat' dir='ltr'><strong>aliqua</strong></span> <span class='ocrx_word' id='word_1_931' title='bbox 2794 5292 3041 5344; x_wconf 83' lang='lat' dir='ltr'><strong>materies.</strong></span> 
     </span>
    </p>
   </div>
   <div class='ocr_carea' id='block_1_115' title="bbox 2107 5372 3607 5450">
    <p class='ocr_par' dir='ltr' id='par_1_115' title="bbox 2107 5372 3607 5450">
     <span class='ocr_line' id='line_1_115' title="bbox 2107 5372 3607 5450; baseline 0.005 -17"><span class='ocrx_word' id='word_1_932' title='bbox 2107 5374 2158 5433; x_wconf 89' lang='lat'><strong>9.</strong></span> <span class='ocrx_word' id='word_1_933' title='bbox 2197 5372 2333 5429; x_wconf 85' lang='lat' dir='ltr'><strong>Num</strong></span> <span class='ocrx_word' id='word_1_934' title='bbox 2360 5390 2486 5445; x_wconf 81' lang='lat' dir='ltr'><strong>ergo</strong></span> <span class='ocrx_word' id='word_1_935' title='bbox 2507 5377 2759 5433; x_wconf 88' lang='lat' dir='ltr'><strong>credibile</strong></span> <span class='ocrx_word' id='word_1_936' title='bbox 2776 5388 2875 5444; x_wconf 86' lang='lat' dir='ltr'><strong>est,</strong></span> <span class='ocrx_word' id='word_1_937' title='bbox 2897 5380 2947 5434; x_wconf 93' lang='lat' dir='ltr'><strong>in</strong></span> <span class='ocrx_word' id='word_1_938' title='bbox 2973 5382 3267 5450; x_wconf 87' lang='lat' dir='ltr'><strong>primisiilis</strong></span> <span class='ocrx_word' id='word_1_939' title='bbox 3288 5398 3380 5438; x_wconf 76' lang='lat' dir='ltr'><strong>sex</strong></span> <span class='ocrx_word' id='word_1_940' title='bbox 3405 5384 3607 5441; x_wconf 85' lang='lat' dir='ltr'><strong>dierum</strong></span> 
     </span>
    </p>
   </div>
   <div class='ocr_carea' id='block_1_116' title="bbox 2036 5468 3612 5548">
    <p class='ocr_par' dir='ltr' id='par_1_116' title="bbox 2036 5468 3612 5548">
     <span class='ocr_line' id='line_1_116' title="bbox 2036 5468 3612 5548; baseline 0.011 -29"><span class='ocrx_word' id='word_1_941' title='bbox 2036 5468 2284 5536; x_wconf 89' lang='lat' dir='ltr'><strong>operibus</strong></span> <span class='ocrx_word' id='word_1_942' title='bbox 2314 5468 2479 5522; x_wconf 91' lang='lat' dir='ltr'><strong>Deum</strong></span> <span class='ocrx_word' id='word_1_943' title='bbox 2505 5470 2823 5536; x_wconf 88' lang='lat' dir='ltr'><strong>condidisse,</strong></span> <span class='ocrx_word' id='word_1_944' title='bbox 2852 5488 2955 5527; x_wconf 90' lang='lat' dir='ltr'><strong>non</strong></span> <span class='ocrx_word' id='word_1_945' title='bbox 2985 5474 3154 5528; x_wconf 85' lang='lat' dir='ltr'><strong>solum</strong></span> <span class='ocrx_word' id='word_1_946' title='bbox 3182 5474 3341 5530; x_wconf 85' lang='lat' dir='ltr'><strong>futuri</strong></span> <span class='ocrx_word' id='word_1_947' title='bbox 3370 5470 3612 5548; x_wconf 81' lang='lat' dir='ltr'><strong>corporis</strong></span> 
     </span>
    </p>
   </div>
   <div class='ocr_carea' id='block_1_117' title="bbox 2036 5557 3609 5630">
    <p class='ocr_par' dir='ltr' id='par_1_117' title="bbox 2036 5557 3609 5630">
     <span class='ocr_line' id='line_1_117' title="bbox 2036 5557 3609 5630; baseline 0.01 -19"><span class='ocrx_word' id='word_1_948' title='bbox 2036 5557 2252 5613; x_wconf 87' lang='lat' dir='ltr'><strong>humani</strong></span> <span class='ocrx_word' id='word_1_949' title='bbox 2281 5560 2545 5615; x_wconf 84' lang='lat' dir='ltr'><strong>causalem</strong></span> <span class='ocrx_word' id='word_1_950' title='bbox 2587 5561 2875 5630; x_wconf 90' lang='lat' dir='ltr'><strong>rationem,</strong></span> <span class='ocrx_word' id='word_1_951' title='bbox 2921 5579 3102 5619; x_wconf 85' lang='lat' dir='ltr'><strong>verum</strong></span> <span class='ocrx_word' id='word_1_952' title='bbox 3140 5567 3294 5621; x_wconf 87' lang='lat' dir='ltr'><strong>etiam</strong></span> <span class='ocrx_word' id='word_1_953' title='bbox 3334 5570 3609 5626; x_wconf 69' lang='lat' dir='ltr'><strong>materiem</strong></span> 
     </span>
    </p>
   </div>
   <div class='ocr_carea' id='block_1_118' title="bbox 2096 5714 3607 5793">
    <p class='ocr_par' dir='ltr' id='par_1_118' title="bbox 2096 5714 3607 5793">
     <span class='ocr_line' id='line_1_118' title="bbox 2096 5714 3607 5793; baseline 0.013 -31"><span class='ocrx_word' id='word_1_954' title='bbox 2096 5716 2113 5747; x_wconf 81' lang='grc' dir='ltr'>ί</span> <span class='ocrx_word' id='word_1_955' title='bbox 2139 5723 2187 5763; x_wconf 90' lang='lat' dir='ltr'><strong>In</strong></span> <span class='ocrx_word' id='word_1_956' title='bbox 2360 5721 2456 5793; x_wconf 15' lang='grc' dir='ltr'><strong>νειιξι</strong></span> <span class='ocrx_word' id='word_1_957' title='bbox 2476 5714 2532 5767; x_wconf 81' lang='lat' dir='ltr'><strong>ob</strong></span> <span class='ocrx_word' id='word_1_958' title='bbox 2652 5718 3001 5793; x_wconf 50' lang='lat' dir='ltr'><strong>consternatis,</strong></span> <span class='ocrx_word' id='word_1_959' title='bbox 3019 5730 3256 5787; x_wconf 81' lang='lat' dir='ltr'><strong>cxpuncta</strong></span> <span class='ocrx_word' id='word_1_960' title='bbox 3274 5740 3395 5793; x_wconf 63' lang='lat' dir='ltr'><strong>{rm}</strong></span> <span class='ocrx_word' id='word_1_961' title='bbox 3404 5730 3607 5781; x_wconf 79' lang='lat' dir='ltr'><strong>ositione</strong></span> 
     </span>
    </p>
   </div>
   <div class='ocr_carea' id='block_1_119' title="bbox 2033 5780 2831 5843">
    <p class='ocr_par' dir='ltr' id='par_1_119' title="bbox 2033 5780 2831 5843">
     <span class='ocr_line' id='line_1_119' title="bbox 2033 5780 2831 5843; baseline 0.004 -15"><span class='ocrx_word' id='word_1_962' title='bbox 2033 5792 2082 5840; x_wconf 89' lang='lat' dir='ltr'><strong>a,</strong></span> <span class='ocrx_word' id='word_1_963' title='bbox 2106 5792 2213 5843; x_wconf 80' lang='lat' dir='ltr'><strong>qua:</strong></span> <span class='ocrx_word' id='word_1_964' title='bbox 2240 5788 2400 5831; x_wconf 77' lang='lat' dir='ltr'><strong>exstat</strong></span> <span class='ocrx_word' id='word_1_965' title='bbox 2420 5780 2469 5830; x_wconf 89' lang='lat' dir='ltr'><strong>in</strong></span> <span class='ocrx_word' id='word_1_966' title='bbox 2485 5780 2706 5831; x_wconf 86' lang='lat' dir='ltr'><strong>omnibus</strong></span> <span class='ocrx_word' id='word_1_967' title='bbox 2727 5786 2831 5831; x_wconf 79' lang='lat' dir='ltr'><strong>Mss.</strong></span> 
     </span>
    </p>
   </div>
  </div>
