4074 6356
484 367 555 424 de
571 382 675 440 qua
700 367 868 433 fleret,
896 365 951 424 id
972 374 1057 425 est
1080 374 1299 431 terram,
1317 364 1385 422 de
1408 364 1564 434 cujus
1590 362 1719 418 limo
1738 360 1821 416 vel
1848 360 2067 430 pulvere

487 460 808 532 fingeretur,
835 460 1027 514 animae
1053 468 1231 515 autem
1256 458 1421 513 solam
1449 455 1519 511 ibi
1558 452 1860 510 condidisse
1900 453 2066 507 ratio-

486 566 631 625 nem,
662 549 952 607 secundum
973 565 1129 621 quam
1159 549 1327 616 ﬂeret,
1351 552 1458 603 nun
1486 546 1643 601 etiam
1669 543 1947 615 quamdam
1970 556 2067 613 pro

486 660 585 698 suo
603 660 793 715 genere
810 642 1105 710 materiam,
1128 640 1196 697 de
1229 656 1330 711 qua
1358 638 1538 695 ﬁeret?
1561 638 1618 694 Si
1645 637 1787 694 enim
1815 634 2065 707 quiddam

488 734 917 791 incommutabile
946 741 1089 789 esset
1127 732 1299 786 anima
1321 772 1336 796 ,
1379 730 1526 784 nullo
1563 726 1722 782 modo
1763 726 1879 797 ejus
1917 724 2066 796 quasi

489 827 760 882 materiam
787 840 1024 897 quzerere
1051 822 1368 880 deberemus
1394 839 1408 875 :
1439 834 1580 875 nunc
1602 827 1777 873 autem
1803 815 2069 872 mutabili-

487 929 567 973 tas
596 918 710 988 ejus
738 918 866 971 satis
887 914 1082 969 indicat
1109 929 1227 968 eam
1253 912 1463 967 interim
1493 910 1633 964 \itiis
1661 917 1819 979 atque
1847 904 2068 961 fallaciis

486 1010 775 1065 deformem
798 1006 966 1071 reddi,
994 1004 1208 1060 formari
1230 1012 1407 1058 autem
1428 1000 1707 1056 virtutibus
1723 997 2067 1066 veritatisque

484 1099 721 1155 doetrina
744 1139 762 1166 ,
790 1097 884 1153 sed
912 1096 967 1150 in
994 1110 1087 1150 sua
1114 1094 1223 1163 jam
1252 1100 1432 1147 natura
1458 1106 1560 1161 qua
1589 1098 1670 1145 est
1692 1088 1901 1150 anima;
1932 1086 2069 1139 sicut

486 1194 645 1245 etiam
678 1204 804 1243 caro
827 1188 879 1241 in
905 1201 1000 1240 sua
1029 1192 1213 1239 natura
1243 1198 1344 1254 qua
1370 1182 1478 1252 jam
1508 1195 1632 1234 caro
1657 1187 1774 1243 est,
1816 1185 1870 1231 et
1898 1176 2069 1231 salute

485 1279 785 1343 decoratur,
816 1285 870 1330 et
904 1275 1105 1330 morbis
1126 1273 1532 1340 vulneribusque
1552 1269 1797 1325 foedatur.
1827 1266 1932 1322 Sed
1961 1267 2069 1319 sic-

487 1380 544 1425 ut
598 1370 741 1434 hare,
775 1376 999 1437 excepto
1028 1364 1168 1436 quod
1193 1365 1300 1433 jam
1340 1377 1465 1417 caro
1507 1369 1591 1417 est
1632 1359 1681 1413 in
1730 1373 1832 1429 qua
1880 1368 2065 1411 natura

486 1461 569 1517 vel
598 1459 807 1531 proficit
835 1467 892 1512 ut
920 1456 1157 1527 pulchra,
1185 1455 1267 1509 vel
1296 1453 1474 1508 deficit
1500 1461 1556 1506 ut
1581 1450 1833 1505 deformis
1854 1450 1941 1513 sit,
1973 1446 2070 1501 ha-

486 1554 602 1609 ltuit
624 1554 783 1609 etiam
810 1548 1086 1606 materiem
1106 1588 1123 1615 ,
1157 1547 1208 1601 id
1238 1556 1316 1601 est
1347 1556 1563 1608 terram,
1603 1542 1670 1597 de
1693 1556 1793 1611 qua
1823 1539 1991 1603 fieret,
2015 1547 2071 1592 ut

484 1646 703 1702 omnino
730 1658 856 1700 caro
881 1647 1022 1698 esset
1049 1658 1062 1695 :
1085 1639 1164 1694 sic
1186 1637 1412 1693 fortasse
1432 1634 1601 1706 potuit
1624 1642 1676 1688 et
1703 1632 1899 1696 anima,
1922 1639 2073 1684 ante-

484 1750 644 1807 quam
672 1748 734 1791 ea
758 1734 873 1804 ipsa
900 1740 1084 1786 natura
1116 1729 1267 1783 fleret
1287 1769 1303 1793 ,
1334 1740 1452 1797 qua:
1476 1723 1651 1777 anima
1680 1722 1893 1786 dicitur,
1919 1719 2070 1788 cujus

486 1830 573 1884 vel
601 1824 935 1899 pulchritudo
963 1823 1151 1885 virtus,
1178 1819 1262 1875 vel
1287 1817 1597 1873 deformitas
1624 1814 1809 1868 vitium
1837 1821 1939 1878 est,
1969 1809 2069 1865 ha-

487 1919 616 1975 bere
643 1918 872 1988 aliquam
905 1914 1181 1969 materiam
1219 1925 1314 1981 pro
1340 1923 1440 1963 suo
1478 1920 1676 1977 genere
1708 1902 2067 1974 spiritualem,

485 2026 606 2082 qua:
634 2008 868 2064 nondum
911 2012 1054 2061 esset
1093 2002 1302 2065 anima;
1349 1998 1487 2054 sicut
1533 2006 1670 2053 terra
1708 1995 1774 2050 de
1814 2008 1915 2064 qua
1943 2005 2071 2047 caro

487 2100 624 2157 facta
649 2108 753 2167 est,
779 2097 888 2168 jam
913 2102 1027 2151 erat
1053 2090 1272 2163 aliquid,
1300 2088 1539 2161 quamvis
1564 2103 1667 2142 non
1696 2094 1810 2141 erat
1834 2099 1977 2139 caro.

561 2195 649 2250 10.
687 2190 794 2248 Sed
833 2189 974 2245 enim
994 2186 1104 2258 jam
1135 2194 1278 2241 terra
1318 2181 1572 2250 implebat
1611 2177 1790 2232 mundi
1833 2175 2068 2230 infimam

490 2293 716 2356 partem,
740 2290 1023 2351 antequam
1051 2276 1118 2332 de
1146 2276 1234 2330 illa
1255 2286 1448 2343 corpus
1477 2268 1707 2324 hominis
1732 2266 1884 2322 ﬂeret
1899 2306 1915 2332 ,
1936 2281 2069 2320 con-

488 2374 667 2431 ferens
704 2372 952 2427 universo
992 2375 1160 2422 totum
1200 2379 1375 2426 suum,
1406 2369 1464 2416 ut
1499 2358 1703 2416 etiamsi
1748 2356 1889 2411 nulla
1917 2371 1980 2410 ex
2007 2368 2071 2410 ea

486 2481 616 2522 caro
653 2465 804 2518 fieret
830 2458 1113 2515 animantis
1153 2456 1464 2526 cujusquam
1490 2493 1506 2519 ,
1536 2450 1717 2520 specie
1762 2458 1938 2502 tamen
1974 2460 2069 2500 sua

487 2558 674 2617 mundi
723 2554 976 2611 fabricam
1029 2548 1331 2618 molemque
1382 2544 1713 2614 compleret,
1776 2538 2069 2596 secundum

485 2666 646 2722 quam
672 2646 866 2705 dicitur
893 2642 1123 2700 mundus
1148 2641 1342 2696 coelum
1374 2645 1428 2693 et
1463 2645 1625 2691 terra.

485 2721 709 2800 CAPUT
739 2738 851 2796 Vll.
872 2767 944 2778 —
964 2735 1078 2790 Dici
1098 2749 1198 2788 non
1230 2745 1375 2802 posse
1396 2728 1562 2799 qualis
1588 2725 1761 2797 fuisset
1789 2721 1880 2778 tllo
1913 2730 2072 2777 mate-

1119 2824 1219 2878 ries
1238 2821 1441 2875 animle.

561 2925 635 2980 Αι
668 2935 797 2976 vero
823 2919 911 2975 illa
949 2913 1241 2986 spiritualis
1269 2909 1519 2966 materies
1541 2948 1558 2976 ,
1585 2907 1628 2962 si
1661 2904 1760 2961 fuit
1799 2903 1902 2959 ulla
1931 2901 2072 2958 unde

487 3015 666 3071 anima
709 3012 858 3066 fieret
880 3051 896 3076 ,
921 3008 1007 3062 vel
1034 3006 1077 3060 si
1115 3014 1199 3060 est
1239 3002 1346 3058 ulla
1384 3000 1523 3057 unde
1550 2999 1740 3054 animae
1771 2998 1918 3061 fiunt,
1948 2995 2071 3066 quid

489 3108 605 3178 ipsa
632 3102 751 3161 est?
778 3100 918 3174 quod
947 3114 1160 3163 nomen,
1183 3108 1342 3167 quam
1367 3092 1623 3163 speciem,
1645 3105 1803 3161 quem
1833 3105 1985 3144 usum
2016 3088 2072 3143 in

490 3198 650 3254 rebus
675 3192 906 3252 conditis
930 3189 1112 3245 tenet?
1142 3187 1319 3252 Vivit,
1363 3200 1429 3239 an
1458 3181 1602 3238 non?
1644 3182 1698 3235 Si
1745 3180 1900 3246 vivit,
1946 3179 2073 3251 quid

490 3288 635 3360 agit?
660 3285 785 3359 quid
812 3283 1020 3341 confert
1047 3279 1405 3337 universitatis
1445 3276 1755 3333 eﬂ'ectibus?
1790 3276 2075 3331 Beatatttne

489 3384 652 3437 vitam
679 3379 847 3452 gerit,
884 3391 952 3432 an
990 3374 1241 3430 miseram
1259 3414 1276 3440 ,
1304 3386 1372 3427 an
1401 3367 1683 3425 neutram?
1714 3366 1957 3422 Vivilicat
1979 3365 2076 3420 ali-

490 3474 655 3548 quid?
683 3489 751 3528 an
774 3471 843 3526 ab
866 3469 970 3527 hoc
991 3468 1152 3524 etiam
1175 3480 1338 3537 apere
1362 3472 1537 3527 vacat,
1568 3469 1633 3529 et
1650 3461 1704 3515 in
1733 3460 1961 3530 quodam
1986 3473 2073 3513 se-

490 3576 642 3622 creto
682 3559 1039 3620 universitatis
1063 3557 1232 3613 otiosa
1268 3553 1569 3626 requiescit,
1601 3552 1717 3607 sine
1745 3550 1884 3622 vigili
1915 3564 2077 3604 sensu

492 3665 746 3726 motuque
763 3652 949 3708 vitali?
968 3650 1025 3707 Si
1045 3650 1186 3705 enim
1209 3646 1354 3703 nulla
1381 3658 1601 3716 prorsus
1624 3642 1797 3696 adhuc
1814 3640 1917 3695 vita
1937 3648 2073 3706 erat,

493 3744 763 3818 quomodo
801 3750 945 3799 esset
979 3740 1100 3797 vita:
1144 3740 1333 3795 futurae
1373 3735 1614 3807 quaedam
1643 3734 1949 3803 incorporea
1980 3745 2079 3786 nec

493 3840 614 3893 viva
631 3832 917 3892 materies?
931 3833 1037 3889 Aut
1055 3830 1241 3886 falsum
1261 3836 1365 3895 est,
1384 3835 1475 3881 aut
1491 3824 1648 3880 nimis
1666 3823 1812 3878 latet.
1828 3822 1884 3876 Si
1898 3831 2075 3877 autem

488 3931 602 4002 jam
627 3928 840 3985 vivebat
866 3941 965 3982 nec
990 3924 1145 3979 beate
1174 3936 1272 3977 nec
1300 3920 1495 3975 misere
1511 3959 1525 3982 ,
1549 3916 1817 3988 quomodo
1841 3918 2076 3971 rationa-

493 4024 560 4080 lis
587 4020 741 4079 erat?
764 4018 916 4088 Quod
938 4018 982 4073 si
1006 4026 1131 4072 tunc
1154 4013 1428 4070 rationalis
1456 4010 1589 4066 facta
1609 4018 1712 4076 est,
1740 4023 1860 4064 cum
1899 4024 1964 4064 ex
1989 4009 2076 4062 illa

494 4113 719 4172 materie
740 4119 929 4167 natura
954 4108 1200 4164 humana:
1228 4104 1421 4160 anima:
1446 4101 1580 4158 facta
1610 4110 1726 4167 est;
1758 4099 2079 4155 irrationalis

493 4220 624 4276 ergo
655 4203 764 4259 vita
801 4199 1050 4256 materies
1082 4205 1198 4253 erat
1234 4195 1425 4250 anima:
1466 4191 1759 4258 rationalis,
1790 4190 1841 4245 id
1869 4199 1951 4244 est
1976 4189 2076 4243 ltu—

495 4300 702 4357 manasl
727 4295 866 4367 Quid
894 4308 1023 4365 ergo
1050 4292 1190 4349 inter
1217 4289 1359 4345 illam
1383 4286 1694 4358 pecorisque
1712 4283 1974 4339 distabat?
1994 4283 2074 4337 An

495 4389 769 4448 rationalis
794 4395 911 4443 erat
932 4386 1039 4456 jam
1070 4380 1436 4454 possibilitate,
1459 4375 1693 4433 nondum
1719 4373 2001 4431 facultate?
2020 4374 2079 4429 Si

494 4483 638 4537 enim
660 4479 903 4534 videmus
928 4473 1219 4531 infantilem
1238 4471 1491 4533 animam,
1509 4467 1620 4538 jam
1642 4465 1824 4537 utique
1848 4462 2078 4518 hominis

495 4572 724 4626 animam
749 4611 765 4631 .
790 4566 1022 4623 nondum
1050 4565 1277 4634 cmpisse
1301 4561 1375 4616 uti
1403 4560 1629 4625 ratione,
1660 4567 1714 4615 et
1753 4566 1930 4612 tamen
1956 4571 2076 4611 eam

496 4660 808 4717 rationalem
835 4659 1093 4721 dicimus;
1124 4669 1219 4709 cur
1260 4667 1363 4707 non
1402 4649 1646 4706 credatur
1673 4649 1751 4703 sic
1779 4648 1832 4702 in
1854 4647 1939 4701 illa
1966 4663 2078 4702 ma—

497 4752 651 4819 terie,
676 4749 745 4806 de
769 4764 873 4820 qua
917 4747 1054 4801 facta
1079 4751 1164 4800 est
1187 4744 1386 4809 anima,
1421 4742 1655 4811 quietum
1683 4740 1847 4795 fuisse
1873 4748 2076 4793 motum

496 4847 658 4903 etiam
686 4840 985 4905 sentiendi,
1013 4839 1150 4894 sicut
1175 4836 1229 4892 in
1261 4836 1358 4891 ista
1385 4833 1631 4899 infantili,
1658 4847 1775 4901 qua:
1797 4830 1908 4901 jam
1932 4840 2077 4887 certe

493 4940 669 4996 anima
693 4946 776 4994 est
803 4934 1035 4992 hominis
1057 4972 1075 5000 ,
1102 4931 1314 5003 quietus
1336 4939 1419 4985 est
1454 4927 1627 4984 adhuc
1667 4934 1842 4981 motus
1867 4925 2076 4981 ratioci-

495 5032 653 5089 nandi
674 5030 701 5086 ?

492 5122 719 5182 CAPUT
752 5119 883 5180 \‘lll.
907 5149 982 5164 -—
1007 5115 1217 5174 Beatam
1243 5115 1400 5188 fuisse
1422 5111 1677 5169 materiem
1712 5110 1856 5166 illam
1877 5108 2074 5164 admitti

1129 5225 1231 5264 non
1256 5215 1439 5281 potest.

494 5358 497 5359 ν
566 5307 654 5364 ll.
694 5305 827 5361 Nam
871 5304 915 5359 si
939 5302 1050 5372 jam
1092 5303 1244 5358 beata
1284 5308 1400 5356 erat
1426 5299 1568 5365 vita,
1593 5298 1663 5353 de
1690 5311 1794 5367 qua
1835 5293 1967 5350 facta
1992 5301 2078 5350 est

486 5390 726 5450 heroinis
766 5395 972 5459 anima;
1002 5393 1236 5448 deterius
1261 5406 1387 5467 ergo
1416 5389 1552 5446 facta
1590 5398 1671 5444 est
1702 5405 1716 5441 :
1747 5395 1802 5443 et
1824 5386 1943 5442 ideo
1968 5402 2074 5442 non

490 5486 603 5556 j.m
646 5488 729 5541 illa
777 5486 1025 5542 materies
1064 5483 1218 5553 hujus
1241 5525 1257 5549 ,
1304 5483 1398 5539 sed
1426 5482 1566 5538 illius
1592 5480 1690 5536 ista
1714 5480 1944 5537 delluxio
1969 5489 2073 5536 est.

492 5577 623 5633 Nam
652 5577 897 5632 materies
917 5577 1089 5648 aliqua
1116 5591 1235 5631 cum
1258 5574 1533 5640 formatur,
1566 5574 1857 5644 prmsertim
1882 5589 1909 5626 a
1942 5574 2072 5640 Dea,

493 5688 545 5725 ιιι
571 5671 762 5729 melius
786 5670 901 5728 sine
924 5668 1252 5727 dubitatione
1278 5667 1554 5723 formatur.
1587 5664 1693 5721 Sed
1722 5664 1879 5722 ctiam
1906 5664 1948 5720 si
1976 5680 2072 5719 cu-

1434 249 1524 307 DE
1560 246 1802 307 GENESI
1840 246 1931 301 AD
1969 243 2338 311 LITTERAM,
2376 244 2435 301 S.
2464 241 2830 304 AUGUSTINI

2170 358 2418 429 jusquam
2443 360 2497 414 in
2533 360 2707 431 aliqua
2736 357 3057 415 beatitudine
3100 357 3250 415 factae
3278 373 3310 417 a
3354 359 3465 417 Deo
3512 344 3631 417 vita:
3657 362 3764 420 de-

2172 447 2334 503 llusio
2360 449 2533 503 anima
2559 449 2787 504 humana
2810 459 2989 521 posset
3007 451 3248 522 intelligi,
3267 467 3367 507 nec
3388 452 3466 508 sic
3489 453 3760 511 credenda

2171 546 2286 592 erat
2312 553 2430 594 esse
2455 540 2682 608 cmpisse
2721 539 2770 593 in
2798 541 2978 611 aliquo
3004 550 3123 596 actu
3163 543 3472 597 meritorum
3497 559 3719 599 suorum
3740 586 3757 613 ,

2172 630 2272 685 nisi
2300 646 2366 686 ex
2395 648 2499 702 quo
2527 633 2797 703 propriam
2826 633 2988 703 cmpit
3022 648 3177 704 agere
3203 635 3362 689 vitam
3382 676 3398 702 ,
3426 636 3553 690 dum
3582 638 3763 693 anima

2172 721 2308 777 facta
2334 732 2416 778 est
2444 725 2686 779 animans
2709 740 2950 790 carnem,
2975 733 3029 780 et
3056 724 3170 794 ejus
3190 726 3432 780 sensibus
3452 728 3598 782 velut
3618 744 3760 784 nun-

2174 814 2262 869 tiis
2285 824 2436 869 utens
2454 856 2470 881 ,
2512 824 2669 884 atque
2696 815 2750 870 in
2780 816 2955 885 seipsa
2986 831 3043 870 se
3070 817 3249 871 vivere
3273 817 3509 872 sentiens
3536 832 3630 872 sua
3663 836 3763 872 vo-

2170 906 2375 962 luntate
2400 948 2414 971 ,
2467 907 2739 962 intellectu
2760 947 2775 971 ,
2817 908 3091 962 memoria.
3124 907 3178 963 Si
3207 906 3349 961 enim
3397 916 3480 962 est
3521 907 3721 979 aliquid
3741 952 3758 975 ,

2172 998 2314 1053 unde
2347 998 2501 1053 istam
2531 998 2887 1054 deﬂuxionem
2915 1000 3155 1055 formata:
3189 1000 3333 1054 carni
3363 1000 3501 1055 Deus
3531 1002 3760 1071 inspira-

2171 1097 2296 1153 ret,
2354 1098 2600 1160 tanquam
2650 1088 2913 1145 sufllando
2962 1091 3191 1145 animam
3234 1091 3467 1156 faciens,
3514 1091 3763 1163 idemque

2171 1179 2384 1234 beatum
2411 1189 2526 1246 est;
2554 1182 2699 1236 nullo
2732 1182 2891 1237 modo
2936 1192 3210 1247 movetur,
3250 1192 3341 1237 aut
3373 1192 3638 1249 mutatur,
3667 1195 3763 1241 aut

2170 1270 2366 1325 amittit
2390 1272 2602 1340 aliquid,
2628 1287 2748 1327 cum
2771 1273 2873 1328 hoc
2898 1272 2965 1327 ab
2990 1288 3055 1328 eo
3079 1273 3281 1337 defluit,
3312 1274 3451 1329 unde
3478 1276 3654 1329 anima
3677 1276 3758 1331 fit.

2208 1361 2433 1419 CAPUT
2461 1361 2553 1418 IX.
2576 1393 2646 1403 —
2671 1363 2846 1433 Neque
2869 1364 3010 1418 illam
3041 1366 3295 1419 materiem
3319 1382 3424 1419 esse
3450 1367 3725 1438 quamdam

2651 1455 2994 1509 irrationalem
3014 1458 3259 1509 animam.

2245 1544 2360 1600 Non
2389 1554 2472 1602 est
2515 1549 2658 1602 enim
2695 1561 2889 1619 corpus
2912 1588 2927 1615 ,
2968 1556 3025 1601 ut
3052 1556 3300 1619 tanquam
3326 1545 3624 1604 exhalaudo
3649 1548 3758 1605 mi-

2172 1647 2386 1692 nuatur.

2245 1731 2333 1786 ιε.
2373 1730 2427 1787 Si
2448 1740 2624 1787 autem
2653 1730 2829 1786 anima
2858 1730 3198 1798 irrationalis,
3232 1732 3483 1787 materies
3509 1740 3589 1787 est
3612 1747 3753 1803 quo-

2173 1821 2474 1887 dammodo,
2501 1821 2568 1877 de
2588 1838 2690 1892 qua
2722 1823 2778 1876 lit
2798 1823 2970 1878 anima
2993 1822 3286 1887 rationalis,
3312 1823 3363 1878 id
3394 1833 3472 1879 est
3501 1824 3755 1889 humana,

2172 1928 2358 1969 rursus
2378 1913 2632 1984 qumritur
2658 1914 2817 1968 etiam
2842 1913 2956 1983 ipsa
2979 1912 3296 1967 irrationalis
3325 1913 3462 1968 unde
3484 1913 3604 1980 fiat;
3633 1914 3759 1986 quia

2172 2012 2229 2060 et
2267 2005 2433 2076 ipsam
2474 2020 2578 2060 non
2609 2004 2731 2059 facit
2768 2005 2866 2060 nisi
2895 2014 3104 2060 creator
3145 2004 3379 2059 omnium
3426 2015 3754 2061 naturarum.

2173 2096 2254 2152 An
2285 2096 2372 2151 illa
2406 2096 2474 2152 de
2501 2096 2721 2151 materie
2763 2095 3058 2166 corporali?
3097 2096 3203 2151 Cur
3235 2111 3339 2151 non
3369 2111 3496 2166 ergo
3533 2106 3586 2151 et
3622 2097 3758 2150 ista?

2170 2184 2281 2241 Nisi
2307 2188 2439 2241 forte
2466 2185 2607 2257 quod
2632 2186 2777 2240 velut
2811 2186 3067 2256 gradatim
3095 2186 3211 2241 fieri
3237 2188 3571 2251 conceditur,
3603 2203 3757 2242 com-

2170 2278 2366 2349 pendio
2393 2293 2548 2348 posse
2573 2278 2737 2333 Deum
2761 2277 2934 2333 facere
2962 2278 3235 2348 quisquam
3262 2278 3491 2348 negabit.
3524 2277 3758 2333 Proinde

2171 2370 2423 2442 qualibet
2449 2369 2761 2425 adhibeatur
2792 2370 3145 2441 interpositio,
3173 2370 3219 2425 si
3245 2386 3437 2440 corpus
3465 2380 3548 2425 est
3575 2380 3757 2427 mate-

2171 2462 2278 2516 ries
2303 2462 2496 2516 anima:
2520 2460 2875 2529 irrationalis,
2903 2470 2958 2516 et
2984 2462 3157 2515 anima
3184 2461 3503 2516 irrationalis
3528 2470 3611 2517 est
3641 2477 3760 2516 ma-

2174 2551 2333 2606 teries
2356 2550 2548 2606 anima:
2573 2550 2864 2615 rationalis,
2891 2550 3252 2620 proculdubio
3271 2565 3465 2622 corpus
3486 2561 3568 2606 est
3588 2561 3759 2608 mate-

2172 2642 2278 2697 rics
2321 2641 2512 2696 anima:
2554 2641 2848 2696 rationalis.
2879 2641 3028 2709 Quod
3059 2642 3325 2696 neminem
3371 2656 3596 2711 unquam
3640 2642 3758 2698 scio

2171 2749 2358 2790 ausum
2385 2749 2505 2789 esse
2524 2733 2744 2799 sentire,
2773 2733 2874 2788 nisi
2894 2733 2984 2803 qui
3012 2741 3067 2788 et
3096 2734 3263 2803 ipsam
3288 2732 3519 2787 animam
3542 2733 3759 2790 nonnisi

2172 2828 2226 2884 in
2246 2843 2443 2900 genere
2467 2827 2688 2897 alicujus
2717 2826 2955 2896 corporis
2980 2825 3152 2895 ponit.

2245 2921 2335 2976 15.
2376 2920 2580 2976 Deinde
2624 2919 2916 2975 cavendum
2959 2927 3041 2974 est
3083 2934 3151 2975 ne
3192 2918 3433 2989 qumdam
3481 2917 3759 2974 translatio

2172 3011 2364 3065 animae
2408 3010 2523 3065 fieri
2572 3024 2602 3064 a
2646 3025 2839 3078 pecore
2892 3009 2944 3065 in
2992 3009 3260 3065 hominem
3304 3024 3463 3080 posse
3509 3010 3760 3066 credatur

2174 3101 2338 3175 (quod
2367 3101 2572 3157 veritati
2619 3101 2843 3172 ﬁdeique
2880 3101 3152 3157 catholicae
3189 3102 3404 3155 omnino
3432 3102 3758 3158 contrarium

2174 3194 2303 3265 est),
2348 3194 2392 3249 si
2436 3194 2860 3249 concesserimus
2911 3193 3265 3248 irrationalem
3315 3193 3545 3247 animam
3592 3194 3760 3250 veluti

2174 3285 2453 3341 materiem
2495 3284 2801 3354 subiacere,
2833 3284 2973 3339 unde
3018 3284 3290 3339 rationalis
3317 3286 3488 3338 anima
3524 3285 3629 3339 fiat.
3671 3285 3763 3342 Sic

2175 3377 2318 3432 enim
2338 3376 2445 3442 liet,
2460 3384 2517 3430 ut
2536 3374 2582 3430 si
2603 3374 2716 3431 hmc
2732 3376 2783 3429 in
2803 3375 2989 3430 melius
3014 3383 3353 3440 commutata,
3378 3375 3478 3430 erit
3498 3374 3760 3441 hominis;

2178 3467 2267 3522 illa
2293 3481 2504 3537 quoque
2520 3466 2570 3520 in
2591 3466 2823 3521 deterius
2851 3475 3172 3521 commutata
3187 3506 3203 3531 ,
3223 3466 3292 3520 sit
3312 3465 3537 3535 pecoris.
3566 3466 3638 3521 De
3652 3481 3762 3536 quo

2178 3558 2409 3615 ludibrio
2463 3557 2813 3629 quorumdam
2873 3557 3306 3629 philosophorum
3357 3556 3519 3611 etiam
3573 3572 3763 3611 eorum

2178 3648 2382 3722 posteri
2407 3649 2772 3714 erubuerunt,
2802 3663 2900 3703 nec
2945 3663 3038 3702 eos
3075 3647 3178 3703 hoc
3218 3647 3469 3713 sensisse,
3516 3646 3609 3703 sed
3652 3663 3763 3703 non

2177 3750 2322 3796 recte
2347 3739 2640 3794 intellectas
2656 3754 2773 3794 esse
2792 3739 3057 3793 dixerunt.
3087 3738 3156 3793 Et
3176 3738 3335 3794 credo
3355 3738 3427 3792 ita
3452 3753 3589 3802 esse,
3617 3738 3766 3794 velut

2178 3834 2223 3889 si
2250 3833 2528 3904 quisquam
2563 3832 2723 3888 etiam
2750 3831 2818 3886 de
2855 3831 3141 3901 Scripturis
3172 3832 3366 3885 nostris
3396 3832 3495 3885 hoc
3522 3831 3757 3898 sentiat,

2179 3924 2267 3978 ubi
2297 3922 2495 3978 dictum
2520 3931 2622 3989 est,
2652 3920 2819 3975 Homo
2844 3922 2895 3975 in
2916 3921 3107 3975 honore
3128 3921 3319 3990 positus
3357 3938 3458 3975 non
3486 3922 3764 3986 intellexit;

2179 4024 2499 4086 comparatas
2531 4022 2601 4067 est
2630 4014 2886 4084 pecoribus
2913 4012 3198 4078 insensatis,
3229 4021 3274 4064 et
3298 4012 3475 4065 similis
3499 4015 3662 4084 factus
3686 4021 3763 4065 est

2179 4107 2250 4161 eis
2280 4105 2449 4177 (Psal.
2479 4121 2664 4171 xu’ttt,
2689 4104 2777 4178 15)
2804 4122 2817 4158 :
2847 4113 2940 4159 aut
2964 4103 3053 4158 ubi
3079 4105 3201 4160 item
3234 4102 3447 4173 legitur,
3487 4101 3570 4158 Ne
3595 4104 3763 4157 tradi-

2179 4199 2311 4251 deris
2339 4198 2502 4252 bestiis
2524 4198 2747 4251 animam
2770 4199 3083 4264 conﬁtentem
3112 4195 3200 4250 tibi
3226 4195 3396 4267 (Psal.
3430 4212 3609 4257 ωειιιι.
3644 4195 3758 4267 19).

2176 4290 2360 4362 Neque
2379 4291 2519 4346 enim
2551 4306 2652 4344 non
2684 4306 2867 4345 omnes
2890 4290 3123 4345 haeretici
3151 4289 3447 4359 Scripturas
3469 4287 3762 4343 catholicas

2180 4384 2387 4454 legunt;
2413 4397 2512 4438 nec
2540 4381 2609 4437 ob
2628 4381 2771 4436 aliud
2797 4390 2919 4437 sunt
2943 4380 3198 4447 haeretici,
3226 4380 3328 4435 nisi
3353 4378 3494 4450 quod
3520 4393 3611 4433 eas
3649 4394 3758 4433 nou

2179 4483 2323 4529 recte
2344 4473 2717 4543 intelligentes,
2738 4486 2862 4528 suas
2887 4470 3042 4525 falsas
3063 4470 3337 4542 opiniones
3365 4478 3547 4524 contra
3572 4483 3758 4523 earum

2178 4567 2453 4620 veritatem
2485 4565 2827 4634 pervicaciter
2847 4571 3111 4618 asserunt.
3139 4562 3243 4617 Sed
3269 4577 3481 4632 quoquo
3512 4560 3670 4615 modo
3700 4576 3760 4616 se

2180 4656 2371 4711 habeat
2400 4656 2484 4710 vel
2514 4671 2617 4710 non
2650 4654 2841 4709 habeat
2873 4653 3053 4723 Opinio
3091 4650 3527 4722 philos0pltorum
3570 4650 3639 4704 de
3668 4666 3759 4706 re-

2177 4749 2532 4804 volutionibus
2577 4747 2897 4811 animarum,
2945 4746 3218 4800 catholica:
3262 4753 3437 4798 tamen
3483 4741 3604 4796 ﬁdei
3650 4756 3759 4797 non

2177 4842 2422 4897 convenit
2462 4839 2679 4894 credere
2720 4837 2923 4891 animas
2948 4851 3197 4908 pecorum
3245 4836 3297 4889 in
3345 4834 3622 4902 homines,
3667 4844 3760 4888 aut

2179 4930 2450 4986 hominum
2480 4930 2530 4984 in
2559 4943 2745 4999 pecora
2777 4928 3171 4995 transmigrare.

2177 5022 2402 5079 CAPUT
2426 5019 2656 5076 X.—Ea:
2675 5036 2868 5073 morum
2893 5017 3222 5073 similitudine
3246 5034 3346 5072 non
3370 5016 3491 5088 edici
3514 5025 3565 5071 ut
3584 5017 3759 5072 anima

2598 5109 2812 5162 hominis
2832 5109 2885 5161 in
2913 5124 3061 5179 pecus
3088 5117 3331 5161 transeat.

2251 5204 2338 5259 11.
2378 5201 2518 5258 Fieri
2548 5216 2675 5256 sane
2706 5200 2950 5254 homines
2979 5199 3099 5253 vitte
3128 5214 3325 5270 genere
3356 5197 3636 5268 pecoribus
3679 5198 3758 5254 si-

2177 5297 2352 5366 miles,
2377 5304 2431 5351 et
2458 5296 2585 5367 ipsa:
2615 5309 2700 5349 res
2728 5293 2972 5347 humana:
2997 5292 3248 5356 clamant,
3280 5298 3334 5345 et
3358 5288 3644 5359 Scriptura:
3673 5297 3758 5345 te-

2178 5397 2402 5444 stantur.
2433 5385 2585 5441 Unde
2625 5394 2707 5439 est
2731 5383 2857 5438 illud
2882 5382 3025 5454 quod
3050 5381 3483 5447 commemoravi,
3512 5378 3679 5433 Homo
3706 5379 3760 5433 in

2179 5480 2368 5536 honore
2406 5478 2593 5553 positus
2631 5493 2728 5531 non
2757 5474 3033 5540 intellexit;
3062 5484 3379 5544 comparatus
3410 5483 3481 5527 est
3511 5472 3758 5542 jtttnentis

2177 5572 2457 5637 insensatis,
2488 5579 2531 5624 et
2561 5566 2739 5624 similis
2770 5569 2930 5638 factus
2957 5575 3027 5620 est
3053 5565 3123 5619 eis
3145 5580 3164 5619 :
3188 5563 3280 5618 sed
3311 5563 3362 5617 in
3392 5562 3492 5617 hac
3518 5562 3621 5616 vita
3651 5562 3755 5616 uti-

2178 5678 2303 5734 que,
2330 5676 2435 5720 non
2462 5672 2580 5734 post
2601 5671 2845 5716 mortem.
2870 5657 3098 5716 Proinde
3126 5656 3209 5715 vel
3230 5656 3420 5747 taliqu
3447 5655 3629 5713 bestiis
3656 5670 3755 5711 no-
3808 5704 3811 5705 ν
