4090 6530
304 490 454 546 lebat
479 486 532 541 in
560 491 877 556 potestatem
901 480 1015 537 dari
1041 478 1270 534 animam
1307 490 1456 530 suam
1478 516 1491 537 ,
1532 473 1622 544 qui
1653 470 1901 543 dicebat,

310 580 399 636 Ne
425 579 694 635 tradideris
739 576 906 631 bestiis
944 574 1166 627 animant
1193 569 1511 638 conﬁtentem
1554 564 1679 631 tibi;
1719 563 1905 634 quales

308 671 582 727 Cavendos
622 668 878 724 Dominus
916 662 1209 735 signiﬁcat,
1250 660 1339 714 ubi
1377 658 1504 712 dicit
1549 671 1643 711 eos
1695 654 1907 708 indutos

308 764 509 817 vestitu
530 762 729 824 ovium,
760 759 900 812 intus
920 765 1095 810 autem
1117 768 1238 808 esse
1258 752 1410 819 lupos
1436 761 1658 817 rapaces
1680 744 1901 816 (Matth.

310 872 409 922 τυ,
444 854 570 926 15);
601 853 682 908 vel
722 851 821 922 ipsi
847 850 1059 905 diabolo
1084 856 1137 902 et
1164 845 1365 916 angelis
1394 843 1541 913 ejus;
1569 856 1693 896 nam
1725 848 1779 895 et
1814 838 1907 894 ille

309 948 490 1003 dictus
517 956 599 1000 est
623 945 708 999 leo
733 953 788 999 et
815 941 975 997 draco
999 938 1171 1011 (Psal.
1206 953 1297 995 xc.
1331 936 1443 1005 15).

387 1040 479 1094 15.
518 1036 656 1100 Quid
690 1035 831 1091 enim
873 1030 1100 1086 afferunt
1137 1027 1434 1099 argumenti
1475 1021 1773 1094 philosophi
1816 1022 1906 1090 qui

311 1137 505 1199 putant
549 1127 827 1181 hominum
865 1123 1070 1176 animas
1097 1120 1148 1174 in
1180 1133 1402 1189 pecora,
1442 1116 1524 1169 vel
1572 1128 1821 1183 pecorum
1854 1112 1905 1164 in

312 1219 568 1274 homines
598 1225 717 1287 post
756 1224 981 1268 mortem
1025 1225 1181 1280 posse
1231 1205 1543 1262 transferri?
1588 1204 1699 1258 Hoc
1738 1209 1903 1267 certe,

312 1309 461 1380 quod
499 1324 705 1363 morum
738 1302 1025 1360 similitudo
1055 1302 1121 1355 ad
1155 1300 1207 1354 id
1234 1298 1439 1363 trahat,
1463 1297 1607 1352 velut
1632 1308 1820 1349 avaros
1853 1293 1908 1348 in

315 1400 605 1466 formicas,
636 1412 857 1468 rapaces
899 1396 953 1449 in
982 1392 1207 1460 milvos,
1255 1405 1424 1445 stevos
1453 1404 1516 1443 ac
1554 1387 1812 1457 superbos
1853 1384 1909 1439 in

315 1492 541 1559 leones,
593 1501 883 1545 sectatores
918 1484 1203 1540 immundie
1243 1482 1533 1552 voluptatis
1578 1480 1629 1534 in
1661 1494 1784 1534 sues
1813 1496 1825 1531 :
1856 1487 1912 1534 et

315 1585 369 1640 si
395 1600 497 1655 qua
521 1583 735 1639 similia.
761 1581 888 1636 Hice
915 1579 1109 1650 quippe
1130 1576 1376 1643 afferunt,
1400 1589 1499 1629 nec
1518 1573 1795 1629 attendunt
1815 1588 1912 1643 per

318 1678 462 1732 banc
488 1677 749 1732 rationem
779 1674 924 1728 nullo
952 1671 1112 1727 modo
1138 1669 1248 1724 fieri
1280 1683 1455 1739 posse,
1487 1675 1544 1721 ut
1567 1668 1774 1736 pecoris
1797 1664 1913 1719 ani-

316 1784 409 1824 ma
440 1776 559 1839 post
581 1774 805 1822 mortem
825 1766 876 1819 in
895 1763 1165 1819 hominem
1190 1759 1557 1815 transferatur.
1580 1757 1736 1811 Nullo
1753 1756 1911 1811 modo

319 1861 471 1915 enim
502 1874 694 1930 porcus
719 1854 941 1911 similior
969 1852 1291 1910 erithomini
1316 1865 1473 1921 quam
1496 1863 1685 1919 porco;
1713 1856 1766 1903 et
1791 1863 1911 1903 cum

318 1958 708 2008 mansuescunt
755 1947 975 2011 leones,
1014 1943 1235 1998 canibus
1258 1941 1343 1995 vel
1370 1940 1528 1995 etiam
1567 1938 1755 1993 ovibus
1784 1937 1916 1993 fiunt

318 2042 610 2098 similiores
656 2054 815 2110 quam
855 2035 1180 2091 hominibus.
1227 2030 1361 2088 Cum
1402 2031 1561 2101 igitur
1588 2044 1619 2083 a
1664 2043 1913 2098 pecorum

319 2132 565 2189 moribus
602 2145 799 2201 pecora
846 2144 950 2183 non
980 2124 1273 2191 recedunt,
1304 2130 1359 2177 et
1385 2136 1505 2190 qua:
1531 2117 1915 2189 aliquantulum

320 2225 537 2280 czrteris
566 2222 847 2278 dissimilia
878 2220 1027 2284 fiunt,
1058 2216 1313 2273 similiora
1341 2223 1466 2270 sunt
1495 2222 1669 2267 tamen
1695 2227 1794 2268 suo
1820 2227 1916 2283 ge-

324 2319 445 2375 neri
468 2333 627 2388 quam
648 2316 901 2380 humano,
929 2315 1188 2382 longeque
1211 2310 1328 2379 plus
1349 2308 1417 2361 ab
1439 2306 1740 2361 hominibus
1758 2320 1917 2376 quam

323 2426 357 2465 a
373 2409 656 2481 pecoribus
674 2408 923 2463 differunt
940 2421 955 2460 :
972 2418 1239 2474 nunquam
1261 2407 1418 2456 erunt
1433 2399 1704 2453 hominum
1727 2398 1919 2452 anima:

324 2505 479 2569 istae,
509 2502 555 2555 si
590 2516 652 2555 ea
684 2516 802 2571 qua:
844 2499 1096 2554 similiora
1130 2498 1238 2551 sint
1264 2494 1499 2550 trahunt.
1531 2492 1587 2549 Si
1613 2500 1790 2548 autem
1818 2491 1922 2547 hoc

324 2604 696 2667 argumentum
714 2592 906 2647 falsum
925 2600 1026 2655 est,
1049 2588 1316 2659 quomodo
1334 2587 1434 2642 erit
1451 2587 1539 2640 illa
1560 2600 1684 2640 vera
1709 2583 1919 2654 opinio;

326 2684 759 2758 quandoquidem
802 2681 935 2737 nihil
963 2680 1107 2735 aliud
1132 2680 1363 2734 afferunt
1382 2720 1398 2745 ,
1441 2691 1549 2747 quo
1573 2675 1782 2731 etiamsi
1812 2690 1919 2728 non

329 2792 480 2842 vera,
502 2776 693 2831 saltem
715 2772 1020 2830 verisimilis
1049 2769 1340 2826 habeatur?
1371 2766 1524 2823 Unde
1560 2764 1845 2835 proclivius
1870 2772 1926 2818 et

327 2870 449 2939 ipse
472 2867 810 2934 crediderim,
834 2865 975 2936 quod
1000 2863 1159 2920 etiam
1178 2878 1363 2918 eorum
1387 2869 1583 2931 posteri
1609 2863 1921 2926 sectatores,

326 2960 456 3016 illos
472 2959 716 3013 homines
731 2958 821 3028 qui
842 2956 957 3011 haec
978 2955 1221 3026 primitus
1240 2954 1291 3007 in
1308 2953 1418 3008 suis
1437 2952 1589 3007 libris
1608 2959 1920 3021 posuerunt,

327 3053 387 3108 in
418 3052 518 3107 hac
543 3053 649 3106 vita
675 3051 851 3121 potius
879 3048 1101 3119 intelligi
1123 3047 1374 3113 voluisse,
1408 3045 1634 3117 quadam
1664 3045 1928 3115 perversi-

329 3151 443 3197 tate
481 3158 689 3197 morum
716 3156 779 3196 ac
813 3140 1137 3209 turpitudine
1161 3138 1404 3193 homines
1441 3151 1696 3208 pecorum
1725 3136 1927 3191 similes

329 3233 470 3301 fieri,
494 3249 558 3288 ac
578 3233 657 3287 sic
675 3230 1069 3303 quodammodo
1092 3231 1144 3284 in
1170 3242 1364 3299 pecora
1385 3227 1720 3293 commutari,
1747 3235 1803 3281 ut
1824 3225 1928 3284 hoc

330 3325 597 3380 dedecore
625 3324 834 3394 objecto
854 3366 869 3392 ,
908 3337 1001 3377 eos
1036 3337 1065 3376 a
1094 3320 1441 3391 cupiditatum
1486 3319 1743 3390 pravitate
1770 3332 1925 3373 revo-

331 3425 537 3470 carent.
678 3478 679 3481 η

327 3507 561 3564 CAPUT
598 3507 689 3562 XI.
713 3537 785 3548 —
809 3505 1023 3560 Fictitiw
1058 3502 1394 3576 quarumdam
1431 3504 1717 3557 animarum
1751 3512 1925 3557 trans-

403 3601 754 3670 migrationes.
802 3599 1203 3652 Manichaorum
1246 3596 1463 3649 deterior
1512 3611 1664 3666 quam
1698 3594 1925 3666 philoso-

404 3694 624 3762 phorum
646 3692 836 3763 opinio.

405 3786 495 3838 16.
536 3783 670 3838 Nam
720 3784 810 3837 illa
851 3798 970 3851 quae
1006 3781 1249 3836 feruntur
1288 3779 1565 3847 accidisse,
1606 3788 1666 3833 ut
1711 3778 1924 3849 quidam

334 3877 489 3945 quasi
512 3875 923 3931 rccordarentur
950 3875 999 3927 in
1026 3888 1252 3943 quorum
1282 3872 1588 3925 animalium
1617 3872 1927 3939 corporibus

335 3966 553 4032 fuerint,
573 3974 665 4021 aut
708 3966 835 4020 falsa
866 3976 1165 4028 narrantur,
1210 3974 1300 4018 aut
1347 3962 1794 4017 ludificationibus
1819 3960 1929 4015 dm-

336 4073 557 4112 monum
584 4058 684 4112 hoc
708 4059 759 4112 in
782 4072 964 4112 eorum
988 4055 1178 4109 animis
1209 4054 1401 4109 factum
1425 4062 1525 4107 est.
1555 4052 1610 4107 Si
1636 4052 1777 4107 enim
1799 4067 1929 4106 con-

336 4152 492 4221 tingit
522 4151 576 4204 in
609 4150 830 4213 somnis,
855 4158 911 4202 ut
943 4146 1117 4201 fallaci
1147 4146 1402 4200 memoria
1427 4146 1575 4214 quasi
1612 4144 1927 4199 recordetur

335 4256 395 4297 se
450 4242 615 4296 homo
640 4242 803 4296 fuisse
852 4240 994 4311 quod
1031 4255 1136 4293 non
1183 4238 1301 4304 fuit,
1330 4247 1421 4291 aut
1458 4237 1630 4307 egisse
1653 4236 1794 4306 quod
1820 4252 1927 4291 non

334 4335 481 4405 egit;
530 4333 659 4404 quid
714 4334 905 4387 mirum
954 4333 997 4385 si
1024 4331 1254 4401 quodam
1290 4331 1381 4383 Dei
1415 4330 1559 4399 justo
1614 4328 1928 4397 occultoque

328 4427 553 4497 judicio,
591 4428 837 4480 sinuntur
857 4425 1131 4479 d:cm0nes
1159 4424 1211 4477 in
1243 4423 1493 4477 cordibus
1518 4422 1677 4477 etiam
1705 4421 1928 4492 vigilan-

336 4519 471 4573 tium
500 4519 603 4573 tale
627 4518 825 4588 aliquid
854 4516 1052 4587 posse?

409 4612 500 4666 l7.
541 4610 815 4664 Maniclnei
843 4618 1019 4662 autem
1051 4606 1140 4677 qui
1171 4620 1229 4660 se
1258 4604 1576 4659 christianos
1604 4603 1684 4659 vel
1716 4612 1924 4674 putant,

337 4703 424 4758 vel
450 4702 623 4772 putari
672 4701 874 4761 volunt,
911 4702 961 4752 in
1016 4698 1114 4753 hac
1158 4697 1407 4766 opinione
1444 4696 1804 4750 translationis
1845 4696 1926 4749 vel

345 4792 695 4847 revolutionis
723 4790 1020 4845 animarum
1049 4804 1115 4842 eo
1140 4797 1264 4841 sunt
1290 4786 1394 4840 illis
1420 4786 1667 4841 Gentium
1691 4785 1926 4854 philoso-

342 4884 485 4954 phis,
509 4884 590 4937 vel
615 4883 765 4953 siqui
794 4881 882 4935 alii
904 4880 1025 4933 vani
1066 4880 1307 4933 homines
1331 4878 1432 4932 hoc
1464 4885 1664 4947 putent,
1694 4876 1928 4930 deterio-

338 4990 429 5030 res
478 4984 533 5029 et
571 4973 1014 5035 detestabiliores,
1045 4970 1186 5041 quod
1244 4971 1318 5024 illi
1359 4971 1549 5024 anima:
1600 4978 1842 5022 naturam
1897 4984 1927 5023 a

340 5067 435 5122 Dei
464 5076 653 5120 natura
672 5065 1001 5129 discernunt,
1050 5063 1135 5115 isti
1158 5072 1336 5116 autem
1367 5076 1486 5114 cum
1518 5059 1658 5115 aliud
1693 5060 1821 5113 nihil
1849 5059 1930 5113 di-

338 5166 466 5214 cant
493 5173 613 5213 esse
631 5158 863 5210 animam
890 5171 1048 5225 quam
1082 5155 1250 5223 ipsam
1274 5154 1363 5206 Dei
1383 5152 1752 5218 substantiam,
1769 5160 1929 5220 atque

336 5252 395 5309 id
422 5252 640 5306 omnino
667 5248 805 5319 quod
831 5248 970 5302 Deus
990 5255 1093 5313 cst,
1118 5261 1221 5298 non
1253 5242 1517 5313 trepidant
1539 5257 1655 5298 eam
1676 5252 1780 5296 tam
1812 5251 1927 5295 tur-

338 5345 481 5417 piter
506 5339 939 5397 commutabilem
959 5338 1158 5403 dicere,
1183 5346 1238 5390 ut
1272 5336 1469 5389 nullum
1512 5334 1581 5388 sit
1609 5334 1787 5387 herbae
1833 5348 1928 5386 seu

338 5432 619 5489 vermiculi
667 5444 859 5501 genus,
889 5428 978 5483 ubi
1028 5442 1147 5481 eam
1195 5441 1300 5479 non
1342 5439 1461 5478 esse
1490 5423 1926 5492 permixtam,vel

340 5542 451 5596 quo
478 5524 683 5579 revolvi
716 5537 821 5575 non
851 5534 1009 5592 posse
1027 5517 1253 5572 mirabili
1282 5514 1563 5585 opinentur
1587 5515 1808 5569 insania.
1828 5515 1927 5582 Qui

341 5625 525 5671 tamen
558 5616 601 5668 si
630 5613 851 5669 remotis
880 5612 946 5666 ab
970 5610 1150 5663 animo
1200 5623 1296 5662 suo
1322 5622 1500 5660 rerum
1527 5606 1932 5660 obscurissima-

340 5724 463 5763 rum
493 5704 895 5776 qumstiouibus,
928 5716 1060 5772 quas
1084 5699 1285 5754 carnali
1313 5697 1473 5752 corde
1500 5708 1794 5759 versantes,
1828 5714 1926 5753 ne—

340 5814 494 5855 eesse
518 5805 604 5853 est
627 5806 685 5850 ut
707 5795 1059 5865 itwpinioncs
1086 5792 1265 5855 falsas,
1292 5790 1474 5845 noxias
1497 5799 1926 5860 monstrosasqne

585 5894 813 5953 Sacr.
860 5892 1134 5949 Aoousr.
1184 5885 1292 5944 lll.

1629 357 1830 414 LIBER
1867 353 2220 413 SEPTIMUS.

3486 353 3591 409 362

2011 468 2257 523 labantur
2282 474 2336 522 et
2373 464 2768 537 provehantur,
2809 480 2974 520 unum
3022 462 3147 519 illud
3179 462 3478 519 firmissime
3509 476 3589 521 te-

2014 568 2195 626 neant,
2227 559 2367 631 quod
2396 560 2541 614 omni
2582 560 2774 615 animae
2801 559 3046 616 rationali
3083 560 3200 616 sine
3224 560 3381 615 ullius
3405 559 3590 629 dispu-

2013 652 2229 707 tationis
2269 651 2580 721 ambagibus
2623 652 2935 707 naturaliter
2982 660 3038 708 et
3082 653 3342 707 veraciter
3374 651 3591 708 insitum

2013 750 2115 806 est,
2145 756 2264 796 esse
2288 743 2505 796 omnino
2526 741 3011 798 incommutabilem
3038 752 3092 798 et
3136 744 3593 814 incorruptibilem

2013 830 2214 899 Deum;
2243 839 2351 886 tota
2397 847 2581 887 eorum
2623 832 2770 887 mille
2802 831 2985 887 formis
3012 831 3182 888 fabula
3210 843 3428 904 repente
3458 834 3594 888 dita-

2013 922 2172 989 bitur,
2199 937 2358 993 quam
2380 922 2434 976 in
2462 922 2573 977 suis
2591 923 2740 977 vanis
2756 937 2818 978 ac
2841 923 3109 994 sacrilegis
3139 923 3425 992 mentibus,
3451 940 3595 979 non-

2011 1014 2111 1066 nisi
2129 1012 2197 1067 de
2219 1012 2311 1067 Dei
2334 1011 2635 1082 turpissima
2666 1013 3018 1069 mutabilitate
3042 1013 3328 1070 ﬁnxerunt.

2084 1105 2172 1159 18.
2210 1103 2328 1159 Non
2354 1113 2436 1159 est
2461 1105 2617 1175 igitur
2637 1109 2884 1161 materies
2909 1106 3100 1161 animas
3124 1106 3391 1175 humana},
3415 1109 3594 1164 anima

2012 1195 2356 1251 irrationalis.

2154 1308 2379 1367 CAPUT
2416 1310 2531 1365 XII.
2559 1312 2831 1367 —Am‘ma
2870 1328 2971 1368 non
3010 1322 3177 1370 estea:
3211 1330 3453 1386 corporeo

2677 1403 2939 1459 elemento.

2086 1514 2225 1581 Quid
2253 1524 2336 1570 est
2357 1531 2505 1586 ergo,
2548 1516 2687 1573 unde
2715 1517 2893 1572 anima
2917 1517 3043 1573 flatu
3068 1518 3162 1574 Dei
3204 1518 3343 1575 facta
3364 1520 3484 1575 est?
3509 1520 3597 1577 An

2014 1620 2207 1675 corpus
2244 1605 2456 1676 aliquod
2495 1618 2609 1662 erat
2655 1615 2921 1663 terrenum
2950 1609 3164 1680 quidem
3208 1618 3264 1666 et
3288 1611 3599 1668 humidum?

2014 1697 2170 1751 Nullo
2214 1697 2372 1751 modo
2405 1698 2570 1753 :hinc
2613 1699 2757 1754 enim
2804 1700 2979 1771 potius
3018 1715 3146 1755 caro
3182 1701 3317 1756 facta
3338 1711 3441 1757 est.
3462 1702 3599 1759 Nam

2016 1788 2139 1858 quid
2160 1788 2301 1843 aliud
2328 1800 2414 1844 est
2440 1790 2598 1845 limus
2626 1806 2783 1861 quam
2828 1800 2967 1846 terra
2991 1790 3247 1847 humida?
3274 1792 3383 1848 Nec
3401 1793 3470 1850 de
3497 1794 3601 1849 ltu-

2017 1897 2167 1937 more
2195 1882 2311 1937 solo
2342 1883 2359 1914 ¹
2389 1885 2566 1937 anima
2595 1882 2732 1939 facta
2760 1882 3026 1939 credenda
3067 1894 3168 1951 est,
3195 1886 3348 1956 quasi
3380 1901 3506 1942 caro
3531 1887 3603 1944 do

2020 1982 2160 2027 terra
2193 1983 2248 2029 et
2284 1973 2461 2028 anima
2503 1973 2571 2029 de
2607 1990 2765 2045 aqua.
2803 1974 2973 2030 Nimis
3005 1976 3148 2031 enim
3176 1976 3465 2033 absurdum
3493 1989 3601 2045 est,

2019 2064 2142 2120 inde
2158 2063 2348 2119 factam
2378 2075 2566 2135 putare
2612 2066 2845 2121 animam
2883 2066 3136 2135 hominis,
3181 2068 3321 2125 unde
3347 2067 3488 2125 facta
3515 2080 3601 2125 est

2018 2171 2145 2211 caro
2174 2158 2335 2227 piscis
2353 2167 2409 2212 et
2434 2158 2685 2213 volucris.
2976 2156 2979 2157 ⁷

2093 2249 2181 2306 19.
2223 2250 2362 2319 Ergo
2400 2250 2640 2306 forwssis
2681 2267 2746 2307 ex
2792 2252 2952 2309 aere?
2993 2254 3127 2310 fluie
3163 2256 3305 2311 enim
3334 2256 3603 2313 elemento

2020 2344 2179 2398 etiam
2202 2342 2652 2413 flatuscompetit;
2686 2344 2784 2400 sed
2815 2356 3014 2411 noster,
3045 2362 3152 2402 non
3191 2349 3302 2404 Dei.
3327 2349 3481 2405 Unde
3507 2366 3603 2405 su-

2022 2446 2116 2502 pra
2143 2432 2374 2487 diximus
2404 2433 2507 2488 hoc
2531 2434 2766 2504 potuisse
2811 2448 3167 2507 congruenter
3192 2440 3387 2509 putari,
3417 2444 3464 2495 st
3490 2442 3606 2496 ani-

2024 2538 2166 2577 mam
2212 2523 2395 2578 mundi
2413 2534 2661 2596 tanquam
2688 2528 2843 2581 unius
2869 2529 3085 2584 maximi
3128 2531 3413 2586 animantis
3438 2532 3606 2587 Deum

2022 2612 2382 2681 crederemus,
2409 2625 2468 2670 ut
2490 2617 2561 2670 ita
2577 2632 2697 2672 eam
2718 2617 2927 2673 flaverit
2946 2618 3013 2673 de
3036 2634 3164 2675 aere
3214 2622 3458 2691 corporis
3496 2624 3602 2691 sui,

2029 2705 2170 2759 sicut.
2188 2703 2283 2759 flat
2311 2716 2491 2761 nostra
2506 2706 2576 2763 de
2602 2706 2849 2763 sui.Cum
2873 2723 3001 2764 vero
3021 2709 3189 2765 Deum
3228 2725 3350 2767 esse
3393 2721 3608 2770 constet

2025 2810 2187 2866 supra
2203 2812 2363 2853 omne
2382 2798 2563 2857 mundi
2597 2814 2813 2873 corpus,
2842 2810 2897 2858 et
2915 2816 3074 2874 supra
3099 2819 3312 2865 omnem
3351 2805 3598 2876 spiritum

2026 2902 2184 2961 quem
2212 2893 2431 2960 creavit,
2463 2894 2863 2963 incomparabili
2897 2895 3116 2950 omnino
3146 2895 3427 2962 distantia;
3468 2912 3607 2967 quo-

2026 2981 2185 3037 modo
2213 2981 2265 3036 id
2290 2991 2437 3038 recte
2454 2982 2556 3039 dici
2582 2986 2787 3053 potest?
2804 2985 2886 3038 An
2907 2983 3044 3042 forte
3067 2995 3265 3056 quanto
3284 2988 3452 3057 magis
3465 2988 3607 3044 Deus

2027 3073 2290 3127 universal
2312 3087 2424 3129 suae
2441 3083 2699 3129 creatura:
2724 3090 2959 3145 praesens
2986 3085 3069 3131 est
3089 3077 3472 3149 omnipotentia
3496 3079 3609 3134 sin-

2025 3162 2218 3234 gulari,
2254 3172 2400 3219 tanto
2431 3165 2600 3236 magis
2629 3166 2797 3235 potuit
2823 3182 2889 3221 ex
2914 3181 3040 3223 aere
3064 3166 3242 3222 flatum
3270 3166 3466 3236 facere,
3488 3184 3608 3239 qua:

2027 3254 2205 3310 anima
2231 3254 2462 3310 hominis
2502 3258 2681 3312 esset?
2706 3257 2813 3313 Sed
2841 3274 2963 3313 cum
2989 3259 3164 3312 anima
3189 3274 3295 3314 non
3320 3260 3391 3314 sit
3413 3275 3609 3329 corpo-

2027 3345 2408 3417 rea,quidquid
2435 3354 2613 3402 autem
2639 3362 2703 3402 ex
2725 3348 2906 3403 mundi
2926 3350 3197 3418 corporeis
3219 3350 3499 3406 elementis
3519 3351 3610 3418 tit,

2027 3454 2345 3509 corporeum
2390 3441 2460 3495 sit
2490 3455 2708 3496 necesse
2751 3449 2854 3505 est,
2900 3442 3059 3511 inque
3092 3442 3275 3496 mundi
3330 3443 3612 3498 elementis

2029 3533 2191 3589 etiam
2220 3548 2315 3589 aer
2338 3533 2438 3589 iste
2468 3544 2806 3600 numeretur;
2835 3549 2932 3590 nec
2958 3536 3003 3588 si
3031 3534 3099 3589 de
3125 3536 3243 3605 puri
3280 3535 3421 3590 illius
3454 3538 3612 3591 caelo-

2029 3628 2232 3697 stisque
2271 3627 2409 3697 ignis
2452 3627 2720 3682 elemento
2767 3627 2902 3682 facta
2949 3628 3125 3681 anima
3149 3628 3434 3696 diceretur,
3465 3628 3612 3684 credi

2030 3727 2326 3789 oporteret.
2344 3718 2516 3775 Omne
2534 3720 2728 3794 quippe
2743 3734 2938 3789 corpus
2964 3720 3016 3773 in
3041 3733 3203 3774 omne
3230 3735 3425 3790 corpus
3453 3735 3612 3790 posse

2029 3812 2246 3878 mutari,
2271 3827 2376 3867 non
2396 3810 2680 3867 defuerunt
2707 3813 2797 3883 qui
2836 3820 3161 3868 assererent.
3193 3812 3402 3882 Corpus
3431 3821 3611 3868 autem

2029 3903 2244 3975 aliquod
2269 3892 2382 3959 sive
2408 3912 2677 3959 terrenum
2704 3904 2816 3958 sive
2841 3905 3061 3961 caeleste
3080 3945 3094 3969 ,
3126 3905 3366 3960 converti
3396 3905 3448 3959 in
3490 3906 3612 3959 ani-

2031 4009 2194 4061 mam,
2224 3995 2447 4065 fierique
2474 4004 2715 4049 naturam
2743 3996 3133 4064 incorpoream,
3162 4011 3263 4051 nec
3296 4011 3614 4067 quemquam

2034 4088 2267 4143 sensisse
2296 4089 2431 4152 scio,
2464 4102 2563 4142 nec
2592 4087 2723 4142 fides
2754 4089 2855 4141 hoc
2881 4088 3059 4143 habet.

2138 4198 2363 4253 CAPUT
2385 4198 2608 4253 Xltl.—
2623 4198 2936 4253 Medicorum
2957 4201 3204 4254 sententia
3215 4199 3278 4254 de
3299 4216 3511 4272 corpore

2700 4291 2942 4345 humano.

2101 4407 2193 4463 20.
2238 4406 2438 4462 Deinde
2464 4407 2507 4461 si
2538 4421 2644 4460 non
2675 4413 2757 4461 est
2779 4405 3225 4461 contemnendum
3257 4405 3397 4476 quod
3423 4406 3617 4462 medici

2033 4515 2139 4555 non
2167 4507 2366 4554 tantum
2384 4499 2585 4560 dicunt,
2605 4514 2788 4551 verum
2806 4498 2962 4552 etiam
2988 4498 3215 4568 probare
3240 4512 3299 4552 se
3323 4497 3612 4565 affirmant,

2033 4590 2275 4661 quamvis
2303 4590 2477 4644 omnis
2505 4604 2630 4643 caro
2654 4599 2918 4643 terrenam
2940 4588 3259 4642 soliditatem
3292 4589 3343 4643 in
3366 4598 3614 4660 promptu

2032 4692 2203 4754 gerat,
2236 4683 2394 4735 habet
2421 4690 2597 4735 tamen
2624 4681 2675 4734 in
2698 4695 2756 4735 se
2783 4688 2837 4734 et
2855 4681 2993 4735 aeris
3018 4680 3239 4751 aliquid,
3263 4681 3403 4751 quod
3434 4691 3488 4736 et
3509 4683 3617 4751 pul-

2034 4775 2281 4829 monibus
2304 4772 2620 4837 continetur,
2650 4780 2703 4827 et
2727 4786 2756 4825 a
2782 4771 2940 4826 corde
2969 4788 3066 4842 per
3092 4789 3255 4827 venas
3274 4814 3289 4840 ,
3316 4789 3448 4844 quas
3472 4785 3617 4828 arte-

2034 4870 2141 4924 rias
2168 4876 2377 4931 vocant,
2407 4865 2750 4930 diffunditur;
2789 4874 2842 4919 et
2867 4865 2999 4936 ignis
3025 4880 3128 4918 non
3153 4866 3324 4919 solum
3353 4866 3616 4921 fervidam

2034 4958 2361 5029 qualitatem,
2392 4956 2540 5025 cujus
2569 4956 2724 5011 sedes
2772 4956 2823 5009 in
2850 4956 3029 5024 jeeore
3054 4957 3075 4986 '
3103 4964 3213 5023 est,
3245 4973 3426 5011 verum
3456 4959 3616 5012 etiam

2034 5048 2381 5114 luculentam,
2409 5056 2566 5115 quam
2593 5046 2734 5100 velut
2786 5044 3007 5115 cliquari
3036 5060 3099 5099 ac
3124 5046 3405 5101 subvolare
3438 5046 3621 5102 osten-

2033 5138 2166 5193 dunt
2211 5137 2263 5192 in
2291 5138 2559 5193 excelsum
2587 5135 2791 5191 cerebri
2817 5135 3013 5202 locum,
3042 5143 3292 5206 tanquam
3318 5137 3369 5190 in
3423 5138 3617 5193 ctelum

2035 5230 2274 5300 corporis
2309 5228 2514 5291 nostri;
2542 5227 2684 5281 unde
2710 5236 2766 5281 et
2809 5226 2941 5281 radii
2986 5228 3217 5283 emicnnt
3241 5229 3536 5293 oculorum,
3566 5240 3620 5283 et

2035 5323 2101 5378 de
2136 5323 2286 5392 cujus
2314 5320 2491 5376 medio
2532 5319 2677 5374 velut
2704 5327 2891 5374 centro
2918 5320 3167 5390 quodam,
3200 5336 3303 5373 non
3350 5320 3519 5373 solum
3551 5321 3618 5376 ad

2035 5416 2233 5478 oculos,
2277 5413 2373 5468 sed
2400 5413 2559 5467 etiam
2606 5409 2673 5464 ad
2702 5425 2892 5465 sensus
2939 5408 3161 5465 cmtcros
3212 5419 3396 5465 tenues
3430 5410 3649 5469 fistulJL

2035 5508 2386 5569 deducuntur,
2436 5504 2500 5557 ad
2530 5518 2687 5558 aures
2713 5502 2936 5568 scilicet,
2964 5509 3034 5555 ad
3059 5516 3234 5567 nares,
3268 5502 3332 5554 ad
3363 5502 3612 5570 palatum,

2036 5610 2254 5673 propter
2278 5597 2597 5653 audiendum
2618 5636 2634 5664 ,
2664 5594 3037 5651 olfaciendum.
3068 5602 3225 5653 atque
3266 5607 3617 5664 guStanuum;

2100 5739 2115 5769 ί
2135 5737 2205 5786 sic
2228 5743 2330 5785 Mss.
2355 5741 2404 5783 tn
2429 5733 2586 5793 ediiis,
2614 5729 2730 5783 sola.

2100 5801 2119 5830 ⁸
2146 5799 2192 5847 In
2218 5801 2409 5848 excusis
2430 5789 2632 5856 additur,
2656 5802 2700 5844 (ι
2719 5796 2766 5845 t'n
2790 5790 3019 5853 cerebro;
3042 5789 3169 5854 quod
3192 5792 3332 5839 abest
3354 5802 3380 5837 τι
3404 5797 3513 5839 3m.

3046 5875 3355 5936 I'DouzeJ
