4090 6460
522 370 631 428 363

522 487 805 555 ipsumque
832 479 1084 553 tangendi
1106 494 1320 537 sensum
1343 478 1428 550 qui
1460 493 1555 549 per
1583 486 1748 533 totum
1778 490 1973 546 corpus
1999 483 2105 541 est,

523 578 592 630 ab
618 572 810 630 eodem
836 572 1058 628 cerebro
1080 571 1233 643 dirigi
1279 570 1462 626 dicunt
1497 584 1593 639 per
1618 567 1905 638 medullam
1931 561 2111 621 cervi-

522 668 625 734 cis,
649 675 705 720 et
724 679 840 719 eam
862 679 982 735 qua:
1004 663 1306 719 continetur
1327 660 1555 726 ossibus,
1577 659 1770 730 quibus
1791 656 1937 712 dorsi
1960 662 2113 726 spina

522 757 856 820 conseritur,
883 762 943 809 ut
980 754 1103 810 inde
1151 749 1529 808 setenuissimi
1554 749 1767 821 quidam
1812 746 1990 809 rivuli,
2021 744 2112 817 qui

522 847 774 916 tangendi
802 861 1018 903 sensum
1056 844 1274 910 faciunt,
1301 857 1397 914 per
1430 852 1622 897 cuncta
1646 839 1883 895 membra
1911 837 2110 894 dill‘un-

522 941 821 1087 daEKPUT
854 1026 995 1085 XIV.
1023 1056 1097 1069 —-—
1117 1025 1353 1080 Animam
1399 1040 1500 1078 non
1526 1038 1633 1079 esse
1666 1038 1732 1078 ca:
1758 1004 2038 1077 elementis.

591 1124 722 1177 (Iunt
752 1122 911 1192 igitur
937 1119 1021 1175 his
1045 1119 1194 1189 quasi
1247 1116 1448 1172 nuntiis
1494 1115 1719 1184 accipiat
1756 1113 1930 1167 anima
1953 1109 2108 1183 quid-

516 1215 646 1287 quid
670 1229 786 1271 eam
816 1211 1170 1284 corporalium
1197 1224 1302 1264 non
1329 1209 1475 1272 latet,
1502 1210 1614 1277 ipsa
1633 1222 1759 1261 vero
1784 1221 1947 1276 usque
1973 1204 2109 1259 adeo

516 1304 664 1361 aliud
682 1302 932 1374 quiddam
956 1303 1044 1370 sit,
1073 1310 1133 1356 ut
1158 1315 1280 1356 cum
1308 1299 1419 1353 vult
1447 1296 1761 1369 intelligere,
1793 1297 1876 1351 vel
1905 1295 2105 1359 divina,

513 1397 601 1453 vel
625 1397 814 1459 Deum,
835 1394 919 1449 vel
962 1393 1181 1449 omnino
1206 1392 1365 1448 etiam
1391 1391 1644 1461 seipsam,
1672 1403 1901 1457 suasque
1929 1386 2109 1442 consi-

516 1489 707 1545 derare
726 1490 971 1554 virtutes,
1007 1495 1063 1542 ut
1088 1485 1290 1557 aliquid
1315 1485 1425 1540 veri
1472 1484 1711 1552 certique
1755 1480 2109 1550 comprehen-

514 1581 626 1644 dat,
648 1579 718 1635 ab
743 1580 841 1634 hac
859 1579 1091 1649 ipsorum
1119 1592 1328 1648 quoque
1357 1575 1633 1630 oculorum
1657 1574 1774 1628 luce
1792 1588 1852 1627 se
1877 1579 2104 1637 avertat,

513 1684 740 1741 eamque
763 1670 829 1725 ad
841 1669 943 1725 hoc
955 1669 1246 1739 negotium,
1263 1682 1366 1723 non
1387 1675 1587 1721 tantum
1613 1665 1757 1720 nullo
1771 1665 2104 1734 adjtttnento,

512 1777 705 1819 verum
726 1762 885 1819 etiam
914 1761 1169 1816 nonnqu
1197 1759 1579 1830 impedimento
1607 1770 1728 1812 esse
1760 1755 2014 1820 sentiens.
2043 1768 2106 1810 se

470 1914 473 1917 _
510 1854 568 1913 in
592 1855 833 1910 obtutum
876 1854 1072 1909 mentis
1113 1850 1353 1917 attollat;
1403 1847 1673 1920 quomodo
1696 1862 1764 1903 ex
1809 1862 1876 1902 eo
1905 1860 2104 1917 genere

512 1946 711 2018 aliquid
739 1956 840 2011 est,
887 1961 1009 2001 cum
1059 1945 1295 2016 ejusdem
1316 1943 1536 2015 generis
1582 1955 1852 1996 summum
1882 1955 1988 1993 non
2033 1939 2104 1993 sit

512 2041 614 2095 nisi
640 2040 839 2104 lumen,
871 2039 1013 2110 quod
1058 2054 1125 2093 ex
1151 2036 1321 2093 oculis
1348 2036 1562 2098 emicat,
1594 2049 1700 2103 quo
1726 2033 1814 2087 illa
1859 2048 1964 2087 non
2006 2030 2104 2085 ad-

506 2129 722 2199 juvatur
750 2130 851 2184 nisi
872 2131 938 2183 ad
964 2143 1249 2198 corporeas
1278 2125 1474 2180 formas
1516 2125 1831 2194 coloresque
1859 2122 2099 2178 sentien-

511 2219 646 2285 dos;
702 2218 968 2290 habetque
1020 2218 1135 2288 ipsa
1183 2216 1589 2273 innumerabilia
1616 2216 1776 2285 longe
1820 2214 2097 2269 dissimilia

512 2321 707 2367 cuncto
740 2312 920 2382 generi
957 2325 1267 2380 corporum,
1316 2322 1435 2379 qua:
1482 2305 1693 2362 nonnisi
1722 2306 1992 2361 intellectu
2015 2315 2100 2359 at-

508 2419 613 2474 que
635 2404 842 2461 ratione
868 2402 1181 2473 conspiciat,
1208 2415 1315 2472 quo
1348 2400 1527 2454 nullus
1548 2399 1725 2455 carnis
1745 2413 1936 2455 sensus
1955 2397 2099 2468 aspi-

503 2503 609 2554 rat.

790 2587 1017 2646 CAPUT
1054 2587 1172 2644 XV.
1190 2586 1467 2641 ——Anima
1492 2587 1808 2659 incorporea.

576 2677 670 2735 2i.
708 2678 1046 2749 Quapropter
1091 2692 1200 2733 non
1237 2685 1319 2734 est
1346 2676 1559 2748 quidem
1605 2676 1853 2731 humanae
1899 2676 2094 2733 animat

503 2783 715 2840 natura,
746 2787 849 2830 nec
869 2773 937 2828 de
952 2782 1115 2839 terra,
1145 2784 1246 2826 nec
1288 2770 1357 2826 de
1384 2785 1543 2840 aqua,
1575 2784 1674 2825 nec
1720 2768 1790 2825 de
1814 2783 1959 2833 aere,
1990 2784 2093 2825 nec

504 2865 574 2919 de
616 2864 736 2936 igne
758 2864 1030 2933 quolibet;
1075 2861 1171 2918 sed
1218 2870 1395 2916 tamen
1424 2860 1701 2915 crassioris
1728 2860 1968 2931 corporis
2007 2860 2091 2916 sui

502 2954 804 3019 materiam,
828 2954 931 3010 hoc
947 2962 1050 3021 est,
1072 2950 1341 3006 humidam
1368 2949 1651 3020 quamdam
1668 2959 1883 3014 terram,
1898 2965 2017 3019 qure
2037 2950 2091 3006 in

502 3045 684 3102 carnis
712 3059 864 3101 versa
892 3051 980 3101 est
1000 3043 1333 3114 qualitatem,
1376 3055 1475 3113 per
1512 3041 1802 3097 subtilioris
1843 3049 2090 3097 naturam

504 3138 746 3207 corporis
775 3137 1132 3203 administrat,
1160 3135 1211 3192 id
1231 3144 1315 3191 est
1341 3150 1437 3205 per
1464 3135 1638 3191 lucem
1657 3143 1712 3190 et
1735 3151 1934 3191 aerem.
1962 3135 2094 3191 Nul-

503 3230 589 3286 lus
607 3230 750 3286 enim
792 3230 910 3286 sine
944 3229 1029 3285 his
1057 3229 1265 3285 duobus
1291 3229 1376 3286 vel
1401 3242 1591 3285 sensus
1632 3229 1685 3285 in
1733 3245 1959 3300 corpore
1983 3239 2087 3298 est,

501 3323 588 3379 vel
612 3322 682 3378 ab
705 3323 884 3377 anima
910 3331 1235 3392 spontaneos
1261 3322 1505 3391 corporis
1519 3331 1714 3377 motus.
1741 3322 1889 3377 Sicut
1911 3330 2088 3378 autem

501 3415 655 3485 prius
679 3430 801 3471 esse
817 3414 980 3471 debet
1004 3429 1165 3471 nosse
1188 3429 1348 3485 quam
1378 3415 1575 3480 facere,
1600 3415 1671 3471 ita
1695 3417 1843 3487 prius
1868 3425 1950 3472 est
1968 3432 2095 3472 sen-

500 3506 607 3563 tire
637 3521 797 3579 quam
824 3521 1059 3563 movere.
1088 3508 1280 3562 Anima
1317 3523 1446 3579 ergo
1472 3508 1722 3580 quoniam
1774 3524 1862 3564 res
1886 3517 1970 3566 est
2005 3510 2090 3565 in-

504 3611 784 3668 corporea,
813 3612 1008 3669 corpus
1032 3597 1172 3670 quod
1200 3598 1516 3669 incorporeo
1540 3599 1770 3655 vicinum
1807 3609 1911 3666 est,
1936 3601 2093 3658 sicuti

504 3700 589 3746 est
613 3691 767 3762 ignis,
803 3690 891 3747 vel
932 3690 1107 3760 potius
1134 3690 1226 3746 lux
1250 3699 1305 3746 et
1329 3705 1444 3759 aer,
1475 3692 1722 3761 primitus
1745 3693 1871 3763 agit,
1903 3701 1960 3748 et
1996 3709 2094 3764 per

507 3786 626 3839 hac
650 3793 842 3839 caetera
893 3798 1015 3853 quas
1060 3783 1324 3839 crassiora
1368 3792 1493 3838 sunt
1518 3784 1776 3854 corporis,
1804 3785 1958 3840 sicuti
1989 3785 2093 3840 hu-

505 3888 628 3928 mor
653 3884 708 3928 et
732 3882 896 3939 terra,
920 3872 1062 3928 unde
1088 3873 1267 3928 carnis
1294 3872 1625 3942 corpulentia
1650 3874 1929 3941 solidatur,
1973 3892 2094 3946 qua:

507 3967 685 4040 magis
714 3975 841 4022 sunt
861 3965 930 4021 ad
973 3964 1279 4037 patiendum
1307 3967 1538 4033 subdita,
1567 3954 1726 4038 quam
1780 3969 1998 4040 praedita
2025 3969 2094 4025 ad

499 4057 830 4115 faciendum.
1602 4097 1611 4107 .

499 4152 736 4210 CAPUT
774 4150 915 4209 XVI.
938 4181 1010 4193 —
1033 4150 1136 4207 Cur
1163 4151 1353 4206 dictum
1393 4152 1488 4217 sit,
1532 4152 1728 4209 Factus
1748 4161 1833 4209 est
1853 4152 2016 4210 homo
2037 4154 2093 4210 in

1067 4247 1298 4300 animam
1328 4247 1521 4301 vivam.

572 4337 664 4393 22.
711 4336 830 4393 Non
861 4336 990 4392 mihi
1008 4352 1136 4407 ergo
1163 4337 1370 4392 videtur
1394 4338 1617 4403 dictum,
1640 4336 1832 4393 Factus
1850 4348 1922 4394 est
1942 4341 2093 4393 homo

501 4430 555 4483 in
584 4430 807 4485 animam
823 4431 1004 4497 vivam,
1033 4428 1134 4485 nisi
1176 4430 1299 4500 quia
1324 4430 1523 4527 sentire
1550 4431 1713 4500 coepit
1742 4431 1802 4485 .in
1831 4446 2090 4502 corpore;

503 4521 645 4591 quod
673 4532 754 4578 est
780 4522 1027 4577 animata:
1050 4521 1384 4590 viventisque
1405 4522 1583 4578 carnis
1607 4523 1963 4579 certissimum
2007 4525 2093 4579 in-

442 4622 445 4629 '
504 4613 723 4669 dicium.
746 4613 879 4669 Nam
896 4622 1180 4669 moventur
1198 4622 1256 4670 et
1283 4614 1517 4680 arbusta,
1551 4631 1656 4669 non
1680 4625 1883 4670 tantum
1918 4616 1969 4671 vi
1996 4633 2091 4671 ex-

503 4706 767 4762 trinsecus
792 4703 1120 4775 impellente,
1150 4706 1311 4761 veluti
1336 4721 1457 4762 cum
1482 4707 1656 4762 ventis
1681 4708 1967 4779 agitantur,
1996 4708 2092 4765 sed

503 4799 597 4856 illo
627 4809 770 4854 motu
819 4814 925 4869 quo
950 4798 1269 4854 intrinsecus
1317 4800 1492 4869 agitur
1527 4799 1781 4870 quidquid
1810 4800 1878 4855 ad
1913 4800 2091 4855 incre-

503 4900 746 4946 mentum
787 4891 1128 4960 Specicmque
1164 4892 1371 4946 arboris
1421 4893 1679 4961 pertinet,
1728 4910 1836 4964 quo
1882 4894 2094 4950 ducitur

502 4999 697 5041 succus
742 4984 794 5040 in
824 4983 1082 5050 radicem,
1128 4986 1459 5056 vertiturque
1492 4987 1545 5041 in
1573 5002 1635 5043 ea
1655 4986 1847 5057 quibus
1884 4998 2093 5043 constat

502 5074 685 5130 herba:
704 5082 889 5129 natura
911 5073 996 5130 vel
1026 5074 1185 5146 ligni:
1215 5075 1345 5130 nihil
1372 5076 1515 5131 enim
1535 5077 1722 5131 horum
1735 5077 1851 5132 sine
1879 5077 2092 5133 interno

502 5175 672 5222 motu.
703 5164 809 5222 Sed
830 5165 930 5221 iste
949 5174 1126 5221 motus
1151 5181 1257 5221 non
1309 5178 1392 5222 est
1433 5176 1781 5237 spontatteus,
1812 5167 1985 5240 qualis
2005 5171 2093 5227 ille

501 5258 593 5329 qui
635 5257 814 5313 sensui
842 5257 1122 5328 copulatur
1148 5258 1216 5312 ad
1260 5258 1501 5329 corporis
1550 5260 2087 5329 administrationem,

501 5352 640 5406 sicut
667 5352 721 5407 in
740 5352 981 5407 omnium
1002 5351 1311 5408 animalium
1335 5368 1559 5425 genere,
1583 5370 1740 5427 quam
1767 5365 1922 5412 vocat
1948 5357 2094 5413 Scri-

501 5452 657 5512 ptura
690 5443 912 5497 animam
936 5443 1100 5497 vivam
1143 5441 1297 5516 (Gen.
1328 5458 1367 5510 ι,
1388 5444 1503 5516 2|).
1532 5444 1666 5500 Nam
1692 5455 1748 5502 et
1789 5448 1945 5503 nobis
1986 5449 2090 5505 nisi

503 5534 705 5591 inesset
729 5533 890 5590 etiam
916 5535 1005 5591 ille
1034 5546 1233 5604 motus,
1263 5552 1362 5592 nec
1401 5546 1707 5593 crescerent
1749 5549 1928 5595 nostra
1966 5555 2090 5596 cor-

507 5638 656 5695 pura,
687 5642 783 5682 nec
808 5641 1008 5698 ungues
1031 5627 1359 5698 capillosque
1387 5627 1757 5696 producerent.
1788 5631 1895 5686 Sed
1923 5632 1967 5686 si
1990 5631 2091 5689 hoc

514 5723 676 5772 altum
700 5719 911 5794 essetin
938 5717 1093 5773 nobis
1120 5719 1237 5775 sine
1273 5735 1434 5774 sensu
1465 5731 1717 5792 motuque
1755 5723 1847 5779 illo
1871 5735 2089 5793 Sponta-

497 5827 626 5880 nec,
654 5828 760 5866 non
777 5798 1045 5866 diceretur
1071 5809 1230 5865 homo
1249 5816 1414 5881 [actus
1444 5814 1495 5865 in
1526 5815 1746 5871 annnam
1772 5829 1951 5873 mtuam.

1447 367 1537 425 DE
1576 364 1820 424 GENESI
1860 363 1952 417 Al)
1992 360 2362 431 LITTERAM,
2405 362 2462 418 S.
2504 363 2870 421 AUGUSTINI

3681 367 3798 425 361

2220 474 2446 532 CAPUT
2482 474 2648 532 XVII.
2675 506 2749 519 -
2782 474 2851 533 lu
2879 477 3058 549 faciem
3085 478 3302 535 hominis
3324 496 3415 535 cur
3446 479 3632 537 dicitur
3658 479 3800 538 Deus

2216 566 2221 571 ’
2887 572 3127 643 suﬁlasse.

2286 657 2377 714 2'5.
2416 659 2647 715 Proinde
2688 661 2937 732 quoniam
2986 679 3106 733 pars
3135 662 3341 719 cerebri
3376 664 3631 734 anterior,
3656 665 3802 722 unde

2216 764 2407 805 sensus
2430 765 2620 808 omnes
2639 752 3043 817 distribuuntur,
3062 753 3128 809 ad
3160 752 3387 810 frontem
3421 755 3673 811 collocata
3696 765 3800 821 εει,

2214 850 2375 908 atque
2399 840 2452 894 in
2477 840 2610 897 facie
2634 853 2754 897 sunt
2787 842 2896 912 ipsa
2924 844 3066 899 velut
3092 858 3286 914 organa
3333 844 3615 910 sentiendi,
3642 861 3805 902 exce-

2216 934 2307 1001 pto
2337 933 2581 1004 tangendi
2613 948 2769 990 sensu
2793 934 2881 1005 qui
2912 950 3007 1005 per
3036 945 3203 990 totum
3228 950 3422 1004 corpus
3450 934 3801 1001 diil‘unditur;

2215 1023 2303 1092 qui
2331 1032 2505 1079 tamen
2536 1027 2695 1081 etiam
2724 1027 2836 1097 ipse
2863 1026 2932 1081 ab
2959 1025 3145 1081 eadem
3184 1026 3437 1083 anteriori
3468 1037 3615 1098 parte
3640 1044 3803 1084 cere-

2214 1113 2299 1170 bri
2325 1115 2624 1172 ostenditur
2647 1116 2847 1173 habcre
2877 1117 3014 1172 viam
3060 1133 3232 1182 suam,
3264 1134 3381 1186 qua:
3409 1126 3675 1174 retrorsus
3705 1133 3804 1189 per

2214 1208 2465 1263 verticem
2492 1219 2653 1280 atque
2676 1212 2937 1266 cervicem
2964 1210 3029 1265 ad
3055 1210 3343 1266 medullam
3371 1211 3557 1283 spinae,
3603 1212 3672 1267 de
3697 1229 3803 1282 qua

2214 1297 2565 1369 loquebamur
2594 1302 2749 1371 paulo
2772 1312 2918 1367 aMe,
2941 1302 3243 1370 deducitur,
3268 1304 3406 1360 unde
3437 1304 3595 1359 habet
3618 1306 3805 1377 utique

2213 1402 2429 1445 sensum
2456 1391 2508 1445 in
2533 1392 2794 1462 tangendo
2821 1400 2877 1447 et
2904 1393 3085 1460 facies,
3109 1394 3244 1450 sicut
3266 1404 3433 1450 totum
3459 1398 3673 1465 corpus,
3705 1410 3807 1450 ex-

2212 1481 2383 1551 ceptis
2412 1483 2656 1538 sensibus
2674 1484 2907 1552 videndi,
2930 1485 3198 1553 audiendi,
3213 1486 3512 1552 olfaciendi,
3530 1486 3801 1559 gustandi,

2211 1576 2301 1646 qui
2331 1575 2384 1629 in
2411 1576 2521 1630 sola
2551 1574 2686 1633 facie
2712 1577 2979 1647 prailocati
3004 1586 3123 1632 sunt
3152 1597 3165 1631 :
3197 1579 3318 1633 ideo
3352 1580 3605 1649 scriptum
3656 1578 3807 1634 arbi-

2212 1674 2344 1732 tror,
2374 1667 2517 1738 quod
2551 1667 2611 1721 in
2636 1668 2818 1738 [aciem
2859 1668 2997 1723 Deus
3044 1668 3337 1725 sufflaverit
3384 1669 3575 1725 homini
3616 1672 3805 1742 ﬂatum

2209 1760 2343 1826 vitta,
2371 1775 2493 1815 cum
2524 1760 2690 1831 [actus
2711 1762 2856 1816 estin
2886 1763 3108 1817 animant
3132 1762 3313 1818 vivam.
3338 1764 3587 1818 Anterior
3602 1763 3805 1836 quippe

2210 1866 2335 1924 pars
2364 1854 2640 1922 posteriori
2670 1855 2863 1911 merito
2892 1855 3244 1925 pra‘ponitur;
3266 1855 3391 1927 quia
3426 1866 3479 1912 et
3505 1856 3601 1909 ista
3628 1854 3801 1920 ducit,

2211 1945 2298 1999 illa
2322 1945 2577 2015 sequitur,
2596 1954 2651 2000 et
2672 1946 2739 2002 ab
2771 1948 2868 2001 ista
2888 1961 3095 2013 sensus,
3130 1947 3198 2003 ab
3230 1948 3317 2002 illa
3355 1956 3529 2004 motus
3555 1957 3656 2016 est,
3688 1948 3803 2004 sic-

2210 2042 2271 2091 ut
2290 2036 2570 2092 consilium
2597 2037 2850 2106 praecedit
2868 2038 3155 2095 actionem.

2392 2127 2620 2184 CAPUT
2656 2127 2843 2184 XVIII.
2874 2160 2946 2172 —-
2968 2128 3089 2185 Tres
3117 2130 3381 2185 ventriculi
3406 2130 3617 2186 cerebri.
3790 2201 3797 2208 _

2277 2218 2370 2276 24.
2412 2220 2481 2275 Et
2504 2223 2754 2290 quoniam
2781 2223 3076 2293 corporalis
3105 2233 3300 2288 motus,
3328 2223 3417 2291 qui
3447 2238 3662 2277 sensum
3712 2237 3809 2278 se-

2205 2314 2402 2385 quitur,
2440 2314 2556 2369 sine
2581 2314 2871 2369 intervallis
2923 2324 3220 2385 temporum
3267 2314 3442 2369 nullus
3493 2323 3595 2379 est,
3644 2329 3809 2385 agere

2207 2411 2387 2457 autem
2418 2404 3021 2477 intervalla'temporum
3064 2414 3359 2476 spontaneo
3382 2414 3526 2459 motu
3574 2403 3676 2458 nisi
3706 2418 3808 2474 per

2201 2492 2527 2563 adjutorium
2549 2497 2821 2552 memoria:
2846 2512 2952 2551 non
2970 2497 3240 2561 valemus;
3260 2495 3392 2550 ideo
3422 2504 3531 2551 tres
3546 2502 3805 2566 tanquam

2207 2586 2491 2641 ventriculi
2543 2587 2751 2644 cerebri
2791 2587 3272 2645 demonstrantur:
3308 2603 3444 2643 unus
3467 2589 3704 2643 anterior
3729 2587 3807 2643 ad

2203 2673 2419 2740 faciem,
2447 2692 2478 2732 a
2504 2694 2611 2748 quo
2636 2693 2826 2735 sensus
2846 2681 3055 2746 omnis;
3099 2681 3234 2736 alter
3257 2680 3519 2748 posterior
3543 2678 3609 2733 ad
3628 2678 3810 2734 cervi-

2205 2783 2345 2836 cem,
2373 2785 2405 2824 a
2429 2785 2534 2839 quo
2582 2780 2757 2825 motus
2776 2772 2984 2835 omnis;
3017 2772 3204 2828 tertius
3231 2772 3372 2827 inter
3410 2780 3711 2840 utrumque,
3741 2768 3808 2823 in

2204 2875 2312 2930 quo
2351 2861 2664 2917 memoriam
2694 2861 2877 2933 vigere
2901 2861 3290 2929 demonstrant,
3326 2876 3393 2916 ne
3431 2876 3551 2915 cum
3583 2874 3806 2916 sensum

2198 2952 2440 3023 sequitur
2468 2962 2662 3021 motus,
2693 2968 2802 3009 non
2830 2964 3112 3010 connectat
3131 2955 3291 3010 homo
3322 2952 3467 3027 quod
3496 2949 3807 3015 faciendum

2200 3051 2304 3107 est,
2328 3043 2372 3098 si
2393 3043 2557 3100 fuerit
2582 3045 2725 3115 quod
2760 3044 2883 3101 fecit
2902 3046 3116 3102 oblitus.
3146 3047 3271 3103 llzec
3307 3047 3380 3101 illi
3408 3044 3570 3103 certis
3593 3041 3809 3097 indictis

2200 3135 2423 3205 probata
2448 3151 2569 3192 esse
2592 3135 2798 3205 dicunt,
2824 3137 3037 3209 quando
3063 3147 3114 3194 et
3146 3137 3275 3209 ipsa:
3301 3148 3481 3210 partes
3516 3132 3697 3203 aliquo
3716 3131 3807 3185 af-

2195 3225 2349 3283 fectae
2376 3226 2563 3284 morbo
2587 3228 2672 3285 vel
2701 3228 2850 3298 vitio,
2877 3244 3000 3286 cum
3021 3228 3343 3286 defecissent
3366 3230 3537 3285 officia
3563 3228 3646 3280 vel
3677 3240 3811 3281 sen-

2202 3320 2393 3389 tiendi,
2408 3321 2496 3377 vel
2523 3321 2776 3377 movendi
2819 3322 3079 3390 membra,
3112 3324 3195 3380 vel
3240 3334 3417 3379 motus
3444 3318 3688 3394 corporis
3716 3337 3813 3374 ςυ-

2195 3412 2532 3482 miniseendi,
2572 3415 2702 3470 satis
2725 3414 2852 3486 quid
2878 3415 3120 3471 valerent
3169 3415 3400 3488 singula:
3431 3417 3809 3472 declaratum.

2197 3506 2386 3576 eisque
2432 3505 2668 3563 al'iibita
2692 3507 2896 3562 curatio
2931 3508 3016 3563 cui
3058 3507 3134 3563 rei
3152 3508 3462 3578 reparandae
3506 3510 3807 3579 profecerit;

2196 3598 2533 3669 exploratum
2559 3608 2661 3655 est.
2690 3599 2982 3657 Sedanima
3007 3601 3061 3655 in
3082 3602 3465 3673 ististanquam
3489 3603 3542 3656 in
3578 3619 3805 3674 organis

2197 3690 2337 3760 agit;
2365 3689 2497 3744 nihil
2524 3690 2712 3745 horum
2737 3700 2821 3747 est
2856 3692 2970 3762 ipsa
3001 3710 3015 3745 :
3040 3692 3136 3748 sed
3161 3693 3390 3749 vivificat
3414 3702 3471 3748 et
3516 3694 3650 3765 regit
3673 3711 3803 3749 om-

2196 3781 2306 3848 nia,
2338 3793 2391 3837 et
2411 3798 2507 3854 per
2527 3781 2643 3839 haec
2664 3785 2873 3854 corpori
2900 3786 3150 3853 consulit,
3186 3794 3241 3841 et
3281 3785 3404 3841 huic
3430 3787 3576 3855 vitai,
3601 3787 3654 3841 in
3686 3802 3801 3857 qua

2190 3874 2370 3931 factus
2384 3888 2465 3945 est
2492 3876 2653 3931 homo
2673 3877 2723 3930 in
2740 3878 2972 3933 animant
2995 3878 3195 3933 vivam.

2327 3966 2554 4025 CAPUT
2593 3967 2733 4023 XIX.
2765 3998 2838 4010 -—
2856 3970 3053 4024 Anima:
3081 3970 3379 4041 praestantia
3408 3988 3565 4043 sttpra
3583 3988 3663 4025 res

2850 4078 3141 4132 corporeus.

2267 4149 2359 4206 25.
2400 4148 2556 4207 Unde
2583 4165 2711 4222 ergo
2725 4151 2795 4207 sit
2828 4151 2963 4222 ipsa,
2983 4152 3035 4207 id
3056 4161 3158 4219 est,
3186 4152 3254 4209 de
3273 4169 3379 4224 qua
3405 4155 3548 4209 velut
3572 4164 3802 4211 malene

2198 4236 2342 4296 Deus
2375 4239 2517 4299 lnmc
2552 4240 2736 4297 ﬂatum
2782 4242 2989 4313 fecerit,
3041 4261 3162 4318 qua:
3188 4247 3363 4301 anima
3412 4246 3623 4314 dicitur,
3660 4247 3800 4303 dum

2197 4331 2488 4402 quaeritur,
2544 4332 2675 4386 nihil
2717 4349 3036 4405 corporeum
3076 4334 3238 4393 debet
3286 4352 3594 4394 occurrere.
3636 4336 3799 4395 Sicut

2198 4422 2342 4477 enim
2369 4423 2513 4478 Deus
2540 4440 2754 4479 omnem
2775 4435 3097 4494 creaturam,
3117 4427 3196 4483 sic
3215 4427 3395 4484 anima
3415 4443 3631 4484 omnem
3664 4442 3797 4484 cor-

2198 4516 2415 4585 poream
2445 4526 2743 4572 creaturam
2767 4529 2970 4573 natura:
2997 4518 3253 4589 dignitate
3274 4520 3547 4590 prmcellit.
3584 4519 3688 4575 Per
3710 4520 3799 4574 lu-

2197 4620 2316 4661 cem
2340 4617 2515 4661 tamcn
2537 4616 2591 4662 et
2610 4622 2811 4674 aerem,
2844 4625 2965 4679 quae
2984 4610 3038 4664 in
3062 4610 3178 4680 ipso
3196 4624 3410 4680 quoque
3430 4609 3629 4665 mundo
3653 4625 3800 4681 pra:-

2196 4700 2444 4756 cellentia
2470 4707 2596 4756 sunt
2619 4717 2864 4773 corpora,
2884 4703 3157 4774 magisque
3172 4704 3369 4759 habent
3398 4702 3624 4760 faciendi
3640 4718 3795 4774 pra:-

2197 4792 2469 4858 stantiam,
2499 4809 2657 4865 quam
2686 4793 2919 4864 patiendi
2945 4796 3331 4866 corpulentiam
3358 4797 3491 4852 sicut
3523 4796 3714 4852 humor
3735 4807 3799 4855 et

2199 4892 2361 4952 terra,
2378 4894 2623 4955 tanquam
2640 4900 2734 4955 per
2745 4901 2806 4940 ea
2820 4902 2940 4957 quae
2950 4886 3154 4959 spiritui
3166 4887 3424 4944 similiora
3435 4899 3577 4955 sunt,
3590 4903 3798 4959 corpus

2197 4973 2552 5031 administrat.
2594 4975 2813 5032 Nuntiat
2839 4978 2981 5034 enim
3006 4979 3205 5051 aliquid
3235 4979 3329 5036 lux
3350 4996 3651 5052 corporea:
3698 4984 3795 5037 cui

2197 5074 2376 5121 autem
2395 5068 2623 5135 nuntiat,
2644 5084 2749 5124 non
2774 5070 2875 5125 hoc
2895 5081 2977 5125 est
3000 5072 3140 5142 quod
3160 5070 3245 5126 illa
3262 5088 3278 5137 ;
3296 5080 3352 5128 et
3372 5073 3485 5128 liam
3504 5082 3586 5129 est
3608 5073 3793 5129 anima

2195 5160 2284 5214 cui
2312 5160 2538 5228 nuntiat,
2570 5178 2677 5216 non
2706 5163 2793 5217 illa
2818 5179 2938 5234 qua:
2965 5165 3193 5221 nuntiat.
3221 5165 3288 5219 Et
3325 5181 3447 5221 cum
3471 5165 3794 5221 afﬂictiones

2196 5255 2438 5327 corporis
2467 5257 2693 5313 moleste
2735 5258 2918 5323 sentit,
2967 5261 3232 5315 actionem
3260 5275 3433 5325 suam,
3461 5276 3564 5332 qua
3593 5260 3666 5315 illi
3696 5276 3792 5315 re-

2196 5347 2372 5419 gendo
2399 5346 2573 5416 adest,
2597 5350 2808 5405 turbato
2834 5349 2950 5422 ejus
2981 5361 3403 5423 temperamento
3432 5352 3676 5421 impediri
3704 5351 3792 5407 of-

2200 5438 2452 5504 fenditur,
2480 5449 2535 5496 et
2563 5439 2679 5496 lucc
2697 5442 2921 5496 offensio
2934 5441 3089 5498 dolor
3107 5453 3341 5498 vocatur.
3367 5443 3435 5498 Et
3454 5460 3548 5498 aer
3565 5443 3654 5513 qui
3671 5458 3789 5499 ner-

2199 5533 2285 5587 vis
2324 5531 2533 5589 int'usus
2566 5543 2670 5603 est,
2720 5544 2872 5606 paret
2897 5536 3152 5591 voluntati
3179 5547 3238 5592 ut
3278 5536 3516 5592 membra
3547 5548 3784 5607 moveat,

2199 5642 2305 5682 non
2337 5634 2514 5681 autem
2554 5627 2669 5698 ipse
2687 5628 2934 5684 voluntas
2980 5637 3080 5684 est.
3114 5629 3182 5684 Et
3202 5629 3287 5685 illa
3320 5645 3445 5706 pars
3465 5629 3638 5687 media
3666 5646 3789 5684 mo-

2201 5727 2311 5773 tum
2338 5717 2701 5773 membrorum
2730 5720 2956 5788 nunliat,
2971 5727 3030 5774 ut
3056 5721 3310 5777 memoria
3339 5730 3583 5813 tegentur
3605 5721 3645 5790 ’,
3676 5735 3790 5777 non

2262 5840 2279 5867 ι
2304 5833 2377 5883 Sic
2399 5839 2505 5883 Mss.
2532 5838 2588 5883 At
2610 5832 2744 5895 editi,
2777 5838 3039 5885 naeniarum
3058 5839 3326 5886 (uisantur.
