4090 6530
342 385 448 442 565

341 498 460 569 ipsa
490 494 754 553 memoria
798 501 900 552 est.
925 493 1167 564 Denique
1217 491 1344 565 dpm
1375 490 1490 547 haec
1517 489 1635 561 ejus
1681 497 1932 558 tanquam

343 588 640 644 ministeria
671 587 801 641 vitio
822 585 1058 656 quolibet
1076 600 1169 638 seu
1189 583 1588 654 perturbatione
1607 581 1752 635 omni
1774 579 1933 634 modo

349 680 624 740 deﬁciunt.
651 676 1028 732 desistentibus
1060 676 1262 729 nuntiis
1303 671 1567 728 sentiendi
1595 679 1650 725 et
1678 668 1934 724 ministris

349 770 621 835 movendi,
649 778 899 840 tanquam
931 784 1033 822 non
1067 767 1268 822 habens
1290 781 1387 822 cur
1405 765 1564 829 adsit,
1595 763 1850 819 abscedit.
1877 761 1935 816 Si

349 873 527 918 autem
553 875 660 916 non
690 861 762 915 ita
787 859 1064 925 deficiunt,
1091 868 1149 912 ut
1179 858 1233 912 in
1262 867 1432 912 morte
1453 855 1672 919 assolet,
1697 854 1938 908 turbatur

348 955 470 1024 ejus
495 953 739 1008 intentio.
765 962 1012 1020 tauquam
1042 948 1284 1004 conantis
1309 947 1669 1016 redintegrare
1685 943 1936 1009 labentia,

353 1060 454 1100 nec
475 1044 721 1098 valentis.
750 1042 818 1096 Et
845 1043 1078 1120 inrebus
1106 1039 1298 1109 quibus
1321 1039 1578 1103 turbatur,
1601 1034 1723 1088 inde
1750 1048 1939 1102 cogno-

353 1139 520 1193 scitur
548 1152 667 1207 quae
697 1151 818 1204 pars
848 1133 1263 1188 ministeriorum
1293 1131 1346 1185 in
1381 1143 1540 1185 causa
1570 1128 1660 1194 sit,
1690 1136 1750 1181 ut
1770 1126 1814 1181 si
1841 1139 1939 1195 po-

356 1229 537 1290 tuerit,
565 1226 825 1282 medicina
849 1233 1139 1279 succurrat.

350 1288 581 1375 CAPUT
621 1315 738 1372 ΧΧ.
777 1345 850 1357 --
886 1314 1038 1368 Aliud
1072 1315 1272 1378 anima,
1303 1310 1447 1366 aliud
1471 1325 1665 1381 organa
1691 1288 1938 1379 corporis.
2010 1299 2012 1303 ’

425 1409 519 1464 26.
561 1407 802 1477 Namque
826 1405 964 1460 aliud
989 1419 1109 1459 esse
1147 1405 1337 1474 ipsam,
1369 1401 1508 1456 aliud
1536 1400 1652 1455 haec
1675 1398 1791 1469 ejus
1819 1413 1942 1451 cor-

359 1501 562 1573 poralia
606 1499 898 1554 ministeria
923 1540 938 1564 ,
968 1497 1052 1552 vel
1084 1511 1204 1550 vasa
1231 1537 1246 1561 ,
1279 1494 1364 1548 vel
1393 1507 1613 1563 organa,
1638 1491 1719 1546 vel
1746 1490 1791 1545 si
1820 1488 1946 1559 quid

356 1596 532 1665 aptius
562 1593 666 1647 dici
694 1600 951 1662 possunt,
999 1589 1123 1644 hinc
1148 1587 1424 1643 evidenter
1452 1586 1644 1647 elucet,
1669 1581 1808 1653 quod
1837 1581 1950 1651 plc-

357 1702 585 1757 rumque
631 1700 692 1740 se
729 1682 1028 1739 vehementi
1068 1678 1401 1752 cogitationis
1427 1675 1720 1731 intentione
1758 1673 1950 1727 avertit

355 1778 426 1833 ab
455 1777 728 1841 omnibus,
755 1784 813 1829 ut
843 1789 952 1844 prae
973 1771 1145 1828 oculis
1167 1767 1466 1840 patentibus
1494 1774 1747 1835 recteque
1769 1763 1950 1818 valen-

358 1869 500 1923 tibus
542 1866 707 1921 multa
758 1865 930 1936 posita
969 1861 1204 1926 nesciat;
1236 1869 1290 1914 et
1319 1859 1361 1913 si
1392 1857 1564 1927 major
1589 1855 1815 1910 intentio
1842 1862 1946 1917 est,

359 1960 487 2014 dum
531 1957 868 2019 ambulabat,
900 1964 1121 2024 repente
1160 1951 1447 2016 subsistat,
1477 1957 1725 2002 avertens
1769 1943 1951 2014 utique

363 2048 658 2120 imperandi
689 2057 874 2102 nutum
922 2062 952 2098 a
996 2044 1294 2098 ministerio
1341 2039 1594 2095 motionis
1637 2052 1739 2107 qua
1787 2035 1952 2106 pedes

359 2141 659 2212 agebantur
685 2156 700 2192 :
725 2139 770 2193 si
797 2147 973 2192 autem
1003 2151 1106 2190 non
1134 2143 1276 2188 tanta
1302 2141 1382 2187 est
1421 2128 1754 2201 cogitationis
1781 2128 1954 2182 inten-

363 2233 462 2298 tio,
487 2243 544 2287 ut
575 2234 700 2302 ligat
719 2229 1076 2284 ambulantem
1109 2228 1226 2280 loco
1251 2265 1264 2287 ,
1295 2224 1389 2279 sed
1416 2233 1592 2278 tamen
1617 2230 1758 2276 tanta
1787 2229 1866 2275 est
1897 2227 1955 2273 ut

364 2335 571 2397 partem
619 2326 762 2378 iltant
805 2321 1014 2377 cerebri
1057 2319 1284 2374 mediam
1337 2317 1666 2370 nuntiantem
1712 2311 1954 2383 corporis

365 2428 546 2474 motus
575 2433 679 2471 non
706 2427 858 2470 vacet
883 2414 1198 2476 advertere;
1231 2409 1561 2466 obliviscitur
1585 2405 1866 2476 aliquando
1901 2413 1956 2459 et

367 2511 509 2564 unde
536 2507 737 2574 veniat,
765 2517 818 2562 et
841 2519 947 2575 quo
973 2513 1080 2570 eat,
1112 2513 1166 2557 et
1202 2501 1396 2555 transit
1438 2499 1748 2569 imprudens
1777 2495 1954 2551 villam

365 2618 475 2673 quo
502 2601 786 2664 tendebat,
826 2607 1017 2652 natura
1045 2595 1126 2650 sui
1170 2592 1413 2664 corporis
1442 2607 1592 2657 sana,
1619 2589 1714 2645 sed
1743 2604 1838 2644 sua
1861 2589 1879 2620 ⁸
1901 2589 1956 2643 in

366 2695 510 2750 aliud
549 2701 789 2747 avocata.
823 2690 1157 2758 Quapropter
1190 2687 1317 2742 istas
1346 2683 1587 2753 corporei
1617 2683 1736 2738 caeli
1762 2694 1956 2751 corpo-

365 2802 490 2843 reas
516 2784 774 2855 quasdam
817 2780 1102 2851 particulas
1121 2819 1134 2840 ,
1161 2777 1212 2832 id
1240 2785 1344 2842 est,
1379 2776 1509 2830 lucis
1533 2783 1588 2828 et
1614 2774 1755 2829 aeris
1774 2815 1789 2838 ,
1837 2787 1957 2842 quae

367 2879 553 2949 prima:
579 2875 853 2944 excipiunt
874 2883 1031 2926 nutus
1047 2871 1240 2924 animae
1259 2865 1598 2932 viviﬁcautis,
1619 2879 1685 2920 eo
1706 2863 1847 2934 quod
1876 2864 1961 2918 in-

365 2956 640 3039 corporeas
667 2975 869 3020 naturae
906 2961 1312 3033 propinquiorcs
1345 2967 1469 3013 sunt
1503 2973 1659 3028 quam
1689 2957 1880 3011 lmmor
1906 2965 1960 3012 et

369 3073 534 3122 terra,
567 3069 624 3114 ut
649 3059 716 3113 ad
743 3072 924 3112 earum
950 3054 1252 3126 proximum
1276 3049 1626 3105 ministerium
1653 3055 1761 3102 tota
1789 3047 1961 3101 moles

366 3154 792 3218 administretur,
825 3159 1001 3203 utrum
1043 3147 1183 3202 Deus
1208 3144 1275 3200 de
1300 3143 1404 3198 hoc
1431 3139 1755 3197 circumfuso
1780 3149 1836 3195 et
1878 3156 1963 3195 su-

369 3246 588 3319 perfuso
610 3243 752 3299 creto
779 3238 993 3311 corpori
1016 3238 1242 3319 viventis
1266 3233 1559 3299 miscuerit,
1585 3241 1677 3286 aut
1701 3231 1961 3303 adjunxe-

369 3346 465 3408 rit,
495 3358 561 3395 an
588 3351 645 3395 et
675 3341 816 3408 ipsas
845 3336 913 3391 de
939 3310 1067 3390 limo
1095 3332 1234 3387 sient
1259 3345 1474 3384 carnem
1497 3326 1717 3394 fecerit,
1744 3341 1851 3381 non
1879 3333 1964 3380 est

371 3435 442 3488 ad
472 3448 583 3488 rem
627 3430 903 3500 pertinens
938 3424 1181 3496 quaestio.
1232 3421 1401 3477 Omne
1439 3420 1635 3490 quippe
1675 3432 1870 3487 corpus
1909 3418 1960 3471 in

368 3538 531 3582 omne
565 3537 764 3591 corpus
801 3517 991 3574 mutari
1025 3531 1214 3586 posse,
1249 3512 1508 3568 credibile
1546 3518 1663 3564 est:
1693 3508 1967 3579 quodlibet

370 3626 551 3670 autem
587 3628 785 3685 corpus
835 3609 1028 3666 mutari
1065 3621 1224 3680 posse
1262 3607 1314 3660 in
1342 3605 1595 3669 animum,
1627 3600 1846 3656 credere
1871 3599 1968 3656 ab—

372 3707 595 3762 surdum
622 3715 724 3759 est.

373 3799 600 3856 CAPUT
640 3795 780 3852 XXI.
801 3824 875 3836 --
896 3793 1081 3849 Anima
1123 3807 1283 3861 neque
1318 3787 1426 3844 ullo
1449 3803 1512 3844 ea:
1538 3801 1779 3859 corpore,
1811 3800 1970 3856 neque

933 3886 1094 3941 ullum
1116 3900 1299 3954 corpus
1325 3891 1416 3936 est.

449 3985 542 4039 27.
565 3969 922 4049 Quamobrem
946 3991 1043 4032 nec
1065 3973 1192 4028 illud
1219 3969 1539 4027 audiendum
1561 3976 1664 4033 est,
1692 3966 1834 4039 quod
1854 3965 1972 4038 qni-

375 4077 503 4132 dam
529 4079 879 4144 putaverunt,
912 4067 1154 4138 quintum
1174 4063 1438 4134 quoddam
1464 4076 1583 4116 esse
1615 4074 1808 4129 corpus
1829 4057 1971 4113 unde

378 4169 454 4222 sit
477 4167 651 4220 anima
668 4165 712 4230 ',
737 4161 876 4231 quod
903 4173 1002 4214 nec
1021 4167 1187 4222 terra,
1217 4170 1315 4210 nec
1336 4169 1472 4223 aqua
1501 4151 1590 4218 sit,
1616 4167 1714 4206 nec
1733 4166 1844 4218 aer,
1874 4163 1973 4204 nec

380 4257 523 4328 ignis
546 4297 562 4322 ,
594 4256 704 4308 sive
732 4253 832 4307 iste
861 4247 1210 4304 turbulentior
1233 4255 1390 4315 atque
1420 4251 1685 4306 terrenus,
1733 4240 1845 4296 sive
1882 4240 1973 4296 ille

378 4351 620 4405 caelestis
660 4361 824 4415 purus
848 4352 904 4399 et
925 4340 1133 4396 lucidus
1157 4356 1171 4404 ;
1199 4337 1293 4393 sed
1325 4337 1502 4392 nescio
1524 4334 1648 4405 quid
1670 4332 1810 4388 aliud
1832 4332 1973 4402 quod

378 4451 564 4497 careat
585 4439 777 4494 usitato
798 4433 1012 4490 nomine
1027 4473 1043 4499 ,
1067 4431 1158 4486 sed
1177 4441 1350 4484 tamen
1371 4442 1568 4497 corpus
1588 4425 1676 4495 sit(
1693 4423 1797 4480 Cic.
1822 4423 1908 4477 lib.
1944 4424 1967 4478 l

383 4535 539 4588 Tusc.
570 4527 796 4604 quaest).
829 4529 884 4584 Si
913 4527 1053 4583 enim
1091 4524 1179 4595 qui
1210 4523 1312 4576 hoc
1346 4521 1614 4585 sentiunt,
1647 4517 1749 4572 hoc
1791 4517 1976 4571 dicunt

381 4640 581 4695 corpus
601 4622 740 4694 quod
765 4629 819 4675 et
839 4635 956 4682 nos,
971 4617 1022 4672 id
1053 4624 1156 4682 est,
1188 4622 1426 4668 naturam
1448 4609 1735 4681 quamlibet
1750 4608 1978 4677 longitu-

385 4716 514 4771 dine
532 4757 549 4781 ,
575 4711 852 4768 latitudine
870 4751 887 4778 ,
913 4707 1212 4772 altitudine,
1239 4704 1461 4774 spatium
1486 4701 1584 4755 loci
1605 4708 1973 4770 occupantem,

385 4824 566 4878 neque
594 4808 696 4860 huc
720 4815 802 4858 est
829 4803 1023 4866 anima,
1055 4814 1230 4869 neque
1272 4795 1396 4852 inde
1423 4793 1558 4849 facta
1584 4791 1845 4847 credenda
1872 4801 1972 4846 est.

388 4898 656 4970 Quidquid
677 4898 818 4952 enim
855 4896 959 4950 tale
988 4900 1094 4958 cst,
1122 4902 1178 4945 ut
1205 4889 1366 4943 multa
1397 4881 1503 4940 non
1533 4885 1727 4950 dicam,
1759 4885 1812 4937 in
1843 4898 1976 4953 qua-

385 5008 621 5062 cumque
648 4989 727 5044 sui
757 4998 904 5058 parte
931 4985 1085 5041 lineis
1107 4981 1267 5038 dividi
1289 4980 1372 5034 vel
1392 4976 1755 5034 circumscribi
1783 4982 1974 5045 potest:

387 5085 534 5154 quod
565 5083 742 5136 anima
771 5079 816 5133 si
839 5086 1128 5148 pateretur,
1159 5072 1303 5151 nullo
1323 5070 1482 5125 modo
1507 5083 1672 5142 nosse
1699 5075 1878 5138 posset
1898 5075 1979 5118 ta-

357 5176 471 5228 -les
497 5174 697 5237 lineas,
726 5186 842 5240 quae
864 5183 961 5238 per
987 5168 1197 5236 longum
1228 5158 1397 5217 secari
1419 5176 1524 5214 non
1539 5157 1766 5230 'queunt,
1796 5155 1982 5227 quales

393 5267 450 5320 in
477 5277 707 5333 corpore
735 5277 839 5314 non
868 5274 1025 5330 posse
1055 5254 1276 5311 inveniri
1305 5247 1837 5310 nihilominusn’ovit.

466 5357 560 5413 28.
599 5355 708 5410 Nec
735 5355 849 5424 ipsa
892 5351 990 5406 sibi
1021 5348 1122 5404 tale
1147 5345 1344 5417 aliquid
1365 5347 1780 5436 occurrit,cum
1812 5355 1871 5395 se
1892 5355 1979 5394 ne-

392 5451 539 5506 scire
566 5463 672 5502 non
697 5445 886 5517 possit,
916 5443 1075 5498 etiam
1105 5439 1319 5512 quando
1339 5453 1397 5493 se
1420 5432 1790 5505 ut'e’Ognoscat
1810 5432 1984 5502 inqui-

394 5544 487 5598 rit.
519 5539 655 5596 Cum
683 5537 824 5593 enim
850 5550 909 5590 se
937 5536 1148 5605 quaerit,
1176 5531 1322 5587 novit
1349 5527 1492 5600 quod
1513 5543 1571 5583 se
1592 5535 1814 5598 quaerat;
1845 5523 1985 5594 quod

397 5647 564 5692 nosse
618 5645 728 5685 non
778 5635 994 5700 posset,
1045 5625 1089 5680 si
1126 5639 1184 5679 se
1222 5637 1327 5677 non
1370 5629 1573 5676 nosset.
1620 5617 1805 5689 Neque
1844 5614 1988 5671 enim

465 5773 480 5800 ι
504 5776 553 5817 tu
577 5767 739 5828 editis,
761 5777 850 5828 sua
872 5773 937 5812 vt.
961 5765 1127 5828 Deest,
1151 5755 1216 5828 ri,
1239 5759 1286 5828 ip
1309 5755 1533 5805 omnibus
1555 5764 1706 5820 prope
1726 5758 1834 5802 uss.

465 5833 488 5862 ²
512 5837 617 5880 uss.
656 5821 900 5891 plerique,
923 5821 1051 5874 and:
1073 5821 1166 5872 sint
1189 5821 1382 5871 animm.

1250 6030 1376 6053 ,--\

1684 373 1884 430 LIBER
1922 371 2277 431 SEPTIMUS.

3511 375 3615 432 366

2034 485 2248 544 aliunde
2273 502 2331 543 se
2355 487 2544 558 quaerit
2565 529 2581 556 ,
2605 502 2762 559 quam
2792 501 2821 542 a
2845 486 3039 558 seipsa.
3067 486 3198 544 Cum
3226 503 3352 560 ergo
3373 505 3616 560 quaeren-

2039 586 2145 632 tem
2179 594 2236 634 se
2267 579 2443 644 novit,
2475 594 2533 634 se
2573 578 2754 650 utique
2797 578 2980 645 novit;
3008 586 3062 633 et
3087 592 3244 632 omne
3283 579 3423 648 quod
3472 581 3622 636 novit

2041 677 2148 724 tota
2177 670 2324 724 novit
2355 684 2514 725 :cum
2540 669 2716 740 itaque
2751 683 2809 724 se
2851 678 3179 739 quaerentem
3219 669 3399 737 novit,
3432 678 3538 724 tota
3562 685 3623 727 se

2040 761 2218 827 novit,
2249 775 2378 831 ergo
2401 769 2452 817 et
2481 769 2649 816 totam
2679 775 2738 816 se
2766 761 2914 815 novit
2959 777 2974 815 :
3015 775 3190 830 neque
3238 760 3378 816 enim
3422 762 3623 834 aliquid

2039 852 2184 908 aliud
2204 895 2220 919 ,
2253 851 2347 907 sed
2373 852 2603 923 seipsam
2629 861 2738 907 tota
2762 853 2909 906 novit
2929 851 2969 905 ¹.
2998 851 3135 920 Quid
3183 867 3310 922 ergo
3356 851 3530 908 adhuc
3567 868 3628 910 se

2041 951 2251 1016 quaerit,
2273 947 2316 1001 si
2339 957 2663 1017 quaerentem
2693 961 2752 1003 se
2777 945 2925 1002 novit
2944 947 2970 1001 ?
2998 946 3179 1018 Neque
3199 947 3340 1002 enim
3371 948 3416 1002 si
3455 947 3629 1002 nesci-

2043 1046 2126 1094 ret
2175 1053 2267 1107 se,
2315 1051 2496 1110 posset
2534 1049 2860 1110 quaerentem
2905 1055 2964 1094 se
2994 1040 3133 1095 scire
3157 1055 3217 1095 se
3248 1059 3261 1094 :
3295 1039 3392 1095 sed
3429 1039 3532 1096 hoc
3575 1041 3633 1097 itt

2045 1131 2325 1200 praesenti;
2355 1131 2495 1201 quod
2521 1143 2699 1186 autem
2737 1130 2803 1186 de
2833 1144 2896 1185 se
2929 1132 3139 1201 quaerit,
3170 1130 3297 1202 quid
3339 1141 3494 1186 antea
3523 1132 3634 1188 fue-

2047 1223 2145 1290 rit,
2176 1225 2258 1280 vel
2299 1224 2423 1295 quid
2451 1223 2621 1280 futura
2668 1223 2739 1279 sit
2783 1225 2994 1295 quaerit.
3043 1224 3261 1279 Desinat
3313 1241 3440 1295 ergo
3489 1240 3633 1280 nunc

2046 1311 2258 1368 interim
2282 1315 2539 1385 suspicari
2575 1330 2633 1369 se
2659 1329 2778 1370 esse
2803 1329 3031 1384 corpus;
3069 1315 3192 1384 quia
3215 1315 3261 1369 si
3296 1313 3495 1386 aliquid
3528 1315 3634 1371 tale

2047 1413 2208 1470 esset,
2242 1405 2401 1460 talem
2431 1422 2488 1461 se
2517 1416 2715 1472 nosset,
2749 1422 2866 1476 quae
2891 1406 3057 1478 magis
3078 1422 3135 1461 se
3160 1405 3306 1460 novit
3331 1422 3488 1477 quam
3515 1421 3632 1464 cce-

2048 1496 2154 1552 lum
2178 1507 2232 1552 et
2259 1507 2476 1564 terram,
2495 1514 2613 1569 quae
2632 1514 2729 1568 per
2752 1501 2833 1553 sui
2860 1499 3099 1568 corporis
3119 1500 3302 1554 oculos
3324 1499 3490 1554 novit.
3572 1478 3580 1485 1

2118 1591 2207 1649 29.
2231 1591 2432 1648 Omitto
2455 1595 2636 1649 dicere
2656 1593 2775 1664 quia
2801 1592 2928 1647 illud
2946 1593 3061 1662 ejus
3086 1592 3226 1662 quod
3254 1595 3414 1648 etiam
3444 1609 3639 1664 pecora

2051 1681 2251 1740 habere
2278 1685 2657 1755 intelliguntur,
2681 1685 2764 1739 vel
2791 1683 2913 1741 caeli
2931 1683 3164 1738 volatilia
3192 1699 3312 1738 cum
3339 1684 3638 1739 habitacula

2051 1787 2147 1829 sua
2203 1791 2298 1830 seu
2353 1776 2510 1831 nidos
2567 1784 2845 1846 repetunt,
2909 1791 3014 1846 quo
3067 1775 3346 1845 capiuntur
3382 1775 3641 1846 imagines

2051 1866 2288 1920 omnium
2340 1883 2518 1921 rerum
2568 1868 2965 1938 corporalium,
3017 1867 3163 1922 nullo
3201 1867 3362 1922 modo
3390 1868 3641 1938 cuiquam

2053 1957 2265 2026 corpori
2293 1957 2467 2013 simile
2492 1966 2610 2024 est;
2643 1967 2696 2012 et
2723 1960 2904 2028 utique
2947 1957 3048 2012 hoc
3084 1957 3260 2028 potius
3305 1958 3519 2028 corpori
3568 1959 3643 2013 si-

2053 2050 2180 2105 mile
2208 2065 2326 2105 esse
2354 2049 2596 2118 deberet,
2622 2051 2709 2106 ubi
2737 2066 3114 2121 corporearum
3135 2066 3312 2105 rerum
3340 2049 3644 2106 similitudi-

2055 2156 2152 2197 nes
2175 2142 2536 2197 continentur.
2568 2143 2637 2197 Αι
2666 2143 2710 2197 si
2739 2143 2838 2197 hoc
2857 2159 3049 2212 corpus
3080 2158 3183 2197 non
3209 2151 3326 2210 est,
3371 2143 3494 2212 quia
3519 2159 3641 2198 cer-

2059 2240 2169 2286 tum
2195 2241 2294 2296 est,
2327 2248 2419 2288 eas
2445 2233 2823 2288 similitudines
2849 2248 3133 2303 corporum
3161 2232 3271 2287 illic
3315 2247 3424 2288 non
3467 2233 3645 2289 solum

2055 2323 2367 2378 memoriter
2391 2323 2640 2387 detineri,
2667 2340 2854 2380 verum
2885 2325 3045 2380 etiam
3089 2325 3508 2382 innumerabiles
3546 2341 3646 2396 pro

2055 2415 2277 2469 arbitrio
2304 2415 2552 2488 ﬁgurari;
2588 2426 2789 2488 quanto
2832 2417 3009 2472 minus
3037 2417 3139 2472 alia
3177 2419 3414 2490 qualibet
3458 2419 3512 2476 vi
3549 2435 3648 2476 sua

2055 2508 2268 2578 corpori
2293 2523 2412 2564 esse
2431 2509 2606 2562 anima
2628 2509 2816 2564 similis
2836 2518 3010 2579 potest
3031 2508 3057 2563 τ

2128 2598 2218 2653 30.
2259 2597 2317 2654 Si
2342 2607 2517 2655 autem
2552 2615 2747 2670 corpus
2779 2615 2898 2655 esse
2923 2599 3107 2655 dicunt
3144 2599 3246 2655 alia
3267 2600 3503 2672 qualibet
3542 2616 3647 2657 no-

2058 2688 2204 2745 tione
2243 2705 2403 2745 omne
2431 2689 2572 2762 quod
2599 2699 2680 2745 est
2703 2732 2717 2755 ,
2750 2690 2801 2744 id
2829 2699 2933 2759 est,
2958 2706 3171 2746 omnem
3211 2701 3455 2746 naturam
3487 2702 3648 2764 atque

2059 2781 2443 2847 substantiam;
2477 2798 2584 2837 non
2605 2782 2817 2854 quidem
2844 2781 3172 2837 admittenda
3195 2794 3276 2838 est
3300 2783 3399 2839 ista
3428 2784 3647 2853 locutio,

2063 2889 2130 2928 ne
2159 2889 2265 2929 non
2292 2874 2624 2929 inveniamus
2651 2859 2918 2946 quomodo
2952 2874 3262 2944 loquentes,
3300 2891 3362 2931 ea
3387 2892 3506 2948 quae
3531 2891 3652 2932 cor-

2065 2983 2190 3038 pora
2227 2983 2334 3022 non
2375 2977 2534 3035 sunt,
2571 2983 2602 3022 a
2641 2968 2959 3039 corporibus
2985 2966 3414 3039 distinguamus:
3445 2984 3550 3024 non
3582 2978 3654 3024 ta-

2063 3077 2184 3116 men
2217 3061 2374 3117 nimis
2402 3071 2486 3117 est
2518 3061 2588 3117 de
2625 3060 2839 3116 nomine
2868 3060 3238 3116 laborandum.
3288 3061 3421 3117 Nam
3464 3069 3518 3129 et
3552 3076 3652 3118 nos

2063 3152 2311 3219 dicimus,
2349 3153 2604 3224 quidquid
2647 3153 2824 3208 anima
2873 3162 2990 3219 est,
3023 3169 3128 3209 non
3155 3169 3274 3210 esse
3304 3153 3494 3209 horum
3518 3170 3654 3226 qua-

2064 3254 2183 3298 tuor
2214 3243 2615 3299 notissimorum
2645 3244 3056 3312 elementorum,
3078 3261 3197 3316 quae
3225 3245 3503 3302 manifesta
3531 3255 3656 3301 sunt

2064 3349 2288 3406 corpora
2315 3352 2330 3401 ;
2359 3334 2457 3390 sed
2485 3351 2658 3406 neque
2687 3337 2790 3392 hoc
2813 3350 2933 3391 esse
2957 3336 3100 3407 quod
3129 3338 3264 3393 Deus
3286 3347 3388 3393 est.
3419 3337 3555 3407 Quid
3583 3339 3655 3394 sit

2065 3434 2279 3492 autem,
2325 3441 2432 3480 non
2473 3424 2668 3480 dicitur
2703 3426 2894 3481 melius
2931 3443 3090 3498 quant
3139 3428 3318 3482 anima
3368 3428 3449 3482 vel
3491 3428 3653 3498 spiri-

2069 3527 2156 3572 tus
2193 3518 2335 3571 vitae.
2393 3515 2516 3571 ldeo
2571 3516 2713 3570 enim
2759 3516 3010 3583 additur,
3065 3517 3226 3585 vitae,
3276 3518 3396 3588 quia
3454 3527 3510 3573 et
3553 3519 3657 3574 iste

2067 3625 2161 3666 aer
2203 3610 2510 3680 plerumque
2559 3608 2753 3663 dicitur
2793 3608 3029 3678 Spiritus.
3073 3606 3384 3678 Quanquam
3436 3620 3492 3665 et
3536 3610 3655 3664 ani-

2068 3719 2210 3757 mam
2239 3701 2485 3757 eumdem
2525 3717 2706 3757 acrem
2731 3700 3149 3774 appellaterunt,
3181 3711 3239 3756 ut
3261 3702 3370 3772 jam
3402 3717 3505 3758 non
3534 3718 3657 3772 pos-

2069 3795 2142 3849 sit
2161 3793 2382 3849 inveniri
2409 3808 2604 3848 nomen
2628 3833 2644 3858 ,
2671 3807 2778 3863 quo
2808 3792 3022 3862 proprie
3047 3791 3397 3863 distinguatur
3424 3794 3520 3848 ista
3561 3808 3657 3848 na-

2071 3893 2212 3953 tura,
2252 3900 2370 3955 quae
2401 3900 2499 3940 nec
2524 3899 2719 3954 corpus
2738 3923 2756 3949 ,
2810 3897 2911 3937 nec
2941 3883 3082 3937 Deus
3108 3891 3224 3950 est,
3275 3898 3374 3938 nec
3401 3883 3508 3938 vita
3537 3882 3656 3940 sine

2071 3990 2256 4043 sensu,
2283 3976 2454 4046 qualis
2478 3984 2656 4048 potest
2680 3974 2826 4030 credi
2859 3974 2912 4028 in
2939 3974 3245 4041 arboribus,
3278 3991 3377 4031 nec
3395 3975 3502 4030 vita
3539 3976 3658 4032 sine

2074 4067 2319 4123 rationali
2367 4077 2582 4132 mente,
2614 4065 2786 4137 qualis
2817 4074 2898 4120 est
2952 4065 3006 4120 in
3051 4066 3365 4136 pecoribus;
3408 4065 3503 4121 sed
3546 4068 3655 4123 vita

2074 4174 2217 4214 nunc
2260 4160 2434 4212 minor
2458 4174 2616 4228 quant
2642 4157 2961 4227 Angelorum
2981 4198 2997 4225 ,
3026 4167 3080 4212 et
3115 4157 3286 4212 futura
3314 4158 3454 4228 quod
3480 4158 3658 4230 Ange-

2075 4250 2272 4318 lorum,
2303 4250 2348 4304 si
2375 4265 2440 4305 ex
2469 4258 2736 4320 praecepto
2757 4250 2838 4304 sui
2867 4251 3120 4305 creatoris
3149 4249 3235 4307 hic
3262 4251 3471 4306 vixerit.

2084 4353 2090 4358 '
2147 4345 2239 4400 5i.
2277 4342 2430 4400 Unde
2455 4343 2525 4397 sit
2551 4351 2766 4408 autem,
2798 4341 2850 4397 id
2903 4353 3006 4409 est,
3035 4342 3101 4397 de
3137 4357 3238 4412 qua
3267 4343 3412 4397 velut
3436 4342 3657 4397 materia

2078 4434 2214 4490 facta
2238 4434 2324 4496 sit,
2348 4433 2434 4488 vel
2459 4432 2527 4487 de
2553 4447 2657 4503 qua
2677 4431 2914 4503 perlecta
2939 4433 3195 4502 beataquc
3216 4441 3400 4486 natura
3421 4431 3660 4488 deﬂuxe-

2077 4525 2170 4592 rit,
2199 4524 2280 4580 vel
2307 4533 2484 4579 utrum
2525 4521 2744 4577 omnino
2766 4537 2830 4576 ex
2861 4521 3026 4575 nihilo
3054 4519 3190 4575 facta
3219 4522 3308 4589 sit,
3329 4521 3537 4577 etiamsi
3562 4523 3662 4578 du-
3721 4584 3726 4587 _

2078 4616 2293 4680 bitatur,
2319 4622 2374 4670 et
2400 4614 2690 4682 quaeritur;
2720 4610 2845 4667 illud
2872 4621 3044 4667 tamen
3070 4611 3289 4668 minime
3308 4613 3658 4670 dubitandum
3704 4593 3720 4656 ί

2080 4716 2162 4762 est
2183 4749 2198 4774 ,
2229 4716 2284 4760 et
2311 4705 2355 4760 si
2383 4703 2585 4775 aliquid
2615 4710 2771 4758 antea
2804 4702 2922 4767 luit,
2953 4719 2982 4755 a
3009 4702 3119 4757 Deo
3147 4701 3346 4758 factum
3375 4719 3495 4760 esse
3519 4705 3660 4776 quod

2081 4797 2200 4866 fuit,
2223 4806 2277 4852 ct
2301 4811 2417 4851 eam
2461 4810 2602 4851 nunc
2627 4808 2656 4849 a
2681 4795 2790 4850 Deo
2814 4793 3007 4848 factam
3031 4834 3045 4861 ,
3074 4801 3133 4848 ut
3169 4795 3344 4850 anima
3383 4795 3500 4850 viva
3531 4797 3600 4851 sit
3648 4815 3663 4852 :

2082 4900 2171 4945 aut
2192 4890 2333 4945 enim
2355 4889 2486 4943 nihil
2506 4886 2637 4953 fuit,
2664 4893 2756 4940 aut
2775 4884 2876 4940 hoc
2903 4885 3044 4955 quod
3083 4895 3290 4942 estnon
3318 4884 3436 4942 fuit.
3455 4882 3574 4943 'Sed
3601 4887 3666 4942 il-

2083 4982 2188 5036 lam
2214 4990 2450 5050 partem,
2495 4994 2598 5049 qua
2624 4977 2992 5048 quaerebamus
3032 4977 3182 5046 quasi
3229 4977 3346 5048 ejus
3386 4977 3665 5033 materiem

2083 5074 2224 5129 unde
2250 5074 2386 5128 facta
2414 5073 2483 5127 sit
2505 5073 2615 5143 jam
2637 5071 2767 5127 satis
2794 5069 3157 5126 tractavimus.

2083 5165 2313 5224 CAPUT
2348 5163 2517 5221 XXII.
2536 5194 2609 5205 —
2633 5163 2712 5217 An
2739 5163 2958 5216 causalis
2996 5161 3339 5234 ratiofanimat
3364 5163 3516 5236 fuerit
3540 5180 3667 5219 con-

2545 5257 2653 5312 dita
2676 5257 2729 5311 in
2756 5255 2929 5310 diebus
2957 5253 3223 5310 Geneseos.

2159 5353 2249 5410 32.
2272 5351 2442 5417 Nune,
2465 5349 2510 5405 si
2535 5349 2754 5405 omnino
2783 5363 2889 5402 non
2916 5346 3034 5410 fuit,
3063 5345 3409 5418 quaerendum
3435 5356 3519 5404 est
3540 5363 3676 5420 quo-

2091 5446 2251 5501 modo
2279 5443 2446 5514 possit
2483 5441 2706 5511 intelligi
2734 5439 2876 5510 quod
2897 5439 3124 5495 causalis
3160 5439 3275 5508 ejus
3321 5443 3456 5496 ratio
3506 5439 3676 5498 fuisse

2091 5539 2368 5594 dicebatur
2388 5536 2442 5590 in
2467 5533 2652 5604 primis
2677 5549 2771 5588 sex
2799 5533 3005 5588 dierum
3041 5531 3293 5601 operibus
3322 5532 3436 5600 Dei,
3461 5534 3678 5606 quando

2095 5631 2222 5686 fecit
2268 5629 2408 5684 Deus
2461 5626 2734 5681 hominem
2767 5624 2834 5680 ad
2870 5623 3151 5694 imaginem
3180 5637 3330 5678 suam
3351 5667 3366 5692 ,
3394 5627 3539 5696 quod
3576 5627 3681 5683 nisi

2161 5745 2174 5776 ί
2205 5749 2255 5793 tn
2278 5750 2382 5790 MSS.
2405 5739 2588 5802 raucis,
2611 5737 2696 5789 sed
2740 5736 2945 5802 seipsam
2982 5741 3126 5788 totam
3155 5735 3310 5789 norit:
3337 5738 3485 5802 quod,
3515 5738 3682 5804 opina-

2095 5821 2223 5857 mur.
2247 5811 2458 5852 erratum
2477 5808 2570 5852 est.
3347 5827 3356 5835 .
