4090 6452
491 315 596 370 367

451 461 458 470 ,
489 404 782 464 secundum
807 403 1040 461 animam
1067 419 1173 460 non
1214 411 1360 460 recte
1409 403 1736 474 intelligitur.
1764 403 2066 459 Verendum

489 508 575 558 est
609 507 820 564 autem,
867 513 938 553 ne
974 512 1096 552 cum
1125 497 1351 552 dicimus
1376 511 1480 550 non
1510 496 1654 566 ipsas
1689 505 1814 550 tunc
1850 503 2068 551 naturas

491 599 651 662 atque
679 589 1002 645 substantias
1031 605 1148 660 qna:
1177 588 1364 642 futura:
1393 587 1617 654 fuerant,
1641 589 1807 644 Deum
1831 603 2065 653 creasse,

490 683 616 739 dum
643 689 852 736 crearet
870 681 1048 736 omnia
1069 681 1246 747 simul,
1285 679 1378 734 sed
1409 694 1591 734 earum
1619 679 1913 735 futurarum
1941 695 2069 736 cau-

489 774 633 832 sales
664 771 918 842 quasdam
946 772 1208 836 rationes,
1241 781 1485 840 putemur
1512 770 1685 823 inania
1710 770 1950 842 qumdam
1981 771 2062 826 di-

489 879 634 920 cere.
659 863 788 930 Qua:
816 869 940 917 sunt
980 861 1120 916 enim
1167 860 1282 914 istae
1325 861 1564 930 causales
1595 861 1846 922 rationes.
1876 875 2070 916 secun-

489 955 616 1010 dum
644 969 778 1025 quas
802 961 984 1023 posset
1017 952 1127 1020 jam
1156 950 1258 1004 dici
1295 949 1432 1005 Deus
1465 948 1656 1005 fecisse
1687 951 1957 1004 hominem
2000 949 2068 1005 ad

489 1045 771 1116 imaginem
799 1058 970 1107 suam,
998 1042 1148 1112 cujus
1170 1055 1366 1120 corpus
1392 1041 1624 1096 nondum
1655 1042 1720 1096 de
1748 1043 1874 1097 limo
1905 1043 2072 1104 finxe-

494 1146 592 1202 rat,
621 1135 706 1192 cui
728 1134 960 1189 nondum
987 1132 1218 1187 animam
1267 1129 1496 1187 afllando
1523 1131 1763 1188 fecerat?
1789 1132 1857 1188 Et
1877 1148 2068 1202 corpo-

487 1228 563 1283 ris
596 1226 810 1298 quidem
859 1223 1072 1279 humani
1121 1223 1326 1278 etiamsi
1354 1221 1449 1277 fuit
1479 1223 1651 1294 aliqua
1679 1223 1884 1280 occulta
1910 1226 2067 1289 ratio,

488 1331 593 1388 qua
621 1315 855 1371 futurum
884 1323 1000 1370 erat
1033 1322 1090 1368 ut
1114 1312 1455 1382 formaretur,
1483 1325 1598 1369 erat
1634 1327 1687 1370 et
1713 1316 1962 1370 materies
2001 1316 2070 1371 de

487 1424 591 1481 qua
619 1407 955 1474 formaretur,
982 1407 1032 1461 id
1070 1415 1151 1462 est
1180 1415 1344 1470 terra,
1375 1408 1425 1460 in
1455 1422 1556 1476 qua
1585 1406 1748 1461 videri
1780 1416 1953 1476 potest
1981 1408 2070 1464 illa

486 1501 624 1557 ratio
642 1499 786 1556 velut
812 1499 862 1553 in
885 1499 1087 1552 semine
1104 1497 1322 1554 latuisse
1346 1515 1358 1550 :
1383 1499 1572 1551 anima:
1591 1506 1769 1552 autem
1793 1497 2066 1565 faciendm,

486 1594 540 1650 id
569 1601 653 1650 est
674 1591 829 1648 [latus
854 1591 1116 1658 faciendi,
1154 1591 1243 1660 qui
1273 1599 1416 1645 esset
1457 1590 1631 1644 anima
1669 1589 1920 1658 hominis,
1950 1604 2069 1660 quas

486 1686 559 1742 ibi
603 1685 740 1741 ratio
768 1683 994 1739 causalis
1026 1682 1268 1753 primitus
1308 1680 1518 1736 condita
1548 1690 1628 1736 est
1651 1722 1665 1745 ,
1719 1697 1838 1737 cum
1868 1682 2071 1738 diceret

486 1778 652 1845 Deus,
677 1776 948 1832 Faciamus
973 1774 1223 1829 hominem
1251 1773 1319 1826 ad
1340 1774 1608 1844 imaginem
1625 1783 1670 1828 et
1689 1772 2072 1828 similitudinem

486 1879 711 1925 nostram
741 1867 906 1941 (quod
937 1867 1037 1920 nisi
1067 1864 1358 1921 secundum
1384 1866 1614 1919 animam
1660 1874 1806 1920 recte
1848 1865 2069 1936 intelligi

488 1977 596 2018 non
620 1961 838 2032 potest),
864 1960 908 2014 si
931 1958 1070 2014 nulla
1097 1967 1210 2012 erat
1242 1966 1427 2012 natura
1447 1957 1536 2011 ubi
1571 1957 1586 1989 ยน
1609 1957 1962 2013 conderetur?

557 2053 650 2108 55.
670 2051 727 2109 Si
755 2051 897 2107 enim
924 2049 1040 2105 haec
1064 2049 1199 2104 ratio
1219 2049 1272 2103 in
1305 2049 1412 2103 Deo
1437 2057 1571 2116 erat,
1601 2065 1706 2104 non
1733 2050 1783 2104 in
1800 2059 2064 2118 creatura;

488 2146 724 2204 nondum
776 2159 903 2215 ergo
947 2153 1060 2198 erat
1086 2142 1297 2198 condita
1332 2142 1641 2213 :quomodo
1687 2158 1814 2213 ergo
1864 2143 2067 2198 dictum

486 2249 601 2306 est,
632 2237 775 2293 Fecit
801 2237 936 2291 Deus
959 2236 1206 2290 hominem
1226 2235 1294 2288 ad
1316 2234 1585 2306 imaginem
1605 2233 1701 2288 Dei
1727 2233 1880 2305 (Gen.
1904 2251 1942 2302 ฮน,
1969 2235 2062 2303 26,

484 2332 624 2403 27)?
655 2329 715 2387 Si
749 2337 926 2384 autem
952 2329 1062 2397 jam
1101 2327 1152 2381 in
1181 2335 1421 2381 creatura
1446 2334 1592 2392 erat,
1624 2325 1727 2382 hoc
1751 2334 1833 2381 est
1856 2368 1872 2394 ,
1918 2327 1970 2382 in
2001 2326 2066 2382 iis

485 2441 606 2498 quae
633 2423 791 2480 simul
837 2423 1014 2477 omnia
1043 2428 1314 2476 creaverat
1356 2419 1533 2484 Deus,
1592 2418 1643 2471 in
1684 2433 1786 2487 qua
1824 2427 2066 2474 creatura

484 2514 640 2572 erat?
666 2521 841 2568 utrum
867 2508 1156 2582 spirituali,
1211 2523 1280 2563 an
1332 2506 1630 2578 corporali?
1663 2507 1718 2563 Si
1762 2507 2020 2577 spirituali
2046 2548 2064 2575 ,

483 2604 745 2677 agebatne
796 2600 992 2672 aliquid
1026 2600 1078 2655 in
1119 2598 1432 2669 corporibus
1477 2597 1684 2666 mundi,
1712 2613 1807 2653 seu
1833 2598 2067 2654 coelesti-

483 2699 604 2764 bus,
628 2711 723 2753 seu
753 2693 1129 2751 terrestribus?
1154 2695 1237 2748 An
1261 2692 1315 2748 in
1341 2707 1404 2749 ea
1427 2702 1544 2749 erat
1571 2694 1684 2747 tunc
1703 2708 1896 2748 vacans
1917 2704 2068 2748 ante-

483 2804 644 2860 quam
673 2788 833 2843 ltomo
861 2788 911 2840 in
951 2801 1046 2840 sua
1079 2793 1266 2840 natura
1303 2784 1516 2854 propria
1549 2783 1887 2852 conderetur,
1928 2785 2066 2840 sicut

484 2881 542 2936 in
569 2881 686 2951 ipso
713 2877 929 2934 homine
950 2877 1059 2948 jam
1092 2874 1357 2946 propriam
1384 2876 1610 2932 ducente
1636 2877 1795 2930 vitam
1835 2876 2066 2933 latenter

484 2971 762 3040 otioseque
800 2968 938 3022 inest
978 2967 1115 3022 ratio
1142 2964 1463 3036 generandi,
1495 2980 1614 3036 qua:
1645 2982 1751 3020 non
1791 2975 2062 3037 operatur,

485 3065 588 3122 nisi
610 3079 707 3136 per
723 3061 1061 3118 concubitum
1087 3067 1244 3129 atque
1272 3057 1633 3128 conceptum?
1658 3059 1741 3113 An
1771 3069 1824 3114 et
1849 3059 1934 3114 illa
1964 3075 2064 3114 na-

485 3165 603 3214 tura
653 3165 910 3212 creaturae
951 3152 1238 3223 spiritualis
1263 3153 1305 3215 ยน,
1333 3153 1385 3206 in
1434 3168 1538 3224 qua
1577 3153 1771 3209 latente
1809 3164 1921 3208 erat
1949 3155 2065 3212 hrce

483 3249 642 3315 ratio,
675 3247 808 3303 nihil
835 3246 1023 3318 agebat
1053 3246 1132 3300 sui
1159 3245 1377 3316 operis?
1399 3245 1466 3300 Et
1489 3245 1673 3316 utquid
1703 3257 1880 3301 creata
1909 3247 2063 3303 erat?

482 3345 566 3398 An
607 3350 665 3398 ut
705 3340 1003 3396 contineret
1044 3338 1304 3393 rationem
1336 3337 1521 3393 futura:
1551 3337 1742 3393 anima:
1784 3338 2060 3407 humanm,

481 3432 569 3489 vel
589 3430 886 3486 futurarum
915 3429 1232 3492 animarum,
1258 3437 1505 3500 tanquam
1525 3429 1576 3484 in
1598 3430 1789 3500 seipsis
1815 3445 1934 3486 esse
1954 3447 2061 3486 non

481 3531 735 3594 possent,
763 3521 858 3577 sed
887 3521 938 3576 in
969 3520 1144 3590 aliqua
1187 3529 1428 3575 creatura
1477 3521 1686 3590 prepria
1718 3522 1822 3576 vita
1843 3522 1954 3591 jam
1986 3524 2065 3577 vi-

479 3626 675 3684 vente,
714 3614 853 3670 sicut
895 3611 1183 3684 generandi
1214 3611 1349 3666 ratio
1391 3627 1496 3666 non
1542 3621 1712 3682 potest
1735 3627 1854 3668 esse
1879 3614 1978 3668 nisi
2008 3615 2058 3670 in

481 3707 746 3778 aliquibus
782 3705 892 3776 jam
922 3703 1274 3758 existentibus
1304 3702 1656 3772 perfectisque
1688 3704 1925 3759 naturis?
1957 3705 2061 3758 Pa-

480 3813 611 3854 rens
654 3810 784 3868 ergo
813 3796 1002 3850 anima:
1050 3793 1285 3848 instituta
1314 3801 1396 3847 est
1437 3793 1609 3862 aliqua
1639 3803 1877 3848 creatura
1906 3796 2063 3865 spiri-

482 3888 660 3954 tualis,
696 3888 748 3942 in
771 3902 870 3957 qua
893 3887 960 3940 sit
987 3885 1118 3938 ratio
1153 3883 1340 3938 futurm
1368 3885 1590 3950 anima},
1621 3901 1740 3955 quae
1784 3903 1887 3940 non
1936 3887 2060 3942 inde

481 3980 694 4047 existat,
722 3977 822 4032 nisi
848 3993 967 4031 cum
994 3992 1109 4030 eam
1141 3976 1278 4029 Deus
1303 3976 1499 4030 homini
1526 3977 1887 4048 inspirandam
1913 3981 2056 4038 facit.

480 4072 662 4141 Neque
681 4070 823 4126 enim
848 4077 902 4122 et
927 4083 990 4122 ex
1014 4067 1228 4121 homine
1249 4065 1412 4120 fetum
1441 4068 1520 4121 vel
1543 4069 1760 4124 seminis
1784 4071 1866 4124 vel
1894 4069 2058 4140 ipsius

477 4165 587 4235 jam
617 4161 782 4234 prolis
806 4169 955 4216 creat
979 4169 1033 4214 et
1072 4159 1263 4213 format
1289 4158 1387 4212 nisi
1419 4159 1587 4227 Deus,
1614 4176 1712 4232 per
1735 4160 2056 4232 Sapientiam

480 4256 824 4326 attingentem
862 4252 1058 4322 ubique
1095 4260 1309 4320 pr0pter
1337 4265 1485 4304 suam
1519 4251 1866 4319 munditiam,
1897 4254 1966 4308 ita
2003 4262 2060 4309 nt

480 4343 960 4415 nihilinquinatnm
993 4341 1045 4396 in
1073 4356 1191 4395 eam
1221 4341 1452 4395 incurrat
1476 4340 1630 4413 (Sap.
1660 4357 1755 4408 vn,
1783 4343 1854 4398 24
1875 4354 1921 4397 et
1940 4343 2054 4416 25),

480 4438 606 4494 dum
635 4435 898 4508 pertendit
928 4447 960 4487 a
992 4433 1093 4487 line
1130 4447 1298 4500 usque
1322 4432 1388 4487 ad
1418 4434 1573 4488 tinem
1608 4433 1831 4501 fortiter,
1862 4445 1916 4490 et
1941 4436 2050 4491 dis-

483 4529 630 4600 ponit
654 4526 830 4582 omnia
869 4523 1102 4579 suaviter
1130 4521 1241 4596 (Id.
1279 4538 1392 4588 vni,
1425 4524 1500 4594 1).
1528 4523 1634 4578 Sed
1661 4527 1839 4581 nescio
1863 4543 2051 4597 quem-

480 4620 764 4677 admodum
811 4617 982 4688 possit
1027 4614 1282 4686 intelligi,
1309 4613 1374 4670 ad
1425 4614 1526 4672 hoc
1578 4625 1779 4673 tantum
1821 4629 2053 4674 creatam

480 4713 664 4770 nescio
688 4725 845 4782 quam
873 4716 1170 4764 creaturam
1192 4707 1543 4776 spiritualem,
1569 4725 1687 4781 qua:
1716 4710 1767 4764 in
1798 4712 1890 4766 Dei
1920 4728 2053 4768 con-

479 4805 767 4862 ditionibus
789 4818 884 4873 per
905 4794 1022 4854 illos
1041 4815 1135 4854 sex
1157 4799 1273 4855 dies
1302 4799 1451 4854 factis
1471 4816 1576 4855 non
1604 4817 2054 4860 commemorare-

479 4879 588 4962 tur,
609 4912 728 4954 cum
756 4896 894 4950 Deus
923 4893 1191 4947 hominem
1219 4901 1371 4948 sexto
1413 4892 1500 4948 die
1521 4893 1710 4950 fecisse
1741 4895 1914 4951 dictus
1936 4906 2052 4963 est,

482 5007 640 5066 quem
669 4989 904 5045 nondum
942 4987 996 5041 in
1024 4983 1234 5056 propria
1259 4995 1444 5040 natura
1485 4985 1724 5054 fecerat,
1753 4989 1848 5044 sed
1873 4990 2056 5047 adhuc

478 5084 685 5140 ratione
703 5079 900 5136 causali
926 5078 978 5132 in
1001 5077 1084 5131 illa
1107 5088 1348 5132 creatura
1369 5094 1486 5148 qua:
1505 5088 1920 5135 commemorata
1947 5097 2052 5137 non

477 5185 582 5234 est.
610 5175 774 5245 Magis
815 5173 956 5228 enim
1003 5171 1185 5226 debuit
1230 5171 1339 5240 ipsa
1361 5173 1792 5239 commemorari,
1821 5190 1939 5244 qua:
1977 5178 2055 5232 sic

478 5273 847 5325 consummata
875 5272 1016 5330 erat,
1039 5271 1098 5316 ut
1127 5277 1230 5316 non
1259 5261 1433 5317 adhuc
1457 5273 1601 5318 esset
1625 5265 1912 5321 secundum
1941 5281 2052 5322 suae

479 5375 654 5459 causa?
682 5355 1072 5431 praecedentem
1095 5354 1353 5409 rationem
1378 5352 1636 5410 facienda.

539 5544 557 5577 ฮน
581 5549 656 5592 Er.
682 5547 734 5590 et
753 5547 884 5598 t.ov.,
906 5536 1052 5586 unde.
1086 5540 1140 5584 At
1162 5543 1259 5582 Am.
1295 5538 1347 5582 et
1385 5541 1510 5598 Mss,
1532 5530 1629 5584 ubi.

539 5606 562 5638 ฮฟ
585 5604 734 5653 Editi:
774 5594 946 5650 milia
975 5603 1206 5658 creatura
1230 5594 1510 5658 spiritualis.
1546 5594 1843 5647 Praetulimus
1862 5594 1942 5648 hic
1979 5595 2054 5648 Ie-

475 5667 685 5718 ctionetn
706 5672 811 5715 ฮดฮนฮตฮด.
836 5663 1156 5712 consensione
1183 5656 1428 5706 (irritatam.

1409 312 1499 369 DE
1537 311 1786 370 GENESI
1825 311 1918 368 AD
1955 310 2330 382 LITTERAM,
2371 315 2431 370 S.
2475 315 2838 374 AUGUSTINI

3648 283 3813 375 ฯฯฮดโ

2178 403 2404 462 CAPUT
2432 407 2618 464 XXIII.
2639 440 2710 450 โ
2737 412 2813 463 An
2860 409 2950 465 illa
2985 409 3204 465 causalis
3231 409 3360 466 ratio
3385 411 3570 465 animle
3599 416 3753 484 [nem

2602 501 2788 556 inserta
2815 503 2867 555 in
2895 503 3122 573 angelica
3154 513 3354 556 natura.
3793 499 3818 519 "โ

2244 588 2334 643 '54.
2378 591 2456 643 An
2491 590 2697 646 fortein
2728 593 2866 647 illius
2899 593 3000 648 diei
3043 603 3263 662 natura,
3304 610 3459 664 quem
3505 595 3754 666 primitus

2173 680 2430 744 condidit,
2455 681 2498 735 si
2524 684 2742 751 spiritus
2771 683 3144 739 intellectualis
3168 685 3281 740 dies
3305 687 3394 740 ille
3425 696 3569 742 recte
3606 687 3757 741 aeri-

2174 769 2336 838 pitnr,
2371 771 2506 826 hanc
2534 773 2787 829 facienda:
2811 777 3000 829 anima:
3020 777 3284 831 causalem
3315 779 3570 832 rationem
3614 780 3758 833 Dens

2174 861 2418 931 inseruit,
2449 880 2568 919 cum
2599 875 2749 920 sexto
2779 867 2867 922 die
2910 867 3035 923 fecit
3079 869 3346 923 hominem
3373 871 3438 923 ad
3470 871 3753 940 imaginem

2172 967 2359 1017 suam;
2391 969 2603 1009 causam
2644 957 2844 1011 scilicet
2873 959 3237 1029 rationemque
3265 961 3538 1030 praefigrns
3563 977 3759 1016 secun-

2172 1041 2296 1096 dum
2325 1059 2480 1113 quam
2509 1062 2629 1102 eum
2657 1057 2783 1118 post
2821 1049 2938 1103 illos
2956 1059 3159 1118 septem
3187 1050 3300 1104 dies
3329 1049 3553 1116 faceret;
3585 1060 3641 1105 nt
3670 1053 3756 1104 vi-

2172 1131 2367 1188 delicet
2408 1137 2647 1206 corporis
2693 1139 2810 1206 ejus
2852 1140 3116 1193 causalem
3166 1141 3428 1196 rationem
3468 1142 3519 1194 in
3564 1151 3757 1198 natura

2173 1231 2350 1288 terrae,
2383 1225 2573 1279 animre
2597 1237 2772 1282 autem
2797 1229 2848 1282 in
2878 1240 3066 1283 natura
3098 1229 3240 1284 illius
3267 1231 3369 1284 diei
3394 1247 3602 1286 creasse
3630 1248 3759 1287 ere-

2171 1312 2361 1368 datur?
2390 1315 2496 1371 Sed
2521 1318 2646 1387 quid
2677 1318 2820 1373 aliud
2847 1321 3058 1385 dicitur,
3105 1335 3223 1374 cum
3255 1322 3355 1375 hoc
3394 1321 3607 1388 dicitur,
3651 1324 3756 1378 nisi

2172 1406 2468 1474 angelicum
2491 1409 2734 1476 spiritum
2758 1410 2907 1479 quasi
2929 1420 3201 1480 parentem
3218 1426 3338 1468 esse
3355 1413 3544 1466 anima:
3570 1414 3762 1466 huma-

2177 1511 2281 1562 nm,
2312 1497 2356 1550 si
2382 1498 2460 1552 sic
2489 1499 2544 1553 in
2572 1500 2662 1556 illo
2692 1501 2831 1555 inest
2852 1503 3042 1556 anima:
3075 1503 3322 1558 humana:
3349 1505 3591 1559 creandas
3617 1522 3760 1578 prat-

2173 1587 2384 1643 condita
2411 1590 2570 1656 ratio,
2603 1592 2740 1647 sicut
2764 1593 2814 1646 in
2849 1592 3068 1649 homine
3098 1595 3287 1649 futura:
3314 1595 3478 1665 prolis
3507 1612 3615 1650 sua:
3647 1614 3661 1650 :
3694 1606 3758 1651 ut

2172 1692 2454 1747 corporum
2479 1683 2691 1751 quidem
2715 1683 3062 1740 humanorum
3087 1694 3332 1755 parentes
3361 1687 3601 1742 homines
3621 1687 3754 1753 sint,

2171 1769 2470 1825 animarum
2504 1782 2681 1828 antem
2724 1775 2933 1846 Angeli,
2959 1787 3171 1831 creator
3204 1792 3329 1832 vero
3365 1787 3421 1833 et
3456 1779 3757 1834 animarum

2172 1869 2227 1916 et
2251 1875 2533 1932 corporum
2563 1865 2721 1927 Dens.
2749 1867 2842 1922 sed
2872 1881 3154 1934 corporum
3183 1884 3246 1924 ex
3280 1868 3600 1934 hominibus,
3631 1871 3755 1924 ani-

2173 1969 2378 2007 marum
2408 1970 2475 2009 ex
2501 1955 2753 2026 Angelis;
2784 1965 2875 2012 aut
2894 1959 3094 2029 prioris
3132 1961 3372 2028 corporis
3389 1975 3460 2016 ex
3492 1969 3664 2022 terra.
3697 1970 3758 2016 et

2171 2045 2366 2116 prioris
2394 2047 2585 2101 anima:
2608 2063 2674 2102 ex
2702 2049 2939 2120 angelica
2965 2059 3173 2114 natura,
3202 2050 3287 2105 ubi
3311 2051 3542 2106 rationes
3559 2068 3754 2107 eorum

2171 2137 2413 2193 causales
2443 2139 2759 2208 prmfixerat,
2787 2141 3000 2212 quando
3030 2141 3272 2211 primitus
3315 2143 3438 2198 fecit
3477 2141 3755 2198 hominem

2172 2227 2227 2282 in
2271 2229 2336 2283 iis
2361 2245 2479 2299 qua:
2505 2229 2665 2286 simul
2693 2233 2870 2286 omnia
2897 2233 3129 2298 creavit;
3175 2233 3430 2304 deinceps
3472 2249 3600 2288 vero
3639 2233 3756 2304 jam

2171 2319 2417 2376 homines
2441 2337 2506 2378 ex
2533 2322 2856 2392 hominibus,
2895 2339 3088 2394 corpus
3111 2340 3177 2380 ex
3214 2340 3474 2395 corpore,
3517 2326 3757 2380 animam

2170 2429 2236 2482 ex
2257 2414 2474 2469 anima?
2506 2415 2702 2470 Durum
2729 2416 2970 2482 esthoc,
3003 2417 3190 2488 Angeli
3220 2427 3310 2471 aut
3338 2417 3659 2487 Angelornm
3691 2416 3758 2471 ti-

2169 2504 2293 2560 liam
2344 2506 2522 2562 dicere
2554 2521 2674 2563 esse
2715 2509 2946 2563 animam
2974 2525 2988 2562 :
3016 2509 3110 2564 sed
3151 2509 3318 2564 multo
3365 2509 3586 2574 durius,
3627 2510 3758 2565 cmi

2168 2599 2449 2667 corporei;
2492 2607 2690 2669 quanto
2721 2601 2887 2671 magis
2912 2615 3060 2673 ergo,
3105 2601 3267 2656 maris
3289 2611 3343 2655 et
3371 2602 3565 2656 terrae?
3585 2601 3757 2657 Multo

2169 2692 2346 2746 minus
2398 2691 2557 2761 igitur
2599 2694 2652 2747 in
2701 2693 2876 2764 aliqua
2916 2695 3180 2764 corporali
3219 2704 3492 2761 creatura,
3522 2697 3760 2750 causalis

2170 2785 2363 2840 anima:
2382 2785 2518 2840 ratio
2540 2787 2862 2856 prmcondita
2889 2798 2969 2842 est
2986 2827 3002 2853 ,
3029 2803 3150 2842 cum
3179 2787 3378 2842 faceret
3404 2789 3542 2842 Dens
3582 2787 3760 2842 homi-

2168 2890 2295 2931 nem
2328 2875 2397 2930 ad
2419 2875 2699 2947 imaginem
2719 2891 2868 2932 suam
2887 2919 2901 2942 ,
2930 2887 3212 2948 antequam
3243 2894 3362 2933 cum
3388 2894 3485 2933 suo
3513 2888 3757 2948 tempore

2168 2965 2237 3021 de
2280 2966 2410 3020 limo
2452 2963 2735 3021 formatum
2774 2966 2900 3021 llatu
2939 2969 3236 3036 animaret,
3275 2970 3321 3024 si
3365 2970 3591 3025 absurde
3634 2985 3757 3024 crc-

2166 3057 2312 3113 ditnr
2363 3057 2594 3112 animam
2641 3059 2926 3114 causaliter
2963 3060 3015 3114 in
3051 3071 3240 3114 natura
3279 3062 3517 3131 angelica
3563 3061 3754 3116 condi-

2165 3148 2328 3204 disse.

2165 3239 2393 3297 CAPUT
2429 3240 2618 3297 XXIV.
2643 3272 2718 3283 โ
2743 3243 2929 3296 Anima
2952 3259 3020 3296 an
3049 3252 3216 3297 creata
3235 3243 3297 3298 sit
3323 3243 3614 3315 priusquam
3637 3260 3757 3298 cor-

2771 3335 2892 3406 ,pori
2920 3335 3124 3389 inserta.

2235 3425 2325 3482 55.
2353 3424 2485 3482 Illud
2511 3441 2639 3498 ergo
2659 3426 2953 3494 videamus,
2977 3435 3152 3481 utrum
3177 3427 3392 3481 forsitan
3419 3442 3603 3482 verum
3628 3442 3755 3482 esse

2166 3518 2355 3588 possit,
2385 3519 2527 3589 quod
2554 3527 2699 3574 certe
2729 3518 2972 3574 humana:
2998 3520 3232 3588 Opinioni
3261 3520 3588 3575 tolerabilius
3614 3519 3750 3575 mihi

2163 3609 2411 3678 videtur,
2465 3610 2627 3663 Deum
2676 3610 2728 3664 in
2775 3610 2878 3664 illis
2923 3610 3106 3680 primis
3141 3610 3389 3680 operibus
3426 3626 3544 3681 qua:
3586 3611 3753 3666 simul

2163 3703 2342 3756 omnia
2386 3703 2622 3767 creavit,
2669 3702 2900 3755 animam
2953 3702 3113 3756 etiam
3163 3702 3447 3755 humanam
3499 3717 3748 3768 creasse,

2164 3809 2322 3864 quam
2349 3809 2446 3847 suo
2477 3803 2714 3861 tempore
2741 3792 2992 3847 membris
3017 3807 3081 3846 ex
3111 3791 3236 3844 limo
3267 3791 3480 3846 formati
3504 3795 3747 3862 corporis

2164 3885 2467 3953 inSpiraret,
2492 3883 2644 3954 cujus
2665 3884 2905 3953 corporis
2935 3884 2985 3936 in
3015 3883 3120 3937 illis
3155 3883 3312 3936 simul
3339 3881 3565 3937 conditis
3585 3882 3748 3937 rebus

2162 3977 2423 4033 rationem
2453 3985 2689 4032 creasset
2711 3977 3014 4041 causaliter,
3048 3976 3339 4030 secundum
3373 3990 3530 4045 quam
3559 3973 3744 4054 ๏ฌeret,

2161 4085 2282 4124 cum
2312 4069 2608 4126 faciendum
2634 4077 2798 4134 esset,
2834 4083 3027 4134 corpus
3063 4067 3373 4122 humanum.
3408 4066 3540 4121 Nam
3570 4083 3747 4137 neque

2161 4159 2292 4215 illud
2338 4160 2478 4231 quod
2517 4161 2715 4215 dictum
2755 4167 2866 4224 est,
2911 4159 2978 4212 ad
3024 4159 3293 4230 imaginem
3333 4175 3510 4223 suam,
3549 4158 3651 4212 nisi
3685 4159 3743 4211 in

2160 4249 2368 4316 anima;
2399 4265 2569 4322 neque
2597 4249 2722 4304 illud
2751 4248 2891 4319 quod
2917 4249 3115 4304 dictum
3141 4257 3256 4313 est,
3286 4249 3562 4302 masculum
3591 4257 3637 4301 et
3661 4252 3741 4317 fe-

2160 4344 2383 4411 minam,
2423 4344 2522 4397 nisi
2558 4343 2612 4397 in
2650 4354 2875 4412 corpore
2917 4351 3058 4397 recte
3089 4341 3450 4412 intelligimus.
3477 4341 3747 4396 Credatur

2159 4449 2321 4505 ergo,
2359 4435 2403 4488 si
2440 4434 2588 4488 nulla
2625 4434 3016 4504 Scripturarutn
3052 4434 3336 4487 auctoritas
3373 4448 3468 4488 seu
3503 4433 3745 4488 veritatis

2160 4525 2296 4579 ratio
2333 4523 2679 4592 contradicit,
2711 4525 2976 4578 hominem
3008 4524 3076 4577 ita
3110 4523 3302 4578 factum
3343 4534 3494 4578 sexto
3529 4521 3654 4588 die,
3684 4532 3744 4577 ut

2159 4618 2397 4688 corporis
2433 4616 2647 4688 quidem
2691 4617 2904 4672 humani
2948 4618 3082 4672 ratio
3122 4617 3348 4672 causalis
3372 4618 3428 4670 in
3459 4617 3742 4672 elementis

2159 4709 2340 4763 mundi
2366 4725 2382 4775 ;
2411 4709 2585 4762 anima
2617 4723 2742 4762 vero
2774 4709 2882 4779 jam
2911 4709 3019 4777 ipsa
3037 4717 3346 4775 crearetur,
3387 4709 3525 4763 sicut
3550 4709 3739 4778 primi-
3784 4711 3794 4759 ฮถ

2161 4809 2244 4854 tus
2269 4800 2513 4855 conditus
2549 4809 2631 4855 est
2667 4799 2816 4862 dies,
2861 4809 2914 4854 et
2951 4809 3126 4854 creata
3171 4801 3358 4855 lateret
3397 4801 3449 4854 in
3485 4800 3735 4871 operibus
3793 4836 3800 4840 -

2161 4893 2278 4959 Dei,
2308 4893 2479 4948 donec
2507 4909 2623 4948 eam
2646 4908 2742 4948 suo
2768 4903 3008 4962 tempore
3031 4893 3312 4958 sufflando,
3339 4894 3441 4948 hoc
3463 4903 3546 4948 est
3573 4894 3732 4964 inspi-

2159 4986 2346 5051 rando,
2377 4985 2600 5039 formato
2627 4999 2693 5040 ex
2723 4985 2850 5039 limo
2878 4986 3088 5054 corpori
3117 4986 3392 5041 insereret.

2157 5076 2381 5133 CAPUT
2419 5075 2586 5130 XXV.
2613 5104 2686 5115 โ
2709 5075 2897 5129 Anima
2921 5075 2966 5130 si
2989 5086 3131 5130 atra
3155 5093 3338 5148 corpus
3363 5077 3638 5146 existebat,
3668 5094 3736 5133 an

2507 5175 2686 5236 suopte
2709 5176 2834 5221 nutu
2867 5166 2938 5220 ad
2963 5183 3147 5238 corpus
3174 5170 3378 5222 venerit.

2227 5257 2316 5315 36.
2347 5256 2452 5312 Sed
2483 5256 2570 5312 hic
2595 5271 2780 5312 rursus
2804 5271 2908 5312 non
2948 5259 3246 5328 spernenda
3277 5260 3450 5318 oritur
3487 5259 3740 5331 quastio.

2157 5349 2212 5406 Si
2245 5351 2387 5405 enim
2415 5350 2526 5420 jam
2551 5350 2684 5405 facta
2709 5357 2824 5405 erat
2850 5350 3047 5414 anima,
3078 5361 3134 5407 et
3159 5351 3375 5419 latebat,
3420 5352 3507 5408 ubi
3532 5353 3583 5408 ei
3613 5367 3742 5424 pos-

2157 5452 2240 5500 set
2267 5458 2386 5498 esse
2417 5443 2605 5498 melius
2629 5459 2790 5514 quam
2832 5443 2946 5498 ibi?
2983 5443 3148 5510 Quid.
3162 5459 3288 5516 ergo
3331 5446 3426 5499 fuit
3463 5460 3639 5500 causa:
3680 5453 3743 5502 ut

2159 5535 2333 5590 anima
2375 5535 2688 5590 innocenter
2713 5535 2898 5590 vivens
2926 5535 3248 5590 insereretur
3276 5537 3396 5591 vita:
3425 5535 3583 5605 hujus
3613 5551 3740 5592 car-

2160 5627 2244 5682 nis
2263 5667 2276 5688 .
2318 5627 2370 5681 in
2396 5642 2498 5698 qua
2526 5626 2826 5697 peccando,
2859 5626 3030 5696 ipsum
3059 5627 3148 5698 qui
3187 5643 3304 5683 eam
3333 5627 3536 5683 creavit
3570 5627 3744 5684 offen-

2159 5716 2336 5780 deret;
2369 5715 2509 5772 unde
2537 5731 2654 5771 eam
2695 5717 2885 5772 merito
2925 5727 3236 5789 sequeretur
3261 5717 3459 5774 laboris
3502 5734 3740 5777 aerumna
