4090 6460
361 426 478 484 κε.

362 538 823 608 damnationlsque
864 536 1174 594 cruciatus?
1213 537 1292 591 An
1338 535 1464 590 iliud
1508 535 1787 591 dicendum
1834 544 1948 599 est,

362 628 503 701 quod
544 628 610 683 ad
656 643 854 698 corpus
908 627 1387 683 administrandum
1427 628 1699 682 voluntate
1739 626 1962 696 propria

359 722 517 776 fuerit
546 721 818 785 inclinata,
848 721 898 774 in
926 735 1027 791 qua
1054 720 1161 774 vita
1191 720 1450 788 corporis,
1472 720 1721 790 quoniam
1744 729 1796 773 et
1810 717 1953 788 juste

359 824 413 869 et
439 815 623 885 inique
652 814 759 869 vivi
790 823 998 884 potest,
1028 815 1168 885 quod
1196 815 1416 884 eligeret
1443 814 1547 869 hoc
1589 815 1842 881 haberet,
1867 813 1951 869 vel

360 910 639 979 praemium
665 908 732 963 de
747 907 974 978 justitia,
1001 908 1083 962 vel
1112 907 1179 962 de
1208 906 1483 977 iniquitate
1509 906 1827 977 supplicium
1850 949 1866 974 ,
1894 914 1954 962 ut

358 1014 458 1055 nec
486 999 562 1053 illi
587 1000 892 1069 apostolica:
925 998 1205 1054 sententiae
1233 998 1307 1052 sit
1329 998 1674 1063 contrarium,
1698 1013 1797 1068 qua
1825 997 1954 1051 dicit

357 1090 601 1145 nondum
630 1100 785 1145 natos
828 1089 959 1144 nihil
989 1090 1161 1160 egisse
1191 1089 1315 1144 boui
1356 1104 1449 1144 seu
1494 1090 1618 1143 mali
1656 1087 1833 1159 (Rom.
1856 1104 1909 1142 ιι
1934 1130 1948 1153 ,

359 1182 495 1249 il)?
525 1182 615 1237 llla
644 1183 840 1253 quippe
869 1182 1139 1236 inclinatio
1165 1181 1452 1235 voluntatis
1472 1180 1539 1235 ad
1565 1196 1779 1248 corpus,
1812 1198 1951 1236 non-

354 1274 487 1329 dum
512 1282 601 1330 est
618 1275 758 1329 actio
789 1274 1113 1344 vel‘justitize
1136 1274 1221 1328 vel
1252 1273 1565 1343 iniquitatis,
1591 1273 1658 1329 de
1686 1289 1788 1343 qua
1817 1275 1959 1329 ratio

357 1364 633 1419 reddenda
660 1373 743 1420 est
764 1364 816 1418 in
840 1364 1042 1435 judicio
1068 1364 1185 1431 Dei,
1216 1376 1495 1433 recepturo
1526 1379 1846 1434 unoquoque
1867 1379 1951 1419 se-

355 1458 593 1512 cundum
625 1474 687 1513 ea
712 1474 831 1528 quae
858 1473 953 1527 per
978 1460 1174 1527 corpus
1199 1458 1399 1528 gessit,
1433 1458 1546 1511 sive
1579 1458 1812 1521 bonum,
1839 1457 1953 1512 sive

356 1550 559 1604 malum
595 1551 661 1623 (ll
696 1549 816 1605 Cor.
846 1567 913 1616 v,
943 1549 1056 1617 l0).
1101 1550 1210 1605 Cur
1252 1565 1379 1620 ergo
1428 1564 1532 1603 non
1574 1550 1683 1618 jam
1731 1558 1783 1604 et
1824 1548 1951 1604 illud

360 1643 631 1710 credatur,
655 1643 794 1713 quod
819 1644 908 1698 Dei
932 1654 1058 1697 nutu
1083 1642 1148 1697 ad
1174 1658 1368 1712 corpus
1390 1642 1630 1703 venerit;
1660 1641 1748 1695 ubi
1773 1640 1818 1695 si
1845 1641 1954 1695 vel-

360 1735 435 1789 let
464 1735 756 1789 secundum
785 1744 1106 1805 praeceptum
1132 1734 1247 1805 ejus
1276 1750 1453 1800 agerc,
1486 1734 1788 1788 mercedem
1816 1735 1953 1789 acci-

360 1835 514 1895 peret
540 1826 664 1879 vitae
690 1834 932 1887 aatcrnm,
967 1835 1124 1894 atque
1155 1826 1477 1896 Angelurum
1516 1826 1785 1879 Societatis
1811 1826 1827 1857 ί
1863 1843 1875 1878 :
1908 1825 1951 1878 si

358 1929 539 1970 autem
578 1925 981 1982 contemneret,
1028 1932 1213 1986 pcenas
1246 1916 1566 1985 justissimas
1604 1916 1807 1979 lueret,
1842 1916 1955 1971 sive

358 2007 558 2062 laboris
596 2007 863 2071 diuturni,
925 2008 1035 2062 sive
1095 2008 1231 2077 ignis
1281 2006 1507 2062 trienni?
1550 2007 1628 2061 An
1686 2006 1809 2076 quia
1854 2006 1955 2061 hoc

358 2100 533 2170 ipsum
555 2142 570 2164 ,
599 2099 710 2154 Deo
748 2099 945 2154 volenti
986 2099 1418 2169 obtemperasse,
1453 2099 1562 2169 jam
1605 2100 1782 2169 utique
1815 2100 1953 2152 actio

359 2189 500 2244 bona
529 2203 632 2259 est,
654 2198 708 2246 et
724 2192 824 2245 erit
843 2191 1168 2245 contrarium
1196 2190 1430 2245 nondum
1455 2198 1606 2246 natos
1628 2190 1757 2245 nihil
1782 2190 1954 2262 egisse

360 2282 449 2335 vel
480 2282 603 2335 boni
632 2282 716 2335 vel
744 2281 915 2336 mali?

361 2372 588 2429 CAPUT
626 2372 820 2427 XX-Vl.
858 2402 928 2413 -—
951 2371 1135 2425 Anima
1167 2372 1212 2426 si
1241 2371 1444 2443 praprio
1482 2380 1608 2425 nutu
1636 2370 1838 2441 corpori
1870 2370 1954 2425 in-

447 2474 598 2532 serta,
627 2483 727 2519 non
750 2465 849 2536 [ait
872 2466 1082 2535 prcescia
1110 2464 1291 2535 futuri.
1326 2464 1561 2518 Liberum
1589 2465 1871 2517 arbitrium.

436 2557 529 2610 57.
558 2556 689 2624 Qua:
716 2557 760 2610 si
785 2558 854 2610 ita
885 2565 1028 2619 sunt,
1058 2556 1343 2610 fatebimur
1373 2556 1531 2610 etiam
1559 2570 1663 2608 non
1694 2554 1745 2608 in
1773 2570 1839 2610 eo
1868 2570 1955 2610 re-

361 2664 481 2702 rum
512 2665 709 2719 genere
736 2649 969 2703 animam
1002 2649 1245 2718 primitus
1271 2658 1524 2713 creatam,
1553 2656 1613 2702 ut
1638 2657 1782 2703 esset
1814 2662 1955 2717 prte-

361 2741 473 2793 seia
517 2740 677 2794 futuri
725 2738 902 2810 operis
945 2742 1048 2807 sui,
1102 2741 1188 2796 vel
1228 2741 1378 2809 justi,
1425 2740 1510 2795 vel
1554 2740 1738 2810 iniqui.
1789 2739 1956 2795 Nimis

361 2832 560 2901 quippe
588 2832 900 2887 incredibile
928 2843 1007 2887 est
1034 2847 1151 2886 eam
1184 2833 1419 2902 potuisse
1446 2833 1655 2902 propria
1680 2832 1957 2886 voluntate

362 2923 608 2977 inclinari
652 2922 718 2977 ad
758 2924 1000 2993 corporis
1038 2925 1198 2977 vitam
1225 2964 1239 2987 ,
1269 2926 1313 2977 si
1344 2939 1401 2978 se
1444 2924 1523 2977 ita
1546 2925 1599 2978 in
1642 2924 1956 2994 quibusdam

364 3025 703 3083 peccaturam
736 3016 1026 3084 praesciret,
1055 3014 1269 3083 utjuste
1296 3015 1556 3084 supplicio
1580 3025 1835 3085 perpetuo
1865 3030 1959 3083 pu-

362 3091 591 3160 niretur.
623 3106 774 3161 Juste
799 3121 928 3160 sane
962 3106 1183 3162 Creator
1210 3107 1458 3161 laudatur
1490 3107 1541 3161 in
1570 3108 1815 3161 omnibus
1840 3122 1959 3174 qua:

364 3200 491 3252 fecit
530 3199 708 3252 omnia
751 3199 891 3253 bona
930 3198 1102 3254 valde.
1151 3198 1336 3269 Neque
1373 3199 1515 3254 enim
1553 3214 1619 3253 ex
1664 3199 1728 3253 iis
1758 3206 1957 3253 tantum

365 3290 663 3346 laudandus
685 3300 783 3356 est,
814 3291 1007 3362 quibus
1034 3291 1421 3361 praescientiam
1447 3290 1630 3357 dedit;
1664 3307 1784 3346 cum
1813 3299 1960 3348 recte

366 3382 617 3438 laudetur
644 3384 801 3438 etiam
829 3384 962 3453 quia
979 3399 1169 3453 pecora
1196 3384 1420 3449 creavit,
1448 3384 1640 3454 quibus
1665 3393 1747 3439 est
1775 3393 1957 3439 natura

369 3475 602 3529 humana
634 3475 972 3544 pratstantior
1010 3475 1169 3529 etiam
1214 3474 1265 3528 in
1311 3475 1441 3545 ipsis
1470 3476 1827 3544 peccantibus.
1858 3474 1960 3529 Na-

370 3577 487 3620 tura
515 3568 713 3635 quippe
751 3565 983 3619 hominis
1008 3581 1074 3619 ex
1104 3565 1211 3619 Deo
1236 3573 1351 3628 est,
1390 3579 1495 3619 non
1534 3566 1816 3635 iniquitas,
1856 3580 1959 3636 qua

369 3672 431 3710 se
463 3658 578 3726 ipse
624 3656 841 3710 involvit
884 3656 1024 3711 male
1061 3656 1260 3710 utendo
1300 3656 1470 3710 libero
1511 3656 1776 3711 arbitrio:
1818 3657 1958 3727 quod

368 3756 553 3802 tamen
579 3749 624 3802 si
648 3764 751 3800 non
779 3746 1033 3812 haberet,
1067 3747 1119 3800 in
1147 3756 1335 3801 natura
1364 3762 1540 3801 rerum
1577 3747 1756 3801 minus
1784 3747 1959 3802 excel-

369 3839 525 3892 leret.
554 3836 882 3907 Cogitandus
911 3837 1108 3907 quippe
1135 3844 1218 3891 est
1244 3838 1403 3890 homo
1427 3837 1567 3905 juste
1592 3837 1776 3892 vivens
1800 3837 1959 3892 etiam

375 3946 482 3982 non
505 3928 760 3998 prmscius
778 3928 1094 3993 futurorum,
1109 3937 1161 3982 et
1182 3926 1254 3981 ibi
1280 3926 1562 3981 videndum
1575 3936 1675 3993 est,
1692 3927 1959 3982 excellen-

369 4022 441 4073 tia
476 4020 763 4074 voluntatis
786 4020 939 4074 home
964 4034 1121 4089 quam
1145 4034 1250 4073 non
1274 4018 1593 4087 impediatur
1618 4019 1682 4072 ad
1710 4027 1853 4073 recte
1880 4019 1961 4073 vi;-

372 4112 609 4166 vendum
640 4123 695 4167 et
721 4113 830 4166 Deo
866 4112 1203 4181 placendum,
1237 4111 1377 4181 quod
1405 4112 1616 4181 ignarus
1648 4112 1803 4165 futuri
1834 4112 1964 4167 vivit

373 4220 441 4258 ex
472 4202 596 4257 ﬁde.
629 4202 945 4272 Hnjusmodi
967 4218 1095 4273 ergo
1126 4210 1427 4273 creaturam
1451 4202 1690 4272 quisquis
1714 4216 1831 4257 esse
1856 4202 1964 4257 nol-

370 4294 447 4348 let
479 4296 531 4348 in
562 4294 745 4360 rebus,
778 4294 1095 4349 contradicit
1119 4295 1213 4348 Dei
1246 4294 1484 4348 bonitati.
1512 4293 1758 4365 Quisquis
1783 4304 1961 4351 autem

382 4400 572 4453 pta-nas
599 4399 716 4439 eam
744 4400 849 4438 non
890 4385 1000 4438 vult
1029 4384 1177 4439 luere
1208 4400 1303 4452 pro
1334 4390 1593 4453 peccatis,
1615 4383 1860 4441 inimicus
1880 4396 1965 4442 est

369 4477 631 4544 mquitati.

367 4563 598 4621 CAPUT
635 4564 847 4621 XXVII.
874 4597 946 4606 —
969 4566 1205 4620 Animam
1232 4566 1451 4621 natural:
1480 4569 1704 4637 appetitu
1752 4570 1875 4640 ferri
1910 4570 1965 4623 in

1068 4675 1270 4730 corpus.

444 4751 535 4806 58.
568 4751 673 4807 Sed
699 4752 743 4806 si
774 4751 839 4805 ad
868 4752 970 4807 hoc
999 4751 1055 4806 tit
1078 4755 1278 4818 anima,
1304 4763 1361 4807 ut
1385 4753 1626 4808 mittatur
1649 4754 1700 4809 in
1726 4770 1921 4825 corpus
1944 4797 1959 4823 ,

372 4846 541 4915 quaeri
586 4855 761 4916 potest
793 4856 967 4901 utrum
992 4888 1009 4914 ,
1049 4848 1093 4902 si
1134 4847 1400 4912 noluerit,
1442 4849 1809 4918 compellatur.
1855 4848 1963 4905 Sed

369 4938 567 4992 melius
582 4938 820 4993 creditur
848 4938 949 4993 hoc
975 4939 1284 4993 naturaliter
1306 4939 1466 5005 velle,
1490 4939 1541 4993 id
1571 4950 1672 5007 est,
1701 4942 1752 4995 in
1778 4956 1841 4996 ea
1871 4957 1967 4997 na-

372 5040 492 5083 tura
542 5028 708 5085 :reari
754 5038 812 5083 ut
848 5030 1008 5095 velit,
1054 5030 1193 5083 sicut
1230 5030 1469 5084 naturale
1507 5030 1662 5085 nobis
1703 5041 1786 5087 est
1826 5032 1963 5087 velle

370 5120 600 5174 vivere:
643 5120 784 5175 male
837 5130 1013 5174 autem
1058 5120 1241 5175 vivere
1284 5119 1393 5189 jam
1436 5136 1539 5175 non
1594 5132 1677 5177 est
1721 5132 1960 5189 naturae,

370 5210 468 5265 sed
510 5226 777 5281 perversa:
820 5212 1112 5266 voluntatis
1180 5228 1337 5283 quam
1382 5212 1527 5283 juste
1566 5230 1720 5284 ptena
1768 5232 1960 5272 conse-

370 5304 571 5371 quitur.

444 5393 535 5450 39.
568 5394 785 5449 Frustra
811 5410 937 5465 ergo
959 5395 1067 5464 jam
1098 5395 1353 5465 qumritur
1380 5412 1444 5451 ex
1475 5413 1578 5466 qua
1609 5399 1770 5453 veluti
1797 5411 1966 5458 mate-

372 5486 455 5540 rie
487 5486 620 5540 facta
660 5487 729 5541 sit
758 5486 954 5551 anima,
983 5488 1027 5542 si
1059 5497 1203 5542 recte
1243 5488 1459 5559 intelligi
1490 5499 1662 5558 potest
1694 5493 1743 5546 in
1776 5495 1962 5563 primis

378 5574 486 5629 illis
507 5575 764 5645 operibus
794 5575 949 5639 facta,
979 5592 1097 5631 cum
1130 5577 1299 5633 factus
1340 5587 1424 5634 est
1466 5580 1601 5634 dies.
1633 5581 1779 5637 Sient
1815 5586 1958 5641 enim

378 5667 463 5722 illa
493 5682 613 5737 qua!
652 5683 761 5722 non
786 5676 957 5735 erant,
989 5667 1125 5723 facta
1156 5680 1295 5734 sunt,
1328 5672 1404 5725 sic
1441 5681 1494 5726 et
1528 5672 1644 5728 haec
1671 5674 1807 5731 inter
1850 5679 1958 5733 illa.

373 5758 526 5826 Quod
556 5759 600 5814 si
631 5767 684 5815 et
710 5760 961 5815 materies
986 5761 1157 5831 aliqua
1202 5761 1492 5819 formabilis
1522 5764 1649 5831 fuit,
1682 5780 1734 5824 et
1771 5785 1961 5843 corpo-

440 5873 457 5903 ι
482 5871 617 5932 Editi,
639 5871 908 5926 societatem
931 5888 947 5925 :
972 5877 1106 5940 cujus
1128 5875 1229 5927 loco
1253 5884 1381 5932 Mss"
1399 5882 1647 5934 societatis.

1706 422 1909 477 ILIBER
1944 420 2297 480 SEPTIMUS.

3539 428 3653 484 370

2060 535 2188 590 ralis
2206 536 2590 608 elspiritualis,
2622 554 2727 594 non
2756 548 2933 595 tamen
2969 549 3025 595 et
3050 538 3160 611 ipsa
3206 540 3442 595 instituta
3470 541 3569 595 nisi
3609 559 3639 595 τι

2061 627 2196 695 Deo,
2228 645 2297 685 es
2328 645 2435 701 quo
2467 643 2593 687 sunt
2622 633 2832 697 omnia,
2864 649 2983 703 quae
3011 634 3224 704 quidem
3268 633 3641 689 formationem

2061 734 2210 774 suam
2241 736 2345 775 non
2370 730 2627 793 tempore,
2661 724 2756 779 scd
2780 724 2983 795 origine
3013 724 3354 795 prtecederet,
3382 726 3518 779 sicut
3540 738 3643 781 vos

2060 820 2311 877 cantum;
2352 813 2477 883 quid
2504 815 2605 868 nisi
2633 814 2702 871 de
2738 816 2961 873 materia
3000 815 3268 886 Spirituali
3294 818 3430 871 facta
3465 818 3642 871 anima

2060 905 2444 975 congruentius
2471 905 2747 962 creditur?

2058 1039 2285 1096 CAPUT
2323 1040 2560 1097 XXVIII.
2591 1073 2663 1083 —
2682 1042 3033 1113 Difﬁcultates,
3067 1059 3183 1099 cum
3212 1043 3395 1098 dicitur
3418 1044 3641 1098 animam

2130 1132 2257 1186 Adae
2275 1150 2376 1187 non
2399 1135 2537 1195 prius
2559 1144 2775 1190 creatam
2807 1152 2958 1205 quam
2986 1136 3098 1204 ejus
3121 1137 3320 1207 corpori
3344 1136 3643 1207 inspiratam

2129 1225 2305 1297 fuisse.

2130 1345 2221 1401 40.
2263 1345 2317 1403 Si
2347 1354 2526 1402 autem
2552 1348 2744 1419 aliquis
2786 1364 2894 1404 non
2924 1349 3037 1405 vult
3075 1364 3195 1406 eam
3232 1350 3536 1407 existimare
3563 1350 3645 1406 fa-

2059 1447 2233 1507 ctam,
2276 1440 2377 1495 nisi
2415 1456 2536 1497 cum
2573 1441 2680 1508 jam
2712 1440 2940 1497 formato
2977 1442 3187 1510 corpori
3228 1450 3313 1497 est
3349 1442 3602 1511 inspirata
3624 1484 3642 1507 ,

2058 1530 2235 1585 videat
2262 1531 2387 1601 quid
2418 1532 2755 1603 respondeat,
2778 1548 2900 1586 cum
2925 1531 3183 1601 qumritur
3212 1532 3353 1587 unde
3385 1531 3523 1588 facta
3552 1534 3642 1587 sit.

2058 1623 2164 1678 Aut
2190 1624 2331 1679 enim
2362 1638 2425 1678 ex
2465 1624 2630 1678 nihilo
2654 1623 2893 1678 dicturus
2916 1635 3001 1679 est.
3035 1624 3200 1677 Deum
3230 1624 3423 1693 aliquid
3455 1623 3646 1679 fecisse

2060 1714 2144 1769 vel
2174 1715 2348 1771 facere
2384 1727 2500 1784 post
2526 1716 2667 1769 illam
2707 1717 3221 1771 consummationem
3263 1730 3484 1785 Operum
3513 1731 3644 1771 suo-

2057 1823 2211 1871 rum;
2258 1816 2311 1863 et
2356 1808 2516 1862 debet
2551 1810 2742 1863 intueri
2791 1809 3058 1879 quomodo
3098 1809 3325 1878 explicet
3364 1818 3514 1864 sexto
3558 1809 3645 1863 die

2060 1896 2257 1951 factum
2287 1900 2554 1951 hominem
2581 1899 2645 1951 ad
2684 1900 2961 1968 imaginem
2997 1899 3093 1954 Dei
3123 1898 3299 1970 (quod
3330 1900 3429 1953 nisi
3458 1915 3646 1954 secun-

2060 1990 2184 2045 dum
2211 1990 2440 2045 animam
2464 2000 2605 2046 recte
2629 1991 2845 2060 intelligi
2874 2007 2977 2046 non
3008 1992 3232 2060 potest),
3263 1990 3313 2045 id
3340 2000 3442 2055 est.
3468 1992 3521 2045 in
3543 2008 3645 2060 qua

2059 2091 2247 2136 natura
2277 2082 2507 2136 causalis
2550 2082 2685 2136 ratio
2723 2083 2854 2137 facta
2895 2082 3053 2138 fuerit
3095 2082 3210 2151 ejus
3253 2084 3329 2138 rei
3359 2099 3474 2151 qua:
3514 2099 3647 2136 non-

2059 2176 2185 2230 dum
2216 2173 2313 2229 fuit
2346 2193 2359 2229 :
2389 2184 2479 2229 aut
2508 2190 2611 2229 non
2639 2174 2705 2229 de
2730 2174 2930 2241 nihilo,
2969 2175 3063 2230 sed
3089 2175 3157 2231 de
3192 2176 3371 2244 aliquo
3394 2174 3503 2244 jam
3530 2176 3646 2229 exi-

2059 2280 2234 2323 stente
2262 2269 2451 2323 factam
2490 2270 2631 2324 dicet
2656 2269 2923 2335 animam;
2964 2278 3019 2324 et
3047 2268 3307 2324 laborabit
3334 2268 3647 2338 inquirendo

2058 2377 2303 2433 quamam
2336 2364 2421 2417 illa
2448 2370 2641 2417 natura
2664 2363 2730 2416 sit
2752 2405 2764 2427 ,
2795 2378 2861 2417 an
2886 2363 3180 2433 corporalis
3198 2403 3211 2426 ,
3238 2378 3303 2416 an
3335 2360 3644 2431 spiritualis,

2059 2454 2349 2508 secundum
2380 2470 2471 2509 eas
2508 2454 2830 2525 quzestiones
2855 2470 2988 2525 quas
3014 2456 3254 2523 superius
3280 2452 3645 2517 versavimns;

2060 2539 2313 2600 manente
2350 2546 2435 2599 illa
2463 2561 2674 2615 quoque
2703 2545 2943 2601 molestia
2966 2588 2982 2610 ,
3015 2554 3072 2600 ut
3098 2546 3271 2599 adlme
3299 2554 3567 2613 qnmratur
3593 2543 3646 2600 in

2060 2654 2163 2709 qua
2209 2637 2501 2692 substantia
2543 2649 2903 2692 creaturarum
2946 2637 3001 2692 in
3039 2652 3132 2692 sex
3178 2637 3366 2693 diebus
3404 2637 3649 2707 primitus

2060 2727 2395 2785 conditarum
2418 2770 2432 2793 ,
2462 2729 2729 2783 causalem
2764 2729 2907 2783 illam
2932 2729 3191 2784 rationem
3222 2728 3410 2784 fecerit.
3434 2727 3646 2795 animas,

2059 2834 2219 2892 quam
2250 2820 2483 2875 nondum
2511 2819 2578 2874 de
2597 2820 2783 2886 nihilo,
2814 2820 2897 2875 vel
2925 2818 2994 2875 de
3019 2820 3199 2891 aliquo
3225 2820 3443 2875 fecerat.

2132 2934 2221 2989 41.
2259 2933 2427 3001 Quam
2454 2935 2497 2989 si
2526 2949 2593 2990 eo
2620 2934 2779 2989 modo
2821 2933 3058 2990 devitarc
3088 2934 3339 3002 voluerit,
3386 2942 3445 2990 ut
3466 2933 3646 2998 dicat,

2062 3034 2220 3081 sexto
2254 3025 2341 3081 die
2378 3026 2538 3080 etiam
2578 3025 2646 3081 de
2673 3025 2801 3081 limo
2826 3025 3020 3081 factum
3060 3041 3184 3082 esse
3211 3026 3482 3081 hominem
3507 3066 3523 3090 ,
3554 3024 3649 3081 sed

2063 3118 2165 3174 hoc.
2192 3119 2590 3190 recapitulando
2616 3130 2797 3190 postea
2833 3128 3306 3175 commemoratum
3330 3135 3345 3182 ;
3376 3119 3554 3173 videat
3580 3116 3651 3173 de

2063 3210 2289 3267 muliere
2314 3210 2441 3282 quid
2467 3211 2643 3277 dicat,
2672 3212 2792 3280 quia
2820 3210 3104 3267 masculum
3131 3220 3177 3265 et
3202 3210 3465 3282 feminam,
3493 3210 3647 3274 dixit,

2064 3304 2182 3375 fecit
2210 3320 2295 3359 eos
2312 3343 2329 3371 ,
2361 3313 2409 3358 et
2437 3301 2687 3358 benedixit
2711 3320 2797 3358 eos
2825 3301 2976 3374 (Gen.
3000 3319 3016 3357 ι
3036 3342 3052 3369 ,
3082 3302 3174 3367 27,
3201 3301 3317 3373 28).
3350 3300 3501 3370 Quod
3528 3300 3574 3355 si
3598 3309 3655 3357 et

2066 3396 2235 3465 ipsam
2260 3411 2326 3450 eo
2346 3394 2433 3450 die
2458 3395 2646 3450 factam
2669 3410 2789 3450 esse
2815 3394 2882 3450 de
2910 3394 3007 3449 viri
3035 3408 3157 3450 osse
3182 3393 3538 3463 responderit,
3567 3400 3651 3446 ato

2066 3486 2245 3540 tendat
2274 3485 2543 3557 quomodo
2563 3494 2766 3540 asserat
2790 3494 2942 3542 sexto
2970 3485 3056 3540 die
3083 3483 3219 3540 facta
3247 3484 3500 3549 volatilia,
3531 3498 3652 3554 qua:

2064 3577 2287 3632 adducta
2308 3587 2430 3632 sunt
2449 3577 2516 3632 ad
2532 3577 2724 3641 Adam,
2751 3592 2869 3632 cum
2892 3576 3165 3646 Scriptura
3187 3592 3345 3632 omne
3370 3590 3537 3648 genus
3562 3591 3655 3629 vo-

2066 3669 2289 3725 latilium
2320 3669 2507 3740 quinto
2536 3669 2624 3724 die
2658 3680 2894 3724 creatum
2925 3685 2990 3725 ex
3026 3669 3177 3739 aquis
3218 3670 3485 3732 insinuet;
3525 3670 3651 3723 item

2064 3768 2218 3817 sexto
2246 3760 2332 3816 die
2361 3761 2503 3832 ligna
2533 3761 2692 3815 etiam
2723 3777 2840 3831 qua:
2869 3761 2922 3816 in
2952 3761 3199 3832 paradiso
3226 3762 3459 3830 plantata
3487 3768 3613 3815 sunt
3634 3800 3650 3823 ,

2066 3869 2187 3909 cum
2213 3852 2399 3909 eadem
2433 3852 2705 3922 Scriptura
2746 3853 2849 3908 hoc
2877 3865 3135 3908 creaturae
3164 3868 3331 3924 genus
3357 3853 3513 3907 tertio
3547 3851 3653 3909 diri

2066 3944 2326 4001 tribuerit.
2356 3945 2471 4015 Ipsa
2498 3945 2661 3999 etiam
2689 3944 2851 4000 verba
2875 3945 3181 4001 consideret
3206 3944 3332 4015 quid
3361 3944 3431 3999 sit
3448 3986 3462 4009 .
3490 3942 3655 4013 Ejecit

2066 4037 2232 4091 adhuc
2257 4037 2320 4091 de
2347 4047 2480 4091 terra
2508 4053 2652 4091 omne
2677 4037 2869 4108 lignum
2897 4037 3165 4107 pulchrum
3192 4036 3260 4091 ad
3287 4045 3543 4107 aspectum
3563 4076 3579 4101 ,
3609 4044 3655 4089 et

2069 4128 2252 4183 bonum
2268 4130 2335 4181 ad
2354 4145 2517 4182 escam
2540 4146 2559 4193 ;
2587 4138 2834 4198 tanquam
2856 4129 3077 4199 illaquze
3098 4128 3253 4182 tertio
3271 4127 3358 4182 die
3380 4135 3519 4181 terra
3542 4126 3629 4196 eje

2067 4230 2231 4288 cerat,
2252 4237 2358 4275 non
2375 4230 2525 4275 erant
2542 4220 2758 4290 pulchra
2774 4220 2839 4274 ad
2856 4227 3126 4291 aspectum
3147 4228 3202 4274 et
3215 4218 3351 4273 bona
3366 4218 3432 4272 ad
3450 4233 3652 4284 escam,

2069 4329 2188 4370 eum
2210 4315 2261 4369 in
2284 4313 2367 4369 his
2388 4313 2837 4383 essenteperibus
2861 4328 2979 4382 qua}
3002 4312 3124 4367 fecit
3152 4312 3294 4365 Deus
3316 4310 3491 4363 omnia
3516 4309 3652 4364 bona

2068 4406 2222 4461 valde
2256 4424 2267 4459 :
2299 4406 2423 4475 quid
2469 4406 2538 4460 sit
2566 4405 2724 4460 etiam
2750 4445 2766 4471 ,
2806 4403 2981 4458 Finxit
3024 4403 3162 4457 Deus
3205 4404 3374 4456 adhuc
3414 4404 3479 4456 de
3518 4411 3654 4455 terra

2069 4513 2241 4551 omnes
2271 4496 2451 4550 bestias
2478 4496 2608 4566 agri,
2641 4505 2687 4549 et
2713 4495 2881 4549 omnia
2906 4492 3134 4547 volatilia
3162 4491 3277 4547 creti
3302 4490 3412 4563 (Id.
3444 4490 3612 4563 11,19)
3637 4508 3653 4555 ;

2071 4599 2319 4660 tanquam
2349 4588 2437 4642 illa
2463 4604 2567 4642 non
2597 4586 2793 4642 fuerint
2818 4585 3017 4652 omnia,
3058 4601 3177 4655 quzc
3203 4590 3375 4655 primo
3397 4584 3654 4653 producta

2070 4692 2265 4746 erant,
2297 4681 2380 4734 vel
2408 4679 2582 4749 potius
2607 4679 2749 4733 nulla
2794 4686 2917 4732 ante
2956 4676 3205 4747 producta
3254 4685 3427 4731 erant.
3474 4674 3648 4746 Nequr

2070 4776 2212 4831 enim
2235 4774 2433 4829 dictum
2461 4783 2563 4839 est,
2597 4772 2659 4825 Et
2681 4772 2829 4841 ﬁnxit
2850 4771 2989 4826 Deus
3007 4770 3175 4824 adhuc
3193 4769 3256 4823 de
3273 4780 3405 4824 terra
3432 4777 3653 4825 caeteras

2071 4867 2270 4924 bestias
2291 4866 2435 4937 agri,
2461 4875 2513 4920 et
2539 4874 2730 4920 cmtcra
2752 4864 2989 4919 volatilia
3006 4864 3148 4930 caali,
3167 4864 3317 4934 quasi
3339 4878 3459 4932 quae
3480 4861 3655 4917 minus

2070 4961 2150 5014 vel
2182 4968 2319 5014 terra
2346 4967 2516 5024 sexto,
2547 4958 2629 5012 vel
2648 4973 2781 5027 aqua
2811 4957 2995 5026 quinto
3022 4955 3109 5011 die
3140 4954 3483 5024 produxerit;
3515 4952 3607 5007 sed
3634 4994 3652 5018 ,

2070 5067 2240 5104 omnes
2266 5050 2465 5115 bestias,
2500 5048 2695 5118 inquit,
2728 5056 2774 5101 et
2803 5048 2971 5100 omnia
2996 5046 3240 5100 volatilia.
3270 5045 3483 5099 Necnon
3510 5049 3567 5098 et
3590 5042 3655 5098 il-

2073 5141 2158 5195 lud
2190 5135 2405 5211 cogitet,
2434 5138 2883 5210 quemadmodum
2910 5139 3049 5193 Deus
3075 5146 3131 5193 et
3166 5152 3258 5192 sex
3298 5136 3486 5191 diebus
3511 5134 3654 5189 fece-

2071 5236 2140 5289 rit
2168 5237 2378 5298 omnia;
2410 5236 2602 5302 primu,
2642 5234 2812 5303 ipsum
2839 5233 3010 5297 diem;
3037 5230 3271 5286 secundo
3291 5271 3305 5294 ,
3347 5229 3653 5284 firmamen-

2072 5337 2215 5393 tum;
2247 5328 2401 5383 tertio
2421 5369 2436 5391 ,
2468 5327 2699 5396 speciem
2737 5325 2896 5380 maris
2927 5335 2980 5380 et
3008 5332 3163 5379 terra:
3185 5364 3202 5390 ,
3233 5332 3391 5392 atque
3415 5336 3482 5377 ex
3511 5331 3650 5376 terra

2072 5420 2290 5475 herbam
2313 5429 2367 5473 et
2388 5420 2563 5489 ligna;
2590 5427 2798 5487 quarto,
2826 5416 3103 5471 luminaria
3128 5423 3180 5469 ct
3202 5413 3411 5478 sidera;
3442 5412 3651 5483 quinto,

2070 5527 2323 5582 aquarum
2354 5510 2635 5574 animalia;
2666 5520 2817 5563 sexto
2840 5550 2854 5571 ,
2898 5519 3082 5572 terrae;
3107 5515 3161 5561 et
3188 5514 3371 5576 postea
3410 5505 3648 5570 dicatur,

2070 5603 2196 5658 Cum
2221 5603 2389 5672 [actus
2402 5612 2473 5656 est
2498 5603 2621 5662 dies,
2643 5601 2757 5671 fecit
2779 5599 2916 5654 Deus
2934 5599 3112 5653 cmlum
3136 5609 3181 5653 et
3204 5608 3408 5664 terram,
3436 5606 3482 5652 et
3507 5612 3651 5652 omne

2069 5693 2228 5747 viride
2254 5694 2365 5762 agri
2394 5707 2413 5745 :
2437 5691 2863 5761 quandoquidem
2902 5706 3022 5743 cum
3058 5688 3229 5745 factus
3254 5698 3336 5745 est
3362 5691 3507 5756 dies,
3540 5704 3647 5745 non

2069 5786 2201 5839 fecit
2224 5785 2324 5839 nisi
2358 5785 2528 5853 ipsum
2572 5785 2733 5838 diem.
2767 5782 3042 5850 Quomodo
3077 5783 3237 5838 etiam
3282 5798 3441 5839 omne
3480 5781 3649 5838 viride

2069 5880 2179 5948 agri
2220 5878 2407 5934 fecerit
2446 5887 2725 5949 antequam
2757 5886 2896 5931 essm
2926 5891 3084 5933 super
3122 5886 3317 5933 terram
3344 5918 3358 5943 ,
3386 5886 3440 5933 et
3466 5875 3647 5933 fenum
