4090 6502
482 413 578 468 371

480 539 640 578 omne
662 530 942 594 antequam
983 523 1282 582 exoriretur
1305 521 1456 596 (Gen.
1482 537 1538 587 ιι,
1566 522 1620 587 4,
1639 520 1884 594 5).Tnnc
1920 522 2063 578 enim

481 617 678 671 factum
705 630 828 671 cum
859 625 1101 672 exortum
1131 624 1213 672 est
1233 658 1250 684 ,
1282 630 1388 670 non
1415 624 1698 685 antequam
1722 613 2021 669 exoriretur
2039 654 2057 680 ,

482 708 602 778 quis
628 723 732 763 non
766 708 1001 776 diceret,
1044 709 1146 764 nisi
1179 709 1466 778 Scriptura:
1507 707 1664 761 verba
1705 707 2061 762 revocarent?

482 799 781 856 Meminerit
805 803 962 858 etiam
992 802 1246 871 scriptum
1275 814 1414 865 esse,
1447 799 1546 866 Qui
1567 800 1680 854 vivit
1702 799 1755 853 in
1783 810 2058 866 internum,

479 894 666 946 creavit
689 894 858 947 omnia
876 893 1028 947 simul
1049 891 1232 967 (Eccli.
1250 907 1399 956 xvm,
1427 891 1480 963 l)
1505 907 1519 956 ;
1544 902 1597 946 et
1613 890 1788 946 videat
1805 890 2060 961 quemad-

480 983 699 1039 modum
723 982 879 1038 simul
905 992 1077 1038 creata
1102 983 1203 1036 dici
1229 983 1447 1052 possint.
1477 997 1700 1052 quorum
1720 982 1917 1036 creatio
1937 996 2059 1051 spa-

479 1074 569 1129 tiis
609 1075 987 1146 temporalibus
1025 1073 1354 1140 distat,‘non
1391 1074 1638 1128 horarum
1682 1081 1882 1127 tantum
1909 1115 1924 1138 ,
1963 1073 2057 1129 sed

478 1165 641 1219 etiam
695 1165 924 1220 dierum.
989 1165 1148 1219 Curet
1202 1179 1412 1234 quoque
1464 1162 1745 1218 ostendere
1791 1163 2057 1234 quomodo

475 1265 760 1327 utrumque
789 1258 860 1312 sit
884 1273 1093 1322 verttm,
1128 1257 1265 1328 quod
1295 1257 1616 1312 contrarium
1647 1256 1811 1310 videri
1842 1264 2053 1326 potest,

477 1357 532 1404 et
557 1348 720 1404 Deum
747 1349 799 1403 in
829 1347 916 1404 die
943 1350 1169 1418 septimo
1193 1348 1262 1403 ob
1292 1348 1538 1403 onmibus
1562 1347 1811 1416 operibus
1837 1347 1948 1401 suis
1971 1360 2057 1402 re-

475 1438 736 1508 quievisse
759 1479 772 1499 .
811 1439 950 1510 quod
983 1439 1253 1495 Geneseos
1279 1439 1414 1494 liber
1438 1438 1566 1492 dicit
1595 1436 1746 1510 (Gen.
1776 1453 1849 1503 tt,
1874 1436 1932 1508 2)
1951 1477 1966 1503 ,
2001 1446 2056 1494 et

474 1541 640 1598 usque
673 1543 814 1583 nunc
839 1545 959 1584 eum
985 1530 1229 1598 operari,
1262 1528 1402 1598 quod
1437 1528 1690 1582 Dominus
1714 1527 1842 1581 dicit
1874 1526 2052 1599 (Joan.

477 1632 510 1672 v
535 1659 547 1682 ,
581 1618 693 1688 l7).
726 1619 993 1689 Rcspiciat
1012 1620 1170 1675 etiam
1194 1635 1312 1690 qurc
1333 1619 1471 1674 dicta
1500 1627 1623 1673 sunt
1647 1627 2012 1674 consummata
2033 1657 2054 1685 ,

471 1711 738 1781 quomodo
759 1712 942 1768 eadem
971 1713 1109 1769 dicta
1138 1713 1243 1768 sint
1269 1713 1534 1768 inchoata.

544 1801 635 1856 42.
664 1802 758 1858 llis
797 1805 936 1859 ettim
975 1806 1221 1859 omnibus
1254 1805 1448 1860 divina:
1481 1803 1768 1875 Scriptura:
1813 1805 2054 1859 testimo-

471 1893 596 1958 niis,
629 1910 788 1966 quam
818 1910 939 1951 esse
976 1912 1218 1952 veracem
1250 1912 1408 1952 nemo
1445 1896 1650 1950 dubitat
1683 1895 1782 1950 nisi
1826 1895 2053 1951 inlidelis

469 1996 560 2040 aut
587 1987 810 2056 impius,
842 1988 907 2042 ad
946 1989 1088 2044 illam
1123 1990 1438 2044 sententiam
1468 1987 1612 2042 ducti
1638 2003 1850 2052 sumus,
1883 1994 1943 2042 ut
1967 1988 2055 2043 di—

469 2091 713 2134 ceremus
767 2079 933 2135 Deum
985 2081 1054 2135 ab
1106 2081 1325 2136 exordio
1378 2081 1557 2135 smculi
1613 2080 1841 2150 primum
1895 2078 2052 2134 simul

468 2170 647 2224 omnia
674 2171 960 2237 creavisse,
986 2171 1227 2241 qumdam
1251 2170 1475 2226 conditis
1500 2170 1610 2240 jam
1651 2170 1778 2240 ipsis
1813 2168 2014 2224 naturis
2031 2209 2050 2235 ,

467 2258 711 2330 quaedam
735 2262 1072 2331 praeconditis
1093 2261 1299 2329 causis;
1331 2263 1467 2316 sicut
1492 2275 1597 2316 non
1625 2261 1795 2315 solum
1818 2273 2054 2330 praesen-

467 2352 565 2415 tia,
595 2367 782 2408 verum
807 2354 965 2408 etiam
995 2353 1167 2408 futura
1197 2353 1320 2408 fecit
1344 2353 1362 2386 ¹
1389 2351 1754 2423 omnipotens.
1796 2361 1851 2407 et
1877 2351 1945 2404 ah
1973 2351 2052 2406 eis

468 2442 626 2499 factis
653 2447 953 2516 requievit,
986 2455 1045 2501 ut
1079 2461 1263 2501 eorum
1305 2446 1556 2516 deinceps
1595 2443 2052 2500 administratione

467 2545 629 2607 atque
667 2538 924 2608 regimine
967 2548 1174 2594 crearet
1211 2541 1371 2594 etiam
1411 2539 1625 2593 ordines
1669 2545 1968 2606 temporum
1997 2545 2052 2590 et

464 2630 838 2698 temporalium
891 2647 906 2684 :
961 2631 1052 2700 qui
1103 2638 1158 2686 et
1219 2637 1680 2685 consummaverat
1721 2642 1786 2682 ea
1836 2635 2052 2696 pmpter

463 2722 704 2776 omnium
759 2736 1014 2792 generum
1075 2721 1502 2777 terminationem
1531 2761 1550 2790 ,
1607 2727 1664 2776 et
1709 2718 2051 2774 inchoaverat

465 2820 684 2880 propter
711 2813 1026 2868 saeculorum
1062 2813 1530 2884 prepagationem,
1562 2819 1622 2867 ut
1657 2819 1874 2882 propter
1914 2824 2048 2864 con~

530 2943 547 2974 ³
574 2948 640 2992 Ita
657 2951 858 3007 veteres
877 2944 1084 3007 codices.
1111 2953 1167 2995 At
1199 2945 1380 3007 vulgati
1407 2944 1585 3007 ferunt,
1609 2941 1679 3007 sic
1701 2947 1753 2992 ut
1781 2953 1874 2990 non
1895 2937 2049 2990 solum

459 3004 753 3076 prtpsentia,_
772 3019 935 3056 verum
958 3006 1103 3076 etiam
1126 3004 1306 3068 [ιιιιινιῐ
1325 3005 1510 3069 fecerit.
1548 3005 1788 3068 t’auloque
1817 3010 1943 3066 νοεὶν
1969 3014 2048 3052 τε·

459 3071 688 3129 qm'even't
709 3073 754 3117 et
775 3081 943 3118 earum
967 3071 1209 3132 deinceps,
1236 3077 1333 3118 etc.

1409 412 1494 466 DE
1535 410 1782 467 GENESI
1822 411 1914 465 AD
1953 409 2326 483 LITTERAM,
2363 412 2422 469 S.
2464 412 2829 470 AUGUSTINI

3637 423 3746 480 572

2166 532 2430 578 summata
2482 524 2878 594 requiesceret,
2934 533 2989 580 et
3040 535 3253 597 propter
3289 527 3534 584 inchoata
3585 547 3755 605 usque

2167 627 2308 667 nunc
2332 624 2602 682 operetur.
2630 613 2735 670 Sed
2767 616 2812 669 si
2854 627 3076 685 possunt
3109 617 3223 673 haec
3258 619 3452 675 melius
3490 620 3715 695 intelligi
3735 665 3753 690 ,

2163 719 2268 758 non
2297 705 2468 758 solum
2498 721 2602 758 non
2635 706 2846 770 resisto,
2876 722 3061 762 verum
3092 709 3252 763 etiam
3283 709 3454 766 l‘avco.

2234 795 2327 874 45ἶ
2367 795 2515 849 Nunc
2554 804 2730 850 tamen
2772 795 2840 851 de
2881 798 3093 866 anima,
3125 815 3283 869 quam
3316 801 3452 856 Dens
3481 803 3759 874 inspiravit

2163 871 2366 942 ltomiiti
2394 887 2656 942 Snmando
2686 887 2740 941 in
2768 888 2885 958 ejus
2915 888 3099 944 faciem
3121 930 3139 959 ,
3169 891 3299 945 nihil
3330 871 3621 958 confirmo,
3652 899 3758 953 nisi

2161 980 2282 1048 quia
2314 994 2378 1034 ex
2414 980 2521 1034 Deo
2551 979 2627 1034 sic
2657 988 2770 1045 est,
2801 990 2992 1036 utnon
3024 982 3092 1036 sit
3119 983 3412 1038 substantia
3444 985 3535 1040 Dei
3561 1003 3576 1050 ;
3606 997 3662 1042 et
3687 991 3759 1044 sit

2162 1071 2504 1140 incorporea,
2551 1070 2602 1125 id
2649 1079 2758 1138 est,
2804 1087 2908 1126 non
2951 1073 3021 1127 sit
3060 1088 3255 1143 corpus
3281 1075 3336 1142 ί,
3377 1077 3469 1130 sed
3495 1079 3755 1147 spiritus;

2161 1178 2266 1218 non
2303 1162 2370 1218 de
2396 1163 2690 1218 substantia
2726 1165 2816 1220 Dei
2843 1167 3054 1235 genitus
3075 1209 3090 1233 ,
3118 1183 3218 1223 nec
3245 1168 3312 1223 de
3339 1171 3629 1227 substantia
3661 1175 3758 1238 Dei

2159 1253 2491 1323 procedens,
2522 1254 2614 1308 sed
2645 1254 2814 1311 factus
2838 1271 2870 1310 a
2897 1257 3038 1323 Deo;
3063 1273 3160 1313 nec
3185 1259 3257 1314 ita
3283 1260 3453 1316 factus
3483 1271 3538 1316 ut
3563 1265 3612 1317 in
3639 1264 3757 1334 ejus

2160 1354 2403 1397 naturam
2455 1353 2642 1398 natura
2689 1344 2795 1399 ulla
2837 1347 3077 1416 corporis
3105 1348 3185 1402 vel
3217 1349 3535 1406 irrationalis
3560 1354 3758 1409 anima:

2158 1444 2492 1500 verteretur;
2535 1450 2598 1489 ac
2636 1439 2733 1506 per
2775 1437 2910 1505 hoc,
2951 1437 3018 1493 de
3059 1438 3224 1495 nihilo
3261 1457 3274 1494 :
3312 1449 3366 1495 ct
3391 1443 3530 1512 quod
3557 1446 3622 1498 sit
3651 1446 3758 1498 im-

2157 1528 2398 1607 mortalis
2449 1527 2738 1582 secundnm
2790 1528 3072 1598 quemdam
3116 1530 3238 1585 vitae
3287 1533 3541 1600 modum,
3588 1550 3750 1605 quem

2158 1620 2306 1672 tmllo
2353 1618 2512 1672 modo
2562 1627 2736 1686 potest
2781 1620 3065 1685 amittere;
3117 1622 3412 1677 secundum
3462 1627 3751 1693 quamdam

2156 1725 2286 1765 vero
2324 1709 2726 1765 mutabilitatem
2748 1751 2764 1776 ,
2799 1726 2904 1781 qua
2947 1720 3119 1781 potest
3153 1714 3234 1768 vel
3261 1713 3494 1770 deterior
3523 1719 3600 1771 vel
3635 1733 3753 1774 me«

2157 1800 2259 1855 lior
2299 1800 2452 1866 ﬁeri,
2499 1816 2602 1854 non
2645 1801 2910 1855 immerito
2943 1803 3101 1856 etiam
3132 1804 3371 1859 mortalis
3403 1807 3567 1875 possit
3593 1808 3755 1863 intel-

2156 1893 2281 1963 ligi;
2311 1893 2556 1962 quoniam
2587 1908 2762 1948 veram
2795 1893 3246 1950 immortalitatem
3268 1897 3413 1951 solus
3440 1899 3526 1951 ille
3552 1897 3753 1968 habet,

2155 1984 2222 2040 de
2250 2000 2355 2055 quo
2385 1985 2595 2054 proprie
2620 1984 2817 2038 dictant
2840 1995 2923 2039 est
2941 2027 2956 2050 ,
2991 1986 3093 2051 Qui
3115 1986 3250 2042 solus
3279 1989 3424 2042 habet
3445 1990 3754 2046 inmiortali-

2157 2084 2306 2128 tatem
2337 2075 2381 2144 (Ι
2405 2073 2536 2128 Tim.
2563 2090 2615 2130 Vl
2634 2115 2651 2139 ,
2684 2073 2795 2147 16).
2822 2074 3024 2130 Gtt-tera
3052 2092 3171 2146 qum
3202 2077 3253 2130 in
3281 2078 3382 2133 hoc
3408 2081 3541 2134 libro
3572 2081 3754 2137 disce-

2157 2167 2352 2237 ptando
2391 2167 2593 2222 locutus
2633 2181 2786 2234 sum,
2827 2168 2892 2221 ad
2934 2167 3036 2222 hoc
3076 2169 3284 2224 valeant
3311 2171 3539 2242 legenti,
3573 2186 3752 2232 utaut

2155 2259 2362 2313 noverit
2381 2258 2826 2329 quemadmodum
2848 2260 2964 2313 sine
2983 2258 3278 2315 aﬂirmandi
3296 2265 3590 2320 temeritate
3603 2283 3746 2337 qua»

2155 2350 2316 2407 renda
2341 2351 2449 2405 sint
2475 2367 2593 2420 qua:
2622 2367 2727 2404 non
2751 2360 2932 2421 aperte
2957 2351 3230 2422 Scriptura
3258 2354 3525 2426 loquitur;
3552 2369 3672 2425 aut,
3701 2359 3752 2415 si

2154 2443 2203 2496 ei
2248 2441 2518 2512 qnmrendi
2559 2440 2750 2496 modus
2792 2442 2892 2496 iste
2932 2457 3036 2496 non
3068 2443 3272 2513 placet,
3303 2447 3750 2515 quemadmodum

2156 2534 2268 2603 ipse
2292 2534 2626 2605 qumsiverim
2649 2536 2814 2598 sciat,
2841 2543 2900 2589 ut
2931 2533 2977 2588 si
3005 2551 3094 2589 me
3121 2547 3293 2605 potest
3313 2537 3508 2595 docere
3528 2557 3630 2594 non
3651 2541 3754 2596 ab-

2154 2637 2281 2680 nuat
2300 2671 2314 2688 .
2346 2627 2390 2681 si
2411 2637 2586 2681 autem
2609 2643 2715 2682 non
2746 2635 2951 2693 potest,
2975 2642 3002 2680 a
3027 2643 3133 2698 quo
3155 2629 3312 2684 ambo
3337 2628 3604 2686 discamus
3623 2648 3747 2690 me-

2151 2733 2273 2773 cum
2301 2719 2557 2787 requirat.

2216 2871 2234 2904 ¹
2259 2869 2512 2920 Habebam
2534 2860 2736 2934 excusi:
2769 2876 2828 2920 (ﬁt
2855 2883 2949 2921 non
2979 2872 3042 2924 sit
3079 2871 3344 2923 substantia
3382 2875 3487 2934 Dei,
3512 2880 3559 2925 et
3580 2888 3651 2926 sic
3673 2876 3755 2926 in-

2151 2945 2402 3004 corporea,
2424 2938 2472 3000 ut
2502 2944 2594 2980 non
2633 2931 2693 2982 sit
2715 2945 2906 3004 corpus.
2942 2941 2997 2984 At
3036 2943 3163 3004 Mss,
3192 2941 3243 2984 ut
3263 2949 3358 2986 non
3391 2936 3454 2988 sit
3475 2931 3753 2990 substantia

2152 2995 2261 3054 Dei,
2278 3001 2323 3044 et
2339 2995 2401 3044 sit
2424 2995 2722 3058 incorporea,
2745 2995 2908 3056 idest,
2930 3007 3024 3045 non
3050 2995 3111 3046 sit
3133 3009 3323 3061 corpus.

471 3163 3742 3189 *Μή-’Ἥ

1452 3245 1933 3353 LIBER
2018 3188 2787 3346 OCTAVUS.

517 3437 589 3484 De
610 3444 673 3484 eo
693 3431 821 3499 quod
837 3429 1018 3498 legitur
1031 3438 1150 3483 Gen.
1173 3429 1222 3495 2,
1241 3443 1371 3483 vers.
1390 3429 1454 3479 8:
1474 3433 1530 3479 Et
1552 3424 1780 3499 plantavit
1802 3435 1928 3499 Deus
1949 3417 2613 3499 pgradistttttittfglqtjjtg-g

2729 3432 2793 3488 ue
2814 3420 2875 3469 ad
2899 3417 3018 3471 illud
3034 3455 3051 3483 ,
3073 3433 3204 3472 vers.
3231 3422 3290 3472 17
3309 3436 3320 3472 :
3342 3429 3416 3474 De
3443 3420 3750 3488 (ignauum!

1289 3480 1605 3559 eogwwswniti
1631 3490 1805 3542 bonum
1825 3495 1871 3540 et
1894 3480 2075 3539 malum
2101 3498 2196 3536 non
2224 3480 2576 3534 manducabitis
2594 3482 2656 3532 de
2679 3480 2782 3543 illo,
2815 3489 2911 3533 etc.

1856 3611 2330 3670 ’δὶὶῖκιθακεᾷὒξο

457 3743 688 3806 CAPUT
730 3749 1010 3806 PRIMUM.
1035 3779 1109 3790 —
1149 3747 1433 3802 Paradisus
1462 3747 1514 3799 in
1546 3744 1687 3799 Eden
1717 3743 1975 3814 plantatus
2002 3746 2053 3793 et

815 3842 1016 3910 proprie
1039 3850 1086 3894 et
1111 3842 1324 3911 figurate
1347 3838 1692 3909 accipiendas.

526 3931 580 3985 1.
613 3928 680 3983 Et
710 3931 952 4000 plantavit
977 3930 1112 3984 Deus
1139 3931 1432 3999 paradisum
1453 3930 1504 3981 in
1533 3928 1673 3981 Eden
1696 3926 1763 3980 ad
1782 3925 2041 3990 orientem,

455 4027 503 4072 et
524 4019 688 4088 posuit
714 4019 781 4072 ibi
809 4019 1062 4074 hominem
1091 4035 1232 4087 quem
1259 4019 1426 4087 ﬁnxit.
1451 4017 1566 4072 Non
1593 4018 1775 4086 ignoro
1796 4015 1862 4070 de
1886 4029 2046 4084 para-

455 4107 575 4163 diso
600 4107 792 4162 multos
821 4109 984 4163 nmlta
1015 4108 1247 4174 dixisse;
1279 4118 1386 4164 tres
1409 4117 1581 4162 tamen
1604 4108 1670 4162 de
1697 4106 1795 4160 hac
1816 4121 1872 4160 re
1891 4107 2039 4176 quasi

449 4200 731 4269 generales
778 4209 902 4254 sunt
944 4200 1242 4255 sententias.
1289 4199 1404 4256 Una
1447 4213 1631 4253 eorum
1673 4198 1761 4268 qtti
1805 4205 2040 4251 tantum-

451 4289 613 4344 modo
657 4291 1004 4360 corporaliter
1050 4291 1350 4360 paradisum
1393 4290 1613 4359 intelligi
1655 4289 1838 4343 volunt
1878 4307 1890 4344 :
1934 4289 2037 4343 alia

449 4395 638 4438 eorum
663 4383 752 4452 qui
779 4381 1126 4452 spiritualiter
1147 4391 1371 4447 tantum;
1400 4382 1550 4437 tertia
1573 4397 1756 4434 eorum
1779 4381 1866 4451 qui
1893 4390 2036 4434 utro-

451 4485 558 4541 que
582 4472 739 4526 modo
755 4472 1052 4542 paradisum
1068 4472 1350 4552 accipiunt;
1369 4471 1498 4525 alias
1517 4471 1884 4540 corporaliter,
1901 4470 2035 4525 alias

451 4569 632 4615 autem
662 4562 1026 4630 spiritualiter.
1057 4561 1298 4617 Breviter
1323 4577 1450 4631 ergo
1472 4571 1530 4616 ut
1579 4560 1750 4615 dicam
1771 4602 1786 4626 ,
1821 4562 2031 4615 tertiam

449 4651 584 4706 mihi
613 4651 780 4707 fateor
810 4651 1018 4720 placere
1046 4653 1386 4708 sententiam.
1417 4651 1719 4707 Secundum
1745 4650 1881 4706 hanc
1908 4667 2028 4705 sus-

451 4741 570 4810 cepi
596 4755 739 4797 nunc
767 4740 907 4810 loqui
929 4741 996 4796 de
1018 4743 1283 4812 paradiso,
1307 4742 1446 4812 quod
1465 4742 1720 4796 Dominus
1735 4742 1932 4796 donare
1945 4743 2030 4796 di-

449 4832 717 4902 gnabitur,
767 4843 823 4887 ut
852 4833 1011 4887 homo
1040 4832 1208 4888 factus
1233 4849 1264 4888 e
1293 4834 1439 4897 limo,
1470 4833 1612 4903 quod
1638 4834 1813 4903 utique
1837 4846 2030 4902 corpus

446 4923 740 4980 humanum
766 4933 878 4992 est,
907 4925 958 4980 in
985 4925 1234 4996 paradiso
1258 4925 1520 4994 corporali
1558 4925 1848 4979 collocatus
1870 4925 2027 4978 intel-

445 5015 639 5087 ligatur
681 5034 694 5072 :
738 5025 795 5071 nt
833 5016 1277 5088 quemadmodum
1323 5016 1437 5086 ipse
1482 5015 1805 5079 Adam,ctsi
1831 5015 2027 5084 aliquid

445 5107 591 5161 aliud
616 5108 879 5178 signiﬁcat
905 5107 1198 5164 secundum
1224 5107 1276 5161 id
1301 5105 1444 5178 quod
1469 5121 1588 5160 eum
1621 5105 1843 5159 formam
1871 5107 2026 5160 l‘uturi

444 5201 585 5257 dixit
609 5217 726 5256 esse
747 5202 1029 5272 Apostolus
1055 5200 1228 5271 (Rom.
1251 5215 1304 5264 v,
1329 5200 1437 5268 14),
1471 5199 1628 5252 Ιιοιιιο
1660 5208 1834 5252 tamen
1862 5198 1910 5252 in
1943 5215 2029 5253 na-

449 5301 563 5346 tura
584 5293 793 5362 pr0pria
809 5308 1091 5361 expressus
1109 5291 1384 5361 accipitur,
1401 5290 1489 5360 qui
1503 5289 1786 5343 vixitcerto
1805 5306 2025 5345 numero

445 5397 705 5436 annorum
726 5423 742 5448 ,
769 5391 822 5436 et
851 5390 1136 5452 prepagata
1159 5394 1442 5435 numerosa
1474 5379 1620 5449 prole
1643 5390 1882 5434 mortuus
1905 5391 1986 5434 est
2006 5422 2020 5447 ,

448 5473 586 5526 sient
607 5472 901 5524 moriuntur
928 5471 1108 5527 caeteri
1140 5470 1380 5523 homines
1400 5510 1413 5532 ,
1441 5469 1540 5524 etsi
1571 5486 1672 5523 non
1695 5471 2021 5525 siCtttca‘lt-ri

448 5578 514 5618 ex
569 5565 874 5631 parentibus
899 5576 1054 5617 natus
1075 5604 1090 5629 ,
1118 5563 1208 5616 sed
1237 5564 1371 5616 SlCttt
1393 5563 1633 5632 primitus
1660 5565 2024 5632 oportebath

448 5665 591 5710 terra
639 5655 807 5710 lactus
832 5666 950 5720 est;
982 5657 1050 5710 ita
1079 5665 1132 5709 et
1164 5655 1468 5725 paradisus,
1501 5655 1551 5709 in
1580 5673 1684 5725 quo
1709 5671 1829 5710 eum
1857 5657 2022 5711 collo-

445 5746 586 5800 cavit
614 5747 771 5810 Deus,
799 5747 928 5802 nihil
955 5747 1093 5800 aliud
1115 5762 1270 5817 quant
1288 5748 1432 5800 locus
1448 5745 1661 5816 quidam
1681 5747 2021 5817 intelligatur,

446 5849 588 5895 terra
611 5839 813 5896 scilicet
841 5840 930 5895 ubi
962 5840 1220 5895 habitaret
1247 5840 1408 5894 homo
1433 5848 1693 5895 terrenus.

2225 3738 2281 3793 ‘2.
2311 3737 2558 3794 Narratio
2581 3756 2775 3809 quippe
2803 3732 2854 3794 in
2887 3739 2969 3795 his
2997 3740 3143 3795 libris
3165 3757 3270 3796 non
3295 3759 3489 3812 genere
3509 3743 3741 3799 locutio-

2149 3829 2232 3884 nis
2278 3830 2618 3899 liguratarum
2664 3848 2838 3886 rerum
2865 3842 2975 3896 est,
3004 3835 3141 3888 sicut
3170 3835 3220 3888 in
3247 3835 3466 3891 Cantico
3494 3838 3738 3892 cantico-

2146 3936 2264 3974 rum
2283 3960 2299 3987 ,
2324 3921 2418 3976 sed
2444 3924 2661 3979 omnino
2688 3933 2989 3992 gestarum,
3020 3925 3157 3978 sicut
3185 3927 3234 3979 in
3261 3926 3561 3996 Regnorum
3583 3928 3740 3982 libris

2145 4023 2196 4066 et
2222 4012 2585 4082 hujuscemodi
2606 4015 2830 4070 exteris.
2865 4015 2968 4070 Sed
2993 4017 3111 4085 quia
3144 4017 3248 4072 illic
3268 4033 3330 4072 ea
3351 4018 3594 4073 dicuntur
3613 4035 3739 4088 quae

2144 4101 2265 4157 vitae
2311 4102 2558 4158 humana:
2602 4120 2731 4160 usus
2771 4107 3076 4159 notissimus
3118 4107 3314 4175 habet,
3347 4124 3449 4163 non
3481 4109 3735 4177 diflieile,

2141 4194 2250 4249 imo
2296 4197 2689 4265 promptissime
2731 4199 2972 4266 primitus
3011 4199 3341 4268 accipiuntur
3369 4202 3433 4254 ad
3466 4203 3692 4256 litteram
3715 4244 3735 4268 ,

2139 4296 2197 4340 ut
2220 4287 2413 4343 deinde
2437 4305 2500 4344 ex
2531 4290 2634 4344 illis
2662 4291 2785 4360 quid
2807 4296 2965 4345 etiam
2998 4292 3289 4347 futurorum
3316 4311 3400 4350 res
3422 4297 3547 4364 ipsae
3568 4309 3737 4365 gesta:

2137 4377 2550 4445 signiﬁcaverim
2574 4416 2590 4444 ,
2635 4381 2975 4449 exsculpatur
3015 4397 3029 4434 :
3075 4382 3158 4435 hic
3196 4392 3370 4437 autem
3403 4387 3523 4454 quia
3553 4401 3611 4439 ea
3644 4387 3732 4439 tli-

2136 4479 2328 4520 cuntur
2364 4484 2483 4536 qua:
2521 4469 2769 4523 usitatum
2799 4481 2999 4524 natura:
3026 4487 3240 4526 cursum
3271 4474 3594 4528 intuentibus
3622 4492 3732 4530 non

2134 4566 2432 4624 occurrant,
2467 4561 2651 4615 nolunt
2677 4577 2737 4615 ea
2760 4563 2972 4632 quidam
3001 4565 3232 4634 pr0prie,
3252 4567 3341 4622 sed
3359 4568 3573 4637 ﬁgurate
3587 4569 3729 4624 dicta

2133 4647 2351 4718 intelligi
2376 4665 2391 4715 ;
2419 4661 2580 4720 atque
2600 4666 2663 4706 ex
2692 4653 2782 4706 illo
2808 4653 2924 4707 loco
2945 4655 3130 4708 volunt
3159 4656 3390 4725 incipere
3417 4659 3724 4728 historiam,

2132 4738 2183 4792 id
2226 4751 2329 4808 est,
2348 4757 2524 4796 rerum
2561 4744 2771 4813 proprie
2809 4755 3072 4815 gestarant
3115 4751 3498 4815 narrationem,
3525 4769 3587 4805 ex
3619 4769 3728 4822 quo

2129 4833 2332 4889 dimissi
2377 4835 2445 4891 de
2485 4837 2730 4905 paradiso
2757 4839 2925 4892 Adam
2956 4848 3012 4894 ct
3041 4840 3148 4894 Eva
3178 4853 3539 4896 conuenerunt
3568 4853 3727 4913 atque

2127 4919 2446 4993 genuerunt.
2473 4927 2632 4992 Quasi
2663 4943 2786 4981 vero
2813 4931 3062 4983 usitatum
3088 4932 3239 4984 nobis
3265 4933 3366 4996 sit,
3386 4933 3468 4986 vel
3487 4933 3626 5002 quod
3646 4943 3726 4987 tot

2127 5030 2296 5070 annos
2335 5018 2606 5084 vixerunt,
2649 5019 2733 5074 vel
2776 5020 2913 5089 quod
2952 5021 3130 5074 Enoch
3172 5023 3454 5075 translatus
3492 5033 3596 5089 est,
3632 5027 3716 5079 vel

2127 5109 2267 5176 quod
2321 5120 2375 5164 et
2427 5111 2710 5180 grandaeva
2762 5121 2816 5167 et
2871 5113 3068 5168 sterilis
3125 5116 3362 5184 peperit,
3417 5124 3475 5171 et
3523 5127 3720 5174 cetera

2128 5201 2455 5269 hujusmodi.

2198 5295 2250 5348 5.
2289 5292 2393 5347 Sed
2422 5293 2522 5347 alia
2547 5301 2667 5360 est,
2695 5292 2970 5364 inquiunt,
2997 5297 3230 5351 narratio
3259 5297 3516 5354 factorum
3549 5299 3684 5354 mira
3703 5331 3721 5344 -

2126 5383 2308 5438 bilium
2329 5423 2343 5447 ,
2385 5383 2489 5438 alia
2531 5383 2892 5439 institutarum
2931 5397 3312 5442 creaturarum.
3343 5387 3455 5444 Illic
3482 5391 3625 5444 enim
3653 5405 3719 5447 ea

2127 5475 2236 5544 ipsa
2285 5475 2490 5528 insolita
2531 5475 2819 5530 ostendunt
2855 5476 2985 5531 alios
3021 5492 3138 5531 esse
3171 5489 3416 5548 tanquam
3446 5482 3718 5553 naturales

2126 5567 2312 5620 modos
2342 5581 2553 5631 rerum,
2579 5567 2712 5621 alios
2739 5569 3113 5624 miraculorum
3139 5613 3154 5635 ,
3179 5587 3297 5640 qua:
3321 5574 3581 5642 tnagoalia
3614 5590 3714 5627 no-

2126 5659 2432 5726 minantur;
2475 5659 2559 5714 hic
2587 5670 2761 5714 autem
2792 5660 2903 5731 ipsa
2931 5661 3228 5716 insinuatur
3258 5665 3524 5720 institutio
3551 5675 3713 5720 natu-

2125 5765 2323 5804 rarum.
2350 5751 2552 5817 Quibus
2579 5750 2948 5818 respondetur,
2981 5751 3083 5808 Sed
3113 5752 3234 5808 ideo
3263 5755 3472 5810 insolita
3501 5764 3554 5810 et
3573 5755 3713 5826 ipsa,

2125 5842 2244 5911 quia
2277 5842 2464 5912 prima.
2498 5840 2626 5896 Nam
2655 5843 2776 5911 quid
2803 5844 3038 5899 tunsioc
3065 5847 3310 5918 exemplo
3333 5887 3349 5916 ,
3380 5858 3432 5903 et
3454 5849 3569 5904 sine
3587 5849 3709 5914 pari
