4090 6458
343 392 455 450 επ

341 504 488 559 facto
508 504 561 557 in
588 517 765 558 rerum
793 498 1178 556 mundanarum
1205 494 1583 551 constitutione
1602 506 1758 561 quam
1784 505 1936 543 mun-

339 596 444 650 dus
467 594 491 649 ?
513 594 650 649 Num
679 593 797 646 ideo
815 590 1140 646 credendum
1166 603 1271 643 non
1293 597 1375 641 est
1393 587 1553 639 Deum
1571 582 1761 637 fecisse
1781 595 1936 634 mun-

340 687 501 751 dum,
531 685 652 754 quia
673 684 783 753 jam
813 697 919 736 non
948 680 1072 735 facit
1099 678 1364 741 mundos;
1393 684 1485 730 aut
1512 691 1616 728 non
1644 673 1829 727 fecisse
1844 684 1935 725 so-

269 777 288 843 l,
340 777 448 832 lem
472 815 491 844 ,
530 776 651 845 quia
690 775 800 844 jam
846 788 952 828 non
990 771 1116 826 facit
1150 770 1337 825 soles?
1366 770 1432 823 Et
1460 767 1561 821 hoc
1588 764 1803 835 quidem
1830 777 1937 818 non

340 867 411 923 de
444 867 691 937 paradiso
715 907 728 930 ,
759 865 854 920 sed
881 864 950 920 de
976 865 1090 934 ipso
1116 862 1331 917 homine
1362 859 1615 930 permotis
1638 856 1821 911 debuit
1847 870 1934 909 re-

339 957 597 1028 sponderi
644 974 657 1010 :
710 971 851 1011 nunc
894 970 1023 1009 vero
1059 969 1181 1008 cum
1223 953 1393 1022 ipsum
1420 949 1498 1005 sic
1520 947 1739 1003 credant
1766 962 1797 1000 a
1830 946 1938 999 Deo

343 1054 542 1104 tactum
572 1089 588 1114 ,
633 1048 771 1103 sicut
805 1048 939 1102 alius
975 1046 1151 1101 nullus
1174 1044 1342 1098 factus
1367 1052 1448 1097 est
1473 1057 1488 1105 ;
1519 1056 1613 1095 cur
1639 1038 1936 1108 paradisum

343 1141 535 1195 nolunt
580 1140 650 1193 ita
692 1138 891 1193 factum
937 1136 1196 1202 credere,
1228 1130 1672 1205 quemadmodum
1696 1142 1837 1183 nunc
1860 1126 1940 1181 vi-

340 1234 473 1288 dent
500 1232 660 1286 silvas
686 1231 843 1286 ﬁeri?
1740 1290 1744 1298 ,

414 1327 470 1377 4»
515 1323 596 1377 Ad
628 1338 725 1377 eos
749 1323 946 1393 quippe
974 1322 1197 1391 loquor,
1229 1318 1323 1388 qui
1348 1316 1716 1372 auctoritatem
1747 1312 1938 1379 harum

346 1416 665 1474 Litterarum
696 1424 986 1485 sequuntur
1018 1432 1031 1468 :
1063 1429 1249 1470 eorum
1280 1412 1418 1466 enim
1447 1409 1661 1480 quidam
1686 1423 1787 1461 non
1813 1421 1939 1475 pro-

346 1510 501 1578 prie,
527 1509 619 1562 sed
652 1508 871 1577 ﬁgurate
902 1507 1203 1577 paradisum
1234 1505 1455 1574 intelligi
1479 1504 1675 1558 volunt.
1699 1500 1834 1557 Nam
1848 1501 1939 1570 qui

346 1602 569 1655 omnino
610 1602 959 1654 adversantur
989 1599 1072 1653 his
1102 1598 1327 1664 litteris,
1360 1596 1494 1650 alias
1522 1610 1643 1651 cum
1672 1594 1747 1649 eis
1779 1602 1937 1661 atque

346 1694 503 1748 aliter
529 1694 737 1763 egimus
763 1693 897 1762 (Lib.
927 1693 990 1745 de
1017 1691 1142 1746 Gen.
1166 1703 1306 1745 cont.
1325 1687 1581 1758 Maniclt.)
1604 1705 1615 1740 :
1635 1700 1938 1757 quanquam

346 1795 401 1839 et
440 1786 556 1839 ha-c
584 1786 634 1838 in
668 1784 769 1839 hoc
798 1785 915 1853 ipso
941 1800 1101 1852 υνιινθ
1130 1796 1316 1837 n03tro
1335 1824 1348 1846 ,
1377 1790 1631 1850 quantum
1658 1780 1936 1842 valemus,

348 1878 419 1933 ita
447 1878 797 1933 defendamus
822 1876 887 1929 ad
922 1876 1149 1929 litteratn
1169 1916 1184 1940 ,
1213 1883 1275 1927 ut
1304 1874 1391 1941 qui
1422 1856 1526 1925 non
1557 1868 1942 1923 rationabiliter

347 1970 477 2024 moti
500 2009 518 2035 ,
550 1978 765 2037 propter
788 1969 1020 2021 animum
1053 1967 1381 2033 pervicneem
1410 1964 1491 2017 vel
1521 1963 1793 2024 hebetem,
1816 1973 1939 2013 cre-

348 2067 477 2119 dere
499 2065 596 2117 ista
623 2062 1166 2126 detrectant,nullam
1190 2069 1364 2113 tamen
1388 2057 1659 2111 inveniant
1681 2053 1939 2107 rationem

350 2154 492 2209 unde
544 2154 671 2207 falsa
715 2169 837 2207 esse
878 2154 1214 2206 convincam.
1263 2150 1458 2204 Verum
1507 2148 1592 2202 isti
1642 2144 1806 2200 nostri
1848 2143 1942 2213 qui

350 2246 507 2300 fidem
552 2244 747 2299 habent
782 2245 865 2297 his
904 2244 1095 2297 divinis
1122 2242 1325 2307 Libris,
1355 2250 1408 2295 et
1432 2240 1613 2294 nolunt
1637 2236 1939 2308 paradisum

348 2336 414 2389 ad
439 2336 811 2405 proprietatem
846 2337 1034 2389 litterae
1061 2334 1311 2404 intelligi,
1343 2334 1517 2386 locum
1547 2331 1940 2384 scilicetamm-

350 2428 628 2482 nissimum
674 2426 957 2480 fructuosis
996 2427 1299 2479 nemoribus
1333 2435 1642 2495 opacatum,
1667 2419 1943 2477 eumdem-

351 2535 453 2588 que
480 2534 727 2588 magnum
752 2528 805 2572 et
839 2534 1029 2587 magno
1063 2518 1205 2571 fonte
1234 2516 1513 2569 fecundum
1537 2556 1551 2577 ,
1579 2529 1697 2567 eum
1729 2511 1945 2565 videant

351 2610 493 2663 nulla
523 2609 750 2662 humana
781 2624 940 2676 Opera
976 2618 1047 2660 tot
1077 2622 1138 2661 ac
1166 2616 1307 2660 tanta
1336 2607 1504 2659 vireta
1535 2605 1819 2657 silvescere
1849 2615 1942 2655 oc-

350 2701 496 2754 culto
532 2715 696 2769 opere
739 2700 852 2759 Dei;
882 2699 1045 2751 miror
1065 2696 1507 2767 quemadmodum
1531 2694 1751 2748 credunt
1773 2693 1945 2761 ipsum

350 2792 621 2844 hominem
664 2791 732 2843 ita
776 2788 1003 2855 factum,
1035 2787 1479 2858 quemadmodum
1509 2800 1775 2853 nunqttam
1804 2781 1948 2836 vide-

350 2893 495 2938 runt.
523 2884 627 2937 Aut
657 2884 699 2936 si
729 2894 779 2937 et
805 2883 915 2949 ipse
939 2882 1158 2950 ﬁgurate
1186 2880 1555 2948 intelligendus
1580 2887 1661 2932 est
1682 2918 1695 2942 ,
1719 2879 1835 2945 quis
1857 2889 1947 2943 ge-

352 2976 471 3029 nuit
493 2974 621 3029 Cain
647 3014 664 3039 ,
693 2982 745 3027 et
767 2973 934 3039 Abel,
963 2984 1017 3027 et
1044 2973 1215 3027 Seth?
1242 2975 1321 3024 An
1350 2980 1401 3024 et
1430 2973 1525 3039 ipsi
1551 2971 1772 3038 ﬁgurate
1791 2968 1805 2997 ¹
1828 2977 1945 3019 tat:-

353 3075 467 3119 htm
500 3066 748 3129 fuerunt,
784 3080 886 3118 non
917 3065 1073 3117 etiam
1108 3062 1349 3115 homines
1375 3078 1441 3115 ex
1470 3061 1769 3113 hominibus
1795 3059 1948 3115 nati?

356 3158 432 3211 De
454 3157 695 3225 proximo
721 3170 846 3223 ergo
874 3154 1147 3208 attendant
1177 3153 1331 3206 istam
1355 3153 1821 3221 prmsmuptionem
1845 3166 1950 3219 quo

354 3248 571 3313 tendat,
627 3256 681 3301 et
719 3256 979 3300 conentur
1026 3246 1299 3299 nobiscum
1347 3254 1532 3298 cuneta
1567 3243 1810 3311 primitus
1834 3258 1952 3313 quae

356 3349 504 3409 gesta
552 3348 835 3393 narrantur
884 3339 936 3391 in
983 3339 1383 3405 expressionem
1434 3337 1771 3404 proprietatis
1814 3336 1955 3390 acci-

363 3450 507 3502 pere.
550 3434 680 3498 Quis
708 3433 849 3486 enim
886 3432 963 3484 eis
992 3443 1171 3499 postea
1206 3447 1308 3483 nan
1338 3430 1508 3483 faveat
1541 3429 1954 3499 intelligentibus

360 3524 486 3593 quid
533 3527 629 3577 ista
675 3522 831 3575 etiam
876 3523 1093 3590 figurata
1133 3520 1516 3589 significatione
1541 3528 1953 3588 commoneant,

359 3617 473 3668 sive
501 3616 733 3682 ip~arum
762 3614 1111 3683 spiritualium
1137 3622 1443 3665 naturarum
1470 3612 1549 3667 vel
1573 3611 1912 3665 affectionum
1937 3652 1952 3675 ,

360 3706 475 3758 sive
504 3720 683 3758 rerum
706 3703 862 3757 etiam
893 3702 1230 3756 futurarum?
1255 3702 1393 3757 Sane
1416 3703 1459 3757 si
1488 3702 1635 3755 nullo
1657 3702 1815 3757 modo
1830 3718 1957 3771 pos-

363 3804 486 3847 sent
527 3795 672 3846 salva
703 3794 804 3848 ﬁde
831 3794 1066 3846 veritatis
1095 3808 1153 3845 ea
1178 3833 1194 3858 ,
1221 3807 1341 3862 qua:
1367 3792 1716 3861 corporaliter
1746 3792 1829 3846 hic
1856 3810 1954 3845 no—

363 3888 561 3939 tninata
608 3896 767 3949 sunt,
814 3886 1163 3953 corporaliter
1204 3884 1365 3937 etiam
1415 3884 1615 3953 accipi,
1659 3884 1782 3950 quid
1814 3885 1957 3939 aliud

362 3987 666 4030 remaneret
690 4018 705 4038 ,
734 3976 833 4028 nisi
859 3987 913 4027 nt
937 3992 998 4029 ca
1026 3976 1197 4044 potius
1222 3976 1441 4045 ﬁgurate
1466 3977 1602 4031 dicta
1636 3977 1955 4045 intelligere-

364 4084 517 4131 Inus,
562 4082 721 4137 quam
764 4067 1090 4136 Scripturam
1131 4077 1368 4120 sanctam
1400 4068 1558 4135 impie
1583 4068 1959 4135 culparemus?

366 4160 535 4214 Porro
578 4172 756 4213 autem
804 4160 847 4212 si
897 4175 1003 4213 non
1042 4159 1211 4212 solum
1252 4175 1356 4212 non
1401 4159 1727 4227 impediunt,
1774 4176 1957 4213 verum

365 4254 528 4307 etiam
551 4253 769 4305 solidius
790 4263 1033 4305 asserunt
1060 4251 1228 4305 divini
1252 4252 1444 4321 eloquii
1468 4253 1820 4306 narrationem
1844 4252 1961 4309 haec

364 4346 525 4398 etiam
569 4345 918 4412 Corporaliter
959 4345 1263 4409 intellecta;
1296 4362 1451 4397 nemo
1480 4347 1615 4410 erit,
1649 4356 1707 4399 ut
1729 4346 1956 4416 opinor,

369 4446 478 4490 tam
505 4435 792 4490 inﬁdeliter
820 4436 1058 4505 pertinax
1081 4477 1095 4499 ,
1124 4435 1213 4504 qui
1240 4453 1359 4489 eum
1390 4450 1454 4491 ea
1481 4437 1774 4491 secundum
1802 4452 1961 4507 regu-

368 4528 473 4580 lam
518 4526 642 4581 lidei
686 4525 925 4596 exposita
967 4527 1179 4595 proprie
1218 4525 1444 4589 viderit,
1484 4527 1629 4580 malit
1658 4526 1709 4579 in
1742 4526 1959 4596 pristina

369 4636 649 4673 remanere
677 4619 939 4673 sententia
958 4660 979 4681 ,
1008 4619 1052 4673 si
1083 4617 1223 4673 forte
1252 4619 1327 4673 illi
1354 4619 1465 4673 \isa
1495 4618 1722 4683 fuerant,
1749 4621 1961 4676 nonnisi

369 4713 591 4782 ﬁgurate
622 4726 777 4781 posse
802 4712 992 4780 accipi.

367 4801 595 4859 CAPUT
636 4801 698 4855 Il.
734 4831 804 4842 —
847 4800 1081 4855 Genesim
1126 4802 1258 4855 alias
1296 4812 1475 4855 contra
1516 4801 1827 4857 Manio/neos
1870 4820 1963 4871 cur

700 4893 975 4946 secundum
1002 4892 1298 4963 allegoriam
1324 4895 1628 4962 exposuerit.

438 4985 494 5037 5.
544 4982 677 5038 Nam
720 4995 769 5039 et
801 4998 900 5053 ego
926 4991 1109 5037 contra
1135 4982 1480 5046 Mauiehmos,
1513 4983 1602 5053 qui
1633 4983 1725 5037 has
1756 4984 1963 5041 litteras

370 5073 581 5126 Veteris
601 5072 925 5127 Testameuti
954 5089 1057 5125 non
1085 5074 1240 5127 aliter
1254 5089 1412 5142 quam
1430 5081 1638 5141 oportet
1654 5074 1962 5142 accipiendo

366 5174 595 5231 errant,
642 5163 736 5218 sed
781 5164 1000 5217 omnino
1045 5182 1147 5217 non
1196 5163 1502 5232 accipiendo
1547 5173 1600 5219 et
1648 5164 1962 5221 detestando

366 5254 772 5324 blasphemaut.
816 5255 954 5309 duos
988 5255 1279 5327 conscripsi
1310 5255 1471 5309 libros
1500 5257 1694 5311 recenti
1724 5266 1963 5327 tempore

366 5347 738 5403 conversionis
765 5363 915 5410 meae;
945 5348 1051 5401 cito
1074 5348 1255 5401 volens
1277 5363 1461 5401 eorum
1484 5348 1561 5401 vel
1585 5347 1857 5403 confutare
1870 5350 1964 5403 de-

370 5442 677 5503 liramenta,
705 5440 786 5494 vel
830 5441 1036 5509 erigere
1064 5440 1413 5493 intentionem
1446 5440 1509 5493 ad
1536 5442 1875 5511 quaerendam
1908 5443 1961 5496 in

370 5533 589 5586 Litteris
634 5547 766 5600 quas
811 5532 1077 5591 oderunt.
1122 5530 1465 5585 Christianam
1506 5540 1559 5585 et
1598 5532 1960 5601 evangelicam

373 5626 554 5677 ﬁdem.
581 5624 647 5677 Et
666 5624 785 5691 quia
810 5638 911 5676 non
931 5622 1055 5675 mihi
1077 5633 1197 5674 tunc
1219 5622 1563 5675 occurrebant
1583 5622 1759 5675 omnia
1780 5638 1964 5691 quem-

372 5714 663 5771 admodum
693 5714 906 5784 propric
939 5722 1152 5782 possent
1177 5700 1364 5785 accipi,
1389 5714 1660 5784 magisque
1681 5728 1783 5769 non
1806 5728 1963 5784 posse

441 5833 459 5863 ⁸
478 5836 595 5893 »ωε
610 5826 843 5889 nonnulli,
866 5824 1056 5891 ﬁgtaw.

1696 375 1897 432 LIBER
1936 371 2271 429 OCTAVUS.

3516 368 3619 426 371

2039 486 2207 554 accipi
2245 484 2590 551 videbantur,
2622 495 2710 539 aut
2736 485 2822 540 vix
2848 493 3123 555 posse‘aut
3145 482 3399 549 difﬁcile;
3433 498 3500 538 ne
3529 496 3618 537 re-

2040 579 2314 644 tardarer,
2358 578 2483 648 quid
2529 578 2747 647 ﬁgurate
2771 577 3127 648 signiﬁcarent
3152 590 3215 631 ea
3244 590 3362 642 qua:
3391 573 3455 628 ad
3484 573 3621 628 litte-

2040 687 2152 725 ram
2203 687 2305 725 non
2356 672 2499 741 potui
2545 671 2815 737 invenire,
2860 681 3052 740 quanta
3090 670 3229 723 valui
3277 668 3531 723 brevitate
3567 677 3622 722 et

2039 764 2413 832 perspicuitate
2474 764 2762 834 explicavi,
2830 780 2898 818 ne
2942 765 3024 817 vel
3063 764 3227 817 multa
3265 762 3492 816 lectione
3533 761 3614 815 vel

2040 856 2413 926 disputationis
2452 858 2773 913 obscuritate
2811 858 3087 923 deterriti,
3129 857 3179 911 in
3219 871 3409 911 manus
3437 871 3497 911 ea
3528 870 3622 910 su-

2041 966 2190 1006 mere
2216 966 2319 1004 nou
2340 961 2608 1007 curarent.
2636 952 2837 1006 Memor
2854 962 3026 1005 tamen
3050 949 3175 1019 quid
3192 948 3419 1004 maxime
3438 947 3621 1001 volue-

2040 1043 2142 1096 rim
2190 1058 2288 1097 nec
2324 1044 2580 1111 potuerim
2606 1084 2620 1105 ,
2668 1054 2725 1097 ut
2762 1059 2867 1096 non
2900 1044 3120 1113 ﬁgurate
3147 1040 3240 1095 sed
3272 1041 3484 1110 proprie
3510 1040 3621 1107 pri-

2042 1135 2203 1188 mitus
2240 1145 2428 1189 cuncta
2466 1135 2917 1207 intelligerentur,
2960 1152 3057 1188 nec
3084 1134 3302 1188 omnino
3330 1133 3623 1201 desperans

2042 1226 2203 1280 etiam
2240 1225 2317 1279 sic
2355 1240 2509 1294 posse
2537 1226 2792 1295 intelligi,
2826 1227 3052 1296 idipsum
3078 1227 3129 1280 in
3160 1228 3328 1295 prima
3360 1237 3505 1294 parte
3535 1240 3624 1279 se-

2040 1316 2199 1371 cundi
2236 1316 2354 1370 libri
2387 1317 2456 1370 ita
2493 1317 2664 1386 posui.
2696 1317 2866 1384 Sane,
2896 1319 3128 1387 inquam,
3158 1316 3380 1388 quisquis
3408 1317 3617 1369 voluerit

2041 1410 2212 1463 omnia
2244 1426 2357 1480 quia
2388 1410 2519 1463 dicta
2550 1422 2694 1476 sunt,
2733 1411 3007 1463 secundum
3040 1411 3253 1463 litteram
3290 1409 3543 1480 accipere,
3574 1409 3626 1459 id

2042 1512 2136 1572 cst,
2158 1521 2255 1557 non
2276 1504 2422 1557 aliter
2436 1504 2715 1572 intelligere
2736 1520 2884 1572 quam
2907 1504 3070 1556 littera
3086 1512 3251 1563 sonat,
3269 1511 3313 1554 et
3341 1512 3501 1570 potest
3522 1500 3627 1553 evi~

2042 1605 2148 1651 tare
2192 1598 2525 1668 blasplieinias
2544 1639 2558 1662 ,
2596 1606 2639 1649 et
2664 1596 2833 1649 omnia
2864 1595 3189 1665 congruentia
3219 1594 3336 1662 fidei
3366 1592 3630 1646 catholicae

2042 1688 2356 1758 prazdicare;
2378 1704 2477 1741 non
2505 1688 2665 1740 solum
2686 1688 2730 1739 ei
2751 1704 2849 1739 non
2873 1697 2942 1740 est
2967 1685 3289 1738 invidendum
3309 1726 3323 1748 ,
3341 1684 3427 1736 sed
3448 1684 3627 1753 prteci-

2044 1794 2173 1849 pnus
2211 1779 2518 1847 multumque
2556 1778 2824 1831 laudabilis
2849 1778 3126 1830 intellector
3156 1776 3413 1827 habendus
3437 1784 3531 1827 est.
3565 1774 3626 1827 Si

2042 1880 2208 1923 autem
2246 1870 2415 1924 nullus
2442 1871 2602 1922 exitus
2630 1871 2800 1933 datur,
2826 1879 2877 1921 ut
2897 1871 2977 1938 pie
2996 1879 3039 1921 et
3061 1868 3211 1938 digne
3243 1867 3343 1919 Deo
3360 1881 3472 1937 qua:
3492 1868 3623 1919 scri-

2043 1972 2131 2033 pta
2159 1973 2275 2015 sunt
2298 1962 2657 2032 intelligantur,
2686 1961 2782 2015 nisi
2802 1964 3017 2032 ﬁgurate
3040 1961 3256 2029 atquein
3278 1960 3627 2030 (enigmatibus

2040 2056 2303 2125 proposita
2343 2056 2440 2108 ista
2468 2056 2765 2117 credamus;
2794 2055 3030 2107 habentes
3055 2054 3397 2105 auctoritate»:
3425 2061 3629 2120 aposto-

2044 2148 2227 2209 licam,
2264 2165 2294 2200 a
2329 2148 2503 2217 quibus
2531 2158 2631 2200 tant
2658 2148 2817 2201 multa
2846 2148 2907 2199 de
2934 2148 3073 2201 libris
3112 2146 3298 2200 Veteris
3328 2146 3629 2200 Testamenti

2044 2241 2304 2294 solvuntur
2322 2242 2613 2310 witigmata,
2644 2242 2845 2293 modum
2868 2258 3011 2310 quem
3037 2242 3630 2304 intendimusteneamus,

2045 2332 2316 2402 adjuvante
2340 2332 2428 2385 illo
2453 2334 2535 2401 qui
2557 2350 2647 2385 nos
2679 2343 2871 2402 petere,
2900 2348 3121 2402 quwrere
3148 2341 3196 2383 et
3219 2333 3422 2401 pulsare
3440 2332 3632 2384 adhor-

2047 2434 2183 2479 tatur
2223 2424 2431 2497 (Mattlt.
2457 2442 2557 2491 vn,
2583 2426 2636 2496 7)
2673 2444 2686 2478 :
2718 2435 2771 2478 ut
2800 2442 2970 2478 omnes
2999 2425 3120 2477 istas
3149 2425 3339 2493 ﬁguras
3365 2440 3533 2476 rerum
3558 2440 3637 2476 se-

2046 2517 2267 2571 cundum
2297 2518 2594 2570 catholicam
2630 2518 2781 2585 [idem
2803 2559 2817 2581 ,
2851 2517 2953 2569 sive
2975 2531 3087 2583 quae
3109 2520 3177 2567 ad
3208 2514 3469 2567 historiam
3489 2556 3503 2576 ,
3536 2515 3637 2568 sive

2046 2627 2160 2680 gum
2195 2611 2263 2664 ad
2302 2610 2613 2681 prophetiam
2643 2610 2922 2680 pertinent,
2954 2608 3295 2677 explicemus;
3325 2624 3424 2659 non
3449 2608 3638 2677 prwju-
3685 2665 3694 2675 ‘

2048 2703 2272 2755 dicentes
2314 2701 2506 2754 meliori
2536 2700 2938 2771 diligentioriquc
2966 2698 3236 2763 tractatui,
3267 2699 3367 2751 sive
3392 2713 3482 2767 per
3507 2714 3598 2750 nos
3618 2738 3635 2762 ,

2049 2794 2150 2848 sive
2189 2810 2278 2863 per
2310 2792 2467 2853 alios,
2509 2792 2685 2857 quibus
2727 2790 2972 2843 Dominus
3009 2790 3230 2842 revelare
3270 2789 3509 2859 dignatur
3538 2786 3639 2859 (Do

2053 2882 2179 2937 Gen.
2227 2894 2401 2937 contra
2448 2882 2674 2935 Munich.
2718 2881 2805 2934 lib.
2834 2882 2888 2944 ‘2,
2921 2897 3035 2949 cap.
3062 2878 3143 2950 2).
3192 2880 3316 2933 lla'c
3353 2889 3475 2931 tunc
3505 2879 3635 2932 dixi.

2052 2976 2200 3031 Nune
2227 2986 2403 3029 autem
2435 2974 2554 3042 quia
2582 2974 2747 3027 Vultlli.
2779 2972 3031 3026 Dominus
3059 2980 3113 3024 ut
3141 2987 3201 3024 ea
3229 2971 3533 3039 diligentius
3558 2970 3641 3024 iu-

2056 3075 2207 3121 tueus
2247 3076 2406 3134 atque
2442 3064 2816 3127 considerans,
2863 3078 2965 3115 non
2996 3062 3220 3126 frustra,
3249 3070 3503 3129 quantum
3528 3060 3643 3129 opi-

2000 3192 2011 3201 ο
2056 3173 2188 3221 nor,
2218 3156 2575 3210 οχὶηιίιιιειιύῐη
2601 3155 2759 3207 etiam
2790 3169 2885 3222 per
2914 3169 2997 3206 me
3022 3167 3177 3220 posse
3204 3151 3492 3204 secundum
3522 3166 3643 3219 pro-
3698 3184 3701 3187 ν

2056 3251 2262 3319 priam,
2311 3268 2414 3303 non
2460 3249 2749 3304 scentulum
2796 3246 3131 3315 allegoricam
3176 3244 3493 3298 locutionem
3530 3241 3645 3297 lne'c

2057 3342 2253 3410 scripta
2293 3356 2412 3395 esse
2452 3340 2733 3393 monstrari
2755 3379 2769 3401 ,
2812 3337 2949 3392 sicut
2976 3352 3036 3389 ea
3066 3350 3184 3405 qu:e
3214 3336 3457 3403 superius
3480 3334 3647 3387 valui-

2058 3451 2176 3488 mus
2202 3432 2484 3487 ostendere
2509 3474 2523 3497 ,
2556 3431 2631 3483 sic
2654 3430 2812 3483 etiam
2838 3444 2954 3497 qua:
2982 3439 3276 3496 sequuntur
3304 3426 3369 3479 de
3400 3425 3644 3493 paradiso

2061 3535 2473 3595 perscrutemur.

2060 3616 2288 3672 CAPUT
2329 3615 2415 3669 Ill.
2447 3642 2515 3653 —-
2544 3612 2623 3667 De
2650 3629 2777 3667 vers.
2812 3612 2844 3666 8
2872 3623 2917 3664 et
2943 3610 2975 3665 9
3003 3653 3018 3676 ,
3046 3612 3129 3663 ubi
3173 3627 3349 3664 rursus
3396 3609 3459 3663 de
3500 3624 3643 3661 crea-

2383 3727 2389 3733 ’
2702 3705 2833 3755 tione
2854 3703 2997 3772 ligni.

2134 3801 2186 3855 6.
2219 3798 2473 3853 Plantavit
2500 3811 2626 3867 ergo
2654 3796 2788 3849 Deus
2823 3796 3119 3865 paradisum
3170 3793 3220 3847 in
3267 3792 3471 3846 deliciis
3514 3792 3645 3860 (huc

2063 3902 2144 3945 est
2173 3894 2314 3945 enim
2339 3890 2389 3942 in
2413 3886 2577 3958 Edon)
2608 3887 2674 3940 ad
2709 3887 2969 3950 orientem,
2995 3895 3044 3938 et
3084 3884 3249 3953 posuit
3290 3884 3356 3936 ibi
3398 3884 3648 3936 hominem

2063 4000 2206 4048 quem
2238 3982 2473 4049 ﬁnxerat.
2499 3980 2586 4033 Sic
2612 3979 2754 4031 enim
2785 3978 3038 4045 scriptum
3067 3986 3170 4040 est,
3193 3978 3315 4045 quia
3342 3976 3417 4029 sic
3452 3974 3647 4028 factum

2064 4085 2165 4130 est.
2198 4074 2395 4128 Deinde
2440 4072 2772 4141 recapitulat,
2804 4079 2860 4123 ut
2904 4070 3004 4124 hoc
3044 4068 3217 4138 ipsum
3250 4068 3390 4138 quod
3420 4068 3651 4122 breviter

2067 4166 2261 4235 posuit,
2290 4162 2539 4217 ostendat
2575 4161 3024 4230 quemadmodum
3060 4161 3254 4213 factum
3286 4160 3389 4225 sit;
3423 4161 3521 4213 hoc
3544 4170 3647 4224 est,

2064 4254 2512 4325 quemadmodum
2562 4252 2865 4322 paradisum
2916 4252 3056 4306 Deus
3093 4252 3430 4319 plantavcril,
3462 4259 3515 4305 et
3541 4244 3650 4304 illic

2067 4347 2357 4409 hominem,
2395 4360 2553 4413 quem
2598 4344 2843 4408 ﬁnxerat,
2869 4344 3222 4398 constituerit.
3255 4342 3343 4397 Sic
3389 4344 3529 4397 enim
3565 4359 3653 4397 se-

2065 4440 2278 4509 quitur:
2299 4438 2365 4491 Et
2392 4438 2534 4507 ejecit
2559 4437 2724 4489 adhuc
2751 4435 2890 4489 Deus
2914 4436 2977 4487 de
2996 4447 3127 4487 terra
3148 4452 3294 4487 omne
3316 4434 3509 4505 lignum
3532 4435 3649 4503 pul-

2066 4532 2243 4586 chrum
2270 4531 2335 4582 ad
2364 4541 2643 4597 aspectant,
2670 4536 2716 4580 et
2742 4528 2924 4580 bonum
2947 4526 3015 4578 ad
3041 4543 3222 4579 escam.
3256 4526 3369 4579 Non
3398 4526 3550 4591 dixit,
3588 4526 3654 4580 Ει

2068 4624 2224 4694 ejecit
2243 4622 2309 4676 de
2329 4632 2468 4675 terra
2495 4620 2632 4671 Deus
2654 4618 2797 4671 aliud
2824 4619 3021 4687 lignum
3038 4618 3119 4671 vel
3142 4628 3393 4671 eteterum
3423 4618 3648 4687 lignum;

2068 4715 2185 4782 sed,
2219 4713 2402 4785 Ejecit,
2432 4711 2621 4779 inquit,
2650 4709 2821 4761 adhuc
2858 4709 2920 4761 tle
2958 4717 3089 4761 terra
3124 4725 3270 4761 omne
3308 4709 3501 4777 lignum
3534 4708 3650 4773 pul-

2066 4806 2241 4859 chrum
2268 4802 2337 4855 ad
2381 4809 2656 4869 aspectant,
2703 4809 2748 4851 et
2787 4798 2973 4851 bonum
3015 4798 3083 4850 ad
3131 4814 3313 4851 escam.
3362 4798 3477 4851 .lam
3524 4813 3651 4866 ergo

2067 4908 2195 4953 tunc
2231 4895 2552 4965 produxerat
2592 4902 2733 4946 terra
2776 4906 2936 4945 omne
2978 4890 3177 4960 lignum
3208 4901 3260 4943 et
3286 4892 3560 4959 pulchrum
3584 4891 3648 4943 ad

2067 4997 2360 5058 aspectum,
2384 4992 2440 5039 et
2478 4984 2673 5038 bonum
2713 4981 2780 5035 ad
2821 4995 3020 5044 escam,
3055 4981 3155 5034 hoc
3195 4990 3276 5033 est
3325 4981 3478 5033 tertio
3520 4981 3646 5034 die:

2068 5096 2190 5136 nam
2216 5087 2367 5132 sexto
2392 5076 2479 5131 die
2507 5076 2733 5136 dixerat,
2765 5072 2896 5127 Ecce
2918 5072 3034 5126 dedi
3063 5073 3199 5125 vobis
3225 5088 3370 5125 onrne
3406 5071 3649 5142 pabulum

2067 5169 2327 5235 sentinale,
2362 5168 2616 5222 seminans
2653 5181 2840 5231 semen,
2867 5166 3004 5233 quod
3039 5173 3111 5217 est
3145 5179 3295 5232 super
3324 5180 3521 5216 onmem
3547 5174 3648 5217 ter-

2067 5279 2217 5328 ram;
2244 5272 2290 5315 ct
2318 5276 2464 5314 omne
2482 5259 2678 5330 lignum
2702 5256 3039 5327 frnctiferum,
3061 5256 3197 5324 quod
3222 5252 3365 5307 liabet
3389 5254 3441 5307 in
3465 5270 3521 5308 se
3541 5255 3650 5323 {ru-

2069 5364 2204 5408 ctant
2227 5352 2432 5407 seminis
2457 5348 2732 5409 sentinalis,
2762 5346 2895 5415 quod
2925 5347 3017 5398 erit
3045 5344 3180 5398 vobis
3205 5344 3272 5395 ad
3299 5360 3465 5396 escam
3495 5342 3647 5414 (Gen.

2070 5462 2108 5513 1,
2135 5446 2249 5512 29).
2278 5443 2413 5498 Num
2444 5457 2571 5510 ergo
2590 5439 2731 5494 aliud
2753 5441 2831 5492 eis
2859 5448 2981 5491 tunc
3000 5435 3165 5499 dedit,
3190 5435 3331 5489 aliud
3356 5452 3493 5489 mmc
3520 5436 3649 5490 dare

2070 5538 2275 5591 voluit?
2302 5536 2414 5590 Non
2448 5532 2780 5603 opinorzsed
2822 5546 2942 5584 eum
2991 5544 3055 5582 ex
3105 5528 3187 5581 his
3227 5529 3509 5597 generibus
3547 5528 3654 5583 sint

2073 5634 2171 5685 ista
2204 5631 2341 5699 ligna
2383 5628 2618 5680 instituta
2651 5624 2701 5677 in
2732 5621 2993 5691 paradiso,
3024 5635 3142 5689 qua:
3172 5620 3281 5689 jam
3322 5631 3456 5674 terra
3495 5621 3651 5675 tertio

2072 5724 2159 5778 die
2186 5721 2525 5791 produxerat,
2552 5715 2724 5769 adhuc
2752 5728 2812 5767 ea
2850 5711 3099 5781 produxit
3140 5712 3192 5764 in
3236 5720 3472 5781 tempore
3510 5724 3645 5765 suo:

2074 5817 2195 5889 quia
2240 5822 2363 5868 tunc
2401 5809 2619 5874 scilicet,
2657 5806 2797 5877 quod
2833 5806 3089 5875 scriptum
3122 5816 3221 5872 est,
3251 5821 3311 5861 ea
3338 5804 3651 5875 produxisse
