4090 6470
491 380 599 437 375

489 497 711 556 terram,
739 489 1022 546 causaliter
1040 488 1234 545 factum
1261 500 1376 546 erat
1398 490 1450 544 in
1479 501 1650 558 terra;
1672 492 1774 546 hoc
1805 501 1908 556 est,
1939 490 2062 560 quia

491 591 618 638 tunc
642 597 706 643 es
735 581 1060 653 producendi
1089 583 1332 638 virtutem
1373 582 1598 637 latenter
1632 593 1928 652 acceperat,
1957 595 2063 652 qua

491 677 685 731 virtute
717 674 779 730 tit
813 682 872 730 ut
895 675 1051 731 etiam
1081 690 1219 730 nunc
1248 675 1368 730 talia
1399 683 1534 730 terra
1565 665 1843 746 progigttat
1869 674 1921 728 in
1950 688 2066 728 ma-

492 767 690 823 nifesto
712 776 872 838 atque
895 767 946 821 in
980 776 1218 838 tempore
1244 782 1360 822 suo.

565 859 620 914 7.
643 859 814 915 Verba
838 873 964 929 ergo
995 858 1089 914 Dei
1120 869 1271 913 sexto
1298 858 1385 913 die
1418 857 1664 927 dicentis,
1689 857 1820 912 Ecce
1839 857 1956 911 dedi
1980 873 2068 911 oo-

494 953 572 1007 bis
598 969 742 1007 omne
782 953 1022 1023 pabulum
1058 952 1298 1006 seminale
1330 953 1582 1007 seminans
1617 969 1804 1016 semen,
1834 950 1967 1022 quod
1995 958 2068 1005 est

493 1062 646 1116 super
667 1062 862 1100 onmem
887 1054 1091 1108 terram,
1121 1054 1176 1099 et
1201 1053 1416 1111 cmtera,
1440 1060 1543 1098 non
1575 1044 1797 1099 sonabili
1822 1043 1906 1098 vel
1929 1052 2067 1097 tem-

493 1136 664 1206 porali
686 1151 816 1190 voce
839 1135 1039 1204 prolata
1061 1134 1217 1189 verba
1240 1143 1382 1201 sunt,
1405 1135 1499 1190 sed
1521 1135 1658 1190 sicut
1681 1137 1734 1188 in
1758 1133 1873 1204 ejus
1891 1131 2068 1187 Verbo

493 1235 577 1282 est
601 1226 815 1282 creandi
841 1225 1094 1296 potentia.
1122 1211 1234 1279 Dici
1256 1235 1431 1280 autem
1458 1223 1780 1288 hominibus,
1804 1221 1927 1293 quid
1953 1223 2070 1277 sine

496 1316 876 1386 temporalibus
916 1317 1063 1371 sonis
1093 1316 1234 1371 Deus
1260 1315 1474 1383 dixerit,
1500 1315 1710 1370 nonnisi
1739 1329 1836 1384 per
1859 1322 2070 1382 tempo-

495 1409 636 1464 rales
663 1423 823 1464 sonos
855 1409 1040 1478 potuit.
1072 1407 1328 1462 Futurum
1357 1409 1498 1464 enim
1526 1415 1641 1462 erat
1668 1415 1724 1461 ut
1767 1406 1926 1461 homo
1963 1405 2068 1474 jam

497 1499 560 1553 de
589 1500 715 1552 limo
744 1497 1022 1566 formatus,
1053 1507 1108 1553 et
1144 1498 1270 1552 llatu
1297 1498 1413 1568 ejus
1434 1498 1716 1562 animatus,
1744 1504 1799 1552 et
1817 1494 2069 1566 quidquid

497 1605 561 1646 ex
611 1590 699 1645 illo
748 1591 961 1644 humani
1012 1591 1224 1660 generis
1270 1589 1580 1654 exstitisset,
1608 1597 1846 1643 uteretur
1893 1588 1971 1642 eis
2001 1585 2070 1642 ad

497 1695 692 1750 escam,
728 1681 848 1752 q'uze
892 1697 1052 1754 super
1081 1693 1273 1737 terram
1302 1693 1548 1738 exortura
1578 1689 1731 1737 erant
1755 1696 1818 1736 ex
1849 1680 1934 1734 illa
1959 1680 2070 1734 vir-

498 1779 605 1828 tute
633 1771 943 1844 generandi,
972 1788 1126 1842 quam
1165 1781 1302 1828 terra
1341 1773 1450 1843 jam
1485 1781 1780 1842 acceperat.
1802 1771 1966 1841 Cujus
1991 1769 2071 1825 fu-

491 1863 597 1917 turi
630 1864 871 1919 causales
898 1864 1131 1919 rationes
1177 1864 1228 1918 in
1269 1871 1509 1918 creatura
1535 1862 1790 1926 condens,
1821 1872 2068 1931 tanquam

486 1953 600 2024 jam
624 1955 931 2020 exstitisset,
965 1953 1281 2025 loquebatur
1303 1954 1510 2008 interna
1536 1961 1696 2024 atque
1725 1954 1905 2007 intima
1931 1951 2071 2007 verip

490 2052 622 2110 tate,
653 2061 809 2115 quam
850 2061 950 2101 nec
985 2046 1172 2101 oculus
1218 2045 1368 2112 vidit,
1409 2061 1508 2100 nec
1549 2045 1696 2100 auris
1734 2044 1953 2112 audivit,
1975 2043 2070 2100 sed

491 2135 720 2206 Spiritus
744 2137 861 2206 ejus
885 2137 1138 2192 scribenti
1167 2137 1346 2206 utique
1369 2136 1643 2191 revelavit.

493 2225 720 2284 CAPUT
760 2228 848 2284 IV.
878 2258 948 2269 —
968 2227 1048 2282 De
1073 2229 1232 2286 altera
1255 2237 1398 2300 parte
1420 2243 1546 2281 vers.
1575 2227 1632 2290 9,
1664 2226 1856 2297 lignum
1880 2225 1994 2281 vita:
2022 2235 2071 2282 et

691 2336 803 2374 vere
825 2331 1044 2375 creatum
1070 2338 1194 2387 esse,
1215 2331 1263 2375 et
1287 2320 1588 2390 sapientiam
1611 2319 1877 2389 ﬁgurasse.

563 2411 616 2466 8.
657 2411 788 2468 lllud
843 2414 998 2483 plane
1043 2412 1184 2483 quod
1231 2413 1492 2482 sequitur,
1535 2410 1601 2464 Et
1630 2411 1821 2483 lignum
1859 2412 1970 2465 vita:
2016 2411 2070 2464 in

492 2503 656 2558 medio
692 2504 940 2575 paradisi,
972 2515 1018 2558 et
1056 2505 1246 2576 lignum
1274 2504 1494 2558 scientiis
1532 2502 1856 2574 dignoscendi
1887 2501 2070 2556 bonum

492 2605 541 2650 et
581 2595 791 2663 malum,
820 2596 1120 2667 diligentius
1159 2594 1600 2650 considerandum
1651 2602 1752 2661 est,
1795 2610 1864 2650 ne
1919 2603 2072 2664 cogat

495 2688 548 2740 in
575 2686 904 2757 allegoriam,
930 2695 1126 2742 utnon
1167 2688 1264 2740 ista
1321 2685 1460 2756 ligna
1515 2684 1728 2750 fuerint,
1782 2685 1877 2740 sed
1927 2683 2069 2739 aliud

494 2775 692 2848 aliquid
747 2778 960 2832 nomine
1007 2778 1133 2848 ligni
1187 2777 1502 2848 signiﬁcent.
1546 2777 1754 2832 Dictum
1801 2785 1884 2831 est
1927 2777 2068 2832 enim

493 2865 564 2921 de
624 2867 880 2937 sapientia
916 2885 928 2920 :
963 2866 1180 2938 Lignum
1219 2868 1332 2921 vita?
1369 2877 1461 2948 est‘
1486 2865 1715 2920 omnibus
1766 2865 2072 2937 amplecten-

490 2958 620 3014 tibus
661 2975 770 3012 eam
813 2959 991 3032 (Prov.
1033 2976 1110 3022 ιιι,
1153 2957 1262 3031 l8).
1305 2959 1677 3013 Verumtamen
1721 2971 1840 3012 cum
1887 2957 1957 3011 sit
1980 2955 2072 3013 .lt.L

489 3051 721 3106 rusalem
746 3060 944 3107 mterna
981 3053 1034 3107 in
1069 3051 1239 3118 cadis,
1269 3052 1426 3106 etiam
1476 3050 1528 3104 in
1571 3059 1710 3104 terra
1749 3051 1935 3104 civitas
1966 3064 2070 3119 qua

490 3143 582 3198 illa
607 3144 1014 3215 signiﬁcaretur,
1042 3145 1252 3200 condita
1277 3152 1394 3208 est;
1421 3152 1475 3198 et
1493 3143 1623 3198 Sara
1649 3150 1703 3196 et
1721 3143 1862 3212 Agar
1885 3157 2069 3212 (piam-
2093 3190 2111 3206 ,

489 3235 572 3291 vis
599 3235 704 3291 duo
731 3236 1072 3293 Testamenta
1111 3237 1508 3308 significarent,
1538 3244 1690 3292 erant
1719 3245 1894 3291 tamen
1920 3251 2068 3306 qua:-

487 3327 610 3381 dam
651 3329 808 3382 etiam
853 3329 1099 3384 mulieres
1126 3328 1245 3384 date
1277 3326 1470 3400 (Galat.
1515 3343 1588 3394 ιν,
1627 3327 1698 3382 ει
1723 3326 1840 3397 26);
1863 3337 1918 3382 ει
1944 3341 2067 3382 cum

488 3417 733 3476 Christus
776 3435 871 3489 per
915 3419 1043 3490 ligni
1083 3421 1380 3490 passionem
1426 3418 1625 3474 ﬂuento
1671 3418 1930 3488 spirituali
1969 3433 2068 3473 nos

487 3511 692 3582 irriget,
724 3523 840 3566 erat
867 3520 1042 3567 tamen
1083 3520 1136 3566 et
1172 3520 1340 3580 petra,
1364 3525 1482 3580 qua:
1521 3524 1710 3580 aquam
1749 3509 1947 3563 sitienti
1974 3524 2069 3578 po-

490 3603 614 3672 pulo
642 3603 784 3672 ligno
821 3617 1065 3672 percussa
1107 3603 1358 3666 manavit,
1398 3600 1466 3656 de
1505 3615 1609 3670 qua
1653 3599 1938 3664 diceretur,
1967 3599 2069 3655 Pe-

494 3704 573 3747 tra
597 3704 762 3747 autent
792 3675 898 3748 erat
928 3693 1156 3748 Christus
1177 3693 1220 3766 (Ι
1243 3693 1359 3747 Cor.
1379 3708 1434 3757 ι,
1455 3694 1533 3760 4).
1557 3691 1710 3745 Aliud
1738 3707 1893 3761 quam
1915 3699 2068 3746 erant

492 3784 583 3838 illa
611 3785 788 3838 omnia
817 3785 1265 3855 signilieaverunt,
1297 3783 1390 3838 sed
1423 3792 1599 3837 tamen
1628 3781 1787 3837 etiam
1811 3782 1924 3852 ipsa
1944 3797 2066 3837 cor-

496 3875 748 3945 poraliter
776 3876 1006 3931 fuerunt.
1037 3878 1100 3930 Et
1131 3875 1342 3947 quando
1383 3890 1414 3928 a
1459 3882 1705 3928 narrante
1743 3888 2068 3954 commemo-

493 3977 608 4022 rata
637 3977 777 4033 sunt,
807 3983 914 4025 non
947 3977 1063 4023 erat
1105 3969 1192 4023 illa
1236 3968 1458 4038 ﬁgurata
1502 3967 1720 4033 locutio,
1751 3965 1845 4022 sed
1883 3981 2067 4021 earum

492 4073 672 4112 rerum
715 4073 964 4128 expressa
1003 4059 1254 4124 narralio,
1283 4072 1506 4127 quarum
1536 4064 1651 4111 erat
1680 4055 1898 4126 ﬁgurata
1931 4071 2067 4125 prce-

492 4149 684 4204 cessio.
714 4149 840 4204 Erat
864 4164 992 4220 ergo
1019 4158 1074 4205 et
1100 4149 1298 4219 lignum
1325 4149 1468 4213 vitm,
1493 4147 1940 4218 quemadmodum
1971 4162 2067 4217 pe-

492 4248 573 4294 tra
601 4240 879 4296 Christus:
905 4257 1003 4297 nec
1044 4242 1159 4297 sine
1192 4241 1459 4313 mysteriis
1494 4256 1673 4296 rerum
1715 4241 2066 4310 Spiritualium

491 4331 846 4399 corporaliter
885 4329 1215 4400 praesentalis
1239 4331 1402 4384 voluit
1429 4330 1696 4384 hominem
1728 4330 1864 4385 Deus
1893 4331 1944 4384 in
1976 4346 2068 4400 pa-

490 4422 668 4478 radiso
688 4424 886 4478 vivere.
910 4421 1038 4478 Erat
1052 4424 1100 4478 ei
1123 4438 1249 4493 ergo
1269 4425 1318 4478 in
1341 4423 1493 4492 lignis
1509 4422 1713 4477 caeteris
1734 4423 2063 4489 alimentum,

493 4513 545 4567 in
573 4512 666 4568 illo
693 4523 868 4569 autem
897 4523 1318 4580 sacramentum;
1347 4513 1474 4583 quid
1503 4513 1826 4584 signiﬁcans,
1855 4513 1953 4567 nisi
1983 4527 2068 4566 sa-

491 4604 765 4672 pientiam.
791 4605 859 4659 de
890 4621 991 4676 qua
1013 4605 1209 4660 dictum
1237 4614 1338 4671 est,
1369 4604 1588 4676 Lignum
1629 4605 1741 4659 vitae
1777 4614 1850 4659 est
1877 4606 2069 4675 amplc-

489 4693 731 4749 ctentibus
761 4711 872 4747 eam
907 4711 926 4748 :
955 4695 1397 4765 quemadmodum
1437 4696 1504 4751 de
1538 4695 1750 4750 Christo
1777 4697 2064 4763 diceretur,

491 4782 648 4838 Petra
691 4801 912 4840 manans
949 4795 1032 4841 est
1059 4787 1356 4842 sitientibus
1381 4789 1536 4842 eam?
1567 4789 1729 4844 Recte
1753 4791 1946 4860 quippe
1975 4805 2068 4860 ap-

491 4873 719 4942 pellatur
745 4874 888 4944 quod
923 4877 988 4930 ad
1027 4892 1148 4931 eum
1189 4877 1592 4947 signiﬁcandum
1630 4882 1920 4950 prmcessit.
1951 4881 2068 4952 Ipse

491 4973 574 5019 est
590 4964 705 5019 0\'iS
731 4979 848 5035 qure
877 4965 1244 5021 immolaturin
1269 4968 1466 5024 Pascha
1489 4986 1504 5034 ;
1538 4979 1710 5024 tamen
1733 4979 1786 5025 et
1814 4972 1937 5027 illud
1962 4990 2065 5027 non

493 5065 698 5110 tantum
725 5056 948 5112 dicendo
980 5057 1321 5128 ligurabatur,
1351 5061 1442 5115 sed
1479 5062 1638 5115 etiam
1672 5063 1927 5116 faciendo.
1961 5063 2066 5117 Nc-

489 5164 593 5217 que
617 5150 761 5204 enim
785 5149 902 5204 ovis
939 5150 1029 5205 illa
1071 5167 1175 5205 non
1207 5161 1322 5207 erat
1353 5153 1498 5218 ovis;
1533 5154 1684 5222 plane
1709 5156 1824 5209 ovis
1849 5166 1982 5222 erat,
2014 5167 2068 5213 et

491 5240 853 5308 occidebatur,
897 5249 951 5296 et
989 5241 1403 5296 manducabatur
1441 5243 1633 5315 (Exod.
1672 5261 1764 5310 xu,
1803 5247 1952 5317 5-H)
1978 5265 1991 5300 :
2015 5258 2070 5302 ct

491 5337 670 5386 tamen
691 5347 756 5386 eo
777 5347 904 5386 vero
929 5332 1086 5398 facto,
1106 5333 1246 5388 aliud
1265 5334 1424 5388 etiam
1446 5334 1692 5404 quiddam
1723 5336 2065 5406 ligurabatur.

493 5423 608 5478 Non
651 5424 790 5478 sicut
831 5425 919 5479 ille
957 5425 1150 5479 vitulus
1190 5426 1478 5494 saginatus,
1507 5425 1595 5496 qui
1625 5427 1818 5480 minori
1853 5427 1958 5480 ﬁlio
1986 5445 2070 5482 rc-

493 5516 718 5570 vertenti
749 5516 799 5568 in
826 5517 1006 5586 epulas
1023 5531 1193 5571 caesus
1218 5524 1301 5570 est
1329 5515 1478 5585 (Luc.
1508 5533 1595 5582 xv,
1617 5515 1729 5588 25).
1783 5516 1855 5570 lbi
1874 5519 2068 5588 quippe

495 5605 609 5672 ipsa
639 5605 870 5658 narratio
899 5607 1186 5674 ﬁgurarum
1224 5613 1326 5669 est,
1361 5621 1464 5658 non
1505 5621 1680 5659 rerum
1726 5607 1945 5676 ﬁgurata
1990 5609 2066 5662 si-

495 5694 764 5764 gniﬁcatio
809 5706 1098 5764 gestarum.
1128 5694 1242 5749 Non
1281 5696 1422 5748 enim
1471 5694 1571 5748 hoc
1598 5697 1940 5765 evangelista,
1972 5699 2067 5753 sed

496 5787 746 5843 Dominus
792 5787 903 5858 ipse
938 5788 1172 5843 narravit
1195 5804 1208 5840 :
1231 5787 1550 5858 evangelista
1577 5802 1704 5843 vero
1750 5789 1849 5844 hoc
1885 5790 2066 5846 Domi-

1448 379 1534 435 DE
1572 377 1815 436 CENESI
1858 377 1948 434 AD
1988 375 2362 446 LITTERAM,
2401 378 2459 436 S.
2497 379 2862 439 AUGUSTI?“

3641 389 3743 449 576

2174 506 2303 547 num
2348 507 2594 550 narrasse
2619 497 2872 552 narravit.
2896 497 3124 554 Proinde
3152 499 3290 570 quod
3321 501 3555 558 narravit
3579 517 3743 559 evan-

2171 583 2378 652 gelista,
2411 583 2570 639 etiam
2597 584 2791 641 factum
2817 598 2928 655 est;
2961 589 3242 646 Dominum
3264 591 3469 648 scilicet
3514 594 3634 648 talia
3665 595 3742 649 lo-

2174 683 2352 727 cntum
2381 673 2584 731 fuisse:
2614 677 2780 746 ipsius
2803 686 2978 734 autem
3005 680 3210 735 Domini
3239 683 3472 738 narratio
3499 685 3748 754 parabola

2173 763 2291 827 fuit,
2322 763 2390 820 de
2418 782 2520 836 qua
2569 783 2834 838 nunquam
2875 771 3120 840 esigitur-
3144 780 3203 826 ut
3241 773 3398 827 etiam
3424 775 3490 828 ad
3517 775 3747 830 litteram

2173 855 2312 912 facta
2355 869 2738 926 monstrentur,
2765 877 2884 931 qua:
2922 877 3174 918 sermone
3209 864 3567 933 proferuntur.
3591 867 3752 921 Chri-
3785 890 3792 894 ·

2173 958 2286 1003 stus
2328 957 2410 1004 est
2451 959 2505 1004 et
2525 949 2659 1022 lapis
2701 963 2889 1008 unctus
2913 969 2944 1007 a
2975 954 3139 1009 Jacob
3165 955 3313 1026 (Gen.
3343 974 3522 1020 xxvnt,
3557 959 3666 1029 l8),
3701 968 3756 1014 et

2173 1040 2309 1111 lapis
2359 1042 2673 1111 reprobatus
2708 1045 2777 1098 ab
2817 1045 3220 1114 aediﬁcantibus,
3246 1049 3334 1118 qui
3378 1048 3545 1104 factus
3587 1059 3672 1104 est
3701 1051 3756 1104 in

2174 1141 2332 1201 caput
2365 1133 2542 1202 anguli
2575 1133 2746 1204 (Psal.
2769 1150 2929 1203 cxvu,
2957 1136 3086 1207 22):
3115 1138 3210 1192 sed
3236 1139 3365 1194 illud
3393 1141 3549 1194 etiam
3577 1142 3630 1194 in
3667 1157 3760 1194 re-

2174 1221 2274 1278 bus
2298 1223 2462 1292 gestis
2497 1225 2689 1278 factum
2732 1235 2836 1293 est,
2865 1225 2969 1282 hoc
3013 1238 3187 1284 autem
3237 1239 3440 1284 tantum
3476 1231 3526 1284 in
3574 1231 3763 1300 ﬁguris

2174 1313 2506 1383 prmdictum.
2533 1315 2666 1370 illud
2685 1317 2879 1387 quippe
2897 1317 3110 1387 scripsit
3138 1327 3388 1374 narrator
3412 1335 3590 1375 rerum
3624 1336 3766 1391 prae-

2177 1405 2595 1471 teritarum,boc
2621 1409 3004 1477 prmnuntiator
3025 1411 3394 1466 tantummodo
3416 1411 3736 1467 futurarum.
3822 1447 3829 1473 ρ

2173 1495 2400 1552 CAPUT
2437 1495 2502 1552 ν.
2533 1528 2605 1539 -—
2635 1497 2711 1552 De
2725 1499 2896 1553 eodem
2930 1500 3066 1570 ligno
3100 1502 3234 1567 vitm,
3255 1502 3426 1572 ipsum
3466 1513 3512 1557 et
3540 1504 3766 1576 ﬁguram
3819 1497 3825 1501 ’

2515 1597 2562 1642 et
2586 1589 2908 1645 nihilominus
2935 1607 3040 1645 rem
3063 1607 3227 1646 serant
3256 1593 3432 1664 fuisse.

2245 1678 2297 1734 9.
2314 1677 2402 1734 Sic
2412 1687 2466 1734 et
2481 1679 2916 1749 Sapientia,idem
2931 1682 3042 1750 ipse
3055 1682 3316 1750 Christus,
3336 1684 3530 1754 lignum
3547 1685 3768 1741 vitreest

2170 1768 2226 1823 in
2247 1769 2781 1840 paradisnspirituali,
2792 1788 2897 1841 quo
2909 1773 3055 1828 misit
3067 1772 3136 1828 de
3149 1788 3306 1828 cruce
3325 1773 3579 1828 latronem
3598 1773 3762 1845 (Luc.

2173 1875 2328 1926 χχιιι,
2348 1859 2444 1933 45)
2464 1863 2752 1916 εει-εειυωί
2768 1870 2850 1916 est
2865 1871 3062 1927 autem,
3087 1863 3230 1933 quod
3263 1879 3380 1918 eam
3414 1863 3763 1933 significares,

2176 1949 2373 2018 lignum
2397 1952 2516 2006 vita:
2540 1952 2699 2007 etiam
2724 1953 2776 2008 in
2804 1953 3048 2022 paradiso
3073 1954 3366 2022 corporali;
3395 1954 3516 2024 quia
3547 1953 3649 2008 hoc
3668 1953 3765 2008 illa

2173 2039 2441 2112 Scriptura
2453 2044 2604 2110 dixit,
2620 2060 2738 2115 qua:
2753 2062 2838 2101 res
2853 2047 2963 2101 suis
2977 2046 3306 2116 temporibus
3318 2058 3495 2117 gestas
3513 2061 3764 2112 narrans,

2174 2142 2228 2186 et
2249 2131 2518 2189 hominem
2543 2135 2890 2204 corporaliter
2919 2135 3136 2200 factum,
3161 2148 3214 2190 et
3239 2137 3291 2190 in
3313 2151 3537 2208 corpore
3565 2137 3767 2191 viven-

2176 2233 2281 2279 tem
2308 2224 2378 2279 ibi
2405 2226 2748 2280 censtitutum
2791 2241 2912 2282 esse
2949 2227 3202 2282 narravit.
3239 2228 3345 2282 Aut
3386 2229 3430 2281 si
3474 2227 3762 2298 quisquam

2175 2323 2324 2385 putat
2357 2316 2587 2381 animas,
2613 2331 2735 2370 cum
2781 2332 2811 2369 a
2857 2332 3080 2386 corpore
3117 2319 3464 2381 excesserint,
3491 2317 3622 2372 locis
3639 2332 3766 2372 cor-

2177 2406 2428 2476 poraliter
2454 2407 2750 2463 visibilibus
2777 2409 3060 2474 contineri,
3087 2422 3208 2463 cum
3233 2409 3338 2463 sint
3365 2408 3484 2463 sine
3509 2423 3762 2478 corpore,

2172 2505 2376 2551 asserat
2394 2497 2707 2552 sententiam
2725 2512 2875 2552 suam
2895 2515 2908 2550 :
2934 2513 3038 2552 non
3054 2497 3277 2552 deerunt
3293 2499 3381 2569 qui
3407 2499 3485 2553 sic
3508 2497 3757 2565 faveant,

2174 2599 2233 2643 ut
2261 2589 2408 2644 illum
2434 2590 2594 2644 etiam
2635 2589 2852 2645 divitem
2891 2591 3158 2645 sitientem
3200 2591 3256 2644 in
3285 2591 3404 2646 loco
3425 2591 3603 2660 utique
3627 2605 3761 2646 cor-

2175 2680 2340 2748 porali
2385 2678 2549 2736 fuisse
2590 2680 2934 2746 contendant,
2963 2681 3237 2752 ipsamque
3278 2681 3510 2736 animam
3535 2682 3765 2738 omnino

2173 2783 2293 2823 esse
2316 2784 2648 2840 corpoream,
2687 2779 2904 2842 propter
2937 2780 3176 2826 arentem
3219 2772 3449 2841 linguam
3479 2782 3534 2826 et
3557 2772 3764 2827 stillam

2173 2873 2323 2928 aqua:
2351 2859 2417 2913 de
2443 2859 2626 2914 Lazari
2653 2861 2818 2931 digito
2841 2863 3176 2931 concupitum
3203 2861 3314 2931 (Id.
3348 2879 3454 2926 xvi,
3485 2863 3602 2933 24),
3636 2879 3768 2932 pro-

2174 2952 2422 3006 nuntiare
2451 2967 2554 3006 non
2582 2952 2842 3019 dubitent,
2869 2969 2990 3008 cum
3011 2954 3200 3023 quibus
3222 2969 3321 3023 ego
3341 2953 3408 3007 de
3437 2963 3542 3007 tam
3565 2969 3762 3024 magna

2173 3043 2470 3110 qurestione
2513 3042 2654 3096 nulla
2690 3045 2988 3098 temeritate
3012 3043 3261 3113 conflige.
3290 3043 3474 3098 Melius
3502 3055 3583 3098 est
3607 3045 3760 3099 enim

2172 3132 2416 3188 dubitare
2455 3132 2522 3188 de
2557 3133 2800 3200 occultis,
2829 3149 2986 3204 quam
3015 3135 3220 3204 litigare
3253 3133 3320 3188 de
3343 3134 3576 3188 incertis.
3601 3133 3763 3189 Illum

2171 3224 2365 3294 quippe
2408 3224 2626 3279 divitem
2669 3225 2721 3278 in
2759 3225 2952 3280 ardore
2989 3239 3268 3295 poenarum
3299 3233 3353 3279 et
3378 3224 3524 3278 illum
3553 3239 3761 3294 paupe-

2171 3330 2287 3370 rem
2329 3315 2382 3370 in
2425 3316 2698 3386 refrigerio
2739 3315 3049 3384 gaudiorum
3092 3316 3461 3385 intelligendos
3498 3331 3616 3372 esse
3643 3333 3759 3372 non

2171 3405 2374 3460 dubito.
2402 3405 2506 3460 Sed
2535 3406 2800 3475 quomodo
2827 3405 3165 3476 intelligenda
3203 3406 3274 3460 sit
3308 3407 3397 3460 illa
3430 3407 3640 3460 ﬁamma
3662 3407 3757 3460 in-

2173 3495 2328 3563 ferni,
2357 3496 2444 3550 ille
2465 3497 2615 3551 sinus
2644 3495 2892 3563 Abrahae,
2918 3496 3001 3550 illa
3027 3497 3201 3567 lingua
3228 3497 3429 3563 divitis,
3454 3497 3544 3554 ille
3559 3497 3763 3568 digitus

2173 3587 2441 3658 pauperis,
2474 3587 2559 3641 illa
2592 3586 2708 3641 sitis
2739 3587 3009 3651 tormenti,
3052 3587 3140 3641 illa
3183 3588 3321 3642 stilla
3363 3587 3644 3658 refrigerii,
3668 3588 3760 3644 vix

2172 3677 2396 3732 fortasse
2415 3693 2445 3732 a
2468 3688 2739 3731 mansuete
2759 3677 3137 3746 quzerentibus,
3165 3693 3193 3730 a
3213 3679 3545 3732 contentiose
3565 3688 3751 3734 autem

2171 3769 2499 3823 certantibus
2541 3785 2808 3838 nunquam
2856 3770 3141 3824 invenitur.
3185 3768 3303 3824 Cito
3350 3785 3480 3825 sane
3534 3786 3762 3840 reSpon-

2172 3859 2402 3914 tlcndum
2428 3869 2529 3925 est,
2565 3875 2630 3914 ne
2659 3876 2757 3916 nos
2793 3860 3050 3930 profunda
3086 3862 3186 3915 ista
3214 3862 3454 3931 qumstio,
3488 3871 3542 3915 et
3571 3861 3758 3916 multis

2171 3951 2504 4005 sermonibus
2529 3950 2767 4021 indigens
2795 3951 2989 4017 tardet,
3011 3951 3064 4006 Si
3091 3952 3454 4022 corporalibus
3481 3952 3612 4006 locis
3638 3953 3758 4006 aui-

2173 4057 2272 4092 ιιι-ιε
2301 4041 2660 4107 continentur,
2691 4041 2849 4095 etiam
2889 4051 3061 4096 exuta:
3095 4042 3436 4112 corporibus;
3465 4043 3634 4113 potuit
3664 4043 3758 4098 ille

2172 4131 2310 4184 lner
2337 4130 2388 4184 in
2428 4145 2550 4186 eum
2593 4131 2858 4186 introduci
2897 4131 3221 4202 paradisum,
3248 4132 3338 4186 ubi
3363 4134 3533 4187 fuerat
3558 4147 3758 4202 corpus

2175 4241 2186 4292 ι
2210 4224 2327 4277 rimi
2349 4223 2612 4290 hominis;
2641 4232 2698 4277 ut
2717 4225 2923 4292 aptiore
2965 4223 3361 4294 Scripturarum
3403 4225 3542 4291 loco,
3573 4225 3620 4279 si
3648 4225 3756 4278 ulla

2173 4317 2462 4370 necessitas
2492 4316 2824 4386 ﬁagitaverit,
2847 4316 3006 4370 etiam
3037 4315 3103 4371 de
3132 4315 3229 4370 hac
3254 4331 3312 4371 re
3340 4317 3463 4386 quid
3495 4317 3576 4371 vel
3603 4332 3754 4386 quac-

2174 4420 2356 4460 ramus
2384 4405 2464 4459 vel
2494 4397 2836 4470 arbitremur,
2865 4415 3149 4475 utcumque
3180 4421 3502 4474 premamus.

2244 4496 2330 4550 l0.
2358 4495 2507 4550 Nunc
2518 4510 2665 4561 vero,
2689 4496 2826 4566 quod
2844 4497 3101 4565 sapientia
3123 4511 3228 4550 non
3244 4497 3313 4552 sit
3328 4511 3539 4564 corpus,
3562 4505 3611 4550 et
3632 4495 3757 4550 ideo

2175 4602 2271 4640 nec
2289 4585 2510 4654 lignum,
2529 4601 2627 4640 nec
2657 4585 2861 4653 dubito,
2880 4601 2981 4641 nec
3011 4587 3237 4656 dubitari
3255 4602 3284 4640 a
3310 4602 3570 4656 quoquam
3587 4599 3750 4655 puto:

2171 4675 2405 4744 potuisse
2417 4686 2590 4730 autem
2606 4691 2700 4746 per
2715 4677 2932 4746 ligmnn,
2958 4676 3007 4730 id
3027 4654 3246 4746 est,.per
3271 4692 3578 4747 corpoream
3601 4692 3756 4730 crea-

2174 4775 2366 4832 turam,
2394 4776 2642 4835 tanquam
2689 4776 3020 4822 sacramento
3073 4767 3302 4838 quodam
3350 4767 3632 4836 signiﬁcari
3667 4782 3756 4820 sa-
3788 4762 3792 4765 ’

2173 4858 2424 4927 pientiam
2468 4859 2520 4912 in
2564 4858 2809 4927 paradiso
2837 4859 3120 4928 corporali,
3158 4858 3246 4912 ille
3285 4858 3607 4912 credendum
3643 4873 3755 4912 non

2173 4950 2458 5016 existimat,
2489 4951 2576 5019 qui
2603 4951 2684 5005 vel
2713 4961 2817 5004 tam
2843 4951 3007 5004 multa
3044 4951 3095 5004 in
3118 4948 3403 5019 Scripturis
3435 4966 3610 5004 rerum
3638 4950 3751 5018 spi-

2173 5041 2438 5093 ritualium
2465 5041 2761 5108 corporalia
2789 5051 3116 5095 sacramenta
3150 5057 3255 5094 non
3280 5040 3440 5104 videt,
3472 5041 3551 5093 vel
3581 5039 3742 5093 homi-

2174 5146 2294 5183 nem
2325 5129 2547 5199 primum
2570 5145 2691 5183 eum
2721 5129 2982 5199 ejusmodi
3012 5131 3187 5198 aliquo
3213 5141 3545 5184 sacramento
3574 5131 3756 5184 vivere

2176 5235 2279 5272 non
2319 5217 2568 5273 debuisse
2596 5219 2899 5283 contendit;
2933 5236 3052 5274 cum
3081 5221 3370 5290 Apostolus
3407 5221 3549 5274 dicat
3589 5221 3750 5275 etiam

2176 5307 2274 5361 hoc
2301 5306 2440 5377 quod
2471 5307 2537 5362 de
2567 5308 2789 5362 muliere
2819 5309 2970 5372 dixit,
2993 5325 3149 5380 quam
3194 5310 3242 5364 ei
3290 5310 3483 5365 factam
3527 5325 3647 5366 esse
3685 5311 3756 5365 de

2177 5399 2341 5453 latere
2367 5399 2653 5463 credimus,
2684 5399 2900 5471 Propter
2920 5401 3014 5454 hoc
3040 5403 3284 5472 relinquet
3309 5403 3458 5456 homo
3484 5414 3675 5474 patrem
3706 5411 3756 5456 et

2175 5500 2403 5552 matrem,
2435 5500 2478 5542 et
2512 5491 2784 5546 adhwreln't
2817 5494 2963 5546 uxori
2995 5510 3130 5557 sum;
3162 5503 3205 5546 et
3233 5504 3377 5546 erant
3403 5495 3502 5547 duo
3529 5495 3578 5548 in
3600 5509 3755 5548 carne

2175 5597 2275 5633 una
2305 5579 2456 5650 (Gen.
2489 5598 2543 5644 ιι,
2574 5582 2687 5653 24);
2711 5593 3074 5636 sacramentum
3115 5601 3349 5653 magnam
3375 5599 3494 5638 esse
3519 5585 3570 5637 in
3595 5583 3748 5638 Citri-

2175 5683 2250 5726 sto
2270 5683 2316 5726 et
2341 5674 2390 5726 in
2425 5672 2648 5726 Ecclesia
2670 5672 2881 5746 (Ep/us.
2903 5690 2952 5739 v,
2972 5676 3060 5740 5|,
3091 5675 3199 5742 52).
3232 5675 3417 5728 Mirum
3444 5684 3525 5730 est
3549 5685 3750 5740 autem,

2241 5806 2256 5836 ³
2284 5804 2418 5865 Editi,
2443 5809 2641 5855 cer-tum.
2671 5813 2721 5856 ,ιι
2754 5813 2858 5855 Mss.
2885 5807 3078 5870 decem,
3101 5814 3331 5859 creatum.
