4090 6458
347 387 453 444 877

346 515 402 559 et
430 504 517 557 vix
545 498 845 566 ferendum,
876 492 1325 568 quemadmodum
1351 491 1517 546 velint
1553 488 1799 542 homines
1835 500 1932 555 pa-

348 597 586 652 radisum
615 593 835 662 ﬁgurate
875 589 1095 654 dictum,
1119 598 1173 640 et
1211 583 1384 640 nolint
1417 582 1575 638 etiam
1604 580 1822 650 ﬁgurate
1853 578 1932 632 l'ao

344 699 512 744 ctum.
544 685 696 755 Quod
726 685 770 740 si
796 682 1096 739 concedunt
1130 682 1266 734 sicut
1293 677 1361 733 de
1380 678 1522 747 Agar
1545 685 1601 755 et
1621 674 1773 736 Sara,
1797 671 1934 728 sicut

345 782 413 837 de
444 754 636 836 lsmael
667 790 723 835 et
764 778 931 844 lsaac,
975 777 1092 832 haec
1133 789 1343 845 quoque
1381 782 1435 828 et
1473 754 1629 838 facie,
1661 779 1716 826 et
1756 779 1931 823 tamen

345 875 503 929 etiam
535 872 792 943 ﬁgurata;
822 884 919 925 cur
943 884 1048 924 non
1070 865 1530 922 admittantetiam
1557 863 1756 933 lignum
1787 861 1930 924 vitae,

341 976 397 1022 et
427 979 556 1020 vere
595 961 809 1034 aliquod
855 962 1052 1031 lignum
1091 957 1276 1024 fuisse,
1307 965 1362 1012 ct
1403 965 1578 1011 tamen
1615 951 1930 1020 sapientiam

343 1057 627 1128 ﬁgurasse,
659 1071 764 1110 non
781 1054 958 1109 video.

413 1151 504 1205 ll.
535 1148 667 1204 Illud
709 1163 922 1219 quoque
946 1144 1106 1212 addo,
1140 1156 1441 1214 quanquam
1487 1137 1817 1208 corporalem
1857 1135 1934 1191 ci-

341 1243 487 1308 bum,
497 1243 657 1298 talem
673 1251 847 1296 tamen
865 1239 1006 1295 illam
1023 1239 1271 1294 arborem
1285 1233 1612 1306 praestitisse,
1624 1247 1728 1303 quo
1741 1244 1932 1300 corpus

345 1335 585 1390 hominis
633 1333 859 1388 sanitate
881 1331 1061 1388 stabili
1091 1332 1410 1392 ﬁrmaretur,
1437 1344 1543 1381 non
1569 1327 1704 1380 sicut
1729 1341 1793 1380 ex
1824 1324 1930 1378 alio

342 1427 484 1493 cibo,
508 1426 604 1482 sed
656 1425 907 1480 nonnulla
958 1421 1304 1493 inspiratione
1333 1419 1656 1476 salubritatis
1699 1415 1928 1472 occulta.

292 1555 297 1560 -
342 1519 594 1576 Profecto
622 1519 767 1574 enim
783 1519 909 1572 licet
936 1517 1161 1571 usitatus
1186 1513 1358 1586 panis,
1384 1511 1580 1582 aliquid
1603 1519 1780 1565 tamen
1810 1524 1928 1563 am-

343 1611 481 1680 plius
500 1610 705 1674 habuit,
732 1609 883 1678 cujus
903 1622 1005 1663 una
1028 1605 1283 1678 collyride
1303 1603 1374 1678 fa)
1399 1603 1666 1659 hominem
1699 1602 1838 1656 Deus
1864 1599 1932 1654 ab

342 1702 634 1772 indigentia
662 1701 814 1754 famis
840 1699 1047 1754 dierum
1074 1697 1417 1768 quadraginta
1444 1696 1617 1766 spatio
1644 1693 1931 1749 vindicavit

344 1792 459 1864 (Ill
500 1794 629 1864 Reg.
684 1809 782 1848 xxx
809 1833 824 1856 ,
873 1791 976 1861 8).
1015 1792 1096 1844 An
1124 1790 1263 1844 forte
1289 1788 1508 1843 credere
1547 1787 1926 1852 dubitabimus,

344 1901 444 1956 per
467 1885 692 1955 alicujus
715 1883 920 1940 arboris
944 1883 1142 1948 cibum,
1176 1881 1447 1952 cujusdam
1475 1881 1680 1934 altioris
1728 1880 1929 1951 signiti-

345 1978 573 2031 cationis
620 1977 810 2047 gratia,
840 1975 1042 2030 homini
1091 1974 1258 2029 Deum
1290 1974 1600 2043 prmstitisse
1627 1988 1693 2026 ne
1736 1986 1930 2041 corpus

345 2074 463 2143 ejus
490 2072 577 2125 vel
619 2071 924 2125 inﬁrmitate
960 2067 1046 2124 vel
1072 2075 1229 2122 aetate
1256 2066 1308 2120 in
1335 2067 1570 2121 deterius
1616 2074 1927 2133 mutaretur,

346 2166 510 2219 autin
531 2178 779 2218 occasum
809 2161 967 2216 etiam
996 2161 1302 2225 laberetur;
1329 2159 1419 2229 qui
1460 2159 1556 2226 ipsi
1588 2157 1708 2212 cibo
1738 2157 1928 2212 huma-

345 2273 420 2312 no
447 2256 689 2326 praestitit
718 2265 822 2308 tam
846 2253 1142 2308 mirabilem
1160 2259 1380 2317 statum,
1410 2261 1467 2304 ut
1493 2252 1544 2304 in
1564 2249 1812 2304 fictilibus
1838 2266 1932 2304 va-

344 2351 507 2404 sculis
542 2348 709 2403 farina
739 2357 793 2404 et
832 2348 1005 2403 oleum
1037 2345 1344 2402 deﬁcientes
1370 2346 1634 2412 reﬁceret,
1669 2360 1766 2400 nec
1794 2344 1930 2400 dell~

344 2451 494 2499 ceret
527 2441 652 2514 (Id.
682 2457 813 2506 xvu,
841 2440 978 2512 16)?
1004 2437 1121 2495 Jam
1146 2437 1233 2509 hic
1258 2438 1324 2492 de
1356 2453 1552 2508 genere
1572 2437 1934 2492 contentioso-

345 2551 468 2592 rum
496 2536 773 2606 quisquam
798 2533 1012 2600 existat,
1038 2538 1094 2587 et
1119 2530 1261 2586 dicat
1286 2530 1520 2584 Deum‘in
1554 2530 1708 2585 terris
1736 2530 1932 2584 nostris

346 2631 606 2686 miracula
638 2629 761 2684 talia
792 2627 965 2682 facere
993 2626 1260 2690 debuisse,
1286 2625 1336 2678 iu
1357 2624 1602 2694 paradiso
1622 2635 1799 2678 autem
1822 2639 1926 2678 non

350 2724 602 2778 debuisse
631 2741 644 2776 :
676 2721 826 2792 quasi
850 2735 978 2776 vero
1026 2735 1132 2773 non
1157 2718 1237 2773 vel
1266 2717 1333 2773 de
1378 2718 1596 2787 pulvere
1635 2716 1926 2781 hominem,

343 2817 431 2868 vel
453 2816 519 2869 de
535 2815 701 2870 latere
718 2815 818 2868 viri
844 2813 1143 2876 mulierem,
1167 2811 1339 2880 majus
1365 2811 1436 2866 ibi
1453 2810 1766 2866 miraculum
1785 2810 1930 2877 fecit,

345 2924 505 2977 quam
533 2907 674 2978 quod
697 2906 784 2962 hic
810 2916 1048 2960 mortuos
1071 2900 1362 2960 suscitavit.

344 2998 575 3055 CAPUT
618 2997 705 3053 Vl.
729 3027 803 3038 —
829 2996 1045 3067 Lignum
1071 2995 1290 3050 scientiie
1309 2993 1424 3047 boni
1449 3001 1493 3046 et
1521 2993 1641 3046 mali
1671 2993 1823 3047 arbor
1849 3008 1930 3046 ve-

575 3107 636 3144 ra
658 3099 705 3144 et
723 3089 950 3143 innoxia.
979 3086 1298 3142 Obedientia.
1323 3083 1690 3139 Inobedicntia.

423 3185 508 3240 19..
543 3183 796 3254 Sequitur
831 3190 891 3236 ut
914 3179 1186 3234 videamus
1209 3178 1276 3233 de
1315 3178 1460 3248 ligno
1484 3177 1721 3232 scientiae
1749 3162 1935 3248 digno-

345 3279 531 3336 scendi
559 3279 756 3334 bonum
783 3284 838 3331 et
873 3274 1090 3329 malum.
1123 3271 1350 3327 Prorsus
1389 3278 1445 3325 et
1470 3270 1569 3325 hoc
1595 3269 1792 3337 lignum
1817 3275 1937 3324 erat

345 3371 558 3425 visibile
583 3384 648 3424 ac
669 3365 965 3437 corporale,
990 3365 1128 3419 sicut
1146 3363 1363 3417 arbores
1379 3371 1604 3416 caeterm.
1635 3360 1784 3427 Quod
1806 3376 1932 3430 ergo

347 3465 550 3534 lignum
576 3471 749 3527 esset,
778 3474 882 3513 non
910 3467 993 3512 est
1015 3455 1401 3519 dubitandum;
1444 3452 1538 3507 sed
1567 3469 1662 3506 cur
1709 3453 1810 3505 hoc
1840 3467 1936 3505 no-

344 3574 472 3612 men
501 3553 786 3624 acceperit,
807 3548 1204 3622 requirendum.
1227 3547 1351 3601 Mihi
1395 3555 1568 3600 autem
1595 3545 1754 3600 etiam
1777 3553 1934 3612 atque

347 3651 512 3705 etiam
557 3645 917 3703 consideranti
946 3643 1048 3699 dici
1088 3657 1194 3697 non
1238 3647 1415 3711 potest
1443 3647 1696 3709 quantum
1728 3637 1934 3706 placeat

346 3742 436 3796 illa
460 3738 744 3805 sententia,
780 3752 886 3791 non
915 3734 1079 3790 fuisse
1105 3732 1250 3788 illam
1272 3717 1517 3786 arborem
1533 3729 1654 3784 cibo
1680 3729 1930 3795 noxiam;

348 3847 525 3901 neque
549 3831 691 3885 enim
720 3828 810 3899 qui
865 3827 1062 3882 fecerat
1101 3825 1278 3880 omnia
1333 3823 1468 3876 bona
1509 3823 1661 3876 valde
1689 3825 1705 3892 (
1737 3821 1860 3873 Gen.
1891 3835 1930 3884 ι,

349 3925 412 3978 3|
445 3922 490 3992 ),
525 3922 577 3976 in
601 3919 850 3990 paradiso
875 3918 1175 3994 instituerat
1195 3913 1391 3984 aliquid
1421 3913 1545 3966 mali
1576 3930 1588 3966 :
1619 3912 1710 3967 sed
1738 3913 1931 3966 malum

348 4015 517 4069 fuisse
565 4011 770 4066 homini
800 4007 1275 4078 transgressionem
1323 4004 1594 4075 prmcepti.
1644 4003 1934 4071 Oportebat

348 4116 531 4159 autem
559 4113 617 4157 ut
636 4102 796 4156 homo
820 4099 920 4154 sub
944 4096 1168 4152 Domino
1193 4097 1301 4150 Deo
1320 4094 1519 4164 positus
1539 4092 1784 4147 alicunde
1813 4107 1935 4161 pro-

349 4193 650 4254 hiberetur,
711 4199 769 4243 ut
813 4189 862 4243 ei
894 4185 1228 4256 promerendi
1258 4184 1536 4238 Dominum
1564 4197 1716 4236 suum
1767 4183 1934 4236 virtus

349 4295 498 4338 esset
539 4283 651 4352 ipsa
681 4279 999 4342 obedientia,
1028 4293 1183 4348 quam
1212 4291 1427 4346 possum
1451 4274 1723 4330 verissime
1752 4272 1933 4328 dicere

348 4377 522 4432 solam
571 4389 694 4430 esse
720 4373 966 4428 virtutem
1025 4369 1169 4425 omni
1215 4376 1471 4422 creatura:
1492 4365 1732 4421 rationali
1761 4364 1931 4434 agenti

349 4472 453 4526 sub
495 4470 590 4523 Dei
617 4476 911 4538 potestate;
947 4465 1278 4536 primumque
1323 4475 1442 4516 esse
1463 4468 1518 4514 et
1541 4459 1826 4512 maximum
1853 4457 1933 4509 vi-

352 4563 485 4615 tium
516 4559 739 4614 tumoris
761 4557 827 4612 ad
850 4558 1054 4611 ruinam
1080 4569 1175 4610 sua
1204 4560 1463 4622 potestate
1492 4549 1630 4603 velle
1662 4549 1755 4610 uti,
1785 4547 1934 4616 cujus

348 4655 464 4706 vitii
494 4667 686 4707 nomen
718 4658 800 4706 est
834 4646 1209 4704 inobedientia.
1248 4643 1362 4699 Non
1389 4649 1531 4697 esset
1558 4656 1686 4709 ergo
1713 4638 1854 4694 unde
1877 4655 1936 4693 se

350 4749 515 4800 homo
549 4744 829 4798 Dominum
859 4741 1054 4796 habere
1083 4738 1337 4807 cogitaret
1365 4746 1523 4803 atque
1565 4733 1802 4796 sentiret,
1834 4731 1934 4785 nisi

349 4835 551 4905 aliquid
580 4836 628 4890 ei
653 4835 949 4902 juberetur.
980 4830 1152 4884 Arbor
1182 4829 1358 4896 itaque
1386 4826 1474 4880 illa
1501 4840 1605 4878 non
1636 4832 1750 4877 erat
1773 4822 1932 4887 mala,

349 4931 445 4984 sed
469 4928 726 4998 appellata
751 4934 834 4980 est
861 4921 1093 4979 scientiae
1116 4917 1458 4990 dignosceudi
1487 4916 1683 4972 bonum
1719 4923 1775 4970 et
1819 4929 1933 4968 ma-

358 5023 494 5082 lum,
523 5020 644 5089 quia
667 5018 712 5072 si
736 5025 855 5086 post
879 5013 1288 5084 prohibitionem
1319 5026 1384 5064 ex
1415 5009 1501 5063 illa
1538 5007 1698 5061 homo
1727 5005 1930 5071 ederet,

352 5115 406 5168 in
437 5113 522 5166 illa
552 5120 668 5166 erat
691 5108 938 5180 prmcepti
969 5108 1138 5159 futura
1168 5101 1538 5172 transgressio,
1569 5099 1620 5152 in
1648 5113 1749 5167 qua
1771 5097 1934 5152 homo

355 5223 452 5277 per
472 5206 898 5274 experimentum
928 5214 1096 5268 prima:
1113 5197 1360 5259 disceret,
1383 5193 1508 5264 quid
1539 5194 1821 5246 interesset
1844 5191 1928 5244 in-

351 5309 438 5354 ter
463 5296 786 5353 obedientize
816 5294 1035 5358 bonum,
1067 5299 1121 5345 et
1147 5286 1521 5343 inobedientia:
1546 5286 1761 5340 malum.
1802 5283 1934 5338 Pro-

351 5389 479 5444 inde
507 5397 560 5442 et
587 5387 689 5441 hoc
725 5400 832 5440 non
872 5383 926 5438 in
955 5382 1119 5452 ﬁgura
1147 5379 1364 5442 dictum,
1393 5377 1488 5432 sed
1514 5375 1776 5446 quoddam
1807 5390 1934 5429 vere

349 5481 549 5551 lignum
572 5476 936 5548 accipiendum
965 5481 1076 5538 est;
1103 5472 1185 5526 cui
1228 5486 1332 5525 non
1359 5468 1427 5524 de
1462 5466 1633 5522 fructu
1659 5467 1744 5521 vel
1775 5481 1933 5535 pomo

349 5574 492 5643 qumi
520 5572 645 5626 inde
673 5577 1000 5630 nasceretur,
1029 5565 1122 5620 sed
1153 5579 1218 5618 ex
1259 5563 1371 5631 ipsa
1401 5577 1460 5616 re
1497 5575 1688 5615 nomen
1711 5561 1930 5628 imposi-

351 5673 461 5719 tum
478 5672 580 5722 est.
599 5677 718 5732 qua:
735 5661 824 5715 illo
849 5667 1034 5714 contra
1059 5656 1277 5709 vetitum
1309 5661 1448 5706 tacto
1472 5649 1643 5706 fuerat
1664 5661 1928 5706 secutura.

413 5775 486 5837 (δ)
499 5772 742 5887 mide
765 5782 887 5834 pane
912 5767 1250 5828 subcinericio,
1274 5777 1420 5830 quem
1450 5762 1542 5814 alio
1565 5765 1756 5814 nomine
1785 5762 1930 5815 collu-

413 5850 441 5887 η
470 5851 496 5887 v
643 5869 656 5882 .

354 5850 441 5888 ταη
470 5850 656 5887 Vm.

1652 370 1854 428 LIBER
1891 368 2226 428 OCTAVUS.

3517 390 3622 447 378

2042 489 2265 545 CAPUT
2306 491 2412 547 ΥΠ.
2437 493 2587 550 —De
2609 513 2735 551 vers.
2770 497 2866 565 10,
2901 500 2958 554 Η
2983 541 2999 566 ,
3045 501 3112 558 15
3135 510 3180 556 ct
3224 504 3322 570 ll;
3353 505 3458 560 illic
3480 508 3618 561 acci-

2113 583 2296 650 piendo
2321 601 2424 639 esse
2443 602 2556 640 vero
2573 590 2803 658 ﬂumina.
2826 589 3021 646 Tiberis
3048 596 3187 664 prius
3221 595 3402 650 Ahala.
3435 597 3614 667 Nilus,

2109 673 2195 742 qui
2219 674 2356 743 prius
2381 674 2539 732 Geon.
2567 676 2787 750 Ganges,
2818 682 2904 750 qui
2921 682 3063 752 prius
3087 682 3299 740 Phison.

2114 788 2198 843 l5.
2233 787 2450 844 Flumen
2474 800 2637 845 autem
2660 793 2777 848 exiit
2804 794 2868 848 de
2889 794 3055 864 Eden,
3095 799 3232 868 quod
3258 799 3503 872 irrigabat
3523 821 3622 873 pa-

2039 879 2287 948 radisum,
2319 891 2367 934 et
2394 883 2512 936 inde
2547 884 2763 938 divisum
2800 898 2873 941 est
2900 887 2953 941 in
2980 897 3192 958 quatuor
3217 901 3402 962 partes.
3428 891 3514 948 Ea:
3539 895 3620 950 his

2038 973 2129 1026 uni
2155 989 2333 1027 nomen
2349 984 2419 1027 est
2439 973 2633 1030 Phison
2655 994 2675 1042 ;
2703 979 2798 1031 hoc
2819 981 3042 1049 estquod
3060 982 3234 1036 circuit
3256 992 3410 1039 totam
3432 995 3617 1040 terram

2039 1063 2266 1132 Evilath,
2312 1067 2398 1120 ubi
2425 1077 2497 1121 est
2525 1085 2706 1122 aurum
2730 1085 2750 1123 :
2776 1087 2958 1125 aurum
2985 1081 3154 1127 autem
3190 1084 3335 1130 terra
3360 1077 3500 1131 illius
3531 1079 3620 1132 bo-

2038 1173 2182 1224 num,
2204 1167 2250 1210 et
2279 1157 2346 1211 ibi
2370 1168 2442 1212 est
2467 1162 2818 1226 carbunculus,
2849 1172 2893 1216 et
2911 1163 3040 1235 [apis
3060 1166 3313 1236 prasinus.
3349 1166 3412 1220 Et
3436 1185 3618 1224 nomen

2037 1249 2238 1319 ﬂmnini
2254 1250 2476 1304 secundo
2499 1249 2669 1316 Geon;
2690 1252 2783 1306 hoc
2804 1265 2874 1306 est
2896 1245 3030 1324 quod
3053 1255 3230 1309 circuit
3252 1266 3406 1311 totam
3429 1268 3617 1313 terram

2037 1338 2342 1411 ﬁt/iiopiw.
2373 1339 2591 1396 Flumen
2619 1351 2785 1396 autent
2805 1345 3004 1398 tertium
3031 1344 3235 1415 Tiqris;
3266 1347 3360 1400 hoc
3383 1359 3453 1403 est
3481 1350 3620 1422 quod

2035 1433 2149 1501 [luit
2171 1442 2346 1486 contra
2364 1432 2616 1503 Assyrios.
2635 1432 2853 1488 Flumen
2873 1445 3038 1489 autent
3053 1450 3287 1509 quartum
3311 1437 3617 1508 Euphrates.

2043 1522 2115 1576 De
2141 1523 2223 1577 bis
2247 1534 2424 1578 autem
2455 1524 2765 1580 ﬂuminibus
2790 1526 2917 1595 quid
2959 1527 3186 1596 amplius
3225 1538 3458 1600 satagam
3489 1547 3618 1586 con-

2038 1613 2248 1670 firmare
2275 1619 2414 1687 quod
2447 1634 2567 1672 vera
2593 1619 2697 1674 sint
2722 1619 2953 1684 ﬁumina,
2981 1636 3078 1675 nec
3105 1622 3322 1692 figurate
3337 1623 3476 1678 dicta
3498 1641 3617 1695 quin

2038 1723 2142 1760 non
2185 1707 2310 1772 sint,
2338 1710 2485 1778 quasi
2518 1711 2881 1764 tantummodo
2910 1711 3107 1782 aliquid
3134 1715 3346 1768 nomina
3374 1714 3488 1784 ipsa
3536 1717 3616 1771 si-

2035 1799 2307 1868 gniﬁcent,
2335 1817 2454 1855 cum
2481 1811 2534 1856 et
2561 1803 2865 1869 regionibus
2887 1820 2984 1875 per
3003 1822 3132 1874 quas
3155 1808 3320 1861 llmmt
3339 1809 3616 1864 notissima

2036 1891 2160 1956 sint,
2193 1898 2248 1944 et
2274 1891 2517 1945 omnibus
2547 1890 2657 1946 fere
2679 1894 2924 1962 gentibus
2939 1893 3243 1950 dill‘amata?
3267 1897 3514 1963 Quinimo
3539 1915 3610 1954 ex

2039 1983 2140 2048 his,
2164 1983 2416 2052 quoniam
2446 1990 2653 2037 constat
2709 1999 2770 2037 ea
2828 2000 3042 2054 prorsus
3077 1986 3236 2059 esse(
3265 2003 3385 2042 nam
3413 1988 3621 2044 duobus

2037 2089 2224 2128 eorum
2255 2074 2464 2126 nomina
2489 2082 2724 2128 vetustas
2752 2076 2994 2139 mutavit,
3025 2075 3161 2129 sicut
3181 2075 3388 2131 Tiberis
3423 2076 3620 2132 dicitur

2037 2166 2230 2222 fluvius
2257 2167 2344 2236 qui
2369 2167 2512 2236 prius
2540 2166 2728 2221 Albula
2751 2167 3070 2232 vocabatur;
3107 2168 3255 2223 Geon
3279 2171 3474 2241 quippe
3505 2171 3619 2240 ipse

2037 2267 2138 2324 est,
2171 2259 2260 2328 qui
2285 2275 2426 2312 nunc
2453 2258 2646 2312 dicitur
2671 2259 2847 2324 Nilus;
2873 2259 3067 2315 Phison
3089 2271 3265 2316 autem
3294 2262 3382 2318 ille
3406 2265 3622 2318 diceba-

2039 2357 2144 2413 tur,
2173 2365 2331 2420 quem
2372 2365 2511 2403 nunc
2540 2349 2755 2420 Gangen
2782 2351 3050 2420 appellant
3074 2367 3088 2417 ;
3120 2351 3227 2406 duo
3253 2367 3380 2407 vero
3401 2363 3614 2423 cmtera,

2038 2438 2210 2509 Tigris
2232 2449 2286 2493 et
2305 2439 2618 2510 Euphrates,
2641 2441 2854 2510 antiqua
2873 2442 3028 2495 etiam
3053 2442 3266 2495 nomina
3285 2444 3614 2516 tenuerunt),

2037 2546 2134 2585 nos
2154 2531 2425 2586 admoueri
2453 2540 2661 2601 oportet
2685 2541 2876 2586 cmtera
2900 2548 3107 2602 quoque
3137 2532 3378 2602 primitus
3401 2532 3465 2587 ad
3494 2549 3618 2602 pro-

2039 2624 2522 2693 prietatemlitterze
2553 2626 2815 2693 accipere,
2843 2640 2946 2678 non
2977 2627 3028 2678 iu
3051 2626 3128 2679 eis
3169 2626 3442 2695 figuratam
3470 2625 3622 2679 locu-

2039 2719 2234 2771 tionem
2258 2726 2463 2786 putare,
2487 2718 2579 2772 sed
2600 2719 2842 2786 resipsas
2862 2733 2978 2786 qua:
3007 2717 3074 2769 ita
3104 2729 3383 2770 narrantur
3400 2726 3452 2770 et
3472 2732 3615 2782 esse,

2038 2817 2091 2862 et
2129 2808 2324 2877 aliquid
2353 2809 2511 2861 etiam
2541 2808 2788 2876 ﬁgurare.
2817 2807 2931 2862 Non
2979 2809 3098 2878 quia
3127 2823 3229 2862 non
3258 2819 3437 2877 posset
3467 2825 3620 2879 para-

2039 2900 2157 2953 bola
2188 2900 2472 2954 locutionis
2515 2915 2786 2982 assumere
2817 2899 3012 2969 aliquid
3066 2900 3131 2954 dc
3179 2916 3237 2955 re
3271 2917 3426 2969 quam
3458 2918 3564 2956 non
3600 2902 3616 2933 ⁸

2041 2994 2256 3063 proprie
2284 3009 2495 3063 quoque
2520 3009 2639 3048 esse
2662 3003 2951 3060 constaret,
2992 2993 3126 3047 sicut
3152 2992 3219 3047 de
3243 2995 3336 3048 illo
3362 2995 3616 3049 Dominus

2040 3082 2292 3154 loquitur,
2336 3085 2425 3155 qui
2467 3083 2826 3139 descendebat
2868 3084 2935 3138 ab
2958 3085 3258 3140 Jerusalem
3295 3085 3349 3139 in
3379 3084 3614 3152 Jericbo,

2040 3185 2094 3231 et
2127 3175 2313 3230 incidit
2358 3175 2410 3229 in
2463 3176 2698 3229 latrones
2728 3174 2891 3244 (Luc.
2922 3192 2977 3242 ι,
3009 3175 3116 3248 50)
3146 3194 3158 3229 :
3187 3178 3304 3246 quis
3343 3177 3484 3231 enim
3513 3192 3619 3230 non

2039 3268 2234 3322 sentiat
2255 3279 2307 3322 et
2337 3269 2488 3337 plane
2513 3268 2690 3322 videat
2709 3284 2828 3324 esse
2846 3269 3171 3336 parabolam,
3193 3271 3618 3337 locutionumque

2040 3361 2184 3414 illam
2215 3371 2376 3415 totam
2409 3377 2528 3415 esse
2555 3361 2868 3431 figuratam?
2896 3377 3077 3414 verum
3099 3361 3216 3414 dum
3237 3362 3477 3414 civitates
3499 3376 3618 3430 quae

2041 3454 2108 3505 ibi
2144 3456 2425 3506 nominat-.e
2452 3462 2593 3516 sunt,
2625 3452 2885 3522 hodieque
2908 3453 2959 3505 in
2990 3452 3116 3505 locis
3143 3452 3369 3520 propriis
3390 3453 3616 3506 demon-

2041 3553 2293 3597 strantur.
2328 3543 2433 3598 Sed
2460 3543 2562 3598 hoc
2593 3544 2750 3597 modo
2778 3545 3139 3612 acciperemus
3164 3554 3215 3596 et
3248 3555 3472 3612 quatuor
3502 3542 3616 3595 haec

2045 3637 2284 3700 ﬁumina,
2333 3636 2378 3690 si
2432 3644 2623 3689 ca'tera
2667 3651 2784 3704 qua:
2807 3633 2873 3688 de
2903 3635 3146 3702 paradiso
3176 3645 3476 3700 narrantur,
3508 3650 3614 3687 non

2043 3729 2254 3797 proprie
2281 3726 2374 3780 sed
2406 3726 2622 3796 ﬁgurate
2651 3726 2890 3794 accipere
2914 3725 3016 3777 ulla
3036 3725 3323 3778 necessitas
3348 3731 3566 3793 cogeret
3591 3740 3606 3777 :

2039 3828 2250 3873 atnunc
2269 3833 2390 3871 cum
2418 3817 2661 3885 primitus
2692 3816 2900 3885 proprie
2924 3831 3009 3868 res
3039 3816 3178 3883 ipsas
3209 3814 3499 3882 intelligere
3529 3829 3618 3868 ra-

2042 3911 2114 3964 tio
2143 3910 2286 3963 nulla
2317 3908 2613 3978 prohibeat,
2637 3922 2730 3961 cur
2758 3923 2859 3959 non
2893 3907 3064 3976 potius
3080 3907 3444 3958 auctoritatem
3471 3904 3616 3958 Scri-

2041 4014 2205 4070 ptura:
2227 4000 2539 4068 simpliciter
2561 3999 2830 4068 sequimur
2851 3999 2899 4050 in
2918 3998 3219 4052 narratione
3241 4013 3415 4051 rerum
3440 4004 3618 4064 gesta-

2040 4110 2176 4156 rum,
2205 4108 2292 4147 res
2319 4108 2442 4147 vere
2472 4101 2646 4161 gestas
2689 4092 2834 4162 prius
2864 4091 3236 4161 intelligenles,
3267 4101 3374 4145 tum
3403 4090 3618 4145 demum

2038 4185 2290 4256 quidquid
2312 4185 2454 4237 aliud
2476 4183 2772 4254 signiﬁcant
2797 4194 3188 4252 perscrutantes
3207 4186 3231 4236 ’ἰ

2113 4278 2198 4330 M.
2229 4278 2308 4330 An
2340 4293 2405 4330 eo
2431 4276 2777 4338 movebimur,
2809 4276 2950 4345 quod
2984 4275 3049 4328 de
3091 4275 3172 4328 his
3197 4274 3503 4328 ﬂuminibus
3529 4273 3620 4328 di-

2038 4369 2194 4434 citur,
2223 4368 2447 4422 aliorum
2469 4382 2588 4420 esse
2616 4366 2786 4421 fontes
2813 4377 2982 4430 notos,
3005 4367 3224 4419 aliorum
3251 4374 3426 4418 autem
3472 4379 3621 4434 pror-

2039 4475 2132 4514 sus
2161 4459 2474 4528 incognitos,
2500 4465 2554 4511 et
2581 4457 2701 4511 ideo
2729 4471 2832 4509 non
2866 4470 3022 4525 posse
3051 4456 3217 4526 accipi
3248 4455 3314 4509 ad
3361 4456 3616 4522 litteram,

2040 4551 2180 4621 quod
2205 4567 2270 4605 ex
2299 4565 2405 4604 uno
2426 4547 2653 4618 paradisi
2671 4544 3259 4617 flumingdividuntur?
3293 4559 3412 4600 cum
3438 4545 3618 4616 potius

2041 4642 2363 4698 credendum
2392 4643 2478 4706 sit,
2507 4640 2753 4709 quoniam
2793 4639 2938 4692 locus
2972 4639 3083 4708 ipse
3108 4639 3341 4707 paradisi
3375 4654 3405 4692 a
3433 4631 3620 4709 cogni-

2045 4734 2192 4788 tione
2217 4731 2489 4786 hominum
2512 4740 2593 4785 est
2615 4730 3022 4794 remotissimus,
3055 4729 3178 4784 inde
3203 4741 3428 4799 quatuor
3455 4745 3622 4800 aqua-

2042 4839 2159 4877 rum
2184 4833 2361 4893 partes
2381 4820 2565 4886 dividi,
2591 4820 2723 4874 sicut
2742 4819 3047 4874 ﬁdelissima
3067 4820 3339 4890 Scriptura
3365 4829 3618 4884 testatur;
3659 4869 3670 4882 ,

2038 4915 2130 4968 sed
2144 4930 2204 4968 ea
2225 4913 2699 4982 flumina,quorum
2720 4911 2890 4966 fontes
2917 4911 3026 4964 noti
3053 4926 3171 4966 esse
3207 4911 3474 4974 dicuntur,
3522 4911 3606 4964 alio

2038 5007 2160 5062 cubi
2191 5007 2312 5060 iisse
2363 5005 2463 5060 sub
2494 4998 2680 5068 terras,
2705 5012 2758 5058 et
2785 5012 2901 5072 post
2935 5011 3128 5056 tractus
3161 5002 3482 5071 prolisarum
3530 5017 3616 5056 re-

2040 5102 2254 5170 gionum
2278 5099 2408 5153 locis
2429 5097 2545 5152 aliis
2575 5098 2834 5167 erupisse,
2863 5095 2952 5149 ubi
2984 5104 3230 5164 tanquam
3262 5094 3312 5147 in
3331 5094 3442 5147 suis
3464 5092 3623 5146 fonti-

2039 5195 2140 5249 bus
2164 5203 2285 5248 nota
2317 5207 2436 5248 esse
2462 5191 2826 5261 perhibentur.
2852 5188 2981 5241 Nam
3007 5188 3107 5241 hoc
3136 5187 3307 5240 solere
3341 5185 3622 5238 nonnullas

2037 5303 2204 5358 aquas
2226 5287 2417 5351 facere,
2441 5286 2558 5354 quis
2585 5281 2826 5354 ignorat?
2853 5280 2956 5336 Sed
2985 5279 3052 5333 ibi
3076 5278 3176 5332 hoc
3200 5279 3382 5341 scitur,
3402 5275 3491 5330 ubi
3513 5290 3620 5330 non

2038 5383 2128 5437 diu
2160 5381 2257 5434 sub
2289 5379 2448 5433 terris
2477 5385 2716 5431 currunt.
2743 5375 2934 5429 Exibat
2957 5389 3084 5443 ergo
3127 5371 3320 5426 ﬁumen
3344 5372 3411 5427 de
3447 5370 3619 5436 Eden,

2040 5475 2093 5530 id
2121 5473 2289 5529 estde
2335 5473 2450 5525 loco
2479 5470 2808 5535 deliciarum,
2841 5475 2892 5522 et
2920 5465 3171 5536 irrigabat
3219 5465 3544 5534 paradisum,
3563 5462 3616 5519 id

2037 5579 2120 5624 est
2145 5568 2286 5636 ligna
2311 5565 2486 5619 omnia
2516 5562 2735 5633 pulchra
2753 5569 2912 5629 atque
2940 5558 3230 5628 fructuosa,
3262 5574 3378 5630 quae
3402 5571 3616 5614 omnem

2039 5670 2233 5718 terram
2263 5657 2495 5728 regionis
2527 5656 2664 5710 illius
2691 5652 3004 5725 opacabant.

2099 5779 2114 5809 ι
2143 5777 2287 5826 Abest
2309 5785 2402 5823 non
2421 5771 2572 5822 abFr.
2636 5776 2693 5819 Μ.

2890 5862 2934 5892 ἡ
