4090 6456
488 357 601 419 579

490 471 719 530 CAPUT
759 470 892 527 VM.
920 501 994 513 —
1023 469 1100 526 De
1132 488 1260 528 rers.
1288 470 1390 536 15;
1423 486 1491 524 an
1515 471 1663 525 homo
1685 469 1876 539 positus
1900 468 1952 523 in
1981 486 2079 540 pa-

770 565 942 619 radiso
964 573 1019 618 ut
1048 564 1376 636 agricultura:
1400 578 1604 632 operam
1627 562 1789 615 daret.
1908 628 1913 637 ο

565 657 654 712 15.
703 655 771 711 Et
811 657 1024 725 sumpsit
1054 655 1300 709 Dominus
1329 653 1463 708 Deus
1492 653 1744 707 hominem
1769 668 1916 725 quem
1936 650 2075 720 fecit,

491 758 540 805 et
569 750 736 821 posuit
765 766 877 803 eum
920 748 972 802 in
999 748 1253 818 paradiso,
1286 756 1339 800 ut
1366 754 1657 816 operaretur
1687 754 1733 798 et
1772 745 2067 799 custodiret.

489 842 557 897 Et
579 843 816 914 pt'wcepit
848 842 1093 895 Dominus
1117 839 1253 894 Deus
1276 838 1422 905 Adu',
1448 838 1619 892 dicens
1642 853 1662 893 :
1686 838 1762 892 Ab
1782 837 1919 891 omni
1941 835 2077 908 ligno

490 933 628 1006 quod
665 945 735 989 est
762 935 814 989 in
841 933 1078 1006 paradiso
1103 931 1346 987 escaedes
1367 933 1424 999 ¹;
1451 930 1513 984 de
1537 930 1675 1002 ligno
1704 938 1871 983 autem
1891 945 2080 1000 cogno-

491 1024 666 1077 scendi
691 1024 874 1079 bonum
904 1032 949 1078 et
984 1023 1193 1088 malum,
1224 1038 1324 1075 non
1346 1019 1714 1075 manducalritis
1739 1018 1803 1074 de
1825 1019 1933 1074 iilo.
1962 1018 2076 1084 Quo

490 1114 574 1168 die
593 1125 758 1169 autem
784 1115 984 1169 oderitis
1026 1115 1089 1167 ab
1114 1131 1193 1178 eo,
1232 1124 1391 1167 morte
1417 1112 1720 1166 moriemini.
1740 1111 1885 1183 .Cum
1914 1105 2076 1180 supe—

486 1207 601 1263 rius
650 1207 880 1261 breviter
909 1206 1102 1262 dixerit
1134 1207 1299 1260 Deum
1353 1206 1620 1275 plantasse
1659 1202 1989 1274 paradisum,
2019 1209 2076 1258 et

490 1299 833 1353 constituisse
860 1297 930 1352 ibi
964 1297 1233 1351 hominem
1263 1313 1419 1367 quem
1471 1299 1716 1361 tinxerat,
1760 1294 2083 1365 recapitula-

486 1388 561 1443 vit
580 1397 638 1444 ut
659 1397 900 1444 narraret
919 1387 1184 1460 quomodo
1205 1387 1275 1443 sit
1294 1387 1564 1459 paradisus
1574 1384 1913 1441 constitutus.
1928 1383 2081 1440 Nunc

484 1494 615 1550 ergo
642 1488 697 1535 et
734 1479 863 1534 illud
897 1479 1305 1549 recapitulando
1335 1477 1777 1534 commemoravit
1810 1475 2078 1546 quomodo

484 1571 557 1626 ibi
590 1572 729 1626 Deus
754 1575 993 1643 posuerit
1015 1574 1287 1627 hominem
1314 1587 1469 1642 quem
1501 1568 1953 1625 fecit.Videamns
1979 1570 2079 1623 ita-

485 1681 590 1737 que
613 1666 738 1737 quid
768 1667 838 1721 sit
865 1666 1005 1736 quod
1032 1666 1231 1721 dictum
1253 1673 1355 1732 est,
1385 1674 1435 1718 ut
1456 1674 1752 1734 operaretur
1772 1672 1818 1716 et
1843 1661 2075 1716 custodi-

484 1766 584 1810 ret.
615 1756 750 1823 Quid
776 1767 1088 1827 operaretur,
1106 1756 1301 1829 etquid
1330 1755 1644 1811 custodiret?
1669 1752 1936 1824 Numquid
1963 1753 2077 1809 for-

484 1856 538 1903 te
563 1849 938 1919 agriculturam
971 1850 1224 1906 Dominus
1255 1849 1418 1903 voluit
1445 1847 1655 1919 operari
1686 1846 1915 1917 primum
1972 1844 2074 1900 bo-

485 1941 686 1998 minem
706 1941 731 1996 ‘t
751 1943 830 1997 Au
850 1959 954 1997 non
973 1952 1055 1999 est
1076 1942 1330 1999 credibile
1353 1941 1493 2013 quod
1512 1956 1634 1996 eum
1659 1948 1784 1994 ante
1801 1949 2076 2008 peccatum

487 2032 817 2090 damnaverit
842 2035 908 2089 ad
938 2035 1172 2090 laborem
1201 2034 1224 2087 ?
1255 2035 1328 2089 lla
1355 2048 1485 2089 Sane
1520 2033 1925 2101 arbitraremur,
1972 2033 2077 2089 nisi

486 2125 792 2181 videremus
816 2141 936 2181 cum
958 2135 1099 2181 tanta
1127 2126 1393 2196 voluptate
1419 2125 1583 2181 animi
1604 2126 1883 2197 agricolari
1909 2141 2075 2198 quos-

500 2216 646 2282 dam,
678 2225 733 2272 ut
769 2218 849 2274 eis
872 2233 1061 2289 magna
1094 2233 1248 2288 parua
1290 2217 1361 2272 sit
1386 2216 1509 2271 inde
1549 2216 1616 2271 ad
1655 2216 1797 2271 aliud
1843 2217 2075 2273 avocari.

491 2307 759 2380 Quidquid
784 2326 912 2382 ergo
936 2310 1244 2368 deliciarum
1263 2309 1425 2364 habet
1447 2309 1792 2377 agricuitura,
1822 2319 1949 2365 tunc
1975 2310 2081 2365 uti-

488 2414 593 2469 que
614 2398 771 2471 longe
798 2400 1023 2471 amplius
1041 2412 1174 2467 erat,
1202 2399 1418 2471 quando
1442 2399 1569 2453 nihil
1590 2399 1869 2455 accidebat
1886 2398 2076 2456 adver—

489 2490 558 2555 si,
587 2490 669 2545 vel
703 2500 841 2546 terra
871 2493 952 2547 vel
982 2493 1140 2548 caelo.
1168 2491 1282 2547 Non
1310 2491 1452 2545 enim
1483 2498 1598 2545 erat
1622 2491 1820 2546 laboris
1837 2490 2073 2560 afﬂictio,

486 2582 582 2638 sed
600 2582 911 2638 cxhilaratio
929 2583 1233 2650 voluntatis,
1256 2599 1376 2639 cum
1394 2598 1455 2637 ea
1477 2599 1595 2652 qum
1618 2583 1760 2638 Deus
1779 2591 2073 2649 creaverat,

489 2673 709 2730 humani
733 2676 912 2747 operis
954 2675 1222 2745 adjutorio
1266 2675 1436 2730 lanius
1466 2673 1803 2745 feraciusque
1830 2674 2078 2744 proveni-

484 2774 644 2829 rent;
675 2765 817 2822 unde
846 2765 1068 2822 Creator
1096 2766 1210 2837 ipse
1238 2766 1455 2821 uberius
1476 2764 1802 2831 laudaretur,
1840 2764 1927 2835 qui
1959 2763 2079 2819 ani-

487 2873 592 2913 nire
636 2858 688 2914 in
718 2873 942 2930 corpore
962 2859 1177 2914 animali
1215 2861 1517 2914 constituite
1553 2859 1813 2913 rationem
1840 2856 2080 2913 dedisset

487 2950 767 3021 operandi.
795 2966 858 3006 ac
882 2949 1209 3018 facultatem,
1238 2961 1492 3022 quantum
1522 2952 1701 3006 animo
1727 2949 1924 3005 volenti
1945 2948 2078 3003 satis

486 3049 652 3109 esset,
681 3056 788 3097 non
817 3050 1072 3113 quantum
1096 3042 1319 3097 invitum
1374 3041 1663 3114 indigentia
1714 3040 1958 3111 corporis
1983 3055 2078 3096 co-

488 3143 657 3205 geret.

562 3225 648 3280 16.
679 3224 830 3291 Quod
869 3225 1014 3281 enim
1058 3225 1230 3295 majus
1275 3226 1681 3297 mirabiliusque
1715 3224 2076 3297 spectaculum

488 3327 592 3382 est,
622 3327 714 3373 aut
745 3318 833 3372 ubi
878 3319 1047 3388 magis
1075 3333 1197 3372 cum
1238 3333 1416 3373 rerum
1448 3326 1636 3371 natura
1682 3317 1913 3371 humana
1940 3316 2076 3372 ratio

487 3409 883 3481 quodammodo
902 3409 1045 3480 loqui
1076 3418 1270 3478 potest,
1300 3425 1458 3483 quam
1487 3423 1607 3464 cum
1639 3407 1828 3476 positis
1853 3406 2077 3461 semini-

489 3500 611 3563 bus,
646 3500 897 3570 plantatis
935 3500 1183 3565 surculis,
1233 3498 1501 3554 translatis
1542 3498 1858 3565 arbusculis,
1906 3497 2081 3552 insitis

492 3591 772 3659 malleolis,
805 3601 1052 3657 tanquam
1082 3592 1438 3662 interrogatur
1453 3605 1676 3660 qumque
1701 3589 1780 3643 vis
1809 3587 2003 3642 radicis
2024 3595 2079 3642 et

492 3684 746 3751 germinis
770 3684 892 3754 quid
914 3685 1101 3754 possit,
1127 3681 1321 3752 quidve
1356 3697 1460 3735 non
1489 3682 1686 3749 possit;
1719 3679 1860 3733 unde
1888 3677 2076 3747 possit,

492 3775 632 3852 unde
664 3791 768 3828 non
800 3777 999 3844 possit;
1030 3774 1157 3845 quid
1180 3775 1231 3828 in
1263 3789 1325 3829 ea
1353 3773 1529 3827 valeat
1572 3787 1913 3827 numerorum
1942 3769 2079 3824 invi-

494 3865 665 3921 sibilis
687 3867 1012 3937 interiorque
1040 3865 1295 3936 potentia,
1327 3864 1450 3935 quid
1493 3863 1826 3919 extrinsecus
1866 3860 2077 3915 adhibi-

498 3967 548 4016 ta
601 3959 871 4031 diligentia
900 3977 913 4012 :
940 3959 1102 4026 inque
1132 3958 1244 4027 ipsa
1288 3955 1713 4010 consideratione
1757 3953 2076 4024 perspicere,

493 4054 614 4124 quia
635 4068 807 4121 neque
832 4050 919 4121 qui
938 4049 1142 4121 plantat
1161 4058 1243 4104 est
1264 4046 1482 4117 aliquid,
1507 4061 1679 4116 neque
1699 4045 1786 4115 qui
1809 4046 1964 4115 rigat,
1990 4042 2083 4098 sed

499 4144 591 4215 qui
642 4146 1028 4198 incrementum
1058 4140 1149 4196 dat
1203 4140 1339 4196 Deus
1367 4135 1387 4212 (
1415 4137 1433 4191 Ι
1460 4137 1578 4190 Cor.
1613 4151 1686 4196 Ill,
1719 4135 1751 4188 7
1776 4134 1794 4207 )
1840 4151 1855 4200 ;
1884 4134 2005 4205 quia
2031 4143 2085 4189 et

498 4234 627 4290 ilhnl
658 4236 834 4305 (ιρυι-ὶςς
855 4233 994 4304 quod
1027 4232 1229 4287 accedit
1262 4231 1614 4295 extrinsecus,
1637 4243 1731 4298 per
1759 4226 1904 4281 illum
1929 4240 2084 4280 accc»

496 4327 595 4395 dit,
624 4344 781 4397 quem
810 4325 1154 4381 nihilominus
1175 4323 1392 4390 creavit,
1411 4331 1467 4377 et
1490 4336 1647 4392 quem
1674 4318 1980 4390 regitatque
2001 4333 2088 4372 or-

500 4419 651 4477 dinat
670 4419 1003 4474 invisibiliter
1034 4418 1170 4472 Deus
1194 4416 1219 4470 ἲ
1644 4450 1657 4462 .

660 4510 883 4567 CAPUT
923 4508 1012 4564 IX.
1040 4537 1112 4549 --
1136 4504 1471 4578 Agricultura:
1489 4519 1617 4573 opus
1644 4501 1929 4574 allegorice.

568 4604 655 4659 17.
690 4603 824 4657 lliuc
857 4601 964 4668 jam
995 4603 1045 4654 in
1073 4600 1243 4670 ipsum
1271 4594 1713 4661 mundum,velut
1739 4594 1789 4646 in
1807 4590 2089 4661 quamdam

498 4709 743 4763 magnam
763 4696 1003 4746 arborem
1029 4705 1227 4751 rerum,
1251 4688 1438 4742 oculus
1454 4684 1787 4757 cogitationis
1801 4683 2089 4750 attollitur;

500 4795 656 4854 atque
686 4784 734 4836 iu
755 4784 868 4850 ipso
889 4796 1098 4850 quoque
1124 4782 1332 4852 gemina
1363 4781 1601 4848 Operatio
1634 4776 1975 4847 providentia:
2005 4790 2092 4829 rc-

502 4875 727 4946 peritur,
756 4874 943 4943 pattim
977 4873 1250 4935 naturalis,
1270 4870 1458 4940 partim
1490 4868 1802 4921 voluntaria.
1833 4865 2095 4919 Naturalis

502 4967 714 5036 Quidum
741 4982 833 5035 per
854 4965 1112 5019 occultam
1138 4964 1228 5017 Dei
1256 4961 1789 5021 administrationem,
1808 4974 1911 5035 qua
1932 4958 2092 5013 etiam

512 5058 664 5127 lignis
709 5066 763 5111 ct
796 5055 975 5111 herbis
1002 5056 1092 5109 dat
1144 5056 1561 5124 incrementum;
1591 5049 1884 5104 voluntaria
1943 5064 2092 5115 vero,

504 5166 599 5220 per
630 5152 948 5220 Angelorum
991 5161 1150 5218 opera
1183 5147 1547 5200 ethominum.
1576 5141 1876 5197 Secundum
1926 5141 2065 5195 illam

507 5244 730 5314 primam
764 5242 998 5297 caelestia
1026 5240 1268 5314 superius
1295 5237 1547 5300 ordinari,
1581 5234 1905 5305 iul'criusque
1927 5244 2095 5288 terres

508 5312 667 5397 stria;
698 5332 974 5403 luminaria
994 5312 1272 5401 Stderaque
1297 5324 1643 5399 fulgere,diei
1671 5326 1944 5394 noctisque
1957 5324 2099 5378 vices

507 5426 872 5495 agitat-Latinis
891 5435 1082 5479 terram
1108 5421 1373 5475 fundatam
1394 5418 1601 5472 iuterlui
1620 5428 1777 5487 atque
1797 5414 2097 5479 circumlui,

511 5535 686 5573 aerem
714 5518 870 5571 altius
896 5514 1224 5587 superfundi,
1247 5511 1457 5566 arbusta
1478 5520 1528 5567 et
1553 5509 1797 5565 animalia
1819 5506 2022 5576 concipi
2047 5514 2102 5560 ct

580 5674 594 5704 ι
622 5673 704 5721 ttie
729 5679 778 5722 et
803 5671 1072 5735 tantur-ost
1094 5681 1265 5717 omnes
1282 5674 1407 5735 _t.ov.
1443 5676 1550 5717 Msa.
1578 5667 1769 5735 ferunt,
1792 5674 1950 5714 escmn
1970 5660 2097 5711 edes.

513 5743 544 5785 Ε
567 5743 733 5785 contra
752 5726 822 5782 ἥτ’.
839 5726 1108 5797 μυξςιιζνᾳιι.
1132 5744 1260 5780 nunc
1282 5730 1473 5793 legunt,
1492 5741 1651 5780 escam
1671 5726 1803 5785 cdes,
1827 5738 1973 5775 nunc.
1992 5735 2104 5775 esca

516 5796 631 5849 edes
674 5809 817 5850 uiuae.
842 5793 955 5847 edés
977 5793 1042 5845 ad
1064 5805 1239 5846 cacant.
1303 5798 1362 5841 Il.

1442 356 1531 412 os
1568 354 1813 413 ceucsr
1852 355 1944 410 AD
1980 352 2352 419 LITTERAM,
2391 352 2450 410 s.
2491 314 2857 412 sucusrtst'

3666 367 3771 424 380

2187 468 2613 530 nasci.crescere
2662 478 2716 525 et
2738 485 3106 539 settescerere,
3139 472 3404 542 occidere,
3436 485 3489 532 et
3504 478 3760 551 quidquid

2183 560 2327 615 aliud
2357 561 2409 615 in
2459 562 2617 616 rebus
2643 561 2896 618 interiore
2924 562 3256 636 naturalique
3295 578 3439 622 motu
3460 572 3678 641 geritur.
3712 574 3779 629 In

2186 650 2285 705 hac
2303 661 2479 706 autem
2504 652 2671 707 altera
2694 654 2843 723 s‘gua
2863 652 2999 716 dari,
3016 654 3193 710 doceri
3212 665 3265 711 et
3280 657 3411 712 disci
3436 659 3476 726 ¹,
3498 675 3657 732 agros
3683 679 3773 718 co-

2185 741 2246 809 li,
2290 744 2572 798 societates
2597 742 2975 811 administrari,
3007 754 3152 801 artes
3173 749 3436 816 exerceri,
3462 760 3769 823 etquaeque

2184 834 2288 893 alia
2314 835 2427 891 sive
2456 836 2508 890 in
2531 851 2763 908 superna
2791 837 3048 893 societate
3076 841 3449 908 aguntur,sive
3471 842 3522 896 iu
3548 845 3647 900 hac
3665 853 3772 900 ter-

2190 942 2325 983 rena
2356 937 2515 998 atque
2540 928 2769 994 mortali,
2804 927 2873 983 ita
2901 938 2959 983 ut
2984 929 3137 984 bonis
3157 932 3526 988 consolaturet
3553 949 3649 1005 per
3675 943 3772 991 ne-

2183 1018 2413 1073 scientes
2440 1019 2626 1074 malos.
2652 1019 2821 1090 Inque
2841 1020 2957 1090 ipso
2985 1021 3202 1078 homine
3230 1024 3471 1079 eamdem
3503 1028 3785 1096 geminam

2184 1111 2530 1180 providentia:
2550 1113 2728 1183 vigere
2748 1114 3039 1184 potentiam
3069 1131 3082 1168 :
3113 1115 3282 1185 primo
3308 1130 3430 1186 erga
3458 1132 3655 1188 corpus
3675 1136 3772 1173 na-

2183 1204 2431 1270 turalem,
2453 1204 2652 1260 scilicet
2670 1219 2736 1261 eo
2766 1214 2911 1259 motu
2938 1223 3044 1276 quo
3061 1205 3137 1272 tit,
3166 1223 3273 1278 quo
3307 1210 3520 1274 crescit,
3548 1227 3654 1281 quo
3677 1228 3774 1267 se.

2185 1296 2389 1357 nescit;
2419 1295 2767 1351 voluntariam
2784 1312 3052 1368 vero,quo
3071 1298 3143 1352 illi
3163 1298 3228 1352 ad
3257 1300 3473 1367 vietum,
3492 1312 3774 1375 tegumen-

2183 1392 2316 1451 tum,
2334 1388 2769 1458 curationemque
2780 1389 3095 1444 consulitur.
3112 1390 3370 1446 Similiter
3389 1408 3515 1464 erga
3530 1399 3767 1450 animam

2182 1480 2496 1535 naturaliter
2517 1480 2691 1550 agitur
2716 1489 2773 1536 ut
2809 1483 2971 1548 vivat,
3001 1489 3058 1537 ut
3092 1482 3334 1550 sentiat;
3358 1486 3658 1543 voluntarie
3676 1504 3772 1543 ve-

2182 1587 2245 1628 ro
2292 1581 2350 1627 ut
2372 1572 2561 1640 discat,
2594 1581 2651 1629 ut
2669 1574 2985 1630 consentiat.

2258 1662 2342 1718 18.
2373 1662 2522 1719 Sicut
2542 1673 2721 1717 autem
2763 1664 2815 1718 in
2861 1668 3052 1721 arbore
3097 1664 3148 1720 id
3175 1664 3284 1736 agit
3330 1667 3649 1736 agricultura
3685 1667 3772 1723 fo-

2185 1754 2450 1815 rinsecus,
2481 1762 2538 1808 ut
2564 1753 2692 1810 illud
2726 1754 2965 1825 proﬁciat
2991 1756 3133 1827 quod
3162 1759 3367 1828 geritur
3411 1759 3772 1827 intrinsecus;

2183 1844 2264 1898 sic
2292 1842 2343 1898 in
2373 1842 2588 1900 homine
2633 1844 2926 1901 secundum
2958 1861 3176 1916 corpus,
3202 1848 3251 1904 ei
3281 1849 3421 1920 quod
3453 1849 3775 1907 intrinsecus

2181 1936 2289 2006 agit
2327 1944 2537 2002 natura,
2582 1937 2747 1992 servit
2795 1938 3130 1992 extrinsecus
3176 1939 3485 1996 medicina:
3536 1940 3776 2012 itemque

2181 2028 2473 2084 secundum
2504 2029 2760 2096 animam,
2788 2041 2842 2084 ut
2871 2039 3056 2084 natura
3082 2030 3409 2086 beatiﬁcctur
3430 2033 3773 2100 intrinsecus,

2180 2117 2426 2174 doctrina
2454 2119 2789 2175 ministratur
2814 2120 3170 2175 extrinsecus.
3205 2121 3356 2189 Quod
3385 2134 3561 2178 autem
3587 2122 3657 2178 ad
3685 2139 3778 2178 ar-

2180 2209 2367 2266 borem
2405 2210 2616 2267 colendi
2660 2211 2998 2283 negligentia.
3044 2211 3148 2267 hoc
3194 2212 3260 2268 ad
3298 2199 3493 2284 corpus
3522 2215 3774 2271 medendi

2181 2300 2403 2369 incuria,
2436 2301 2539 2357 hoc
2578 2302 2645 2357 ad
2672 2303 2903 2357 animam
2950 2302 3189 2359 discendi
3233 2305 3454 2374 segnitia
3492 2323 3507 2360 ε
3536 2314 3589 2360 et
3623 2305 3774 2377 quod

2180 2391 2246 2447 ad
2275 2393 2521 2448 arborem
2552 2394 2744 2448 humor
2765 2394 2989 2460 inutilis,
3021 2393 3125 2448 hoc
3152 2393 3217 2449 ad
3242 2410 3436 2465 corpus
3466 2397 3637 2452 victus
3660 2398 3779 2451 exi-

2182 2484 2397 2550 tiabilis,
2445 2487 2547 2539 hoc
2572 2484 2638 2539 ad
2680 2485 2912 2542 animam
2956 2486 3234 2556 persuasio
3272 2487 3581 2557 iniquitatis.
3632 2488 3777 2543 Deus

2182 2573 2358 2643 itaque
2405 2589 2569 2643 super
2594 2575 2800 2641 omnia,
2854 2575 2940 2646 qui
2991 2576 3229 2630 condidit
3274 2577 3474 2643 omnia,
3536 2586 3591 2633 et
3639 2580 3779 2649 regit

2180 2665 2382 2730 omnia,
2412 2680 2597 2721 omnes
2629 2676 2845 2721 naturas
2873 2667 3044 2722 bonus
3068 2678 3236 2735 creat,
3260 2684 3445 2723 omnes
3471 2670 3778 2725 voluntates

2177 2755 2352 2823 justus
2381 2755 2612 2810 ordinat.
2645 2756 2782 2823 Quid
2809 2773 2939 2828 ergo
2968 2759 3225 2814 abhorret
3261 2775 3290 2812 a
3335 2775 3481 2823 vero,
3508 2760 3553 2815 si
3581 2764 3785 2817 credao

2182 2860 2301 2900 mus
2328 2847 2595 2901 hominem
2626 2847 2697 2902 ita
2733 2848 2783 2902 in
2817 2850 3064 2918 paradiso
3093 2851 3462 2918 constitutum,
3497 2863 3554 2906 ut
3577 2868 3779 2923 opera-

2182 2946 2333 2991 retur
2361 2936 2759 3007 agriculturam,
2808 2955 2911 2993 non
2959 2940 3139 2994 labore
3180 2943 3379 3004 servili,
3424 2942 3517 2998 sed
3550 2944 3781 3000 honesta

2181 3026 2346 3082 animi
2373 3028 2678 3099 voluptate?
2718 3029 2856 3097 Quid
2903 3033 3044 3085 enim
3088 3030 3191 3087 hoc
3235 3048 3397 3101 opere
3443 3035 3787 3091 innocentius-

2183 3119 2534 3186 vacantibus,
2582 3129 2636 3175 et
2681 3121 2808 3191 quid
2858 3121 3065 3194 plenius
3113 3139 3301 3193 magna
3349 3125 3781 3183 consideratiOne

2184 3208 2577 3278 prudentibus?

2219 3296 2442 3353 CAPUT
2468 3298 2534 3353 Χ.
2570 3330 2630 3339 -
2661 3298 2800 3364 Quid
2817 3301 2899 3365 sit,
2916 3300 2986 3358 Ut
3010 3315 3325 3372 operaretur
3349 3313 3404 3360 et
3424 3306 3736 3363 custodiret.

2256 3388 2344 3444 19.
2380 3387 2446 3445 Ut
2488 3391 2760 3445 custodiret
2785 3402 2963 3446 autem
2988 3435 3003 3461 ,
3031 3394 3194 3463 quid?
3234 3397 3313 3450 An
3362 3396 3530 3467 ipsum
3559 3400 3781 3468 paradi-

2183 3480 2558 3537 sum?Coutra
2599 3483 2774 3553 quos?
2795 3481 2983 3538 Nulius
3015 3495 3165 3540 certe
3210 3487 3414 3541 vicinus
3445 3488 3784 3545 metuebatur

2187 3574 2427 3640 invasor,
2462 3574 2637 3627 nullus
2665 3574 2846 3629 limitis
2875 3576 3234 3645 perturbatur,
3264 3579 3440 3634 nullus
3467 3578 3567 3640 fur,
3597 3582 3783 3637 nullus

2184 3678 2487 3734 aggressor.
2519 3664 2798 3732 Quomodo
2840 3681 2969 3737 ergo
3017 3667 3331 3724 intellecturi
3380 3685 3561 3726 sumus
3586 3688 3784 3743 corpo-

2185 3756 2352 3811 ralem
2384 3757 2684 3825 paradisum
2714 3759 2950 3828 potuisse
2978 3760 3046 3815 ab
3074 3759 3289 3816 homine
3313 3764 3663 3832 corporaliter
3682 3780 3780 3818 cu-

2189 3847 2376 3901 stodiri
2396 3847 2420 3901 ?
2441 3847 2546 3902 Sed
2576 3864 2748 3919 neque
2773 3850 3046 3919 Scriptura
3088 3852 3254 3911 dixit.
3282 3852 3352 3909 Ut
3390 3863 3701 3923 operaretur
3724 3865 3786 3910 et

2187 3922 2478 3991 custodiret
2507 3937 2827 4005 paradisum;
2844 3940 2975 3994 dixit
3004 3951 3209 4007 autem,
3231 3942 3297 3998 Ut
3318 3922 3609 4014 aperaretur
3633 3955 3785 4001 etcu-

2187 4028 2416 4082 stodiret.
2441 4028 2752 4100 Quanquam
2777 4031 2819 4085 si
2848 4031 2916 4086 de
2935 4047 3112 4101 gm‘co
3137 4034 3441 4105 diligentius
3466 4035 3531 4089 ad
3558 4037 3785 4093 verbum

2188 4118 2540 4188 exprimatur,
2570 4120 2638 4173 ita
2668 4120 2921 4190 scriptum
2943 4131 3045 4187 est,
3073 4121 3138 4176 Et
3156 4125 3346 4197 accepit
3368 4122 3616 4180 Dominus
3641 4125 3788 4182 Deus

2193 4211 2444 4265 hominem
2468 4228 2612 4283 quem
2643 4211 2781 4282 fecit,
2799 4223 2845 4267 et
2871 4214 3039 4285 posuit
3079 4232 3190 4268 eum
3216 4217 3268 4269 iu
3306 4218 3542 4286 paradiso
3581 4219 3785 4289 operari

2192 4317 2309 4357 eum
2341 4312 2387 4355 et
2420 4303 2690 4355 custodire.
2721 4303 2825 4357 Sed
2875 4313 3047 4358 utrum
3093 4307 3263 4373 ipsum
3295 4306 3559 4360 hominem
3605 4311 3787 4377 posuit

2194 4392 2426 4462 operari,
2449 4391 2548 4447 hoc
2576 4394 2715 4447 enim
2734 4394 2903 4448 sensit
2927 4394 3017 4464 qui
3045 4395 3419 4465 interpretatus
3442 4408 3544 4462 est,
3572 4410 3627 4451 ut
3658 4415 3785 4470 ope-

2193 4494 2423 4549 raretur;
2445 4501 2511 4537 an
2540 4484 2784 4539 eumdem
2810 4486 3109 4555 paradisum
3140 4488 3370 4556 operari,
3403 4487 3454 4541 id
3482 4499 3583 4555 est,
3607 4498 3665 4543 ut
3686 4493 3787 4542 ho-

2196 4590 2286 4630 mo
2317 4576 2618 4645 paradisum
2649 4586 2985 4644 operaretur,
3009 4576 3257 4646 ambigue
3284 4585 3440 4631 sonat
3462 4595 3475 4628 τ
3501 4587 3554 4631 ct
3576 4578 3787 4633 videtur

2197 4666 2367 4735 magis
2409 4666 2624 4735 exigere
2673 4665 2888 4729 locutio,
2936 4674 2994 4718 ut
3036 4680 3141 4719 non
3183 4665 3409 4734 dicatur,
3458 4666 3787 4737 Operaretur

2188 4756 2534 4827 paradisum;
2564 4754 2679 4820 sed,
2713 4757 2765 4809 in
2796 4754 3067 4826 paradiso.

2267 4846 2359 4902 20.
2389 4847 2762 4902 Verumtamen
2793 4861 2860 4901 ue
2888 4845 3022 4900 forte
3050 4846 3126 4900 sic
3158 4844 3357 4900 dictum
3385 4846 3472 4909 sit,
3505 4845 3572 4902 Ut
3597 4863 3787 4917 apera-

2201 4949 2341 4991 retur
2371 4937 2697 5007 paradisum,
2726 4937 2863 4993 sicut
2895 4936 3142 5006 superius
3164 4936 3361 4990 dictum
3388 4948 3504 5003 est,
3535 4937 3646 4992 Nec
3676 4949 3786 4993 erat

2201 5029 2350 5084 honw
2374 5030 2462 5099 qui
2479 5039 2775 5101 operaretur
2793 5039 2977 5082 terram
3002 5027 3223 5099 (eadem
3245 5030 3439 5097 quippe
3460 5029 3656 5083 toi-otio
3676 5037 3784 5097 est,

2201 5122 2410 5191 operari
2440 5132 2657 5184 terram,
2691 5136 2809 5189 qua:
2838 5120 3050 5189 operari
3083 5118 3452 5192 parMisum);
3485 5120 3789 5191 miibiguam

2201 5216 2520 5271 sententiam
2542 5214 2608 5268 ad
2637 5224 2919 5284 utrumque
2946 5222 3252 5268 tractemus.
3291 5211 3346 5267 Si
3389 5215 3536 5268 enim
3570 5227 3674 5267 nou
3701 5222 3786 5268 est

2204 5322 2425 5362 necesse
2455 5316 2510 5360 ut
2543 5307 2865 5375 accipiamus
2884 5347 2901 5372 ,
2931 5305 3238 5361 Pamdisum
3271 5307 3560 5371 custodire,
3585 5304 3700 5369 sed,
3729 5306 3785 5360 in

2205 5395 2487 5465 paradiso;
2518 5395 2642 5467 quid
2673 5412 2801 5467 ergo
2832 5396 2883 5450 in
2910 5395 3159 5468 paradiso
3179 5397 3483 5452 custodire?
3509 5398 3637 5452 Nam
3660 5396 3789 5467 quid

2205 5488 2417 5556 operari
2457 5488 2508 5541 in
2540 5487 2816 5557 paradiso,
2843 5488 2953 5557 jam
2986 5496 3043 5543 ut
3080 5488 3249 5542 visum
3291 5496 3375 5543 est
3412 5488 3786 5543 disseruimus.

2208 5582 2289 5634 Au
2318 5588 2374 5633 ut
2399 5580 2538 5649 quod
2566 5590 2877 5648 operaretur
2902 5580 2952 5633 in
2992 5588 3131 5633 terra
3171 5593 3266 5648 per
3306 5580 3698 5649 agriculturam,
3732 5582 3785 5633 iu

2213 5673 2392 5742 seipse
2414 5674 2707 5727 custodiret
2733 5687 2828 5742 per
2850 5670 3218 5740 disciplinam;
3259 5670 3311 5724 id
3335 5679 3450 5735 est,
3487 5681 3543 5725 ut
3570 5673 3705 5726 sicut
3733 5670 3787 5726 ei

2271 5784 2288 5816 ί
2317 5790 2461 5834 Juxta
2488 5789 2560 5833 Fr.
2581 5782 2727 5847 Lugd.
2748 5790 2866 5833 \‘en.
2889 5788 3020 5845 t.ov.,
3040 5780 3241 5833 discere.
3310 5788 3366 5830 tt.
