4090 6452
311 400 416 458 56!

309 528 442 586 ager
470 511 868 580 obtemperaret
898 504 1099 562 colenti
1123 519 1203 568 se,
1227 503 1301 558 ita
1340 511 1394 558 et
1422 501 1536 572 ipse
1571 497 1902 571 przecipienti

312 605 547 661 Domino
567 617 685 668 suo,
717 610 774 655 ut
795 608 1007 667 sumpto
1028 605 1296 667 pra-cepto
1317 593 1630 649 obcdientia:
1653 591 1903 655 fructum,

312 712 423 752 non
445 694 628 763 spinas
661 690 1032 746 inobedientia:
1072 686 1360 742 redderet?
1400 684 1633 754 Denique
1657 684 1904 751 quomam

313 786 720 843 similitudinem
762 800 790 837 a
823 798 881 838 se
925 781 1052 836 culti
1084 777 1314 851 paradisi
1345 779 1396 831 in
1431 777 1606 844 seipso
1639 773 1906 829 custodire

313 881 563 936 subditus
593 878 790 940 noluit,
830 876 1059 930 similem
1090 873 1190 928 sibi
1231 887 1414 942 agrum
1445 870 1723 924 damnatus
1749 882 1906 919 acce-

312 974 397 1045 pit
423 991 438 1026 :
470 971 682 1042 Spinas,
713 969 898 1039 inquit,
928 976 975 1022 et
1005 965 1214 1020 tribulos
1233 965 1391 1032 pariet
1419 963 1504 1016 tibi
1527 960 1676 1033 (Gen.
1698 959 1904 1028 nt,18).

386 1063 475 1118 2!.
517 1061 669 1129 Quod
713 1061 758 1114 si
805 1068 860 1114 et
905 1057 1034 1112 illud
1083 1055 1466 1125 intelligamus,
1499 1062 1574 1120 ,ut
1600 1050 1905 1121 paradisum

313 1165 651 1228 Oper-aretur,
680 1163 735 1210 et
776 1150 1078 1222 paradisum
1116 1147 1428 1211 custodiret,
1458 1145 1664 1215 operari
1692 1140 1906 1212 quidem

315 1247 623 1320 paradisum
654 1253 851 1315 posset,
880 1243 1018 1297 sicut
1043 1254 1205 1308 supra
1244 1237 1510 1302 diximus,
1556 1249 1650 1304 per
1676 1231 1905 1302 agricul-

319 1349 528 1403 turam;
558 1336 826 1393 custodire
855 1343 1032 1388 autem
1066 1347 1173 1388 non
1213 1330 1472 1384 adversus
1509 1326 1780 1397 improbos
1816 1331 1910 1378 aut

317 1429 586 1496 inimicos,
613 1427 701 1498 qui
734 1426 862 1482 nulli
887 1435 1039 1480 erant
1058 1465 1074 1491 ,
1105 1421 1199 1478 sed
1239 1421 1484 1476 fortassis
1527 1419 1786 1473 adversus
1817 1416 1910 1470 be-

317 1523 469 1578 atias.
497 1518 778 1589 Quomodo
807 1516 986 1573 istud?
1007 1523 1100 1570 aut
1121 1513 1326 1584 quare?
1353 1509 1616 1581 Numquid
1639 1509 1778 1564 enim
1811 1507 1909 1563 be-

316 1615 438 1669 stias
461 1614 572 1683 jam
605 1614 657 1666 in
700 1611 972 1666 hominem
1011 1607 1324 1670 szeviebant,
1368 1604 1509 1675 quod
1555 1602 1657 1656 nisi
1689 1610 1910 1671 peccato

317 1722 428 1762 non
461 1706 644 1762 ﬁeret?
666 1706 781 1776 Ipse
812 1703 1006 1774 quippe
1041 1701 1226 1757 bestiis
1268 1698 1515 1753 omnibus
1543 1695 1609 1750 ad
1645 1711 1704 1749 se
1743 1694 1911 1748 addu-

317 1798 444 1860 ctis,
489 1797 624 1852 sicut
670 1805 793 1868 post
833 1802 1304 1858 commemoratur,
1355 1790 1569 1846 nomina
1614 1786 1906 1857 imposuit:

318 1895 435 1966 ipse
464 1895 626 1948 etiam
667 1903 818 1947 sexto
863 1892 951 1946 die
995 1891 1113 1960 lege
1158 1887 1307 1944 verbi
1351 1886 1446 1942 Dei
1490 1901 1611 1940 cum
1660 1883 1910 1936 omnibus

319 1999 634 2041 communes
660 1983 809 2038 cibos
837 1982 1061 2050 accepit.
1095 1981 1199 2034 Aut
1224 1977 1268 2032 si
1295 1987 1411 2033 erat
1443 1977 1550 2045 jam
1580 1974 1721 2046 quod
1749 1975 1909 2028 time-

321 2087 471 2130 retur
497 2076 549 2129 in
576 2075 784 2139 bestiis,
827 2086 1056 2142 quonam
1087 2080 1242 2140 pacto
1274 2077 1456 2139 posset
1484 2083 1622 2121 unus
1663 2067 1823 2120 homo
1851 2063 1912 2117 il-

322 2165 434 2220 lum
470 2164 678 2218 munire
715 2161 1057 2234 paradisum?
1092 2160 1277 2231 Neque
1318 2159 1459 2214 enim
1501 2159 1722 2228 exiguus
1761 2157 1911 2210 locus

321 2264 461 2319 erat,
493 2271 654 2324 quem
685 2263 863 2308 lautus
901 2252 1021 2308 fons
1066 2252 1336 2323 irrigabat.
1377 2249 1657 2304 Custodire
1695 2247 1910 2319 quidem

321 2347 412 2402 ille
435 2345 681 2413 deberet,
709 2347 754 2400 si
795 2355 977 2416 posset
1009 2343 1313 2414 paradisum
1343 2343 1433 2396 tali
1466 2351 1521 2396 et
1549 2352 1689 2395 tanta
1730 2355 1911 2396 mace-

321 2441 403 2496 ria
445 2439 806 2504 communire,
851 2447 912 2493 ut
938 2455 1004 2493 eo
1042 2451 1265 2508 serpens
1304 2452 1410 2491 non
1451 2445 1633 2505 posset
1671 2435 1908 2489 intrare:

321 2531 419 2588 sed
448 2534 644 2588 mirum
673 2533 718 2586 si
751 2533 1056 2602 priusquam
1083 2529 1457 2595 communiret,
1485 2543 1672 2584 omnes
1693 2542 1913 2597 serpen-

323 2631 407 2680 tes
436 2624 560 2680 inde
587 2631 768 2693 posset
791 2616 1098 2678 excludere.

393 2716 485 2771 22.
533 2716 763 2770 Proinde
799 2716 1124 2770 intellectum
1171 2722 1295 2768 ante
1337 2713 1521 2768 oculos
1565 2728 1660 2766 cur
1689 2719 1910 2781 przeter-

322 2807 624 2861 mittimus?
653 2807 866 2861 Positus
895 2814 978 2860 est
1013 2804 1212 2875 quippe
1246 2804 1405 2857 homo
1449 2805 1500 2857 in
1545 2802 1824 2872 paradiso,
1855 2811 1912 2854 ut

322 2908 643 2969 operaretur
666 2899 911 2953 eumdem
954 2897 1278 2967 paradisum,
1307 2898 1442 2950 sicut
1483 2911 1641 2964 supra
1676 2895 1912 2962 disputa-

323 2999 438 3045 tum
465 3001 568 3054 est,
599 3007 695 3061 per
727 2990 1102 3060 agriculturam
1136 3005 1240 3042 non
1281 2987 1618 3049 laboriosam,
1649 2985 1742 3040 sed
1772 2984 1910 3038 deli-

321 3082 566 3144 ciosam,
624 3089 678 3136 et
721 3091 953 3135 mentem
1001 3079 1277 3149 prudentis
1323 3063 1511 3148 magna
1557 3088 1715 3146 atque
1762 3075 1912 3130 utilia

322 3183 806 3229 commonentem:
857 3172 1149 3228 custodiret
1189 3180 1366 3226 autem
1415 3170 1659 3226 eumdem
1707 3169 1915 3239 paradi-

324 3281 445 3320 sum
468 3267 568 3336 ipsi
597 3266 732 3328 sibi,
779 3281 846 3319 ne
883 3264 1080 3334 aliquid
1106 3263 1428 3324 admitteret,
1457 3277 1620 3332 quare
1649 3260 1770 3315 inde
1801 3275 1914 3314 me-

321 3367 540 3411 reretur
568 3355 785 3424 expelli.
835 3355 1074 3424 Denique
1119 3355 1328 3423 accepit
1370 3362 1424 3406 et
1472 3360 1812 3421 praeceptum,
1855 3357 1913 3404 ut

323 3447 396 3499 sit
428 3461 523 3516 per
566 3445 708 3514 quod
751 3445 852 3499 sibi
899 3445 1166 3500 custodiat
1209 3445 1533 3514 paradisum,
1577 3443 1624 3498 id
1669 3451 1770 3508 est,
1807 3458 1912 3512 quo

322 3546 648 3590 conservato
676 3551 780 3590 non
823 3535 944 3590 inde
970 3536 1297 3605 projieiatur.
1334 3535 1496 3590 Recte
1522 3534 1662 3589 enim
1689 3536 1913 3603 quisque

323 3626 524 3681 dicitur
553 3643 658 3680 non
680 3627 978 3682 custodisse
1005 3643 1118 3683 rem
1141 3642 1314 3694 suam,
1337 3627 1424 3697 qui
1455 3626 1533 3682 sic
1559 3629 1665 3697 egit
1689 3627 1916 3682 utamit-

325 3728 462 3773 teret
489 3733 628 3784 eam,
660 3719 868 3774 etiamsi
895 3719 1049 3774 alteri
1090 3720 1233 3774 salva
1263 3720 1370 3788 sit,
1399 3720 1489 3790 qui
1509 3735 1627 3774 eam
1656 3721 1738 3776 vel
1762 3719 1910 3774 inve-

323 3807 405 3861 nit
433 3809 514 3862 vel
543 3809 786 3877 accipere
812 3810 1024 3864 meruit.

398 3898 490 3953 2'5.
521 3899 616 3953 Est
637 3900 773 3954 alius
808 3901 858 3954 in
890 3901 972 3954 his
999 3901 1176 3956 verbis
1219 3915 1430 3965 sensus,
1460 3917 1617 3972 quem
1650 3909 1777 3971 puto
1807 3918 1912 3957 non

323 3989 599 4044 immerito
618 3992 1055 4060 pra'ponendum,
1081 4002 1138 4046 ut
1163 3993 1331 4062 ipsum
1362 3993 1630 4046 hominem
1659 4009 1913 4062 operare-

323 4090 417 4134 tur
443 4081 580 4135 Deus
610 4091 665 4135 et
693 4083 985 4137 custodiret
1016 4084 1112 4152 (α).
1140 4083 1286 4137 Sicut
1306 4084 1447 4138 enim
1476 4093 1734 4154 operatur
1755 4085 1913 4140 homo

322 4181 548 4236 terram,
580 4188 684 4226 non
717 4183 771 4226 ut
799 4189 915 4227 eam
948 4173 1238 4228 l‘aciatesse
1267 4183 1484 4237 terram,
1513 4177 1604 4229 sed
1645 4177 1911 4230 utcullam

320 4272 486 4332 atque
528 4264 850 4320 fructuosam
881 4284 894 4319 :
928 4267 1004 4319 sic
1044 4266 1185 4321 Deus
1221 4268 1486 4320 hominem
1533 4267 1908 4338 multomagis,

323 4370 486 4422 quem
521 4355 634 4424 ipse.
657 4358 856 4409 creavit
879 4365 935 4409 ut
971 4357 1131 4411 homo
1153 4359 1248 4423 sit,
1281 4374 1400 4412 eum
1450 4359 1562 4428 ipse
1588 4369 1838 4428 cperatnr
1860 4371 1914 4414 ut

318 4444 501 4514 justus
529 4447 618 4512 sit,
646 4448 688 4500 si
721 4446 882 4500 homo
913 4448 980 4502 ab
1012 4449 1100 4501 illo
1127 4463 1224 4518 per
1259 4449 1559 4518 superbiant
1591 4468 1693 4504 non
1721 4452 1910 4506 absce-

321 4535 452 4595 dat;
488 4535 593 4590 hoc
630 4545 714 4591 est
759 4537 901 4590 enim
941 4548 1246 4607 apostatare
1283 4555 1310 4591 a
1358 4541 1486 4602 Deo,
1520 4542 1660 4609 qtiod
1707 4543 1912 4596 initium

321 4628 592 4695 Superbia:
635 4629 904 4698 Scriptura
947 4629 1114 4683 dicit:
1163 4629 1396 4695 Initium,
1443 4633 1914 4702 inquit,superbim

322 4719 546 4771 Irontinis
582 4731 872 4787 apostatare
911 4737 942 4772 a
975 4721 1079 4774 Deo
1111 4720 1297 4793 (Eccli.
1338 4739 1370 4776 Χ
1393 4763 1407 4785 ,
1453 4724 1563 4793 14).
1608 4724 1739 4790 Quia
1786 4741 1914 4793 ergo

322 4813 468 4865 Dens
496 4824 579 4866 est
609 4815 1037 4870 incommutabile
1081 4815 1301 4878 bonum,
1339 4817 1498 4870 homo
1538 4827 1713 4870 autem
1747 4827 1799 4871 et
1829 4833 1914 4872 se-

319 4906 559 4959 Clllldllm
583 4908 812 4962 animam
857 4919 909 4962 et
954 4910 1242 4964 secundum
1284 4925 1478 4979 Corpus
1516 4911 1784 4964 mutabilis
1828 4927 1914 4966 res

315 5005 442 5058 est;
478 4997 577 5051 nisi
608 4997 672 5051 ad
706 4999 1135 5054 incommutabile
1169 5001 1364 5053 bomnn
1387 5042 1401 5064 ,
1443 5001 1583 5069 quod
1626 5009 1708 5055 est
1755 5001 1910 5068 Deus,

321 5101 618 5142 conversus
645 5089 965 5157 substiterit,
993 5091 1208 5146 formari
1236 5103 1292 5145 ut
1313 5093 1490 5161 justus
1513 5094 1802 5163 beatusque
1823 5095 1909 5160 sit,

320 5193 432 5233 non
466 5190 661 5248 potest.
705 5183 783 5236 Ae
836 5199 930 5250 per
967 5183 1068 5238 hoc
1096 5184 1234 5238 Deus
1262 5185 1399 5238 idem
1437 5187 1524 5253 qui
1564 5197 1708 5239 creat
1741 5188 1914 5240 homi-

319 5286 471 5336 nem,
505 5281 562 5326 ut
593 5273 753 5329 homo
779 5276 868 5342 sit,
913 5277 1028 5346 ipse
1054 5288 1306 5346 operatur
1344 5278 1610 5332 hominem
1641 5291 1800 5349 atque
1823 5297 1917 5335 cu-

318 5365 521 5430 stodit,
575 5375 631 5420 ut
675 5367 836 5421 etiam
884 5369 1057 5423 bonus
1107 5369 1399 5440 beatusque
1445 5371 1532 5424 sit.
1580 5373 1918 5441 Quapropter

317 5470 426 5524 qua
466 5456 733 5510 locutione
761 5457 957 5513 dicitur
977 5459 1138 5513 homo
1166 5459 1375 5529 cperari
1422 5471 1637 5525 terram,
1671 5481 1786 5532 quze
1808 5464 1912 5534 iam

323 5556 467 5605 terra
495 5562 630 5614 erat,
667 5562 721 5606 ut
744 5562 930 5607 ornata
974 5563 1134 5624 atque
1178 5555 1398 5610 fecunda
1442 5557 1530 5618 sit,
1558 5573 1619 5611 ea
1651 5558 1915 5612 locutione

386 5707 460 5770 (α)
485 5707 642 5758 altera
666 5716 829 5777 tamen
848 5711 1091 5777 expositio
1111 5711 1268 5777 aptius
1281 5713 1503 5774 congruit
1521 5711 1736 5777 hebrzeo,
1753 5711 1801 5762 in
1819 5727 1916 5777 quo

326 5782 594 5838 pronomen
609 5784 738 5829 eum,
749 5771 961 5838 refertur
971 5774 1031 5822 ad
1040 5771 1342 5838 paradisum,
1359 5771 1549 5838 genere
1567 5774 1796 5826 feminino
1806 5771 1914 5827 cum

321 5837 416 5885 isu
437 5846 558 5884 voce
580 5835 895 5883 conueniens.

1593 383 1797 441 LIBER
1831 380 2163 441 OCTAVUS.

3494 391 3602 449 38’!

2013 498 2202 555 dicitur
2234 501 2372 558 Deus
2401 505 2608 573 operari
2658 503 2926 560 hominem
2953 547 2968 574 ,
2995 507 3084 578 qui
3111 505 3220 576 jam
3258 507 3419 562 homo
3455 518 3591 571 erat,

2013 603 2071 647 ut
2099 596 2214 664 pius
2239 597 2556 668 sapiensque
2585 600 2674 666 sit,
2704 615 2932 669 cumque
2949 600 3236 664 custodire,
3270 599 3410 668 quod
3431 598 3594 654 homo

2013 700 2108 740 sua
2139 697 2399 756 potestate
2427 690 2477 744 in
2506 705 2587 757 se,
2627 708 2783 760 quam
2823 692 2961 747 illius
2985 708 3143 761 supra
3183 706 3241 746 se
3268 692 3594 753 delectatus,

2013 777 2535 852 dominationemque
2581 783 2697 852 ejus
2736 792 3084 838 contemnens
3127 791 3268 838 tutus
3318 797 3438 837 esse
3484 797 3594 835 non

2011 870 2200 938 possit.

2119 963 2342 1021 CAPUT
2371 965 2461 1020 XI.
2489 996 2558 1006 —
2580 965 2682 1020 Cur
2705 967 2786 1020 hic
2811 967 2986 1021 addita
3013 967 3186 1034 dictio,
3207 967 3485 1022 Dominus.

2578 1057 2824 1112 Dominus
2848 1075 3011 1112 verus.

2082 1148 2172 1203 24.
2209 1147 2436 1203 Proinde
2478 1150 2622 1202 nullo
2662 1150 2820 1203 modo
2852 1166 3041 1204 vacare
3081 1151 3330 1214 arbitror,
3372 1148 3466 1204 sed
3497 1163 3596 1203 nos

2013 1240 2233 1310 aliquid,
2264 1249 2318 1296 et
2349 1256 2594 1311 magnum
2617 1241 2815 1310 aliquid
2861 1243 3173 1308 admonere,
3204 1243 3346 1312 quod
3375 1241 3443 1295 ab
3483 1241 3598 1311 ipso

2012 1332 2176 1388 divini
2207 1332 2326 1388 libri
2357 1335 2514 1401 hujus
2540 1335 2792 1401 exordio,
2817 1351 2878 1389 ex
2911 1351 3016 1406 quo
3046 1337 3114 1390 ita
3146 1345 3353 1404 emptus
3391 1344 3494 1398 est,
3530 1333 3597 1388 In

2014 1427 2264 1497 principio
2291 1426 2406 1496 fecit
2429 1425 2560 1480 Deus
2581 1427 2761 1480 caelum
2787 1435 2834 1480 et
2857 1437 3061 1492 terram,
3082 1443 3248 1496 usque
3278 1426 3344 1481 ad
3362 1427 3500 1479 hunc
3517 1427 3597 1478 lo-

2013 1535 2156 1584 cum,
2173 1533 2432 1589 nusquam
2452 1520 2678 1588 positum
2696 1529 2797 1586 est,
2815 1519 3070 1574 Dominus
3088 1519 3246 1583 Deus;
3261 1518 3354 1573 sed
3375 1526 3602 1572 tantum‘

2013 1612 2194 1680 modo,
2212 1611 2384 1668 Deus:
2411 1627 2553 1666 nunc
2573 1627 2701 1667 vero
2719 1611 2803 1666 ubi
2820 1611 2886 1666 ad
2904 1613 2953 1666 id
2975 1624 3190 1666 ventum
3220 1621 3319 1675 est,
3342 1620 3397 1665 ut
3414 1611 3589 1664 homi-

2014 1718 2135 1758 nem
2161 1704 2212 1757 in
2239 1703 2482 1772 paradiso
2501 1705 2868 1770 constitueret,
2893 1718 3121 1772 eumque
3149 1718 3243 1772 per
3269 1710 3620 1775 pratceptutn

2013 1805 2329 1865 operaretur
2348 1797 2727 1862 etcustodiret,
2770 1797 2839 1850 ita
2876 1796 3150 1862 Scriptura
3179 1796 3350 1848 locuta
3389 1803 3500 1856 est,
3526 1791 3596 1845 Et

2013 1891 2224 1960 sumpsit
2242 1888 2490 1943 Dominus
2505 1888 2639 1942 Deus
2654 1889 2904 1942 hominem
2917 1904 3061 1956 quem
3075 1887 3192 1954 fecit
3210 1927 3225 1952 ,
3243 1896 3288 1938 et
3306 1887 3467 1955 posuit
3485 1900 3599 1938 eum

2013 1982 2066 2035 in
2092 1981 2329 2051 paradiso
2353 1983 2552 2051 operari
2575 1998 2685 2034 eum
2709 1992 2755 2034 et
2783 1980 3034 2034 custodire
3060 1995 3079 2033 :
3104 1995 3209 2034 non
3241 1978 3382 2048 quod
3435 1991 3597 2046 supra

2015 2073 2276 2127 dictarum
2307 2081 2670 2128 creaturarum
2697 2073 2952 2128 Dominus
2988 2087 3092 2126 non
3114 2082 3257 2127 esset
3287 2072 3462 2135 Deus;
3495 2068 3592 2125 sed
3621 2135 3627 2147 .

2015 2166 2139 2235 quia
2168 2164 2268 2219 hoc
2296 2180 2392 2218 uec
2422 2173 2637 2234 propter
2673 2165 2904 2232 Angelos
2923 2204 2938 2227 ,
2963 2179 3062 2218 nec
3093 2172 3309 2232 pr0pter
3346 2161 3446 2216 alia
3477 2177 3598 2231 qua:

2014 2267 2194 2312 creata
2250 2265 2418 2321 sunt,
2488 2255 2582 2310 sed
2647 2266 2862 2325 propter
2917 2256 3188 2310 hominem
3231 2252 3597 2319 scribebatur,

2014 2348 2080 2402 ad
2105 2363 2228 2402 eum
2281 2347 2671 2401 admonendum
2715 2355 2968 2416 quantum
3015 2345 3065 2400 ei
3111 2343 3358 2414 expediat
3398 2343 3599 2398 habere

2017 2439 2296 2494 Dominum
2337 2438 2520 2504 Deum,
2554 2438 2654 2492 hoc
2682 2447 2786 2499 est,
2806 2437 2905 2490 sub
2941 2436 3058 2505 ejus
3079 2434 3440 2490 dominatione
3465 2433 3599 2486 obe-

2014 2531 2226 2584 dienter
2254 2531 2432 2583 vivere
2457 2571 2472 2595 ,
2499 2545 2659 2599 quam
2711 2528 2988 2583 licentiose
3030 2527 3175 2580 abuti
3207 2525 3416 2594 propria
3445 2532 3600 2594 pote-

2016 2632 2174 2685 state,
2206 2637 2464 2691 nusquam
2494 2621 2595 2674 hoc
2625 2620 2770 2690 prius
2799 2634 3000 2689 ponere
3030 2619 3212 2680 voluit,
3242 2617 3341 2670 nisi
3370 2616 3454 2669 ubi
3480 2630 3602 2684 per-

2017 2721 2236 2767 ventum
2265 2722 2347 2766 est
2376 2712 2440 2764 ad
2463 2728 2583 2767 eum
2608 2713 2656 2764 in
2686 2711 2930 2780 paradiso
2954 2710 3340 2774 collocandum,
3373 2723 3602 2778 operan-

2015 2803 2140 2858 dum
2164 2813 2218 2857 et
2245 2803 2650 2858 custodiendum
2675 2819 2688 2855 :
2734 2811 2790 2856 ut
2817 2819 2920 2856 non
2943 2802 3145 2856 diceret
3169 2803 3304 2856 sicut
3331 2811 3384 2856 et
3404 2810 3598 2855 caetera

2016 2896 2192 2948 omnia
2221 2896 2486 2964 superius,
2519 2895 2582 2948 Et
2602 2893 2830 2963 sumpsit
2868 2894 3006 2948 Deus
3035 2892 3302 2946 hominem
3323 2907 3483 2962 quem
3515 2889 3595 2946 fe-

2015 2987 2122 3052 cit;
2153 2987 2247 3041 sed
2275 2988 2492 3050 diceret,
2526 2985 2594 3038 Et
2634 2986 2846 3055 sumpsit
2873 2984 3124 3039 Dominus
3153 2984 3288 3038 Deus
3325 2985 3596 3048 hominem,

2015 3095 2160 3148 quem
2190 3079 2325 3149 fecit,
2357 3089 2402 3130 et
2424 3079 2586 3144 posuit
2611 3095 2727 3131 eum
2759 3078 2812 3131 in
2847 3077 3083 3146 paradiso
3119 3076 3318 3147 aperari
3355 3093 3498 3139 eum,
3545 3083 3601 3128 ut
3659 3112 3662 3115 -

2011 3171 2188 3239 justus
2210 3181 2370 3230 esset,
2402 3179 2449 3222 et
2488 3169 2742 3222 custodire
2761 3210 2775 3232 ,
2805 3178 2862 3222 ut
2901 3178 3044 3222 tutus
3070 3177 3232 3230 esset,
3283 3168 3392 3236 ipsa
3421 3166 3600 3234 ntiqua

2015 3261 2376 3315 dominatione
2397 3277 2513 3326 sua,
2536 3277 2653 3330 qua:
2685 3277 2791 3314 non
2812 3269 2896 3315 est
2923 3261 2997 3314 illi
3025 3260 3119 3315 sed
3139 3260 3290 3314 t'iobis
3318 3259 3478 3313 utilis.
3503 3257 3598 3313 Ille

2017 3355 2211 3421 qu‘ppe
2241 3363 2420 3406 nostra
2451 3353 2706 3406 servitute
2737 3368 2841 3406 non
2875 3353 3093 3421 indiget,
3141 3367 3238 3406 nos
3266 3367 3392 3406 vero
3418 3350 3598 3404 domi-

2017 3446 2232 3499 uationc
2261 3445 2404 3498 illius
2424 3445 2740 3513 indigemus,
2772 3454 2829 3498 ut
2857 3455 3107 3514 cperetur
3125 3454 3179 3497 et
3199 3444 3597 3506 custodiatnos;

2016 3549 2068 3593 et
2100 3538 2216 3592 ideo
2253 3554 2407 3592 verus
2454 3538 2601 3592 solus
2643 3547 2725 3592 est
2772 3538 3046 3600 Dominus,
3096 3536 3216 3604 quia
3268 3551 3372 3588 non
3419 3534 3491 3588 illi
3531 3533 3600 3588 ad

2016 3644 2189 3695 suam,
2219 3629 2313 3683 sed
2357 3629 2421 3682 ad
2467 3639 2704 3683 nostram
2745 3629 3024 3684 utilitatem
3067 3629 3398 3697 salutemque
3427 3627 3601 3681 servi-

2017 3738 2156 3776 mus.
2186 3721 2316 3776 Nam
2359 3723 2402 3776 si
2435 3722 2587 3776 nobis
2613 3721 2889 3792 indigeret,
2920 3738 2986 3776 eo
3027 3721 3142 3790 ipso
3166 3738 3272 3775 non
3305 3737 3460 3774 verus
3495 3720 3601 3774 Dc-

2019 3813 2195 3867 niinns
2218 3823 2380 3878 esset,
2409 3829 2527 3866 cum
2557 3828 2651 3882 per
2675 3829 2773 3866 nos
2793 3814 2910 3880 ejus
2930 3812 3266 3882 adjuvaretur
3287 3813 3598 3876 necessitas,

2017 3905 2118 3956 sub
2139 3920 2238 3973 qua
2269 3914 2322 3957 ct
2355 3905 2466 3972 ipse
2493 3905 2736 3958 serviret.
2760 3904 2948 3958 Merito
2974 3904 3064 3958 ille
3091 3905 3140 3957 in
3170 3903 3379 3958 Psalmo
3408 3922 3421 3958 :
3455 3902 3598 3969 Dixi,

2020 3996 2206 4064 inquit,
2239 3993 2488 4057 Domino,
2517 3995 2654 4048 Dens
2691 4012 2827 4048 meus
2865 4013 2916 4049 es
2955 4006 3049 4057 tu;
3085 3996 3320 4063 quoniam
3359 3994 3602 4048 bonorum

2018 4103 2239 4140 meorum
2265 4103 2364 4138 non
2395 4103 2506 4156 eges
2542 4085 2721 4157 (Psal.
2753 4102 2849 4153 xv,
2879 4087 2972 4158 ἓ).
3015 4086 3122 4141 Nec
3158 4088 3226 4139 ita
3265 4086 3626 4149 sentiendum,

2017 4186 2100 4230 est
2145 4177 2283 4246 quod
2317 4177 2570 4240 diximus,
2594 4192 2694 4231 nos
2725 4178 2794 4230 illi
2825 4178 2890 4232 ad
2923 4179 3201 4233 utilitatem
3245 4189 3479 4231 nostram
3509 4193 3600 4232 sa-

2019 4268 2290 4338 lutemque
2322 4269 2524 4322 servire
2545 4310 2558 4334 ,
2588 4277 2836 4337 tanquam
2878 4269 3020 4322 aliud
3047 4269 3242 4337 aliquid
3273 4270 3342 4321 ab
3381 4271 3468 4323 illo
3510 4285 3603 4322 cx-

2017 4371 2319 4430 spectemus
2343 4376 2501 4429 quam
2531 4376 2650 4413 eum
2697 4361 2903 4428 ipsum,
2931 4361 3016 4428 qui
3064 4376 3269 4413 summa
3313 4361 3509 4413 utilitas
3547 4369 3602 4414 et

2017 4453 2162 4506 salus
2193 4463 2371 4504 nostra
2396 4459 2498 4504 est.
2526 4450 2614 4504 Sic
2640 4451 2780 4503 enim
2806 4467 2925 4503 eum
2950 4451 3113 4518 gratis
3141 4450 3430 4503 secundum
3458 4449 3601 4503 illam

2019 4558 2202 4596 vocem
2247 4542 2512 4612 diligimus
2545 4559 2559 4594 :
2592 4541 2722 4594 Mihi
2759 4553 2927 4595 autem
2969 4542 3228 4596 adltwrere
3270 4541 3377 4596 1)ιό
3420 4544 3603 4596 bonum

2018 4647 2087 4689 est
2116 4634 2287 4703 (Psul.
2332 4650 2498 4695 LXXII,
2529 4633 2646 4702 28).

2053 4723 2277 4780 CAPUT
2306 4724 2420 4780 XII.
2451 4755 2523 4764 —
2553 4721 2818 4778 Hominem
2858 4742 2957 4778 non
2987 4742 3130 4793 posse
3152 4727 3422 4792 quidquam
3450 4729 3566 4782 boni

2340 4833 2486 4887 agere
2509 4817 2620 4870 sine
2650 4815 2774 4869 Deo.
2808 4815 3071 4870 Discessus
3100 4836 3129 4870 ιι
3152 4816 3280 4870 Deo.

2087 4909 2179 4964 25.
2211 4908 2390 4979 Neque
2419 4908 2561 4963 enim
2595 4908 2701 4962 tale
2741 4907 2937 4978 aliquid
2967 4918 3051 4962 est
3083 4910 3242 4963 homo
3263 4952 3276 4974 ,
3310 4921 3365 4962 ut
3413 4909 3601 4972 factus,

2019 5000 2302 5056 deserente
2343 5016 2408 5054 eo
2433 5000 2521 5069 qui
2550 5001 2692 5066 fecit,
2728 5001 2892 5068 possit
2923 5001 3122 5070 aliquid
3148 5017 3308 5070 agere
3335 5001 3468 5054 bene
3491 5013 3606 5054 tan-

2021 5109 2177 5161 quam
2205 5108 2268 5147 ex
2293 5094 2503 5162 seipse;
2533 5091 2628 5147 sed
2673 5101 2778 5146 tota
2821 5093 2938 5162 ejus
2971 5098 3110 5149 actio
3147 5095 3285 5148 bona
3306 5137 3321 5161 ,
3363 5105 3446 5148 est
3473 5110 3603 5149 con-

2021 5185 2153 5239 verti
2181 5183 2245 5238 ad
2275 5201 2395 5238 eum
2427 5200 2457 5238 a
2483 5201 2588 5252 quo
2616 5183 2786 5238 lactus
2814 5194 2896 5238 est
2919 5224 2934 5249 ,
2961 5194 3016 5239 et
3041 5185 3108 5238 ab
3138 5202 3204 5239 eo
3225 5187 3399 5252 justus
3418 5226 3434 5251 ,
3465 5192 3604 5256 plus,

2021 5277 2254 5343 Sapiens,
2295 5276 2584 5346 beatusque
2609 5290 2822 5345 semper
2861 5276 2975 5330 lieri
3009 5293 3023 5328 :
3059 5293 3165 5328 non
3206 5278 3317 5330 lieri
3359 5288 3412 5330 et
3455 5294 3606 5330 rece-

2021 5368 2170 5435 dere,
2199 5369 2336 5423 sicut
2374 5386 2403 5421 a
2446 5370 2687 5439 corporis
2717 5369 2924 5424 medico
2972 5371 3148 5424 sanari
3177 5381 3226 5424 et
3268 5369 3452 5424 abire:
3485 5371 3606 5440 quia

2025 5462 2260 5514 medicus
2289 5463 2526 5530 corporis
2563 5461 2836 5530 operarius
2875 5460 2972 5515 fuit
3000 5463 3347 5526 extrinsecus,
3370 5461 3610 5515 Servieus

2026 5564 2224 5607 naturm
2244 5555 2560 5607 intrinsecus
2582 5556 2822 5622 operanti
2843 5555 2940 5608 sub
2961 5557 3089 5619 Deo,
3114 5555 3199 5622 qui
3219 5567 3469 5623 operatur
3494 5573 3611 5610 om-

2025 5664 2147 5702 nem
2173 5649 2394 5703 salutem
2416 5651 2630 5720 gemino
2649 5649 2738 5702 illo
2755 5666 2918 5718 opere
2936 5650 3297 5718 providentim,
3318 5649 3384 5704 de
3401 5670 3502 5719 quo
3523 5669 3610 5707 su-

2026 5756 2116 5809 pra
2138 5741 2295 5794 locuti
2321 5737 2668 5813 stunus(Cap.
2687 5740 2763 5811 9).
2791 5739 2906 5794 Non
2933 5756 3060 5809 ergo
3087 5742 3156 5795 ita
3181 5757 3239 5795 se
3267 5743 3423 5797 debet
3453 5742 3610 5798 homo

2024 5832 2088 5885 ad
2129 5829 2406 5886 Detitinuni
2429 5839 2759 5892 convertere.
2779 5839 2829 5885 nt
2849 5847 2968 5886 eum
2992 5831 3060 5886 ab
3087 5846 3150 5894 eo
3167 5831 3332 5888 factm
3348 5834 3503 5888 [ιλιι-ἐι
3527 5833 3596 5891 iu-
