4102 6356
497 376 601 432 583
1433 371 1524 428 DE
1561 363 1809 426 GENESl
1849 361 1952 418 AD-
1978 356 2349 430 LITTERAM,
2386 362 2444 420 S.
2485 365 2853 424 AUGUSTINI
3672 377 3788 436 ωδ

495 505 610 552 stus
635 493 907 562 abscedat,
933 492 1026 549 sed
1057 492 1126 547 ita
1145 497 1204 546 ut
1227 488 1294 545 ab
1309 487 1401 542 ilio
1429 500 1642 556 semper
1666 482 1775 536 ﬁat.
1790 479 1868 572 Eo
1890 476 2087 572 quippe
2128 547 2163 572 KV
2193 489 2298 530 non
2321 477 2504 572 utique
2527 489 2816 572 peccasset.
2841 479 2973 536 Nam
2997 481 3084 552 qui
3109 481 3256 552 dicit;
3277 485 3422 540 verbi
3443 488 3635 558 gratia,
3657 489 3782 548 Noti

495 587 612 656 ipso
625 601 742 640 cum
757 586 824 640 ab
845 585 1054 640 illonon
1068 581 1310 646 discedit,
1328 580 1444 647 ejus
1464 579 1575 647 ipse
1595 571 1876 647 praesentia
1892 567 2088 641 justiti-
2132 567 2155 656 ξ
2193 575 2410 638 tangere
2438 569 2572 624 hanc
2602 571 2843 639 herbam,
2874 572 2930 627 si.
2950 573 3085 630 forte
3103 590 3378 631 venenosa
3406 588 3489 634 est
3517 589 3780 636 mortem.

493 686 668 742 catur,
687 687 741 732 et
757 675 1103 742 illuminatur,
1123 683 1177 728 et
1195 671 1813 738 beatilicatur,operante
1837 672 1891 719 et
1904 669 2085 718 custo—

498 767 679 822 dit-nte
707 767 848 831 Deo,
885 765 1012 821 dum
1041 763 1306 819 obedienti
1331 760 1676 829 subjectoque
1701 753 2027 810 dominatur.

567 857 659 912 26.
686 856 870 926 Neque
895 853 1059 918 enim,
1091 863 1148 908 ut
1171 851 1500 911 dicebamus,
1531 849 1670 902 sicut
1693 852 1946 915 operatur
1977 842 2084 895 1ιο-
2116 849 2126 860 ί

495 963 584 1002 mo
611 958 832 1013 terram,
855 955 914 1002 ut
931 947 1071 1000 culta
1099 954 1258 1014 atque
1287 940 1508 997 fecunda
1533 939 1622 1004 sit,
1653 940 1740 1008 qui
1768 950 1890 990 cum
1921 931 2085 987 fuerit

493 1048 742 1108 operatus
767 1037 1026 1102 abscedit,
1057 1035 1368 1104 relinquens
1395 1047 1512 1086 eam
1540 1029 1624 1086 vel
1651 1037 1875 1091 aratam,
1899 1024 1980 1079 vel
2003 1037 2087 1078 sa-

493 1137 621 1192 tam,
653 1129 732 1182 vel
754 1130 1007 1198 rigatam,
1043 1127 1121 1181 vel
1153 1125 1196 1178 si
1241 1123 1364 1194 quid
1404 1121 1579 1188 aliud,
1626 1125 1882 1174 manente
1918 1129 2084 1184 opere

492 1219 631 1290 quod
665 1217 859 1273 factum
887 1228 988 1283 est,
1029 1232 1149 1271 eum
1189 1223 1439 1284 operator
1464 1209 1804 1271 abscesserit,
1842 1208 1912 1261 ita
1941 1206 2082 1259 Deus

493 1320 745 1378 operatur
771 1309 1046 1363 hominem
1065 1308 1290 1377 justum,
1318 1304 1368 1358 id
1391 1312 1471 1358 est
1491 1299 1832 1371 justilicando
1857 1312 2001 1362 eum,
2025 1303 2086 1350 ut

492 1401 534 1452 si
564 1400 900 1465 abscesserit,
928 1409 1140 1452 maneat
1183 1398 1235 1451 in
1267 1395 1588 1451 abscedente
1617 1391 1760 1462 quod
1794 1389 1960 1444 fecit:
1987 1387 2082 1442 sed

492 1480 667 1559 potius
695 1491 830 1544 sicut
859 1505 952 1544 aer
973 1497 1235 1559 przesente
1271 1487 1474 1541 lumine
1500 1500 1606 1538 non
1639 1485 1806 1536 l'actus
1831 1488 1915 1535 est
1945 1479 2080 1533 luci-

489 1582 610 1648 dus,
640 1582 733 1636 sed
778 1583 864 1646 lit;
894 1581 1017 1650 quia
1048 1581 1091 1635 si
1126 1582 1296 1634 factus
1328 1586 1506 1641 esset,
1549 1590 1656 1629 non
1697 1583 1875 1628 autem
1907 1571 2082 1638 ﬁeret,

491 1673 651 1728 etiam
677 1674 898 1728 absente
929 1672 1126 1726 lumine
1156 1671 1364 1725 lucidus
1385 1676 1656 1729 maneret;
1685 1666 1763 1721 sic
1788 1663 1948 1718 homo
1973 1662 2081 1716 Deo

492 1765 594 1819 sibi
633 1774 896 1834 praesente
934 1762 1300 1827 illuminatur,
1339 1761 1560 1814 absente
1600 1768 1780 1812 autem
1824 1754 2080 1810 continuo

495 1856 879 1920 tenebratur;a
902 1870 1007 1926 quo
1029 1869 1132 1909 non
1161 1854 1406 1908 locorum
1427 1849 1742 1914 intervallis,
1769 1845 1864 1903 sed
1891 1845 2081 1900 velum

493 1949 621 2003 tatis
646 1948 924 2003 aversione
947 1947 1260 2002 disceditur.

559 2042 649 2096 27.
689 2039 781 2096 ille
808 2041 984 2111 itaque
1009 2047 1261 2109 operetur
1287 2035 1554 2092 hominem
1579 2033 1775 2088 bonum
1801 2040 1960 2101 atque
1982 2044 2080 2084 cu-

489 2133 716 2198 stodiat,
747 2133 835 2202 qui
868 2127 1369 2185 incommutabiliter
1396 2127 1566 2181 bonus
1605 2131 1707 2178 est.
1750 2120 1975 2190 Semper
2013 2119 2080 2174 ab

491 2225 583 2278 illo
611 2224 722 2278 fieri
741 2265 755 2288 ,
785 2219 1314 2293 semperqueperlici
1337 2217 1626 2279 debemus,
1657 2214 1976 2268 inhaerentes
2004 2211 2081 2279 ei,

489 2326 543 2370 et
572 2317 622 2370 in
653 2331 716 2372 ea
744 2315 1094 2370 conversione
1131 2325 1250 2382 quae
1287 2310 1356 2365 ad
1384 2310 1529 2364 illum
1565 2317 1648 2363 est
1683 2312 2080 2376 permanentes,

489 2409 556 2463 de
581 2424 685 2478 quo
713 2407 941 2474 dicitur,
976 2405 1106 2458 Mihi
1144 2412 1311 2458 autent
1339 2402 1596 2455 adluerere
1630 2397 1736 2452 Deo
1761 2398 1944 2451 bonum
1973 2406 2079 2461 est;

489 2509 544 2553 et
586 2498 671 2553 cui
712 2498 932 2559 dicitur,
978 2494 1352 2549 Fortitudinem
1391 2507 1556 2546 meum
1600 2489 1667 2543 ad
1712 2498 1759 2542 te
1801 2487 2081 2541 custodiam

492 2589 662 2664 (Ps-al.
688 2605 811 2645 mu
833 2632 846 2654 ,
876 2587 988 2660 10).
1022 2587 1190 2657 lpsius
1218 2585 1360 2641 enim
1387 2597 1568 2639 sumus
1599 2582 1904 2651 ﬁgmentum
1924 2619 1940 2645 ,
1973 2593 2079 2632 non

490 2691 694 2736 tantum
730 2681 797 2735 ad
839 2683 939 2735 hoc
979 2689 1036 2735 ut
1076 2678 1318 2732 homines
1351 2677 1550 2742 simus,
1575 2673 1669 2729 sed
1697 2673 1764 2727 ad
1791 2671 1893 2725 hoc
1918 2671 2078 2725 etiam

491 2783 550 2828 ut
587 2774 710 2828 boni
753 2774 937 2827 simus.
983 2771 1113 2827 Nam
1156 2779 1211 2826 et
1255 2767 1542 2839 Apostolus
1583 2781 1704 2820 cum
1745 2763 1985 2819 fidelibus
2012 2762 2081 2816 ab

491 2867 763 2937 impietate
806 2868 1081 2923 conversis
1101 2909 1116 2932 ,
1159 2867 1380 2936 gratiam
1427 2879 1528 2934 qua
1558 2861 1688 2916 salvi
1719 2859 1842 2942 iacti
1871 2873 2076 2924 sumus,

489 2959 888 3014 eoinineudaret
917 2958 1132 3031 (Ephes.
1165 2973 1229 3020 ιι,
1259 2954 1422 3027 8-1θ)
1447 2973 1460 3008 :
1489 2953 1668 3009 Gratia
1692 2952 1856 3018 enim,
1888 2950 2078 3020 inquit,

490 3052 614 3103 salvi
647 3051 769 3121 facti
797 3052 916 3105 estis
945 3068 1034 3120 Per
1059 3051 1246 3118 ﬁdem;
1271 3058 1315 3102 et
1345 3049 1438 3100 hoc
1463 3063 1563 3099 non
1591 3061 1655 3099 ea:
1679 3043 1841 3108 vobis,
1875 3042 1964 3097 sed
1987 3040 2083 3096 Dei

491 3141 680 3194 donum
717 3150 823 3202 est;
870 3159 969 3194 non
1011 3157 1074 3194 ea:
1101 3139 1360 3210 operibus,
1407 3154 1469 3190 ne
1497 3140 1627 3208 forte
1653 3135 1764 3205 quis
1792 3133 2078 3188 extollatur.

491 3229 664 3302 Ipsius
693 3233 822 3284 enim
847 3247 1021 3285 sumus
1047 3231 1341 3300 ﬁgmentum
1367 3228 1519 3282 creati
1541 3228 1594 3280 in
1621 3225 1817 3279 Christo
1839 3222 1963 3286 Iesu
1983 3265 1997 3290 ,
2028 3224 2082 3277 in

490 3321 721 3388 aperilms
748 3322 888 3384 bonis
913 3338 1024 3389 quin
1050 3321 1350 3390 praeparavit
1375 3319 1530 3381 Deus,
1573 3327 1624 3370 ut
1655 3317 1707 3370 in
1735 3316 1837 3370 illis
1860 3313 2082 3369 ambula.

489 3429 618 3467 mus.
654 3413 719 3467 Et
744 3413 867 3467 alibi
897 3428 1016 3467 cum
1047 3412 1300 3476 dixisset,
1331 3410 1457 3464 Cum
1485 3410 1662 3462 timore
1686 3420 1732 3461 et
1758 3417 1972 3460 tremore
1993 3421 2079 3458 oe-

487 3518 644 3560 strum
691 3507 915 3577 ipsorum
962 3506 1173 3560 salutem
1219 3503 1532 3575 operamini;
1579 3516 1645 3554 ne
1689 3499 1790 3556 sibi
1836 3505 2082 3568 putarent

489 3597 848 3664 tribuendum,
881 3609 1128 3666 tauquam
1161 3597 1261 3665 ipsi
1286 3610 1344 3649 se
1369 3594 1601 3648 facerent
1619 3592 1792 3662 justus
1815 3599 1868 3645 et
1889 3591 2079 3656 bonos,

491 3691 747 3743 Continuo
775 3689 1000 3757 subjecit
1031 3707 1044 3742 :
1077 3687 1216 3742 Deus
1242 3687 1370 3741 enim
1401 3694 1472 3739 est
1497 3685 1582 3755 qui
1608 3693 1844 3754 operatur
1873 3683 1925 3734 in
1948 3681 2081 3735 vobis

491 3779 752 3849 (Philipp.
776 3796 832 3844 ll,
865 3779 950 3840 12,
983 3780 1089 3848 15).
1123 3779 1352 3846 Sumpsit
1381 3790 1508 3845 ergo
1541 3773 1789 3826 Dominus
1813 3771 1948 3824 Deus
1986 3772 2078 3824 ho-

492 3871 675 3923 minem
714 3887 856 3937 quem
899 3871 1043 3940 fecit,
1080 3880 1128 3922 et
1167 3870 1333 3939 posuit
1373 3884 1483 3920 eum
1521 3867 1572 3919 in
1618 3865 1854 3935 paradiso
1883 3863 2082 3934 operari

491 3981 624 4028 eum,
655 3964 755 4018 hoc
781 3973 880 4028 est,
912 3964 1121 4033 operari
1154 3964 1204 4016 in
1232 3978 1316 4024 eo,
1347 3970 1391 4014 et
1417 3961 1670 4013 custodire
1693 3975 1836 4013 eum.

489 4053 715 4110 CAPUT
744 4053 884 4108 XIII.
909 4083 981 4093 —
1008 4052 1110 4108 Cur
1137 4052 1288 4106 homo
1321 4051 1601 4122 prohibitus
1635 4066 1668 4102 a
1696 4050 1833 4120 ligno
1861 4047 2083 4102 scientite

1108 4144 1222 4198 boni
1249 4153 1295 4198 et
1324 4143 1466 4196 mali.

561 4236 651 4292 28.
685 4235 752 4290 Et
773 4237 1005 4308 prwcepit
1025 4233 1279 4289 Dominus
1297 4232 1435 4286 Deus
1457 4232 1595 4295 Adw,
1621 4231 1790 4284 dicens
1813 4246 1831 4285 :
1851 4231 1926 4284 Ab
1944 4232 2082 4286 omni

493 4329 630 4401 ligno
666 4329 801 4400 quod
841 4338 912 4383 est
952 4329 1008 4382 in
1059 4327 1328 4398 paradiso,
1361 4325 1474 4380 edes
1518 4325 1586 4378 ad
1625 4339 1825 4387 escam;
1855 4323 1916 4376 de
1945 4323 2082 4393 ligno

491 4432 658 4476 autem
686 4421 1018 4492 cognoscendi
1059 4420 1243 4474 bonum
1283 4428 1329 4472 et
1347 4419 1558 4484 malum,
1591 4434 1690 4472 non
1719 4416 2084 4472 manducabitis

491 4514 556 4567 de
579 4514 690 4567 illo.
727 4512 843 4577 Qua
867 4513 949 4565 die
975 4520 1141 4564 autem
1167 4510 1368 4564 oderitis
1395 4508 1459 4562 ab
1481 4525 1538 4562 eo
1554 4550 1569 4574 ,
1599 4517 1759 4562 morte
1781 4508 2079 4560 moriemini.

491 4604 546 4659 Si
574 4603 770 4672 aliquid
802 4602 928 4656 mali
956 4613 1096 4656 esset
1127 4603 1325 4672 lignum
1355 4599 1502 4664 illud,
1532 4598 1671 4654 unde
1698 4597 1966 4668 prohibuit
1987 4597 2082 4651 ho-

492 4699 691 4751 minem
725 4697 882 4760 Deus,
909 4695 1026 4764 ejus
1054 4695 1219 4764 ipsius
1249 4694 1373 4748 mali
1402 4702 1586 4747 natura
1617 4700 1907 4746 venenatus
1932 4689 2081 4744 vide-

492 4799 638 4842 retur
674 4785 740 4840 ad
783 4794 1031 4840 mortem.
1063 4785 1196 4850 Quia
1225 4799 1351 4838 vero
1379 4783 1517 4853 ligna
1547 4781 1723 4837 omnia
1755 4781 1806 4834 in
1837 4780 2081 4850 paradiso

490 4878 629 4933 bona
661 4877 988 4946 plantaverat
1026 4874 1178 4944 (Gen.
1216 4891 1264 4941 ι,
1302 4875 1424 4946 12),
1467 4874 1556 4945 qui
1588 4873 1710 4929 l'eeit
1736 4873 1913 4927 omnia
1943 4872 2080 4926 bona

490 4971 676 5036 valde,
711 4985 809 5024 nec
839 4970 946 5024 ulla
991 4969 1064 5024 ibi
1107 4977 1295 5024 natura
1335 4967 1461 5022 mali
1489 4976 1635 5035 erat,
1668 4967 1791 5036 quia
1821 4981 2080 5036 nusquam

489 5070 574 5118 est
598 5061 722 5117 mali
755 5061 857 5114 ulla
887 5070 1072 5115 natura
1093 5059 1258 5130 (quod
1284 5059 1604 5130 diligentius,
1631 5061 1674 5112 si
1703 5057 1956 5112 Dominus
1984 5074 2082 5110 vo-

489 5153 670 5220 luerit,
689 5152 1036 5216 disseremus,
1061 5166 1180 5205 cum
1213 5151 1278 5206 de
1307 5151 1398 5205 illo
1422 5156 1670 5220 serpente
1697 5148 1874 5210 dicere
1899 5162 2082 5216 cmpe-

493 5247 678 5318 rimus)
704 5265 714 5304 :
746 5247 812 5302 ab
841 5261 906 5301 eo
931 5246 1074 5316 ligno
1102 5245 1243 5315 quod
1271 5245 1468 5300 malum
1497 5259 1604 5298 non
1642 5250 1759 5298 erat
1786 5240 2082 5312 prohibitus

491 5349 601 5406 est,
633 5349 690 5395 ut
718 5341 830 5410 ipsa
874 5355 968 5410 per
1006 5355 1064 5394 se
1105 5339 1351 5409 praecepti
1393 5337 1727 5394 conservatio
1765 5336 1964 5392 bonum
2004 5333 2079 5389 illi

491 5441 670 5500 esset,
701 5441 758 5489 et
785 5433 1137 5504 transgressio
1166 5433 1383 5487 malum.

562 5525 652 5580 29.
693 5525 802 5582 Nec
841 5527 1010 5596 potuit
1051 5525 1242 5581 melius
1284 5533 1338 5578 et
1379 5521 1683 5591 diligentius
1720 5518 2080 5576 commendari

493 5625 745 5686 quantum
776 5618 973 5672 malum
1004 5619 1073 5672 sit
1101 5618 1214 5672 sola
1245 5613 1600 5669 iuobedientia
1620 5654 1636 5679 ,
1663 5627 1784 5666 cum
1813 5610 1934 5666 ideo
1959 5626 2083 5666 reus

494 5707 782 5768 iniquitatis
811 5708 977 5764 factus
1005 5719 1089 5764 est
1113 5709 1296 5776 homo,
1324 5708 1448 5778 quia
1475 5721 1594 5760 eam
1623 5719 1737 5760 rem
1764 5704 1931 5774 tetigit
1956 5719 2085 5759 con-

493 5811 574 5856 tra
605 5799 1045 5870 prohibitionem,
1077 5816 1234 5874 quam
1266 5800 1311 5856 si
1341 5813 1448 5856 non
1477 5795 1778 5870 prohibitus
1804 5795 2085 5868 tetigisset,

2192 673 2295 728 que
2342 661 2688 730 praenuntiat,
2721 661 2766 716 si
2806 663 3063 733 tetigerit,
3108 665 3348 734 sequitur
3386 668 3600 738 quidem
3629 686 3784 728 mors

2192 756 2610 820 contemptorem
2653 752 2937 823 praecepti;
2982 753 3077 810 sed
3119 756 3279 810 etiam
3319 757 3365 812 si
3403 773 3562 815 nemo
3590 761 3778 830 prohi-

2191 838 2424 908 buisset,
2455 849 2614 912 atque
2639 842 2728 898 ille
2752 844 3042 914 tetigisset,
3074 845 3416 905 nihilominus
3446 850 3626 922 utique
3653 867 3780 909 meo

2156 963 2162 968 -
2190 936 2416 984 reretur.
2444 930 2538 987 illa
2573 933 2769 1004 quippe
2804 950 2893 990 res
2918 937 3182 992 contraria
3211 939 3370 994 saluti
3406 941 3632 1014 vitaeque
3658 944 3780 1017 ejus

2189 1030 2365 1087 esset,
2397 1024 2510 1078 sive
2551 1024 2674 1080 inde
2703 1035 3000 1095 vetaretur,
3030 1029 3594 1090 sivernon-vetaretur.
3643 1037 3778 1097 item

2189 1127 2307 1167 cum
2339 1116 2561 1186 quisque
2590 1118 2835 1188 prohibet
2862 1135 2979 1176 eam
3018 1137 3132 1176 rem
3160 1124 3329 1194 tangi,
3370 1141 3490 1195 qua:
3521 1142 3628 1182 non
3657 1129 3778 1199 qui-

2187 1203 2310 1258 dem
2340 1209 2602 1275 tangenti,
2631 1209 2725 1264 sed
2754 1210 2828 1265 illi
2865 1211 2954 1282 qui
2988 1213 3261 1283 prohibuit
3284 1215 3528 1285 obesset,
3554 1219 3702 1275 velut
3729 1220 3776 1282 si

2188 1295 2464 1366 quisquam
2521 1298 2575 1352 in
2623 1300 2852 1355 alienam
2909 1303 3187 1373 pecuniam
3242 1307 3475 1363 misisset
3533 1325 3780 1380 manum;

2189 1387 2485 1454 prohibitus
2519 1388 2588 1444 ab
2617 1405 2682 1444 eo
2715 1391 2865 1461 cujus
2903 1401 3018 1448 erat
3054 1395 3275 1464 pecunia
3313 1396 3436 1461 illa;
3475 1397 3592 1454 ideo
3629 1409 3778 1462 esset

2187 1479 2454 1546 prohibito
2483 1493 2790 1552 peccatum,
2810 1487 2932 1556 quia
2960 1487 3256 1557 prohibenti
3294 1499 3498 1560 poterat
3525 1506 3644 1548 esse
3671 1492 3774 1549 dn-

2187 1587 2453 1627 mnosum.
2484 1572 2774 1631 Cum-vero
2800 1577 2927 1632 illud
2957 1580 3183 1650 tangitur
3201 1621 3228 1648 ,.
3245 1582 3384 1650 quod
3411 1598 3508 1636 nee
3536 1585 3776 1654 tangentl

2185 1661 2400 1718 obesset
2421 1665 2468 1719 si
2493 1681 2599 1721 non
2621 1667 3019 1737 prohiberetur,
3040 1687 3138 1726 nec
3158 1672 3404 1742 cuiquam
3429 1674 3580 1730 alteri
3601 1690 3776 1746 quau-

2147 1753 2390 1813 .dolibet
2435 1764 2773 1829 tangeretur;
2803 1777 2988 1831 .quare
3033 1762 3355 1831 prohibitum
3403 1759 3520 1831 est,
3569 1766 3671 1820 nisi
3711 1775 3778 1822 nt

2185 1845 2354 1914 ipsius
2380 1862 2476 1917 per
2501 1863 2561 1904 se
2589 1849 2783 1904 bonum
2810 1851 3230 1919 obedientize,.et
3257 1855 3422 1926 ipsius
3447 1872 3542 1926 per
3569 1870 3628 1912 se
3651 1872 3774 1912 ma-

2184 1936 2293 1993 lum
2320 1939 2692 1997 inobedientize
2718 1945 3137 2002 monstraretur?
3215 1989 3218 1994 .

2255 2029 2344 2086 50.
2387 2030 2624 2102 Denique
2649 2049 2678 2086 a
2709 2045 2960 2103 peccante
2988 2036 3116 2090 nihil
3155 2037 3296 2092 aliud
3337 2040 3628 2111 appetitum
3663 2051 3768 2113 est,

2184 2120 2287 2176 nisi
2317 2136 2422 2176 non
2453 2137 2582 2179 esse
2603 2125 2702 2180 sub
2730 2125 3092 2183 dominatione
3115 2129 3239 2196 Dei,
3281 2131 3492 2200 quando
3517 2131 3645 2188 illud
3671 2133 3775 2189 ad-

2184 2213 2409 2269 missum
2447 2224 2563 2281 est,
2605 2216 2658 2270 in
2698 2231 2804 2287 quo
2841 2234 2909 2273 ne
2948 2219 3350 2286 admitteretur,
3396 2222 3510 2277 sola
3552 2223 3776 2282 deberet

2179 2303 2352 2374 jussio
2380 2305 2703 2364 dominantis
2735 2310 2956 2365 attendi.
2996 2311 3126 2379 Quae
3162 2313 3206 2367 si
3245 2315 3356 2368 sola
3383 2315 3771 2379 attenderetur.

2185 2399 2312 2468 quid
2331 2399 2473 2454 aliud
2494 2417 2652 2471 quam
2674 2402 2766 2457 Dei
2795 2403 3035 2459 voluntas
3058 2405 3456 2468 attenderetur?
3481 2407 3606 2477 quid
3625 2408 3772 2466 aliud

2185 2505 2342 2558 quam
2389 2491 2481 2546 Dei
2527 2492 2771 2548 voluntas
2813 2495 3118 2550 amaretur?
3155 2496 3278 2567 quid
3319 2497 3458 2552 aliud
3487 2513 3643 2569 quam
3675 2498 3776 2558 Dei

2185 2583 2433 2637 voluntas
2466 2583 2710 2639 humana:
2748 2585 3011 2642 voluntati
3047 2589 3485 2658 prmponeretur?
3515 2591 3774 2648 Dominus

2185 2673 2400 2743 quidem
2423 2674 2769 2744 curjusserit,
2792 2677 3010 2742 viderit;
3035 2680 3334 2736 iaciendum
3354 2688 3436 2736 est
3454 2695 3484 2735 a
3504 2681 3773 2738 serviente

2187 2765 2326 2834 quod
2347 2765 2537 2834 jussit,
2566 2775 2622 2820 et
2644 2775 2769 2822 tunc
2793 2766 2928 2823 forte
2955 2769 3238 2825 videndum
3263 2778 3347 2826 est
3372 2787 3404 2827 a
3437 2786 3774 2842 promerem

2188 2871 2284 2910 cur
2303 2856 2544 2926 jusserit.
2571 2859 2675 2914 Sed
2697 2867 2872 2914 tamen
2898 2869 2954 2920 ut
2973 2876 3184 2917 causam
3208 2863 3464 2932 jussionis
3485 2865 3643 2935 hujus
3666 2881 3776 2924 non

2188 2947 2387 3003 diutius
2412 2951 2784 3018 requiramus,
2817 2951 2861 3005 si
2889 2951 3020 3006 haec
3063 2952 3183 3022 ipsa
3224 2970 3411 3024 magna
3453 2964 3535 3010 est
3575 2956 3775 3012 utilitas

2188 3039 2392 3095 homini
2413 3041 2554 3111 quod
2577 3043 2684 3097 Deo
2708 3044 2890 3110 servit,
2913 3045 3152 3114 jubendo
3174 3046 3312 3101 Deus
3332 3048 3456 3101 utile
3476 3047 3600 3102 facit
3619 3047 3777 3118 quid.-

2187 3132 2312 3202 quid
2334 3133 2522 3203 jubere
2547 3135 2802 3202 voluerit,
2829 3135 2896 3191 de
2921 3153 3028 3206 quo
3056 3138 3400 3194 metuendum
3429 3155 3535 3194 non
3559 3148 3676 3208 est,
3705 3155 3774 3197 ne

2182 3223 2370 3294 jubere
2393 3225 2533 3294 quod
2567 3225 2749 3280 inutile
2776 3235 2855 3281 est
2883 3227 3067 3295 possit.

2188 3315 2412 3370 CAPUT
2443 3315 2579 3371 XIV.
2605 3347 2680 3358 -—
2713 3317 2796 3371 Ea:
2836 3318 2992 3372 divini
3028 3321 3262 3391 prwcepti
3295 3329 3579 3393 contemptu
3616 3337 3774 3392 expe-

2802 3409 2981 3462 rientia
3009 3410 3152 3466 ntali.

2261 3496 2347 3550 51.
2379 3495 2490 3552 Nec
2517 3497 2628 3552 ﬁeri
2656 3508 2830 3567 potest
2860 3511 2915 3552 ut
2943 3499 3188 3554 voluntas
3214 3500 3426 3570 propria
3456 3517 3561 3556 non
3585 3501 3776 3573 grandi

2186 3587 2357 3641 ruina:
2387 3587 2620 3656 pondere
2649 3604 2810 3658 super
2837 3589 3104 3646 hominem
3130 3591 3282 3645 cadat
3302 3631 3318 3657 ,
3361 3593 3406 3647 si
3443 3607 3560 3648 eam
3586 3594 3777 3648 volun-

2187 3677 2282 3730 tati
2309 3679 2599 3747 superioris
2629 3679 2932 3734 extollendo
2965 3691 3255 3751 przeponat.
3288 3682 3400 3737 lloc
3424 3694 3672 3752 expertus
3692 3689 3777 3739 est

2190 3767 2349 3822 homo
2368 3761 2713 3824 contemnens
2737 3782 3057 3842 praeceptum
3079 3773 3191 3840 Dei,
3215 3783 3267 3828 et
3287 3773 3389 3829 hoc
3408 3775 3776 3845 experimento

2188 3857 2373 3914 didicit
2395 3861 2522 3931 quid
2549 3862 2830 3918 interesset
2859 3863 2999 3919 inter
3025 3865 3219 3920 bonum
3250 3877 3304 3922 et
3330 3867 3775 3933 malum,.bonum

2186 3953 2391 4008 scilicet
2411 3954 2749 4022 obedientiw,
2767 3958 2962 4010 malum
2987 3967 3160 4011 autem
3177 3958 3569 4026 ἱηοιιθαιοιιιὶίυ,
3595 3960 3644 4014 id
3666 3971 3772 4026 est,

2186 4045 2450 4113 superbia:
2477 4053 2534 4100 et
2561 4048 2936 4114 contumaciae,
2971 4063 3236 4116 perversae
3262 4049 3568 4104 imitationis
3597 4051 3690 4107 Dei
3721 4062 3776 4107 et

2187 4137 2368 4190 noxia:
2400 4136 2680 4191 libertatis.
2727 4139 2839 4192 lloc
2885 4150 3059 4194 autem
3109 4141 3158 4194 in
3203 4157 3310 4210 quo
3352 4141 3494 4211 ligno
3531 4144 3776 4199 accidere

2187 4230 2392 4298 potuit,
2425 4244 2494 4284 ex
2532 4230 2642 4299 ipsa
2684 4247 2742 4285 re
2764 4273 2778 4295 ,
2812 4239 2868 4284 ut
2893 4232 2999 4299 jam
3027 4245 3185 4300 supra
3213 4232 3408 4286 dictqu
3435 4243 3543 4298 est,
3579 4249 3776 4290 nomen

2187 4320 2394 4389 accepit
2423 4317 2571 4390 (Cap.
2599 4321 2676 4392 6).
2723 4321 2912 4375 Malum
2951 4323 3090 4376 enim
3133 4323 3230 4376 nisi
3272 4325 3638 4393 experimento
3666 4342 3776 4382 non

2187 4412 2538 4478 sentiremus,
2567 4413 2690 4481 quia
2731 4412 2936 4466 nullum
2973 4424 3148 4480 esset,
3196 4415 3242 4469 si
3285 4430 3390 4470 non
3440 4415 3774 4474 fecissemus.

2187 4500 2370 4571 Neque
2390 4503 2529 4556 enim
2557 4503 2660 4557 ulla
2685 4513 2869 4557 natura
2897 4505 3018 4558 mali
3042 4515 3145 4568 est,
3171 4506 3502 4562 sedamissio
3527 4508 3652 4562 boni
3673 4508 3778 4565 hoc

2187 4607 2382 4648 nomen
2423 4594 2645 4662 accepit.
2695 4594 2896 4648 Bonum
2941 4597 3134 4664 quippe
3174 4597 3604 4652 incommutabile
3633 4600 3778 4655 Deus

2188 4695 2272 4740 est
2298 4702 2311 4739 :
2340 4685 2501 4740 homo
2528 4695 2704 4740 autem
2737 4696 2989 4757 quantum
3025 4688 3092 4741 ad
3121 4687 3237 4756 ejus
3261 4699 3538 4756 naturam,
3577 4689 3631 4744 in
3669 4707 3776 4760 qna

2187 4791 2310 4832 eum
2339 4777 2478 4832 Deus
2503 4776 2758 4845 condidit,
2792 4777 3038 4848 pertinet,
3071 4777 3267 4832 bonum
3294 4779 3611 4848 estquidem
3632 4821 3648 4847 ,
3680 4781 3777 4837 sed

2189 4884 2297 4924 non
2328 4867 2756 4923 inconunutabile
2789 4877 2846 4922 ut
2875 4870 3034 4925 Deus.
3063 4869 3312 4924 Mutabile
3339 4879 3515 4925 autem
3551 4871 3774 4940 bonum,

2189 4961 2331 5032 quod
2368 4970 2452 5016 est
2480 4969 2599 5030 post
2625 4960 3056 5016 incommutabile
3089 4961 3315 5027 bonum,
3348 4963 3538 5018 melius
3575 4963 3776 5019 bonum

2190 5055 2268 5120 lit,
2297 5071 2418 5110 cum
2439 5055 2580 5110 bono
2601 5054 3017 5109 incommutabili
3041 5054 3344 5119 adhaeserit,
3367 5055 3596 5112 amando
3616 5067 3780 5127 atque

2189 5147 2474 5204 serviendo
2503 5147 2748 5201 rationali
2785 5157 2837 5202 et
2877 5147 3090 5217 propria
3113 5148 3401 5206 voluntate.
3430 5149 3554 5205 Ideo
3579 5150 3779 5221 quippe

2189 5249 2246 5296 et
2270 5239 2386 5294 hinc
2415 5239 2588 5310 magni
2615 5239 2740 5294 boni
2767 5247 2954 5294 natura
2980 5247 3088 5305 est,
3117 5240 3238 5310 quia
3265 5249 3318 5295 et
3342 5239 3444 5296 hoc
3465 5243 3689 5312 accepit,
3719 5255 3780 5299 ut

2190 5339 2359 5403 possit
2379 5332 2570 5386 summi
2589 5331 2714 5387 boni
2735 5331 3010 5386 adhzerere
3030 5339 3260 5387 naturai.
3281 5332 3431 5400 Quod
3457 5333 3502 5387 si
3524 5334 3776 5404 noluerit,
3810 5362 3846 5396 .-

2191 5427 2331 5481 bono
2359 5439 2416 5480 se
2444 5425 2646 5495 privat,
2677 5433 2730 5480 et
2761 5425 2862 5479 hoc
2889 5425 2936 5479 ei
2965 5423 3163 5479 malum
3193 5431 3308 5492 est,
3339 5425 3478 5480 unde
3503 5441 3601 5495 per
3623 5425 3782 5496 justi—

2190 5519 2316 5573 tiam
2348 5517 2438 5573 Dei
2465 5517 2626 5573 etiam
2650 5517 2915 5572 cruciatus
2939 5520 3299 5586 consequitur.
3331 5516 3467 5586 Quid
3493 5518 3637 5572 enim
3669 5528 3779 5574 tam

2190 5609 2453 5680 iniquum,
2476 5624 2634 5680 quam
2663 5617 2718 5662 ut
2740 5609 2874 5664 bene
2899 5608 2968 5686 sit
2993 5607 3252 5664 desertori
3277 5589 3435 5664 boni?
3463 5609 3646 5682 Neque
3670 5612 3782 5668 ullo

2192 5703 2352 5759 modo
2383 5702 2494 5758 fieri
2528 5708 2701 5774 potest
2730 5708 2787 5756 ut
2813 5700 2881 5754 ita
2911 5701 2979 5755 sit
3005 5717 3018 5755 :
3047 5700 3141 5756 sed
3168 5699 3451 5772 aliquando
3476 5703 3659 5759 amissi
3684 5719 3782 5760 su-

2195 5794 2424 5868 perioris
2450 5790 2574 5851 bimi
2603 5811 2706 5850 non
2735 5793 2960 5850 sentitur
2987 5793 3344 5863 malum,cum
3386 5794 3611 5852 habetur
3634 5797 3780 5869 quod
