4090 6504
290 353 400 410 385

290 477 530 524 amatum
559 475 640 524 cst
671 465 890 523 inferius
914 465 1132 519 bonum.
1159 463 1262 520 Sed
1290 463 1465 518 divina
1486 462 1687 534 justitia
1717 473 1799 519 est
1824 472 1882 518 ut

292 563 383 629 qui
415 562 686 613 voluntate
712 560 889 612 amisit
921 557 1059 627 quod
1086 572 1263 610 amare
1288 556 1499 621 debuit,
1527 556 1733 609 amittat
1757 569 1880 607 cum

299 655 484 707 dolore
525 653 664 721 quod
704 652 931 713 amavit,
962 650 1085 703 dum
1115 658 1415 702 naturarum
1455 657 1662 701 creator
1689 647 1881 715 ubique

281 743 563 797 'laudetur.
596 741 784 795 Adhuc
808 741 947 795 enim
978 749 1057 793 est
1084 740 1278 793 bonum
1306 738 1442 807 quod
1471 738 1611 790 dolet
1632 737 1881 789 amissum

298 833 498 886 bonum
534 849 547 883 :
584 848 703 885 nam
736 830 835 884 nisi
871 829 1081 899 aliquod
1113 829 1305 881 bonum
1340 828 1681 881 remansisset
1710 826 1761 878 in
1792 840 1885 878 na-

283 934 441 987 ‘tura,
474 922 650 977 nullus
679 922 802 975 boni
829 921 1007 973 amissi
1037 919 1188 972 dolor
1215 926 1355 972 esset
1385 918 1433 970 in
1463 932 1638 985 poena.

372 1015 466 1069 '52.
497 1014 593 1069 Cui
614 1024 790 1067 autem
814 1013 928 1065 sine
952 1010 1074 1063 mali
1096 1010 1462 1079 experimento
1482 1008 1648 1077 placet
1665 1006 1882 1072 bonum,

286 1107 354 1159 aid
382 1116 499 1169 est,
533 1113 589 1159 ut
618 1114 899 1172 antequam
938 1102 1059 1155 boni
1099 1102 1440 1156 amissionem
1476 1101 1696 1165 sentiat,
1730 1099 1888 1169 eligat

304 1207 489 1251 tenere
515 1211 583 1250 ne
608 1196 834 1260 amittat,
862 1208 1023 1261 super
1045 1207 1231 1246 omnes
1256 1191 1496 1244 homines
1524 1190 1888 1259 przntlicandus

304 1297 403 1341 est.
434 1286 539 1341 Sed
564 1285 662 1339 hoc.
682 1285 783 1339 nisi
807 1282 1078 1352 cujusdam
1104 1282 1385 1352 singularis
1404 1280 1574 1336 laudis
1595 1290 1756 1346 esset,
1781 1296 1886 1334 non

290 1377 381 1433 ‘illi
425 1392 589 1448 puero
633 1377 985 1437 tribueretur,
1033 1373 1119 1443 qui
1165 1390 1234 1427 ex
1278 1388 1473 1442 genere
1519 1371 1676 1427 Israel
1725 1372 1890 1425 factus

292 1467 627 1523 ‘Emmanuel
660 1467 933 1521 nobiscum
960 1465 1099 1520 Deus
1134 1464 1340 1537 (Matth.
1364 1481 1403 1529 t,
1428 1463 1551 1535 23),
1584 1463 1891 1518 reconcilia-

304 1559 383 1613 vit
409 1575 507 1613 nos
535 1559 666 1624 Deo,
700 1558 969 1610 hominum
998 1566 1049 1611 et
1081 1557 1169 1609 Dei
1200 1556 1364 1609 homo
1390 1555 1646 1610 mediator
1678 1554 1726 1626 (Ι
1755 1554 1888 1607 Tim.

296 1666 373 1714 τι,
404 1648 460 1719 5)
480 1691 495 1714 ,
521 1649 755 1703 Verbum
787 1647 926 1717 apud
960 1649 1121 1701 Deum
1141 1689 1157 1711 ,
1188 1663 1312 1701 caro
1339 1646 1476 1716 apud
1518 1661 1614 1699 nos
1648 1644 1821 1717 (Joan.
1851 1661 1888 1710 ι,

298 1745 363 1807 ’1,
391 1743 501 1813 14),
531 1743 764 1797 Verbum
790 1757 913 1795 caro
941 1742 1074 1793 inter
1096 1741 1259 1793 Deum
1281 1748 1334 1793 et
1356 1754 1471 1793 nos.
1496 1740 1568 1791 De
1590 1738 1680 1792 illo
1700 1739 1893 1809 quippe

309 1834 565 1903 pMphcta
595 1833 756 1895 dicit,
791 1831 1095 1899 Priusquam
1133 1831 1257 1884 sciat
1294 1847 1414 1894 puer
1441 1828 1623 1883 bonum
1656 1838 1742 1880 aut
1781 1844 1891 1880 ma-

300 1926 438 1986 lum,
461 1932 738 1977 contemnet
760 1923 1026 1982 malitiam,
1052 1930 1103 1973 ut
1128 1921 1280 1991 eligat
1306 1920 1486 1973 bonum
1514 1918 1663 1992 (Isni.
1684 1935 1773 1983 vn,
1802 1919 1889 1983 16,

308 2032 410 2070 sec.
440 2015 629 2087 LXX).
661 2015 935 2083 Quomodo
963 2012 1102 2083 quod
1132 2021 1327 2078 neseit,
1366 2022 1456 2065 aut
1480 2011 1771 2065 contemnit
1804 2018 1895 2064 aut

309 2107 493 2177 eligit,
528 2107 626 2159 nisi
658 2107 776 2175 quia
807 2105 923 2160 llch
948 2104 1053 2159 duo
1090 2104 1329 2157 sciuntur
1356 2104 1507 2157 aliter
1537 2119 1630 2171 per
1659 2101 1892 2171 pruden—

299 2197 439 2251 tiam
468 2197 611 2259 boni,
639 2197 792 2250 aliter
818 2212 911 2265 per
940 2196 1317 2265 experientiam
1348 2194 1507 2248 mali?
1542 2195 1643 2248 Per
1667 2194 1894 2263 pruden-

306 2287 437 2340 tiam
479 2286 604 2340 boni
642 2287 835 2339 malum
875 2286 1074 2349 scitur,
1115 2285 1211 2338 etsi
1245 2300 1347 2339 non
1379 2284 1621 2338 sentitur.
1664 2284 1895 2338 Tenetur

310 2375 452 2429 enim
478 2376 695 2442 bonum,
721 2393 787 2429 ne
807 2375 1093 2429 amissione
1115 2375 1229 2443 ejus
1248 2374 1504 2427 sentiatur
1524 2374 1738 2427 malum.
1764 2375 1892 2429 item

311 2481 409 2536 per
436 2467 819 2535 experientiam
858 2467 979 2520 mali
1023 2466 1187 2521 scitur
1216 2466 1445 2530 bonum;
1492 2467 1739 2535 quoniam
1770 2466 1895 2536 quid

312 2562 573 2627 amiserit,
597 2562 777 2627 sentit,
801 2559 885 2615 cui
908 2561 973 2616 de
995 2562 1136 2616 bono
1156 2563 1349 2614 amisso
1369 2562 1505 2616 male
1527 2563 1698 2616 fuerit.
1719 2562 1897 2618 Prius-

312 2667 470 2721 quam
500 2653 662 2705 scirct
695 2667 820 2721 ergo
852 2667 983 2721 puer
1015 2666 1108 2721 per
1142 2652 1552 2721 experientiam,
1580 2661 1671 2706 aut
1698 2653 1894 2707 bonum

311 2759 421 2814 quo
444 2754 673 2808 careret,
699 2753 789 2799 aut
810 2745 1003 2798 malum
1026 2745 1165 2814 quod
1193 2745 1316 2799 boni
1344 2746 1627 2801 amissione
1652 2747 1893 2815 sentiret,

310 2836 636 2905 contempsit
678 2836 874 2890 malum
918 2844 978 2891 ut
1015 2837 1233 2906 eligeret
1255 2838 1447 2890 bonum
1468 2880 1483 2901 ,
1516 2837 1565 2891 id
1595 2848 1697 2905 est,
1728 2840 1896 2894 noluit

304 2927 559 2982 amittere
587 2925 729 2996 quod
758 2927 1019 2993 habebat,
1064 2942 1131 2982 ne
1170 2928 1390 2981 sentiret
1430 2927 1720 2981 amittendo
1756 2929 1896 2997 quod

312 3016 560 3071 amittere
589 3032 693 3069 non
732 3015 979 3070 debebat.
1010 3015 1288 3086 Singulare
1314 3017 1612 3086 exemplum
1639 3017 1896 3071 obedien-

312 3107 438 3171 tite;
467 3108 663 3178 quippe
692 3109 780 3177 qui
809 3124 913 3161 non
952 3108 1097 3162 venit
1142 3106 1314 3162 facere
1353 3107 1678 3162 voluntatem
1721 3123 1893 3176 suam,

312 3196 408 3251 sed
438 3200 554 3265 ejus
582 3199 905 3253 voluntatem
934 3213 964 3252 a
996 3212 1099 3267 quo
1130 3198 1319 3252 missus
1348 3208 1431 3253 est
1462 3197 1637 3269 (Joan.
1662 3215 1736 3267 vr,
1766 3201 1893 3270 58):

312 3303 422 3343 non
446 3289 582 3343 sicut
612 3291 700 3345 ille
725 3292 813 3360 qui
841 3291 999 3360 elegit
1029 3291 1201 3344 facere
1230 3290 1548 3345 voluntatem
1577 3306 1723 3345 suam
1742 3334 1755 3359 ,
1790 3309 1896 3348 non

312 3380 432 3449 ejus
458 3396 489 3434 a
519 3397 623 3450 quo
652 3381 821 3435 factus
849 3391 947 3436 est.
991 3381 1177 3436 Merito
1218 3382 1355 3435 sicut
1394 3398 1486 3451 per
1523 3383 1678 3437 unius
1716 3384 1899 3439 inohe-

314 3470 573 3526 dientiam
595 3481 903 3541 peccatores
923 3472 1192 3527 constituti
1217 3480 1338 3526 sunt
1358 3472 1525 3538 multi,
1546 3473 1616 3526 ita
1634 3488 1727 3542 per
1743 3474 1897 3528 unius

312 3562 671 3617 obedientiam
706 3562 835 3632 justi
874 3564 1265 3617 constituuntur
1301 3562 1451 3617 multi
1484 3561 1658 3635 (Rom.
1684 3579 1736 3629 v,
1766 3561 1893 3635 l9);

312 3653 438 3723 quia
465 3653 600 3707 sicut
632 3654 683 3706 in
713 3654 880 3707 Adam
908 3668 1095 3708 omnes
1121 3654 1418 3707 moriuntur
1437 3695 1451 3717 ,
1479 3654 1555 3708 sic
1584 3662 1637 3708 et
1665 3654 1716 3708 in
1738 3654 1896 3709 Chri-

313 3754 404 3801 sto
430 3762 619 3802 omnes
643 3748 1046 3802 viviﬁcabuntur
1073 3746 1124 3818 (Ι
1150 3747 1264 3802 Cor.
1294 3763 1387 3811 xv,
1414 3746 1530 3818 22).

310 3839 543 3897 CAPUT
571 3841 688 3897 XV.
709 3871 784 3881 ——
807 3840 1025 3912 Lignum
1052 3840 1272 3896 scientia:
1309 3840 1424 3894 boni
1460 3849 1508 3895 et
1540 3840 1662 3894 mali
1698 3856 1789 3894 cur
1824 3841 1898 3895 sic

939 3932 1269 4003 appellatum.

380 4021 475 4077 35.
504 4021 722 4076 Frustra
744 4030 917 4077 autem
942 4021 1178 4075 nonnulli
1203 4029 1355 4075 acute
1378 4019 1548 4073 obtusi
1569 4029 1694 4075 sunt
1714 4022 1753 4085 ί,
1776 4036 1899 4077 cum

312 4112 594 4180 requirunt
621 4113 886 4181 quomodo
923 4111 1154 4180 potuerit
1182 4109 1433 4180 appellari
1472 4110 1667 4178 lignum
1708 4110 1895 4181 digno-

315 4203 540 4257 seentia:
582 4204 704 4259 boni
737 4213 789 4258 et
813 4204 972 4270 mali,
1013 4215 1294 4273 antequam
1339 4203 1389 4255 in
1433 4217 1498 4257 eo
1540 4211 1898 4273 transgressus

311 4302 459 4349 esset
485 4293 645 4348 homo
671 4305 1009 4364 praeceptum,
1038 4302 1196 4364 atque
1226 4292 1338 4363 ipsa
1365 4293 1688 4362 experientia
1714 4294 1901 4365 digno-

312 4394 487 4439 sceret
517 4385 641 4456 quid
685 4386 963 4441 interesset
998 4386 1136 4440 inter
1172 4385 1369 4439 bonum
1411 4384 1553 4454 quod
1589 4387 1803 4452 amisit,
1844 4396 1899 4442 et

313 4478 516 4532 malum
543 4477 682 4547 quod
709 4479 941 4533 admisit.
969 4477 1192 4547 Lignum
1217 4476 1357 4531 enim
1387 4477 1493 4530 tale
1528 4492 1720 4532 nomen
1746 4494 1898 4534 acce-

313 4569 416 4637 pit,
446 4577 503 4622 ut
528 4583 594 4623 eo
624 4568 911 4623 secundum
939 4568 1346 4637 prohibitionem
1377 4582 1480 4621 non
1512 4574 1651 4623 tacto
1678 4583 1897 4624 cavere-

312 4669 436 4727 tur,
464 4661 605 4731 quod
645 4676 709 4717 eo
738 4673 920 4717 contra
961 4660 1370 4732 prohibitionem
1411 4669 1552 4716 tacto
1589 4663 1893 4719 sentiretur.

314 4755 499 4824 Neque
520 4756 659 4809 enim
687 4758 804 4826 quia
836 4757 957 4811 inde
981 4766 1162 4811 contra
1191 4766 1511 4826 praeceptum
1547 4757 1898 4813 manducare-

315 4858 474 4913 runt,
506 4848 625 4903 ideo
653 4849 843 4902 factum
874 4858 954 4903 est
981 4848 1107 4903 illud
1137 4850 1334 4918 lignum
1365 4849 1739 4918 dignoseentize
1772 4850 1895 4904 boni

315 4946 370 4991 et
397 4938 552 5003 mali;
583 4938 677 4992 sed
702 4941 877 5008 utique
901 4939 1107 4993 etiamsi
1134 4940 1441 4993 obedientes
1464 4946 1661 4999 essent,
1691 4948 1745 4994 et
1765 4939 1895 4993 nihil

315 5026 441 5083 inde
465 5038 650 5083 contra
678 5039 997 5099 princeptum
1023 5039 1394 5099 usurpassent,
1426 5029 1475 5083 id
1505 5040 1646 5085 recte
1674 5046 1894 5086 vocare-

315 5129 437 5189 tur,
468 5122 607 5192 quod
639 5122 707 5176 ibi
737 5123 816 5178 eis
840 5122 1136 5185 accideret,
1166 5122 1212 5176 si
1238 5133 1601 5191 usurpassent.
1632 5122 1896 5189 Quemad-

313 5213 536 5267 modum
585 5212 629 5266 si
673 5221 951 5268 vocaretur
1001 5212 1161 5266 arbor
1208 5213 1534 5278 saturitatis,
1582 5213 1724 5283 quod
1773 5214 1896 5268 inde

315 5315 533 5374 possent
560 5303 802 5359 homines
823 5304 1045 5357 saturari
1066 5320 1081 5367 ;
1105 5301 1356 5372 numquid
1385 5302 1429 5355 si
1457 5317 1614 5356 nemo
1642 5304 1899 5357 accessis-

314 5404 418 5460 set,
449 5397 569 5449 ideo
600 5412 791 5450 nomen
819 5395 945 5449 illud
976 5402 1119 5450 esset
1146 5394 1526 5462 incongruum?
1564 5394 1893 5463 quandoqui-

314 5487 437 5541 dem
468 5504 589 5543 cum
619 5488 934 5543 accederent
960 5497 1012 5542 et
1039 5495 1400 5541 saturarentur
1418 5526 1434 5551 ,
1464 5492 1585 5539 tunc
1613 5485 1897 5556 probarent

315 5596 475 5651 quam
510 5580 613 5634 hoc
639 5589 783 5703 requa
808 5580 967 5633 arbor
994 5578 1081 5632 illa
1106 5585 1401 5633 vocaretur.

382 5740 400 5770 ι
426 5738 613 5799 Antiqui
632 5736 840 5794 codices,
863 5740 1159 5799 constanter,
1180 5730 1363 5783 obtunsi
1382 5735 1489 5783 sunt
1511 5741 1530 5782 :
1552 5735 1607 5780 ut
1629 5734 1681 5779 et
1702 5729 1751 5780 lu
1769 5727 1851 5779 lib.
1866 5728 1897 5778 4

316 5798 383 5849 de
403 5797 623 5849 Doctrina
634 5799 824 5859 Christ.,
843 5810 890 5846 n.
906 5798 956 5858 7,
973 5797 1185 5846 obtunsa.

1632 348 1838 405 [LIBER
1876 345 2208 406 OCTAVUS.

3462 358 3565 415 586

1986 462 2211 519 CAPUT
2250 462 2386 520 XVI.
2425 492 2496 506 -ο
2534 462 2799 519 Honztnem
2843 472 2960 519 mite
3004 473 3130 520 mall
3169 469 3563 538 experimentum

2252 557 2472 625 potuisse
2496 557 2772 628 intelligere
2799 560 2920 627 quid
2942 570 3068 613 esset
3095 560 3305 614 malum.

2062 647 2149 700 51L
2182 646 2249 700 Et
2277 648 2562 716 quomodo,
2596 649 2858 717 inquiunt,
2893 650 3207 718 intelligeret
3238 651 3397 705 homo
3426 653 3565 721 quod

1990 739 2038 793 ei
2062 739 2330 793 dicebatur
2352 741 2545 810 lignum
2568 740 2945 810 dignoseentize
2966 742 3088 795 boni
3111 750 3164 796 et
3186 742 3330 809 mali,
3353 744 3568 812 quando

1991 829 2160 898 ipsum
2189 831 2385 883 malum
2419 831 2543 900 quid
2580 840 2722 886 esset
2756 833 2973 887 omnino
3010 834 3316 889 nesciebat?
3344 836 3455 891 lloc
3481 838 3570 903 qui

1990 920 2204 992 sapiunt
2228 936 2415 991 parum
2442 922 2721 976 attendunt
2752 924 3194 993 quemadmodum
3233 941 3263 979 a
3291 930 3571 983 contrariis

1992 1011 2132 1064 notis
2156 1012 2233 1065 sic
2261 1012 2510 1081 pleraque
2536 1013 2894 1084 intelligantur
2922 1016 3118 1084 ignota,
3150 1025 3206 1070 ut
3228 1018 3386 1072 etiam
3413 1020 3572 1074 verba

1990 1117 2168 1155 rerum
2193 1118 2311 1171 quae
2333 1118 2439 1157 non
2464 1112 2607 1167 sunt,
2635 1120 2753 1158 eum
2778 1107 2831 1159 in
2852 1106 3115 1175 loquendo
3142 1108 3570 1178 interponuntur,

1994 1193 2167 1246 nullus
2196 1194 2386 1263 caliget
2427 1195 2654 1249 auditor.
2704 1196 2812 1250 Hoc
2856 1198 2996 1251 enim
3037 1200 3176 1267 quod
3221 1202 3439 1255 omnino
3467 1218 3571 1256 non

1992 1292 2104 1347 est,
2151 1285 2283 1338 nihil
2322 1293 2571 1351 vocatur;
2610 1294 2664 1340 et
2690 1285 2788 1341 has
2824 1286 2956 1342 duas
2994 1289 3224 1359 syllabas
3266 1306 3423 1345 nemo
3469 1306 3574 1345 non

1995 1375 2269 1445 intelligit,
2296 1377 2385 1446 qui
2416 1376 2575 1431 latine
2603 1377 2749 1431 audit
2777 1386 2831 1431 et
2856 1377 3106 1447 loquitur.
3134 1378 3307 1446 Unde,
3332 1381 3431 1434 nisi
3453 1396 3573 1438 cum

1995 1480 2185 1519 sensus
2213 1467 2446 1521 intuetur
2474 1466 2525 1520 id
2554 1467 2693 1536 quod
2721 1474 2833 1534 est,
2874 1477 2927 1522 et
2965 1469 3081 1537 ejus
3119 1470 3412 1538 privatione
3450 1471 3575 1540 quid

1996 1557 2153 1611 etiam
2184 1574 2287 1611 non
2311 1558 2380 1611 sit
2404 1559 2677 1628 agnoscit?
2707 1558 2794 1613 Sic
2820 1568 2871 1613 et
2902 1560 3056 1613 inane
3086 1576 3205 1614 cum
3233 1561 3457 1626 dicitur,
3492 1563 3574 1615 in.

1999 1649 2192 1702 tuendo
2230 1650 2469 1717 corporis
2515 1649 2926 1718 plenitudinem,
2969 1652 3260 1719 privatione
3301 1652 3413 1721 ejus
3454 1661 3573 1705 tan-

1996 1754 2151 1807 quam
2174 1740 2456 1803 contraria,
2485 1739 2607 1808 quid
2634 1740 2840 1793 dicatur
2863 1741 3021 1794 inane
3048 1741 3419 1810 intelligimus;
3442 1743 3577 1796 sicut

1996 1831 2243 1885 audiendi
2279 1846 2440 1885 sensu
2480 1845 2585 1884 non
2620 1831 2792 1885 solum
2826 1831 2892 1886 de
2928 1832 3165 1896 vocibus,
3206 1847 3389 1885 verum
3415 1832 3576 1886 etiam

1997 1921 2063 1975 de
2091 1922 2300 1976 silentio
2323 1921 2622 1989 judieamus
2650 1940 2663 1977 :
2692 1924 2771 1977 sic
2794 1937 2858 1976 ex
2889 1923 2994 1975 vita
3020 1938 3137 1991 quae
3163 1923 3335 1978 inerat
3356 1924 3575 1988 homini,

1998 2014 2304 2083 possetejus
2331 2029 2519 2068 cavere
2539 2015 2881 2077 contrarium,
2900 2015 2950 2068 id
2972 2024 3072 2078 est,
3088 2018 3208 2069 vita:
3231 2019 3575 2085 privationem

1998 2120 2116 2172 qua:
2159 2118 2302 2157 mors
2341 2111 2588 2167 vocatur;
2630 2113 2685 2158 et
2726 2105 2891 2172 ipsam
2935 2121 3147 2159 causam
3193 2122 3292 2175 qua
3333 2109 3581 2175 perderet

1998 2194 2138 2263 quod
2158 2195 2388 2259 amabat,
2421 2194 2472 2247 id
2495 2202 2576 2248 est
2599 2194 2869 2263 quodlibet
2895 2193 3087 2248 factum
3114 2212 3267 2250 suum
3293 2214 3399 2266 quo
3423 2198 3579 2253 ﬁeret

1998 2293 2057 2339 ut
2082 2286 2349 2339 amitteret
2377 2284 2537 2337 vitam
2556 2326 2570 2350 ,
2610 2284 2930 2353 quibuslibet
2959 2287 3177 2356 Syllabis
3204 2288 3576 2356 appellaretur,

1998 2376 2444 2446 quemadmodum
2470 2377 2631 2431 latine
2656 2392 2776 2430 eum
2812 2377 3004 2431 dicitur
3043 2389 3313 2446 peccatum
3352 2381 3432 2434 vel
3463 2395 3578 2433 ma-

2000 2466 2107 2521 lum
2129 2507 2143 2533 ,
2176 2476 2421 2536 tanquam
2450 2468 2656 2537 signum
2688 2468 2803 2536 ejus
2831 2468 3185 2537 intelligeret,
3228 2471 3365 2538 quod
3401 2482 3582 2527 mente

1998 2558 2347 2613 discerneret.
2395 2556 2504 2613 Nos
2548 2558 2691 2612 enim
2734 2558 3000 2628 quomodo
3039 2558 3411 2629 intelligimus,
3457 2576 3577 2614 eum

1999 2648 2194 2703 dicitur
2222 2651 2576 2714 resurrectio,
2616 2664 2774 2717 quam
2816 2663 3083 2718 nunquam
3123 2651 3325 2718 experti
3358 2651 3580 2705 sumus?

1997 2736 2185 2792 Nonne
2209 2738 2331 2808 quia
2360 2738 2619 2791 sentimus
2645 2737 2769 2807 quid
2794 2738 2863 2790 sit
2887 2737 3096 2803 vivere,
3137 2747 3191 2792 et
3216 2739 3332 2807 ejus
3360 2740 3433 2793 rei
3469 2742 3579 2808 pri-

1998 2828 2261 2881 vationem
2296 2840 2545 2880 vocamus
2576 2836 2821 2891 mortem,
2855 2826 2995 2881 unde
3028 2827 3255 2881 reditum
3278 2829 3344 2882 ad
3366 2828 3418 2883 id
3438 2830 3580 2899 quod

1998 2919 2280 2986 sentimus,
2307 2920 2752 2973 resurrectionem
2783 2919 3144 2988 appellamus?
3184 2931 3236 2974 et
3273 2922 3317 2974 si
3347 2936 3452 2991 quo
3477 2922 3581 2976 alio

1999 3011 2214 3065 nomine
2262 3010 2315 3063 in
2369 3025 2700 3080 quacumque
2750 3010 2926 3080 lingua
2982 3011 3205 3079 idipsum
3250 3013 3578 3082 appellatur,

1998 3104 2162 3155 menti
2195 3103 2374 3172 utique
2418 3102 2627 3171 signum
2666 3101 2963 3155 insinuatur
2997 3103 3046 3155 in
3076 3118 3203 3157 voce
3230 3104 3578 3173 loquentium,

1999 3208 2103 3260 quo
2123 3202 2347 3247 sonante
2373 3202 2622 3262 agnoscat
2648 3192 2788 3261 quod
2812 3193 2971 3247 etiam
2994 3193 3110 3247 sine
3132 3195 3283 3263 signo
3304 3195 3580 3264 cogitaret.

1999 3282 2187 3336 Mirum
2231 3292 2311 3336 est
2356 3284 2497 3336 enim
2545 3280 2991 3350 quemadmodum
3038 3299 3215 3337 rerum
3253 3300 3384 3354 quas
3422 3286 3582 3341 habet

1999 3373 2374 3437 amissionem,
2415 3373 2575 3426 etiam
2619 3371 2945 3439 inexpertam
2990 3381 3176 3426 natura
3206 3373 3420 3428 devitet.
3452 3375 3580 3441 Quis

1999 3466 2140 3519 enim
2172 3480 2365 3534 pecora
2393 3463 2571 3517 docuit
2596 3462 2971 3518 devitationem
3003 3465 3219 3528 mortis,
3253 3465 3353 3519 nisi
3392 3481 3581 3521 sensus

1998 3558 2159 3613 vitae?
2182 3556 2301 3626 quis
2328 3557 2601 3626 parvulum
2630 3571 2851 3624 puerum
2874 3555 3237 3610 adhaerescere
3264 3557 3439 3625 bajulo
3460 3573 3578 3625 suo,

2001 3651 2044 3705 si
2074 3666 2195 3706 eum
2230 3650 2387 3704 fuerit
2417 3663 2483 3702 ex
2512 3648 2618 3701 alto
2641 3646 2819 3715 jacere
2846 3646 3150 3700 minitatus?
3172 3648 3311 3716 quod
3349 3662 3412 3702 ex
3443 3664 3579 3719 quo-

1999 3742 2121 3795 dam
2169 3752 2409 3809 tempore
2450 3739 2667 3807 incipit,
2698 3736 2795 3792 sed
2841 3745 3016 3791 tamen
3060 3747 3341 3807 antequam
3381 3740 3581 3810 aliquid

1999 3831 2301 3901 hujusmodi
2331 3839 2581 3899 expertus
2604 3828 2693 3881 sit.

2071 3927 2159 3982 55.
2189 3928 2278 3981 Sic
2321 3941 2449 3995 ergo
2478 3925 2579 3979 illis
2621 3924 2803 3995 primis
2843 3923 3147 3979 hominibus
3183 3924 3292 3994 jam
3327 3926 3432 3981 vita
3463 3938 3579 3984 erat

2001 4017 2207 4081 dulcis,
2259 4032 2416 4086 quam
2467 4013 2705 4082 profecto
2751 4015 2994 4068 amittere
3036 4014 3374 4084 devitabant;
3421 4020 3580 4090 idque

2001 4109 2173 4178 ipsum
2207 4107 2626 4177 quibuscumque
2670 4104 2842 4158 modis
2885 4106 2965 4158 vel
3008 4107 3154 4159 sonis
3198 4108 3581 4176 signiﬁcantem

2003 4200 2166 4253 Deum
2199 4198 2492 4267 intelligere
2521 4204 2765 4267 poterant
2798 4213 2810 4249 :
2842 4212 2939 4251 nec
2967 4197 3120 4251 aliter
3143 4199 3220 4252 eis
3252 4211 3432 4268 posset
3460 4218 3583 4272 per-

2001 4290 2211 4345 suaderi
2237 4298 2532 4359 peccatum,
2554 4288 2651 4340 nisi
2679 4290 2823 4357 prius
2852 4288 3261 4356 persuaderetur
3278 4306 3372 4346 eos
3392 4308 3459 4348 ex
3490 4295 3579 4347 illo

2000 4383 2139 4437 facto
2168 4398 2272 4436 non
2301 4396 2419 4436 esse
2448 4379 2819 4445 morituros,id
2845 4390 2947 4445 est,
2980 4380 3111 4433 illud
3138 4382 3279 4450 quod
3316 4384 3581 4439 habebant

2000 4484 2056 4529 et
2082 4489 2139 4528 se
2168 4472 2366 4526 habere
2408 4470 2729 4542 gaudebant,
2771 4486 2875 4524 non
2919 4471 3251 4537 amissuros;
3302 4474 3440 4529 unde
3481 4491 3579 4531 suo

2000 4572 2119 4628 loco
2147 4571 2463 4640 loquendum
2489 4580 2590 4624 est.
2623 4570 2916 4623 Advertant
2938 4573 3134 4639 itaque,
3158 4569 3202 4623 si
3226 4584 3360 4639 quos
3379 4578 3575 4633 movet,

1999 4665 2264 4736 quomodo
2302 4665 2567 4735 potuerint
2601 4664 2895 4734 intelligere
2919 4663 3190 4732 inexperta
3218 4664 3577 4719 nominantem

1998 4757 2082 4812 vel
2113 4758 2398 4811 minantem
2425 4757 2628 4822 Deum;
2657 4765 2710 4810 et
2735 4755 2947 4810 videant
2967 4770 3063 4809 nos
3080 4756 3315 4809 omnium
3342 4756 3581 4827 inexper-

2001 4857 2175 4903 torum
2204 4848 2418 4902 nomina
2442 4888 2456 4912 ,
2498 4847 2706 4901 nonnisi
2738 4862 2804 4901 ex
2833 4847 3114 4901 contrariis
3139 4863 3256 4916 qua:
3280 4848 3391 4916 jam
3422 4849 3576 4902 novi-

2000 4960 2138 5005 mus,
2171 4943 2216 4997 si
2242 4943 2591 5013 privationum
2620 4949 2763 5007 sunt,
2790 4949 2882 4993 aut
2903 4956 2969 4994 ex
2989 4939 3269 5005 similibus,
3302 4940 3345 4993 si
3373 4942 3577 5008 specie-

2000 5051 2117 5090 rum
2147 5043 2304 5101 sunt,
2332 5034 2447 5088 sine
2474 5032 2579 5086 ullo
2604 5042 2737 5086 testu
2762 5030 3106 5085 dubitationis
3131 5045 3437 5100 agnoscere.
3466 5030 3576 5085 Nisi

2000 5129 2136 5184 forte
2163 5128 2391 5197 aliquem
2418 5134 2595 5179 movet
2631 5123 3075 5194 quemadmodum
3103 5121 3246 5192 loqui
3289 5121 3573 5189 potuerint,

2000 5222 2085 5276 vel
2137 5222 2439 5290 loquentem
2486 5216 2820 5285 intelligere,
2870 5215 2960 5284 qui
3007 5228 3113 5267 non
3155 5212 3449 5266 didicerant
3492 5212 3576 5265 vel

2000 5312 2292 5369 crescendo
2343 5312 2481 5364 inter
2525 5309 2837 5377 loquentes,
2884 5305 2965 5358 vel
3012 5305 3189 5373 aliquo
3232 5301 3571 5371 magisterio;

2001 5406 2149 5477 quasi
2175 5417 2436 5473 magnum
2471 5401 2627 5455 fuerit
2656 5400 2764 5453 Deo
2795 5396 2939 5466 loqui
2963 5410 3055 5449 eos
3086 5394 3306 5453 docere,
3346 5407 3479 5460 quos
3504 5392 3573 5449 ita

2002 5497 2221 5555 fecerat,
2262 5504 2319 5547 ut
2356 5492 2455 5547 hoc
2496 5499 2713 5561 possent
2743 5488 2901 5544 etiam
2925 5487 2992 5542 ab
3019 5483 3318 5539 hominibus
3348 5482 3572 5552 discere,

2002 5590 2046 5646 si
2073 5594 2253 5644 essent
2279 5599 2309 5639 a
2334 5583 2543 5654 quibus.
