4090 6448
540 332 651 391 337

530 446 762 505 CAPUT
798 445 963 504 XVII.
992 474 1066 489 —-
1094 443 1176 501 An
1205 446 1404 509 utrique
1425 486 1441 511 ,
1472 444 1668 498 Adamn
1689 456 1735 499 et
1766 444 1922 513 Eva,
1944 443 2124 499 datum

1119 539 1184 591 sit
1215 547 1535 607 praeceptum.

602 631 693 687 36.
743 631 927 686 Merito
964 644 1092 684 sane
1134 632 1387 699 qua-ritur
1432 638 1606 681 utrum
1652 625 1754 680 hoc
1799 635 2121 697 praeceptum

531 725 650 779 viro
691 734 895 779 tantum
940 724 1145 777 dederit
1191 724 1367 786 Deus,
1412 737 1479 774 an
1528 722 1686 774 etiam
1726 720 1974 774 fumium?
2017 719 2121 773 Sed

534 816 769 885 nondum
793 824 1059 868 narratum
1081 823 1160 865 est
1183 811 1632 882 qtiemzulmodum
1653 812 1785 864 facta
1810 813 1879 864 sit
1904 810 2118 863 femina.

533 912 614 963 An
650 910 784 962 forte
806 909 913 975 jam
942 914 1057 959 erat
1096 904 1231 959 facta
1252 904 1275 957 ?
1299 903 1393 958 sed
1424 902 1523 958 hoc
1552 901 1998 972 quemadmodum
2026 917 2120 971 ge.-

531 1013 673 1055 stum
700 1001 769 1052 sit
787 998 927 1069 quod
954 998 1098 1066 prius
1127 1007 1239 1050 erat
1264 1005 1493 1065 gestum,
1518 1003 1699 1066 postea
1723 993 2121 1063 recapitulando

533 1103 805 1148 narraturo
835 1099 937 1144 est.
990 1087 1163 1142 Verba
1190 1090 1331 1141 enim
1360 1087 1648 1155 Scriptura:
1674 1088 1752 1139 sic.
1775 1100 1833 1140 se
1875 1085 2115 1138 habent:

531 1185 599 1239 Et
637 1184 875 1255 pra’cepit
914 1181 1162 1235 Dominus
1196 1180 1333 1233 Deus
1377 1181 1535 1245 Adae,
1578 1180 1785 1242 dicens;
1827 1193 1935 1232 non
1964 1177 2116 1239 dixit,

530 1278 784 1346 plu-cepit
809 1275 889 1328 eis
921 1291 935 1327 :
963 1273 1157 1328 deinde
1178 1273 1438 1341 sequitur,
1470 1269 1543 1324 Ab
1566 1270 1703 1324 omni
1724 1270 1861 1340 ligno
1889 1268 2024 1339 quod
2048 1275 2119 1321 est

530 1370 582 1420 in
612 1368 848 1438 paradiso
877 1382 988 1421 esca
1015 1365 1168 1429 edes;
1211 1380 1315 1417 non
1343 1364 1513 1429 dixit,
1545 1362 1734 1417 edetis.
1778 1360 1979 1415 Deinde
2019 1358 2118 1413 atl-

526 1458 736 1528 jungit,
774 1457 852 1512 De
881 1458 1019 1526 ligno
1047 1466 1214 1510 autent
1250 1454 1585 1525 cognoscendi
1611 1454 1795 1507 bonum
1821 1461 1865 1505 et
1902 1452 2116 1516 malum,

529 1566 633 1602 non
676 1548 1041 1602 manducabitis
1066 1546 1130 1600 de
1152 1546 1243 1599 illo
1268 1560 1287 1599 :
1308 1546 1415 1614 jam
1444 1544 1530 1598 hic
1562 1552 1809 1613 tanquam
1836 1540 1901 1596 ad
1933 1542 2120 1595 ambos

530 1643 805 1712 pluraliter
833 1641 1095 1711 loquitur,
1127 1647 1183 1694 ct
1210 1638 1485 1707 pluraliter
1513 1645 1835 1706 praeceptum
1870 1633 2121 1688 terminat

529 1733 735 1799 dicens,
767 1732 881 1797 Qua
908 1732 990 1785 die
1012 1740 1179 1784 autem
1208 1728 1411 1783 oderitis
1436 1727 1497 1780 ab
1518 1743 1597 1793 eo,
1627 1734 1788 1779 morte
1814 1722 2116 1777 moriemini.

529 1827 611 1880 An
650 1825 824 1879 sciens
853 1822 991 1893 quod
1021 1823 1068 1876 ei
1117 1820 1350 1875 facturus
1388 1828 1504 1873 erat
1538 1816 1819 1873 mulierem
1839 1855 1855 1881 ,
1884 1815 1953 1869 ita
1979 1830 2119 1885 pra:-

530 1916 672 1985 cepit
701 1914 1127 1977 ordinatissime,
1158 1920 1213 1966 ut
1235 1926 1331 1980 per
1353 1910 1522 1964 virum
1552 1921 1875 1979 praeceptum
1907 1905 2118 1960 Domini

531 2008 598 2063 ad
630 2007 881 2062 feminam
910 2004 1253 2078 perveniret?
1277 2004 1445 2071 Quam
1481 2002 1815 2073 disciplinam
1846 2000 1901 2055 in
1930 1998 2118 2055 Eccle-

529 2101 608 2156 sia
638 2109 821 2155 servat
845 2098 1129 2168 Apostolus
1149 2139 1163 2164 ,
1201 2095 1385 2151 dicens
1414 2113 1430 2151 :
1460 2093 1519 2150 Si
1559 2094 1681 2164 quid
1721 2103 1891 2147 autem
1929 2093 2120 2146 discere

529 2192 702 2245 volunt
719 2232 733 2253 ,
765 2189 902 2242 domi
932 2189 1062 2243 riros
1087 2203 1205 2241 suos
1232 2188 1537 2256 interrogent
1564 2184 1607 2255 (Ι
1634 2181 1754 2240 Cor.
1781 2199 1904 2249 xtv,
1929 2183 2044 2254 55).

530 2278 757 2336 CAPUT
786 2278 969 2335 XVIII.
1001 2308 1074 2320 -—
1119 2277 1383 2344 Quomodo
1415 2275 1558 2331 Deus
1584 2276 1780 2330 locutus
1803 2276 1868 2329 sit
1902 2274 2115 2329 homini.

603 2372 691 2427 37.
727 2371 857 2425 Item
878 2370 1052 2440 ‘qumri
1084 2376 1255 2439 potest
1278 2367 1546 2437 quomodo
1573 2350 1715 2420 nunc
1740 2365 1882 2420 Deus
1913 2366 2119 2419 locutus

530 2462 601 2517 sit
623 2462 689 2516 ad
710 2460 982 2515 hominem
1011 2474 1166 2530 quem
1197 2457 1341 2522 fecit,
1363 2457 1474 2525 jam
1503 2465 1648 2511 certe
1674 2468 1833 2510 sensu
1855 2469 1919 2509 ac
1939 2462 2118 2508 mente

533 2554 834 2625 praeditum,
863 2562 920 2607 ut
944 2554 1128 2606 audire
1147 2559 1200 2605 et
1224 2549 1520 2618 intelligere
1545 2548 1850 2619 loquentem
1878 2545 2117 2602 valeret?

527 2645 711 2715 Neque
741 2644 881 2700 enim
911 2643 1067 2698 aliter
1109 2648 1430 2711 praeceptum
1473 2649 1655 2709 posset
1682 2638 1924 2707 accipere
1948 2679 1964 2704 ,
2011 2652 2118 2705 quo

529 2744 864 2806 transgresso
879 2749 1004 2790 reus
1023 2734 1041 2765 ¹
1063 2741 1227 2799 esset,
1248 2731 1346 2785 nisi
1365 2730 1464 2784 hoc
1484 2739 1759 2800 acceptum
1778 2728 2114 2799 intelligeret.

530 2824 812 2894 Quomodo
837 2840 964 2895 ergo
993 2824 1066 2878 IIII
1095 2823 1301 2877 locutus
1324 2830 1409 2876 est
1438 2820 1619 2876 Deus?
1660 2819 1848 2877 Utrum
1891 2819 2034 2873 intus
2062 2818 2117 2873 in

530 2928 712 2975 mente
734 2918 1025 2974 secundum
1052 2916 1376 2972 intellectum
1398 2955 1413 2977 ,
1443 2911 1497 2969 id
1518 2920 1619 2977 est,
1649 2920 1708 2967 ut
1735 2912 2005 2982 sapienter
2032 2911 2117 2965 in-

531 3012 797 3082 telligoret
842 3010 1165 3064 voluntatem
1212 3021 1276 3062 ac
1323 3013 1646 3077 perceptum
1693 3004 1784 3059 Dei
1832 3004 1949 3059 sine
1996 3003 2118 3059 ullis

530 3103 900 3174 corporalibus
949 3102 1096 3156 sonis
1138 3099 1224 3155 vel
1275 3098 1630 3169 corporalium
1688 3096 2118 3151 similitudinibus

532 3195 756 3252 rerum?
792 3192 898 3248 Sed
927 3208 1032 3248 non
1062 3191 1139 3247 sie
1171 3191 1417 3247 existimo
1444 3190 1615 3260 primo
1650 3187 1851 3243 homini
1882 3188 2116 3243 locutum

531 3286 722 3342 Deum.
747 3285 897 3340 Talia
922 3285 1117 3355 quippe
1134 3282 1407 3353 Scriptura
1435 3289 1637 3347 narrat,
1663 3287 1722 3335 ut
1747 3280 1923 3349 potius
1942 3278 2121 3334 creda-

530 3391 651 3432 mus
679 3377 757 3431 sic
775 3389 896 3431 esse
925 3376 1090 3430 Deum
1108 3373 1345 3429 locutum
1376 3372 1579 3427 homini
1607 3372 1659 3425 in
1691 3370 1958 3442 paradiso,
1979 3371 2120 3427 sicut

529 3468 691 3523 etiam
714 3477 899 3538 postea
930 3465 1139 3520 locutus
1161 3474 1245 3519 est
1272 3463 1536 3529 Patribus,
1568 3463 1705 3518 sicut
1730 3462 1980 3528 Abrahae,
2008 3462 2119 3518 sic-

532 3566 593 3614 ut
620 3557 820 3629 lloysi,
865 3556 918 3611 id
942 3563 1025 3610 est
1051 3556 1103 3610 in
1131 3556 1306 3625 aliqua
1343 3556 1522 3624 specie
1550 3553 1832 3623 corporali.
1879 3553 2015 3609 lline
2036 3556 2120 3608 eSt

533 3650 675 3704 enim
702 3648 843 3718 quod
865 3646 1149 3702 audierunt
1175 3646 1292 3717 ejus
1311 3661 1499 3700 vocem
1527 3644 1847 3699 ambulantis
1876 3645 1928 3699 in
1958 3659 2119 3716 para-

534 3740 653 3797 diso
680 3740 745 3794 ad
775 3753 1073 3809 vesperam,
1095 3745 1152 3792 et
1173 3736 1566 3793 absconderunt
1590 3750 1648 3791 se
1676 3734 1829 3808 (Gen.
1856 3751 1933 3800 ιιι,
1965 3734 2045 3807 8).

533 3833 761 3891 CAPUT
789 3831 933 3888 XIX.
960 3861 1035 3873 —
1062 3829 1127 3887 Ut
1148 3831 1458 3901 intelligatur
1472 3829 1697 3899 operatio
1722 3827 1818 3882 Dei
1842 3828 1895 3882 in
1922 3836 2121 3882 creatu-

776 3925 878 3989 ris,
908 3923 1031 3995 quid
1055 3923 1106 3976 in
1134 3921 1308 3993 primis
1328 3921 1391 3975 de
1416 3926 1526 3990 ipso
1554 3919 1888 3974 sentiendum.

607 4016 695 4073 38.
727 4016 900 4071 Locus
924 4016 1101 4085 itaque
1134 4029 1355 4083 tnaguus
1377 4028 1547 4082 neque
1573 4011 1976 4082 praetereundus
2000 4026 2123 4081 pro-

535 4110 779 4180 ponitur,
811 4116 868 4160 ut
907 4107 1207 4160 intueamur
1230 4114 1484 4175 quantum
1515 4118 1830 4175 possumus,
1863 4114 2120 4173 quantum

537 4202 652 4271 ipse
676 4199 927 4268 adjuvare
954 4207 1008 4251 et
1048 4196 1248 4251 donare
1275 4196 1522 4266 dignatur
1544 4236 1561 4263 ,
1598 4211 1732 4268 opus
1769 4196 1961 4251 divina:
1994 4214 2122 4266 prn-

534 4289 783 4345 videutize
813 4288 1116 4357 bipartitum
1144 4329 1158 4354 ,
1200 4287 1343 4358 quod
1381 4288 1625 4358 superius
1651 4303 1771 4343 cum
1800 4288 1867 4344 de
1891 4289 2122 4359 agricul-

534 4392 652 4438 tura
694 4381 1037 4452 loqueremur
1058 4421 1073 4447 ,
1106 4379 1410 4435 transitoria
1433 4379 1660 4449 quadam
1690 4381 1970 4437 occasione
1999 4395 2123 4450 per-

500 4475 882 4538 .strinximus,
929 4481 988 4527 ut
1027 4471 1153 4527 inde
1193 4471 1302 4541 jam
1352 4471 1609 4540 inciperet
1647 4470 1871 4541 legentis
1916 4472 2124 4526 aninms

537 4564 639 4620 hoc
666 4578 980 4619 assuescere
1004 4564 1271 4629 contueri,
1303 4561 1445 4632 quod
1472 4562 1688 4631 adjuvat
1716 4562 2022 4631 plurimum,
2056 4579 2124 4619 ne

536 4655 664 4726 quid
714 4654 987 4724 indignum
1040 4653 1109 4709 de
1154 4653 1267 4723 ipsa
1313 4652 1408 4708 Dei
1461 4653 1759 4708 substantia
1807 4656 2119 4709 sentiamus.

539 4746 774 4801 Dicimus
795 4745 972 4814 itaque
1000 4745 1172 4814 ipsum
1200 4758 1488 4810 summum,
1518 4760 1725 4812 verum,
1757 4761 1921 4801 unum
1946 4762 2008 4800 ac
2032 4762 2123 4802 so-

537 4837 647 4892 lum
680 4837 878 4901 Deum,
920 4835 1131 4890 Patrem
1156 4844 1210 4891 et
1243 4834 1463 4901 Filium,
1491 4845 1545 4891 et
1566 4834 1820 4905 Spiritum
1858 4849 2119 4903 sanctmn,

536 4931 591 4985 id
620 4937 724 4995 est,
759 4930 922 4984 Deum
955 4927 1296 4998 Verbumque
1323 4928 1440 4999 eius
1466 4937 1522 4985 et
1548 4930 1824 4999 utriusque
1846 4930 2122 5002 Spiritum,

537 5021 854 5076 Trinitatem
900 5020 1067 5088 ipsam
1088 5060 1105 5083 ,
1151 5033 1326 5089 neque
1366 5016 1641 5075 confusam
1666 5062 1683 5083 ,
1715 5036 1885 5092 neque
1911 5038 2127 5092 separa-

537 5126 669 5179 tam,
702 5115 866 5169 Deum
894 5114 984 5183 qui
1013 5115 1160 5167 solus
1187 5113 1348 5169 habet
1376 5114 1845 5180 immortalitatem,
1874 5126 1926 5173 et
1953 5117 2123 5173 lucem

537 5205 741 5259 habitat
779 5203 1195 5259 inaccessibilem
1222 5244 1239 5270 ,
1287 5219 1446 5275 quem
1474 5220 1634 5259 nemo
1670 5206 1941 5261 hominum
1970 5210 2121 5277 vidit,

539 5311 640 5351 nec
666 5295 851 5351 videre
880 5304 1056 5365 potest
1083 5296 1127 5365 (l
1158 5294 1292 5350 Tim.
1323 5311 1413 5361 vt,
1450 5296 1538 5368 16)
1565 5339 1581 5363 ,
1638 5312 1737 5353 nec
1776 5298 2014 5354 locorum
2041 5303 2123 5357 vel

539 5389 691 5442 finito
715 5389 797 5441 vel
825 5388 1030 5441 infinito
1072 5387 1245 5457 spatio
1287 5388 1547 5443 contineri
1585 5403 1685 5443 nec
1712 5399 2009 5459 temporum
2042 5392 2126 5449 vel

541 5483 691 5537 linito
712 5481 798 5536 vel
837 5480 1043 5535 inﬁnito
1076 5481 1344 5535 volumine
1379 5482 1597 5536 variari.
1642 5482 1825 5554 Neque
1860 5486 2004 5541 enim
2040 5495 2126 5541 est

540 5575 595 5630 in
620 5575 735 5645 ejus
764 5573 1058 5629 substantia
1086 5589 1187 5643 qua
1218 5573 1356 5628 Deus
1400 5582 1510 5638 est,
1543 5575 1682 5644 quod
1724 5576 1937 5632 brevius
1974 5579 2040 5633 sit
2071 5580 2123 5633 in

540 5677 689 5740 parte
709 5682 863 5736 quam
890 5665 942 5721 in
965 5673 1099 5733 toto,
1131 5667 1267 5721 sicut
1294 5682 1514 5722 necesse
1540 5676 1757 5725 estesse
1781 5687 1899 5742 qua:
1921 5671 1971 5729 in
1993 5671 2125 5729 locis

605 5782 624 5813 ⁸
647 5779 721 5831 sic
738 5787 841 5828 stas.
878 5787 930 5828 At
955 5778 1089 5837 editi,
1119 5791 1213 5843 quo
1233 5785 1557 5844 transgressor
1581 5778 1704 5843 ejus.

1507 332 1596 389 DE
1632 330 1885 390 CENESI
1920 329 2015 409 Al)
2041 329 2414 402 LITTERAM,
2449 333 2510 392 8.
2549 332 2920 394 AUGUSTINI

3703 334 3816 393 588

2231 444 2457 503 immoto
2480 447 2697 503 cardine
2717 455 3038 505 moveatur:
3062 446 3142 505 sic
3167 455 3277 504 tota
3300 447 3477 521 palma
3502 448 3571 507 ab
3586 449 3819 508 articulo

2232 548 2392 599 sunt;
2440 548 2530 593 aut
2561 539 2656 593 fuit
2682 539 2733 593 in
2765 540 2882 609 ejus
2909 540 3199 595 substantia
3239 542 3379 611 quod
3419 542 3528 610 jam
3566 559 3671 598 non
3711 554 3818 610 est,

2233 631 2314 685 vel
2343 633 2446 686 erit
2464 633 2602 703 quod
2619 633 2852 688 nondum
2877 642 2978 701 est,
3001 633 3138 689 sicut
3162 634 3214 688 in
3236 634 3438 689 naturis
3458 652 3575 706 qua:
3596 645 3822 707 possunt

2232 724 2485 791 temporis
2514 724 2912 778 mutabilitatem
2946 725 3073 795 pati.

2227 811 2454 870 CAPUT
2483 814 2597 869 XX.
2627 845 2700 856 -—
2740 814 2984 871 Creatura
3022 817 3302 878 corporalis
3338 817 3447 872 loco
3485 827 3531 872 et
3572 827 3819 889 tempore,

2295 907 2578 975 spiritualis
2606 916 2828 978 tempore
2858 918 3073 974 tantum,
3096 905 3304 964 Creator
3333 910 3441 980 ipse
3462 920 3639 983 neutro
3665 912 3821 965 modo

2299 999 2573 1053 mutabilis.

2296 1089 2384 1146 59.
2420 1091 2514 1145 llic
2542 1107 2669 1167 ergo
2690 1091 3109 1146 incommutabili
3135 1091 3431 1147 mtcrnitate
3460 1093 3642 1148 vivens
3663 1107 3823 1148 crea-

2223 1180 2301 1235 vit
2342 1183 2518 1235 oinnia
2562 1182 2755 1247 simul,
2796 1199 2863 1239 ex
2902 1184 3091 1253 quibus
3126 1194 3404 1239 currerent
3444 1194 3721 1254 tempora,
3764 1194 3823 1240 et
3894 1216 3905 1222 ι

2226 1268 2580 1339 implerentur
2606 1273 2741 1336 loca,
2773 1274 3259 1343 temporalibusque
3278 1283 3332 1328 et
3357 1274 3612 1329 localibus
3636 1289 3821 1329 rerum

2226 1362 2462 1416 motibus
2493 1363 2683 1417 swcula
2708 1362 3069 1418 veherentur.
3095 1362 3149 1417 In
3178 1363 3368 1432 quibus
3395 1363 3552 1418 rebus
3570 1364 3819 1435 quasdam

2225 1451 2540 1521 spiritualia,
2568 1453 2811 1521 qua‘dam
2837 1455 3133 1524 corporalia
3160 1453 3417 1521 condidit,
3450 1456 3682 1509 formans
3702 1470 3820 1509 ma-

2226 1546 2412 1599 teriam
2440 1560 2599 1615 quam
2637 1561 2734 1599 nec
2772 1546 2909 1600 alius
2943 1562 3041 1601 nec
3078 1546 3257 1600 nullus
3280 1588 3295 1612 ,
3330 1547 3423 1602 sed
3456 1549 3673 1602 omnino
3700 1550 3818 1618 ipse

2224 1636 2509 1692 informem
2558 1654 2619 1692 ac
2666 1638 2997 1694 formabiletn
3040 1639 3305 1705 instituit,
3348 1652 3402 1695 ut
3441 1640 3818 1698 formationem

2224 1745 2374 1785 suam
2407 1748 2510 1785 non
2540 1740 2799 1799 tempore,
2828 1732 2922 1786 sed
2951 1733 3157 1803 origine
3187 1734 3526 1803 prmvenirct.
3548 1731 3819 1803 Spiritua-

2225 1823 2329 1877 lem
2363 1833 2539 1877 autem
2568 1834 2866 1877 creaturam
2893 1825 3157 1894 corporali
3190 1826 3509 1895 praeposuit;
3538 1825 3681 1897 quod
3708 1826 3821 1896 spi-

2222 1915 2427 1970 ritualis
2455 1916 2820 1970 tantummodo
2848 1931 2942 1986 per
2968 1925 3205 1987 tempora
3232 1919 3423 1972 mutari
3455 1929 3656 1987 posset,
3684 1934 3810 1975 cor-

2222 2007 2422 2078 poralis
2464 2015 2642 2062 autem
2682 2024 2776 2079 per
2825 2017 3061 2079 tempora
3090 2018 3145 2063 et
3190 2009 3326 2064 loca.
3383 2010 3626 2082 Exempli
3671 2014 3818 2068 enim

2222 2100 2411 2170 gratia,
2443 2115 2541 2169 per
2567 2111 2776 2171 tempus
2799 2108 3042 2156 movetur
3065 2102 3295 2169 animus,
3318 2102 3399 2158 vel
3423 2104 3818 2160 reminiscendo

2221 2191 2363 2263 quod
2390 2191 2586 2246 oblitus
2620 2201 2770 2256 erat,
2818 2192 2901 2248 vel
2927 2193 3182 2247 discendo
3211 2193 3353 2263 quod
3379 2196 3691 2263 nesciebat,
3727 2196 3818 2252 vel

2220 2283 2449 2340 volendo
2473 2284 2613 2356 quod
2639 2284 2852 2340 nolebat
2882 2303 2895 2339 :
2929 2301 3023 2355 per
3054 2286 3165 2340 loca
3200 2295 3377 2340 autem
3409 2302 3643 2357 corpus,
3671 2288 3758 2343 vel
3783 2303 3816 2344 ι

2224 2374 2440 2434 terrain
2467 2378 2684 2445 caelum,
2712 2379 2796 2434 vel
2835 2394 2864 2433 a
2904 2379 3046 2435 cmlo
3067 2378 3119 2433 in
3165 2386 3380 2445 terram,
3410 2379 3496 2434 vel
3519 2380 3586 2436 ab
3607 2381 3818 2437 oriente

2220 2472 2273 2528 in
2296 2466 2649 2540 occidentem,
2676 2473 2761 2529 vel
2790 2474 2834 2529 si
2856 2490 2962 2545 quo
2985 2474 3092 2529 alio
3115 2474 3278 2529 simili
3310 2475 3489 2531 modo.
3521 2474 3693 2530 Omne
3720 2491 3817 2531 au-

2221 2576 2327 2622 tem
2354 2566 2495 2638 quod
2527 2574 2767 2621 movetur
2790 2581 2882 2636 per
2907 2567 3085 2622 locum
3111 2607 3127 2631 ,
3169 2582 3275 2621 nou
3302 2577 3480 2637 potest
3507 2566 3606 2621 nisi
3632 2576 3688 2621 et
3714 2582 3811 2637 per

2222 2668 2433 2730 tempus
2469 2656 2625 2713 simul
2669 2659 2870 2715 moveri
2903 2676 2917 2713 :
2947 2668 3003 2714 at
3040 2674 3144 2714 non
3191 2674 3350 2715 omne
3384 2660 3525 2731 quod
3569 2669 3816 2716 movetur

2218 2762 2317 2820 per
2346 2759 2590 2828 tempus,
2637 2764 2858 2806 necesse
2896 2758 2980 2805 est
3022 2751 3183 2806 etiam
3228 2765 3328 2821 per
3366 2750 3538 2807 locum
3585 2752 3811 2808 moveri.

2220 2841 2368 2898 Sicut
2409 2857 2539 2913 ergo
2578 2843 2927 2898 substantiam
2969 2859 3087 2913 qua:
3116 2852 3363 2898 movetur
3398 2858 3493 2914 per
3524 2853 3735 2914 tempus
3759 2849 3816 2899 et

2221 2934 2418 3000 locum,
2459 2933 2713 3005 pra-cedit
2737 2934 3033 2989 substantia
3062 2952 3181 3004 qum
3211 2943 3413 2989 tantum
3441 2950 3538 3005 per
3562 2942 3808 3004 tempus;

2221 3026 2292 3081 ita
2331 3026 2499 3097 ipsam
2541 3024 2795 3096 przeccdit
2838 3025 2925 3079 illa
2962 3042 3081 3096 qua:
3110 3042 3212 3081 nec
3254 3042 3349 3097 per
3374 3026 3549 3081 locum
3588 3040 3691 3083 nec
3720 3041 3814 3096 per

2222 3127 2451 3190 tempus.
2480 3120 2558 3173 Ac
2585 3133 2680 3188 per
2706 3119 2806 3173 hoc
2831 3116 2968 3173 sicut
2995 3133 3089 3188 per
3116 3126 3325 3187 tempus
3350 3125 3406 3172 et
3432 3118 3605 3173 locum
3633 3123 3815 3173 movet

2221 3226 2417 3283 corpus
2440 3211 2554 3282 ipse
2581 3219 2782 3265 tantum
2805 3226 2901 3281 per
2927 3222 3137 3281 tempus
3165 3219 3340 3266 motus
3369 3211 3614 3265 conditus
3638 3209 3804 3280 spiri-

2221 3310 2348 3369 tus;
2392 3302 2462 3358 ita
2493 3317 2588 3373 per
2625 3310 2832 3371 tempus
2875 3310 3054 3357 movet
3089 3303 3362 3357 conditum
3406 3302 3652 3372 spiritum
3696 3302 3813 3371 ipse

2221 3407 2324 3449 nec
2358 3407 2455 3463 per
2480 3403 2686 3462 tempus
2712 3407 2809 3448 nec
2838 3408 2931 3462 per
2955 3392 3130 3447 locum
3169 3404 3343 3448 motus
3368 3392 3614 3449 conditor
3638 3391 3812 3464 Spiri-

2222 3496 2309 3542 tus
2340 3503 2355 3542 :
2385 3486 2478 3542 sed
2518 3487 2735 3556 spiritus
2758 3494 2969 3541 creatus
2997 3494 3174 3541 movet
3202 3486 3436 3554 seipsum
3463 3500 3559 3556 per
3579 3495 3810 3555 tempus,

2223 3587 2278 3633 et
2302 3592 2396 3649 per
2422 3586 2630 3647 tempus
2656 3592 2720 3632 ae
2738 3577 2912 3631 locum
2940 3591 3169 3646 corpus;
3197 3574 3425 3646 Spiritus
3448 3585 3627 3631 autem
3654 3590 3812 3631 crea-

2224 3678 2308 3724 tor
2335 3680 2510 3725 movet
2534 3670 2767 3738 seipsum
2794 3669 2910 3724 sine
2937 3679 3175 3739 tempore
3198 3683 3264 3723 ac
3291 3670 3408 3725 loco
3430 3710 3446 3734 ,
3479 3678 3659 3724 movet
3677 3682 3812 3723 con-

2223 3761 2391 3816 ditum
2435 3760 2679 3830 spiritum
2713 3776 2807 3829 per
2832 3768 3039 3830 tempus
3079 3760 3196 3815 sine
3232 3759 3387 3826 loco,
3416 3767 3595 3815 movet
3613 3773 3812 3828 corpus

2225 3863 2333 3921 per
2351 3861 2560 3921 tempus
2586 3859 2642 3905 et
2670 3850 2865 3905 locum.

2222 3940 2448 3998 CAPUT
2478 3940 2620 3997 XXI.
2652 3971 2723 3982 ——
2754 3940 3017 4005 Quomodo
3042 3939 3176 3995 Deus
3202 3941 3437 3994 immotus
3462 3949 3654 3994 moueat
3668 3956 3815 3996 crea-

2517 4044 2686 4102 turas,
2713 4035 2941 4104 exemplo
2969 4035 3154 4088 animle
3181 4034 3510 4106 deprehendi.

2295 4124 2386 4182 40.
2434 4125 2693 4194 Quocirca
2736 4126 2977 4197 quisquis
3020 4126 3316 4196 intelligere
3350 4136 3575 4182 conatur
3612 4142 3811 4198 quem-

2224 4217 2510 4273 admodum
2542 4233 2667 4273 vere
2694 4227 2925 4272 :eternus
2956 4227 3008 4272 et
3039 4233 3163 4273 vere
3194 4217 3508 4273 immortalis
3540 4227 3701 4289 atque
3731 4220 3815 4273 iu-

2225 4296 2613 4368 commutabilis
2658 4311 2831 4377 Deus,
2886 4310 3000 4381 ipse
3038 4327 3137 4366 nec
3179 4326 3277 4383 per
3323 4320 3530 4381 tempus
3572 4327 3673 4367 nec
3716 4327 3814 4381 per

2228 4403 2403 4459 locum
2433 4412 2611 4459 motus
2641 4412 2851 4458 moveat
2876 4403 3240 4473 temporaliter
3264 4413 3318 4459 et
3338 4405 3577 4460 localiter
3601 4416 3816 4461 creatu-

2226 4511 2341 4550 ram
2372 4510 2559 4561 suam;
2608 4511 2713 4550 non
2740 4511 2860 4550 eum
2889 4504 3016 4565 puto
3045 4510 3199 4565 posse
3241 4498 3485 4563 assequi,
3528 4498 3627 4552 nisi
3666 4500 3814 4568 prius

2228 4586 2549 4642 intellexerit
2594 4585 3044 4656 quemadmodum
3085 4586 3301 4652 anima,
3346 4586 3449 4643 hoc
3486 4597 3568 4642 est
3592 4588 3815 4657 spiritus

2227 4691 2458 4744 creatus,
2501 4695 2604 4733 non
2626 4694 2724 4751 per
2752 4678 2949 4747 locum,
2978 4680 3070 4735 sed
3099 4686 3300 4734 tantum
3328 4696 3421 4751 per
3458 4691 3668 4752 tempus
3693 4698 3816 4739 mo-

2230 4778 2349 4837 tus,
2388 4778 2600 4825 moveat
2631 4784 2825 4837 corpus
2866 4784 2961 4839 per
3008 4779 3217 4846 tempus
3257 4780 3312 4826 et
3342 4771 3538 4825 locum.
3584 4772 3637 4827 Si
3667 4774 3815 4829 enim

2227 4861 2368 4932 quod
2397 4862 2447 4916 in
2476 4863 2652 4932 seipso
2678 4862 2851 4932 agitur
2887 4876 3080 4930 capere
3106 4862 3340 4918 nondum
3383 4872 3580 4936 potest,
3612 4874 3818 4934 quanto

2229 4952 2406 5009 minus
2434 4952 2559 5007 illud
2586 4952 2728 5022 quod
2755 4965 2915 5022 supra
2946 4953 3071 5006 est?

2297 5044 2388 5099 41.
2418 5044 2615 5099 Allecta
2655 5045 2851 5115 quippe
2872 5044 3050 5099 anima
3079 5044 3370 5099 carnalium
3398 5059 3650 5100 sensuum
3680 5060 3782 5100 con
3806 5075 3819 5088 -

2230 5134 2549 5199 suetudine,
2589 5136 2751 5189 etiam
2794 5134 3022 5205 seipsum
3064 5149 3186 5189 cum
3235 5151 3459 5206 corpore
3506 5122 3602 5207 per
3638 5138 3816 5193 locum

2232 5228 2434 5282 moveri
2464 5236 2611 5295 putat
2629 5268 2645 5292 ,
2674 5227 2800 5281 dum
2830 5228 2881 5282 id
2909 5244 3003 5298 per
3029 5228 3204 5283 locum
3230 5238 3430 5284 movet.
3458 5230 3586 5297 ρων
3614 5231 3660 5284 si
3694 5246 3817 5300 pos-

2231 5319 2300 5374 sit
2332 5318 2613 5389 diligenter
2640 5319 2923 5389 inspicerc,
2965 5332 3215 5389 tanquam
3253 5320 3501 5375 cardines
3546 5322 3818 5376 membro-

2231 5426 2351 5465 rum
2375 5409 2614 5479 corporis
2636 5410 2737 5475 sui,
2769 5411 3211 5480 quemadmodum
3232 5411 3548 5466 articulatim
3570 5413 3817 5477 dispositi

2230 5510 2375 5568 sunt,
2402 5516 2430 5553 a
2455 5500 2815 5571 quibusiuitia
2854 5502 3148 5557 motionum
3180 5503 3451 5567 nitantur;
3490 5504 3725 5559 inveniet
3749 5521 3818 5561 ea

2230 5609 2350 5665 qua:
2375 5609 2471 5664 per
2499 5594 2666 5664 spatia
2710 5594 2947 5648 locorum
2992 5605 3273 5649 moventur
3297 5635 3312 5658 ,
3355 5595 3453 5649 nii
3485 5596 3552 5650 ab
3594 5597 3673 5651 eis
3695 5612 3819 5669 qua)

2232 5685 2352 5741 loco
2386 5686 2486 5740 lixa
2517 5693 2639 5738 sunt
2659 5725 2674 5751 ,
2706 5699 2812 5738 non
2836 5684 3056 5739 moveri.
3086 5684 3200 5740 Non
3232 5685 3373 5738 enim
3402 5696 3649 5741 movetur
3671 5689 3820 5744 solus

2234 5777 2463 5849 digitus,
2494 5775 2595 5831 nisi
2639 5791 2827 5831 manus
2863 5778 2960 5829 lixa
3008 5777 3112 5845 sit,
3155 5793 3183 5830 a
3223 5777 3373 5848 cujus
3411 5778 3637 5835 articulo
3674 5780 3823 5839 velut
