4090 6466
334 361 442 413 889

330 472 519 537 cubiti,
548 471 625 526 sic
651 471 863 526 cubitus
909 468 977 524 ab
1012 466 1235 522 articulo
1276 464 1520 531 humeri,
1566 461 1822 518 humerus
1847 460 1914 517 ab

329 563 556 630 scapula
589 579 709 617 cum
754 571 1028 627 movetur,
1078 558 1340 613 stantibus
1385 557 1565 626 utique
1610 554 1915 609 cardinibus

330 654 527 725 quibus
551 654 716 707 motio
742 654 958 716 nitatur,
991 651 1029 704 it
1060 666 1152 720 per
1182 649 1281 703 loci
1312 649 1538 717 spatium
1569 645 1708 716 quod
1731 658 1913 697 move-

333 752 440 797 tur.
487 743 575 799 Sic
604 745 796 814 planta:
827 744 878 796 in
909 742 1013 796 talo
1039 752 1119 795 est
1156 740 1436 803 articulus,
1473 754 1578 807 quo
1600 745 1770 790 stante
1797 750 1916 787 mo-

338 845 553 899 veatur;
581 836 656 886 sic
681 834 850 886 cruris
883 835 932 886 in
957 847 1092 901 genu
1121 840 1174 885 et
1203 830 1361 884 totius
1385 830 1532 899 pedis
1574 830 1622 882 in
1653 843 1782 883 coxa
1818 843 1830 879 :
1862 834 1917 881 et

334 928 533 981 nullius
571 926 792 980 membri
831 934 1007 979 motus
1050 924 1265 977 omnino
1309 930 1428 988 est,
1472 936 1628 989 quem
1677 920 1915 972 voluntas

336 1030 546 1085 movet,
576 1020 675 1073 nisi
716 1019 784 1071 ab
808 1018 982 1086 aliquo
1006 1017 1208 1069 articuli
1241 1016 1258 1047 ¹
1290 1015 1506 1068 cardine
1528 1055 1541 1076 ,
1571 1028 1728 1082 quem
1759 1020 1915 1063 nutus

337 1109 578 1177 ejusdem
614 1108 897 1161 voluntatis
926 1106 1167 1175 primitus
1191 1106 1337 1173 figit,
1386 1113 1442 1157 ut
1468 1104 1534 1155 ab
1558 1118 1621 1155 eo
1646 1101 1785 1171 quod
1814 1100 1912 1153 loci

337 1199 511 1267 spatio
543 1215 645 1251 non
676 1208 951 1261 movetur,
982 1198 1064 1264 agi
1100 1196 1270 1247 valeat
1296 1194 1435 1263 quod
1467 1201 1725 1245 movetur.
1757 1191 1914 1243 Deni-

335 1307 443 1360 que
465 1306 564 1344 nec
594 1292 645 1343 in
674 1288 990 1343 ambulando
1017 1303 1115 1358 pes
1134 1288 1356 1349 levatur,
1382 1286 1479 1338 nisi
1506 1285 1642 1338 alius
1674 1285 1805 1336 lixus
1834 1290 1915 1334 to-

336 1392 448 1435 tum
487 1398 682 1452 corpus
727 1380 897 1445 ferat,
943 1379 1114 1433 donec
1156 1378 1242 1431 ille
1280 1378 1369 1446 qui
1417 1387 1594 1429 motus
1630 1384 1712 1430 est
1739 1391 1767 1428 a
1801 1376 1917 1429 loco

334 1472 478 1525 unde
523 1470 689 1524 fertur
712 1511 726 1535 ,
758 1470 823 1522 ad
856 1470 1025 1522 locum
1066 1483 1171 1537 quo
1210 1468 1406 1532 fertur,
1452 1466 1669 1519 immoto
1696 1465 1917 1518 articulo

335 1566 417 1619 sui
442 1564 675 1617 cardinis
704 1563 972 1615 innitatur.

407 1654 498 1707 42.
532 1656 695 1707 Porro
719 1694 733 1718 ,
761 1653 804 1705 si
832 1652 883 1705 in
908 1665 1131 1719 corpore
1156 1649 1356 1702 nullum
1394 1648 1688 1701 membrum
1715 1662 1807 1715 per
1833 1646 1915 1699 lo-

335 1764 459 1801 cum
514 1746 766 1799 voluntas
810 1753 1015 1809 movet,
1064 1742 1163 1796 nisi
1208 1742 1275 1795 ab
1315 1756 1380 1795 eo
1426 1739 1649 1795 membri
1691 1738 1918 1791 articulo

334 1853 495 1908 quem
526 1853 628 1891 non
667 1847 883 1900 movet,
912 1850 1030 1889 cmn
1060 1843 1114 1887 et
1143 1834 1227 1888 illa
1258 1848 1379 1901 pars
1398 1831 1637 1901 corporis
1662 1845 1778 1899 quze
1800 1844 1917 1883 mo-

335 1942 514 1993 vetur,
557 1938 611 1983 et
640 1928 725 1982 illa
754 1942 853 1996 qua
884 1928 982 1980 lixa
1012 1928 1067 1979 lit
1096 1935 1154 1979 ut
1185 1933 1481 1988 moveatur,
1510 1935 1796 1991 corporeus
1821 1920 1917 1973 ba-

335 2021 497 2075 beant
520 2020 840 2089 quantitates
868 2032 1011 2082 suas,
1047 2015 1237 2085 quibus
1275 2021 1537 2083 occupent
1577 2013 1743 2081 Spatia
1775 2012 1919 2063 loco-

336 2128 455 2165 rum
482 2126 737 2175 suorum;
783 2117 981 2178 quanto
1010 2106 1178 2175 magis
1210 2107 1323 2174 ipse
1362 2104 1553 2157 animm
1600 2111 1791 2165 nutus,
1830 2101 1918 2154 cui

335 2200 576 2254 membra
604 2200 932 2261 deserviunt,
978 2206 1035 2250 ut
1060 2196 1200 2266 quod
1249 2195 1506 2265 placuerit
1534 2194 1746 2263 ligatur,
1776 2192 1918 2246 unde

336 2292 391 2344 id
431 2290 571 2361 quod
610 2290 926 2344 movendum
958 2297 1039 2342 est
1086 2287 1366 2351 innitatur;
1420 2302 1540 2341 cum
1586 2286 1760 2339 anima
1812 2300 1916 2337 non

336 2384 408 2437 sit
434 2393 621 2437 natura
652 2397 932 2450 corporea,
959 2397 1056 2434 nec
1085 2381 1237 2433 locali
1265 2380 1439 2449 spatio
1463 2394 1654 2448 corpus
1679 2378 1915 2447 impleat,

337 2476 483 2531 sicut
521 2490 654 2544 aqua
697 2485 871 2527 utrum
911 2474 1024 2527 sive
1071 2472 1380 2541 Spongiam;
1422 2472 1514 2526 sed
1554 2472 1703 2525 miris
1748 2471 1919 2524 modis

332 2568 454 2637 ipso
495 2567 808 2637 incorporeo
856 2576 986 2619 nutu
1026 2564 1311 2617 commixta
1353 2564 1421 2617 sit
1456 2562 1772 2616 vivificando
1798 2578 1920 2617 cor-

333 2658 478 2729 pori,
508 2674 615 2728 quo
639 2666 691 2710 et
719 2658 941 2726 imperat
967 2656 1199 2725 corpori,
1228 2655 1453 2725 quadam
1486 2655 1779 2708 intentione
1810 2669 1915 2706 non

332 2752 477 2807 tnole
506 2770 519 2804 :
550 2760 749 2821 quanto
777 2754 941 2819 magis
965 2790 981 2813 ,
1024 2750 1234 2818 inquam
1260 2790 1274 2811 ,
1306 2758 1465 2802 nutus
1491 2748 1603 2816 ipse
1632 2747 1919 2801 voluntatis

331 2844 454 2911 ejus
505 2858 611 2895 non
660 2857 754 2909 per
801 2840 976 2893 locum
1026 2849 1305 2902 movetur,
1358 2846 1415 2891 ut
1464 2852 1657 2906 corpus
1703 2852 1796 2906 per
1835 2838 1917 2891 lo-

328 2948 455 2989 cum
486 2940 737 2998 moveat,
784 2931 994 3001 quando
1023 2939 1189 2983 totum
1232 2944 1327 2999 per
1355 2940 1529 2997 partes
1557 2936 1769 2993 movet,
1820 2943 1919 2983 nec

330 3026 540 3095 aliquas
601 3024 723 3078 loco
768 3030 948 3077 movet
999 3021 1100 3075 nisi
1153 3036 1249 3091 per
1295 3020 1411 3074 illas
1456 3034 1589 3091 quas
1644 3020 1764 3075 loco
1809 3035 1917 3075 non

528 3114 552 3152 9

528 3124 552 3152 τ

598 3202 765 3259 ΧΧΙΙ.
801 3234 873 3244 -
922 3202 1184 3269 Quomodo
1214 3200 1352 3256 Deus
1393 3208 1617 3267 mereat,
1667 3200 1917 3272 quomodo

1029 3311 1220 3348 anima.

406 3388 496 3442 45.
527 3385 681 3453 Quod
708 3387 750 3439 si
781 3384 1076 3454 intelligere
1104 3383 1323 3439 diflicilc
1346 3391 1427 3436 est
1448 3424 1462 3447 ,
1492 3390 1775 3452 utrumque
1800 3396 1919 3436 cre-

333 3477 525 3544 datur,
571 3486 625 3531 et
663 3476 803 3545 quod
834 3486 1074 3530 creatura
1117 3474 1405 3544 Spiritualis
1448 3489 1553 3526 non
1598 3488 1691 3541 per
1742 3473 1916 3526 locum

331 3580 479 3625 mota
506 3579 715 3623 moveat
734 3582 927 3638 corpus
955 3584 1048 3637 per
1073 3567 1266 3630 locum,
1294 3574 1346 3619 et
1368 3565 1506 3634 quod
1528 3565 1667 3617 Deus
1694 3579 1798 3618 non
1822 3579 1918 3633 per

328 3672 541 3731 tempus
572 3670 747 3714 motus
775 3670 983 3714 moveat
1000 3669 1296 3714 creaturam
1321 3658 1646 3726 spiritualem
1671 3673 1763 3726 per
1786 3666 1919 3711 tem-

329 3767 451 3820 pus.
480 3752 632 3817 Quod
658 3751 701 3805 si
731 3753 797 3805 de
822 3752 995 3803 anima
1037 3752 1259 3820 quisque
1285 3765 1390 3803 non
1415 3750 1528 3803 vult
1548 3750 1650 3803 hoc
1669 3749 1910 3813 credere,

328 3844 472 3912 quod
502 3844 714 3912 quidem
743 3842 858 3895 sine
884 3841 1044 3895 dubio
1087 3858 1191 3895 non
1222 3842 1390 3895 solum
1417 3840 1699 3907 crederet,
1728 3856 1915 3895 verum

324 3933 493 3988 etiam
517 3931 837 4000 intelligeret
858 3973 872 3997 ,
918 3932 963 3985 si
997 3946 1115 3986 eam
1158 3941 1368 4000 posset,
1399 3930 1553 3984 sicuti
1593 3940 1710 3997 est,
1742 3932 1915 3985 ineor-

326 4038 549 4093 poream
572 4024 804 4092 cogitare
834 4023 955 4076 :cui
985 4024 1125 4075 enim
1153 4037 1257 4075 non
1288 4022 1439 4075 facile
1465 4030 1741 4089 occurrat,
1773 4022 1914 4092 quod

331 4130 431 4183 per
472 4114 648 4167 locum
696 4131 799 4167 non
844 4123 1119 4167 moveatur
1158 4113 1298 4183 quod
1338 4129 1430 4183 per
1459 4114 1558 4167 loci
1599 4115 1766 4182 Spatia
1809 4130 1913 4169 non

330 4205 691 4259 distenditur?
738 4205 991 4275 quidquid
1018 4216 1193 4259 autem
1224 4220 1319 4275 per
1360 4206 1461 4259 loci
1502 4207 1670 4274 spatia
1714 4207 1916 4260 disten-

327 4298 477 4353 ditur
501 4311 693 4366 corpus
708 4308 791 4350 est
814 4313 829 4362 ;
861 4312 923 4373 ac
950 4313 1041 4367 per
1066 4297 1167 4350 hoc
1194 4312 1524 4365 consequens
1550 4306 1711 4352 estut
1739 4298 1913 4352 anima

332 4405 431 4459 per
472 4390 645 4444 locum
672 4388 873 4442 moveri
901 4404 1004 4442 non
1050 4398 1294 4458 putetur,
1338 4387 1384 4443 si
1410 4403 1604 4459 corpus
1648 4404 1751 4442 non
1794 4404 1914 4443 esse

329 4483 585 4537 credatur
611 4500 625 4536 :
653 4482 745 4537 sed
770 4523 785 4547 ,
817 4492 874 4536 ut
915 4482 1094 4537 dicere
1124 4497 1386 4551 coeperam
1416 4523 1431 4547 ,
1459 4481 1504 4535 si
1525 4482 1591 4537 de
1610 4481 1783 4535 anima
1817 4482 1917 4536 hoc

328 4576 556 4644 quisque
594 4590 698 4629 non
730 4576 841 4629 vult
872 4574 1093 4629 credere
1116 4614 1130 4637 ,
1171 4588 1275 4628 non
1316 4574 1471 4628 nimis
1518 4572 1784 4643 urgendus
1811 4583 1911 4627 est.

331 4665 697 4721 Substantiam
741 4682 868 4721 vero
918 4666 1011 4720 Dei
1054 4666 1154 4719 nisi
1202 4665 1384 4719 credat
1425 4680 1525 4719 nec
1569 4680 1662 4734 per
1708 4674 1915 4733 tempus

331 4772 435 4811 nec
471 4773 568 4826 per
608 4758 780 4812 locum
824 4757 1059 4824 moveri,
1097 4756 1328 4810 nondum
1358 4756 1590 4827 perfecte
1618 4758 1915 4811 incommu-

334 4848 551 4903 tabilem
579 4847 769 4902 credit.

332 4937 562 4994 CAPUT
598 4938 786 4995 XXIII.
824 4966 895 4981 --
932 4937 1071 4993 Deus
1095 4956 1289 5009 semper
1314 4940 1531 5009 quietus,
1554 4940 1723 4994 omnia
1750 4950 1916 4995 tamen

1042 5046 1213 5102 agens.

404 5123 500 5178 ιι.
543 5122 739 5178 Verum
779 5122 902 5191 quia
948 5122 1168 5175 omnino
1209 5121 1649 5177 incommutabilis
1699 5130 1781 5176 est
1827 5122 1915 5175 illa

335 5226 525 5269 natura
553 5214 848 5278 Trinitatis,
878 5222 932 5267 et
956 5212 1023 5267 ob
1050 5213 1150 5266 hoc
1178 5214 1246 5265 ita
1271 5222 1470 5267 teterna
1489 5254 1504 5278 ,
1539 5224 1596 5266 ut
1634 5213 1684 5267 ei
1718 5212 1916 5281 aliquid

336 5316 662 5362 coa'ternum
687 5320 807 5360 esse
832 5321 934 5357 non
969 5304 1171 5373 possit,
1202 5304 1315 5373 ipsa
1354 5304 1490 5373 apud
1524 5305 1751 5372 seipsant
1780 5313 1833 5357 et
1862 5303 1918 5358 in

334 5401 511 5468 seipsa
544 5400 661 5452 sine
688 5398 793 5451 ullo
840 5406 1077 5465 tempore
1116 5411 1177 5449 ac
1203 5396 1341 5459 loco,
1386 5403 1563 5449 movet
1601 5404 1776 5449 tamen
1822 5409 1919 5464 per

260 5552 269 5559 ,
335 5503 547 5559 tempus
575 5502 629 5545 et
659 5492 832 5544 locum
879 5489 979 5543 sibi
1028 5489 1289 5541 subditam
1343 5497 1661 5551 creaturam,
1704 5497 1918 5541 naturas

334 5601 528 5642 creans
568 5584 824 5646 bonitate,
861 5583 1160 5635 voluntates
1202 5580 1453 5634 ordinans
1496 5586 1753 5648 potestate
1793 5595 1808 5631 :
1863 5586 1920 5632 ut

336 5677 393 5733 in
418 5676 619 5730 naturis
645 5674 783 5728 nulla
806 5673 893 5737 sit,
918 5688 1033 5743 qua:
1055 5688 1160 5726 non
1182 5671 1248 5724 ab
1265 5672 1355 5726 illo
1376 5670 1473 5737 sit;
1497 5668 1549 5722 in
1566 5668 1919 5723 voluntatibus

402 5790 420 5819 ⁸
447 5787 584 5845 mliti,
607 5782 876 5835 articutrai.
901 5792 1027 5847 Mss,
1052 5782 1261 5835 utriculi.

1678 348 1885 404 LIBER
1919 347 2255 405 OCTAVUS.

3486 353 3593 409 390

2019 472 2198 518 autem
2221 464 2361 518 nulla
2385 462 2523 519 bona
2552 466 2639 529 sit,
2680 466 2764 521 cui
2806 482 2913 521 non
2937 468 3136 537 pra‘sit,
3168 466 3309 521 nulla
3336 467 3470 523 mala
3501 470 3589 537 sit,

2020 568 2121 621 qua
2152 554 2287 608 bene
2328 557 2399 609 uti
2432 572 2532 609 nou
2563 558 2745 625 possit.
2776 558 2881 612 Sed
2911 559 3029 627 quia
3061 574 3165 611 non
3213 560 3459 613 omnibus
3498 577 3592 612 tta-

2022 649 2153 701 turis
2177 647 2321 700 dedit
2350 650 2637 703 voluntatis
2685 650 2981 715 arbitrium,
3036 651 3138 703 illa!
3182 660 3355 703 autem
3405 652 3593 720 quibus

2021 735 2185 798 dedit,
2220 738 2538 804 potentiores
2572 754 2634 792 ac
2669 741 2969 808 superiores
3024 747 3181 801 sunt;
3239 740 3341 793 illa:
3394 753 3593 793 natura:

2021 843 2138 897 qua:
2167 844 2271 881 non
2304 828 2498 883 habent
2525 831 2863 892 voluntatem,
2895 830 3118 884 subdita:
3144 832 3247 884 sint
3279 846 3494 885 necesse
3514 841 3596 885 est

2022 919 2266 987 illisqua:
2297 919 2512 984 habent,
2544 929 2598 973 et
2639 920 2741 975 hoc
2794 922 3123 975 ordinatione
3172 921 3456 986 Creatoris,
3504 923 3593 991 qui

2022 1024 2287 1077 nunquam
2312 1009 2380 1061 ita
2404 1012 2552 1076 punit
2581 1011 2899 1064 Voluntatem
2932 1012 3142 1076 malam,
3164 1022 3219 1065 ut
3245 1019 3443 1064 natura:
3476 1026 3597 1079 per-

2022 1099 2149 1152 imat
2192 1099 2522 1168 dignitatem.
2572 1100 2702 1153 Cum
2745 1102 2900 1169 igitur
2929 1117 3085 1154 omne
3124 1116 3314 1170 corpus
3340 1112 3394 1154 et
3418 1100 3594 1155 otnuis

2020 1194 2193 1245 anima
2220 1192 2536 1245 irrationalis
2576 1208 2679 1245 non
2734 1193 2922 1247 habeat
2965 1193 3249 1246 voluntatis
3296 1194 3591 1256 arbitrium,

2020 1283 2229 1337 subdita
2259 1284 2354 1337 ista
2383 1294 2505 1337 sunt
2529 1284 2608 1337 eis
2634 1284 2833 1337 naturis
2852 1301 2970 1352 qum
2994 1286 3223 1354 pra‘ditav
3240 1294 3361 1337 sunt
3379 1287 3594 1339 arbitrio

2019 1374 2337 1439 voluntatis;
2378 1390 2477 1428 nec
2516 1374 2762 1427 omnibus
2796 1376 2992 1438 omnia,
3029 1374 3120 1427 sed
3150 1376 3285 1428 sicut
3328 1375 3596 1428 distribuit

2015 1464 2216 1533 justitia
2264 1465 2551 1517 Creatoris.
2585 1465 2719 1533 Ergo
2756 1465 2846 1518 Dei
2879 1465 3200 1532 providentia
3226 1480 3413 1533 regens
3438 1478 3597 1535 atque

2020 1555 2395 1609 administrans
2418 1556 2716 1609 universam
2752 1564 3044 1608 creaturam
3063 1595 3077 1618 ,
3110 1564 3162 1608 et
3192 1565 3404 1607 naturas
3427 1566 3477 1608 et
3504 1571 3594 1605 vo-

2021 1646 2271 1712 luntates,
2303 1656 2515 1701 naturas
2548 1658 2602 1700 ut
2640 1647 2765 1711 sint,
2822 1646 3118 1699 voluntates
3165 1657 3341 1699 autem
3398 1655 3453 1698 ut
3500 1661 3597 1699 nec

2022 1739 2359 1793 infructuosa:
2396 1738 2568 1801 bonae,
2616 1752 2715 1791 nec
2758 1737 3028 1807 inpunite
3071 1737 3223 1790 mala:
3251 1737 3390 1800 sint;
3417 1736 3597 1790 subdit

2020 1831 2265 1899 primitus
2292 1829 2465 1883 omnia
2495 1829 2592 1881 sibi
2622 1868 2637 1893 ,
2685 1828 2878 1882 deinde
2928 1839 3224 1881 creaturam
3266 1828 3595 1894 corporalem

2021 1930 2273 1975 creatum
2296 1919 2577 1988 spirituali,
2604 1919 2961 1972 irrationalem
2991 1918 3228 1971 rationali
3250 1959 3263 1978 ,
3293 1927 3595 1971 terrestrem

2021 2015 2246 2080 caelesti,
2280 2014 2557 2067 femineam
2582 2015 2904 2079 masculinm,
2933 2014 3105 2066 minus
3131 2015 3391 2067 valentem
3420 2013 3601 2066 valen-

2024 2108 2160 2170 tiori,
2192 2105 2591 2173 indigentiorem
2615 2104 2916 2175 copiosiori.
2946 2103 3000 2157 lu
3020 2105 3377 2159 voluntatibus
3396 2111 3594 2166 autem,

2021 2197 2189 2251 bonas
2229 2196 2350 2257 sibi,
2384 2205 2604 2249 caeteras
2650 2211 2778 2250 vero
2812 2196 2939 2264 ipsis
2975 2197 3325 2251 servientibus
3364 2198 3502 2262 sibi;
3545 2206 3601 2251 ut

2022 2285 2124 2340 hoc
2153 2287 2379 2355 patiatur
2406 2287 2647 2340 voluntas
2675 2288 2831 2353 mala,
2863 2286 3003 2356 quod
3030 2304 3095 2342 ex
3123 2288 3273 2357 jussu
3300 2289 3391 2343 Dei
3415 2290 3602 2343 fecerit

2023 2379 2178 2442 bona,
2206 2379 2317 2433 sive
2345 2394 2441 2447 per
2478 2379 2727 2447 seipsam,
2764 2380 2876 2433 sive
2929 2396 3021 2449 per
3073 2381 3283 2441 malam,
3338 2382 3388 2434 in
3441 2382 3599 2435 rebus

2021 2468 2275 2523 duntaxat
2299 2485 2418 2538 qua:
2450 2470 2757 2523 naturaliter
2792 2479 2915 2523 sunt
2954 2470 3112 2525 etiam
3139 2472 3291 2524 malis
3316 2473 3601 2526 Vuluttlali-

2021 2560 2120 2614 bus
2147 2560 2391 2625 subditzn,
2419 2561 2471 2615 id
2493 2570 2573 2615 est
2594 2562 2645 2615 in
2674 2562 3007 2630 corporibus.
3034 2562 3164 2616 Nam
3189 2564 3238 2615 iu
3272 2564 3459 2632 seipsis
3487 2580 3601 2617 ma-

2021 2651 2086 2704 la:
2111 2652 2407 2706 voluntates
2428 2651 2621 2706 habent
2648 2652 2949 2705 interiorem
2991 2668 3201 2722 poenam
3240 2668 3387 2707 suam
3408 2694 3422 2719 ,
3454 2668 3601 2707 eam-

2021 2741 2141 2794 dem
2173 2741 2336 2809 ipsam
2360 2740 2686 2811 iniquitatem
2710 2757 2881 2797 suam.

2020 2832 2245 2890 CAPUT
2282 2833 2471 2889 XXIV.
2508 2863 2581 2874 —
2630 2834 2872 2899 Quantam
2916 2834 3075 2889 beatis
3124 2834 3331 2901 Angelis
3389 2834 3601 2891 subdin

2674 2938 2933 2982 creatura.

2090 3018 2184 3074 45.
2223 3019 2301 3074 Ac
2340 3033 2437 3089 per
2477 3018 2580 3074 hoc
2614 3020 2928 3074 sublimibus
2967 3018 3186 3089 Angelis
3229 3020 3338 3073 Deo
3389 3019 3600 3075 subdite

2020 3110 2343 3176 fruentibus,
2397 3121 2452 3167 et
2498 3114 2607 3167 Deo
2642 3112 2799 3173 beate
2850 3113 3220 3175 servientibus,
3262 3111 3471 3167 subdita
3517 3124 3602 3169 est

2019 3205 2193 3257 Omnis
2217 3212 2401 3259 natura
2421 3218 2698 3275 corporea,
2727 3205 2903 3260 omnis
2928 3205 3246 3259 irrationalis
3273 3207 3400 3271 vita,
3428 3206 3601 3259 omnis

2017 3298 2262 3353 voluntas
2283 3298 2365 3352 vel
2395 3297 2601 3351 iniirma
2628 3298 2713 3352 vel
2743 3313 2899 3367 prava
2922 3313 2937 3362 ;
2969 3306 3026 3351 ut
3051 3297 3151 3352 hoc
3173 3298 3240 3353 de
3264 3297 3488 3352 subditis
3514 3298 3599 3353 vel

2018 3403 2138 3441 cum
2169 3388 2391 3443 subditis
2420 3397 2595 3459 agant,
2622 3388 2764 3458 quod
2795 3398 2996 3444 natura:
3012 3390 3144 3443 ordo
3162 3391 3329 3457 poscit
3350 3392 3403 3443 in
3424 3391 3598 3444 omni-

2018 3477 2136 3542 bus,
2164 3478 2382 3547 jubente
2402 3479 2493 3533 illo
2514 3482 2597 3533 cui
2626 3481 2858 3549 subjecta
2889 3490 3011 3534 sunt
3037 3481 3234 3534 omnia.
3265 3481 3491 3535 Proinde
3520 3482 3595 3536 illi

2019 3568 2073 3623 in
2095 3570 2185 3624 illo
2205 3571 2478 3624 veritatem
2503 3572 2984 3625 incommutabilem
3008 3571 3208 3636 vident,
3230 3581 3284 3626 et
3305 3573 3595 3627 secundum

2018 3676 2135 3716 eam
2166 3677 2287 3715 suas
2314 3662 2543 3732 dirigunt
2572 3663 2888 3718 voluntates.
2917 3664 3077 3718 Fiunt
3106 3680 3233 3734 ergo
3272 3665 3344 3720 illi
3386 3667 3598 3735 partici-

2018 3770 2114 3824 pes
2158 3756 2487 3823 azternitatis,
2531 3757 2788 3821 veritatis,
2835 3758 3116 3811 voluntatis
3163 3758 3279 3826 ejus
3316 3761 3593 3826 semper",

2017 3845 2133 3898 sine
2161 3854 2399 3913 tempore
2425 3857 2475 3899 et
2502 3846 2640 3900 loco.
2680 3846 2954 3899 Moventur
2999 3856 3172 3900 autem
3221 3846 3335 3916 ejus
3377 3848 3596 3917 imperio

2018 3936 2178 3989 etiam
2217 3936 2594 4004 temporaliter,
2627 3936 2717 3989 illo
2741 3952 2847 3989 non
2876 3937 3237 4004 temporaliter
3280 3946 3443 3990 moto.
3489 3937 3597 3992 Nec

2020 4026 2087 4079 ita
2126 4036 2181 4080 ut
2218 4027 2284 4081 ab
2324 4026 2439 4097 ejus
2482 4027 2928 4095 contemplatione
2952 4028 3189 4081 resiliant
3211 4037 3303 4082 aut
3326 4028 3593 4093 deﬂuant;

2017 4117 2111 4171 scd
2141 4117 2298 4171 simul
2335 4126 2391 4172 et
2426 4117 2571 4172 illum
2595 4118 2709 4173 sine
2737 4117 2852 4171 loco
2876 4133 2938 4171 ac
2964 4129 3204 4187 tempore
3231 4119 3599 4187 contemplan-

2020 4218 2123 4271 tur,
2154 4218 2207 4262 et
2234 4208 2349 4277 ejus
2381 4209 2433 4261 in
2460 4208 2794 4263 inferioribus
2819 4210 2965 4275 jussa
2997 4209 3296 4278 perficiunt,
3320 4220 3599 4264 moventes

2017 4316 2076 4355 se
2100 4316 2195 4370 per
2226 4312 2454 4370 tempus,
2481 4318 2673 4370 corpus
2703 4311 2875 4355 autem
2910 4317 3003 4369 per
3043 4311 3249 4370 tempus
3298 4311 3351 4353 et
3398 4301 3595 4364 locum,

2019 4404 2272 4463 quantum
2296 4409 2479 4449 eorum
2510 4394 2981 4463 eongruitactioni.
3012 4394 3077 4446 Et
3103 4392 3222 4447 ideo
3257 4393 3394 4447 Deus
3420 4394 3596 4460 bipar-

2019 4487 2114 4540 tito
2142 4485 2485 4555 providentite
2510 4500 2620 4538 sum
2637 4500 2796 4552 Opere
2815 4490 3005 4551 praeest
3025 4482 3283 4535 universae
3304 4490 3597 4548 creaturaz;

2020 4579 2245 4643 naturis,
2271 4585 2326 4631 ut
2351 4576 2477 4629 fiant
2500 4592 2515 4639 ;
2542 4574 2894 4628 voluntatibus
2906 4584 3103 4635 autem,
3124 4572 3308 4628 utsine
3332 4586 3428 4625 suo
3442 4572 3597 4642 jussu

2019 4671 2104 4724 vel
2134 4669 2391 4736 permissu
2419 4666 2546 4720 nihil
2575 4666 2785 4718 faciant.

2018 4757 2243 4813 CAPUT
2284 4755 2447 4810 XXV.
2486 4784 2559 4795 ——
2598 4754 2796 4807 Natura
2831 4754 3185 4819 universitatis,
3211 4762 3472 4824 partesque
3490 4754 3599 4825 ejus

2323 4848 2569 4919 quomodo
2596 4865 2626 4899 α
2650 4846 2755 4900 Deo
2788 4847 3217 4901 administrentur.

2090 4944 2178 4999 46.
2218 4942 2409 4997 Natura
2454 4942 2611 5009 igitur
2638 4939 2998 4995 universitatis
3024 4940 3314 5005 corporalis
3358 4954 3462 4990 non
3501 4938 3598 4991 ad-

2015 5036 2229 5104 juvatur
2286 5034 2614 5087 extrinsecus
2666 5031 3029 5097 corporaliter.
3083 5030 3263 5099 Neque
3314 5031 3455 5084 enim
3517 5038 3600 5082 est

2020 5136 2167 5181 extra
2190 5142 2307 5181 eam
2332 5126 2493 5178 ullum
2520 5138 2732 5191 corpus,
2756 5122 2986 5191 alioquin
3019 5138 3121 5176 non
3149 5132 3232 5177 est
3263 5121 3595 5174 universitas.

2021 5218 2343 5272 lntrinsecus
2383 5228 2557 5270 autem
2590 5214 2869 5283 adjuvatur
2915 5213 3331 5280 incorporaliter,
3390 5211 3499 5264 Deo
3545 5210 3597 5263 id

2021 5318 2212 5379 agente
2241 5319 2297 5361 ut
2325 5308 2541 5361 omnino
2569 5315 2752 5361 natura
2782 5307 2883 5369 sit;
2914 5305 3161 5375 quoniam
3190 5318 3255 5356 ex
3286 5303 3398 5368 ipso
3427 5310 3479 5354 et
3507 5316 3599 5369 per

2022 5402 2193 5472 ipsum
2220 5400 2347 5454 etin
2371 5400 2484 5467 ipso
2528 5407 2653 5452 sunt
2687 5398 2861 5452 omnia
2912 5397 3085 5466 (Rom.
3140 5409 3211 5453 xl.
3252 5391 3363 5462 56).
3415 5391 3601 5447 Partes

2021 5507 2150 5545 vero
2179 5489 2416 5556 ejusdem
2446 5486 2805 5542 universitatis
2850 5497 2901 5539 et
2944 5485 3259 5537 intrinsecus
3287 5482 3597 5550 incorpora-

2024 5584 2147 5637 liter
2175 5581 2508 5650 adjuvantur,
2550 5581 2631 5633 vel
2665 5579 2837 5646 potius
2863 5579 2993 5630 tiunt
3015 5615 3031 5640 ,
3063 5584 3116 5628 ιιι
3144 5584 3342 5629 natura:
3377 5574 3515 5641 sint;
3546 5584 3601 5633 et

2023 5673 2352 5729 extrinsecus
2372 5670 2737 5739 corporaliter.
2771 5683 2873 5738 quo
2890 5682 2949 5720 se
2981 5668 3169 5720 melius
3196 5666 3443 5735 habeant,
3466 5668 3603 5724 sicut

2084 5783 2102 5820 ε·
2129 5781 2201 5830 sic
2221 5786 2331 5830 Uss.
2357 5786 2412 5831 Αι
2432 5778 2568 5841 editi,
2594 5776 2875 5828 voluntatem
2892 5774 2995 5838 ejus
3016 5788 3202 5841 semper
3220 5776 3466 5839 facientes.
