4090 6448
509 433 795 498 alimentis,
817 435 1154 506 agricultura,
1178 433 1460 497 medicina,
1483 441 1537 490 et
1553 448 1902 504 quaecumque
1928 432 2088 486 etiam

511 529 579 582 ad
607 537 854 582 ornatum
886 527 1037 594 ﬁttnt,
1063 537 1120 582 ut
1143 543 1246 582 non
1267 528 1438 582 solum
1463 527 1623 581 salva:
1649 541 1714 582 ac
1734 525 2084 592 fecundiores,

509 637 691 675 verum
715 621 873 675 etiam
900 620 1230 676 deccntiores
1252 620 1375 674 sint.

580 711 669 764 47.
708 710 1007 780 Spiritualis
1057 718 1232 764 autem
1286 719 1464 764 creata
1517 716 1704 762 natura
1758 707 1802 761 si
1850 707 2086 778 perfecta

505 810 663 870 atque
689 802 841 857 beata
869 812 969 869 est,
990 803 1126 857 sicut
1143 803 1462 871 Angelorum
1483 810 1809 864 sanctorum,
1829 811 2084 870 quantum

505 897 694 949 attinet
715 895 782 948 ad
808 896 1056 965 seipsain,
1083 911 1188 965 quo
1227 895 1315 961 sit,
1361 895 1677 964 sapiensque
1731 894 1818 955 sit,
1875 890 2086 946 nonnisi

506 985 824 1040 intrinsecus
864 985 1267 1053 incorporaliter
1305 985 1602 1054 adjuvatur.
1639 982 1784 1038 Intus
1813 984 1862 1038 ei
1890 983 2085 1052 quippe

502 1077 736 1146 loquitur
773 1077 914 1132 Deus
949 1077 1085 1131 miro
1125 1085 1182 1132 et
1229 1075 1484 1130 ineffabili
1531 1075 1711 1137 modo,
1767 1089 1939 1144 neque
1989 1088 2085 1142 per

503 1169 820 1237 scripturam
847 1167 1212 1236 corporalibus
1254 1166 1618 1222 instrumentis
1645 1164 1878 1230 afﬁxam,
1910 1179 2084 1232 neque

503 1272 599 1327 per
649 1273 809 1314 voces
855 1259 1221 1328 corporalibus
1260 1259 1478 1312 auribus
1517 1257 1856 1322 insonantes,
1911 1269 2082 1324 neque

502 1364 601 1418 per
627 1364 911 1419 corporum
940 1349 1345 1415 similitudines,
1375 1347 1558 1418 quales
1587 1347 1639 1400 in
1675 1345 1864 1416 spiritu
1893 1344 2080 1414 imagi-

500 1442 690 1497 naliter
712 1442 863 1509 ﬁunt,
892 1444 1030 1498 sicut
1052 1442 1104 1497 in
1132 1443 1334 1497 somnis
1357 1483 1372 1508 ,
1407 1439 1492 1496 vel
1537 1441 1590 1494 in
1638 1439 1814 1508 aliquo
1855 1451 2080 1494 excessu

499 1535 737 1604 Spiritus,
764 1535 905 1604 quod
947 1551 1120 1605 graece
1149 1535 1341 1590 dicitur
1367 1541 1601 1597 εχστασις,
1629 1540 1686 1586 et
1709 1545 1806 1584 nos
1832 1543 1897 1585 eo
1915 1528 2081 1582 verbo

495 1626 605 1696 jam
635 1627 830 1680 utimur
852 1642 946 1695 pro
977 1627 1141 1681 latino
1169 1643 1182 1678 :
1215 1626 1336 1695 quia
1370 1633 1424 1678 et
1452 1623 1555 1677 hoc
1583 1636 1749 1694 genus
1774 1621 2034 1674 visionum
2059 1659 2076 1686 ,

497 1718 737 1787 quamvis
767 1718 988 1772 interius
1015 1718 1106 1771 ﬁat
1129 1732 1284 1787 quam
1325 1723 1448 1770 sunt
1483 1730 1546 1768 ea
1589 1730 1708 1784 qua:
1755 1713 1934 1766 animo
1985 1727 2080 1781 per

498 1822 686 1863 sensus
711 1807 950 1878 corporis
992 1809 1335 1872 nuntiantur;
1383 1815 1558 1861 tamen
1615 1806 1737 1875 quia
1790 1804 1963 1858 simile
1997 1812 2079 1858 est

497 1898 595 1966 eis,
626 1900 695 1953 ita
719 1908 776 1953 ut
819 1913 938 1953 cum
972 1899 1050 1965 ﬁt,
1077 1898 1305 1953 discerni
1342 1897 1409 1952 ab
1445 1897 1524 1952 eis
1567 1905 1658 1950 aut
1707 1895 1926 1950 omnino
1971 1910 2076 1948 non

496 1991 685 2060 possit,
714 2002 806 2045 aut
829 1999 976 2046 certe
1005 1991 1092 2044 vix
1119 1999 1172 2045 et
1197 1990 1466 2044 rarissime
1493 1988 1679 2057 possit,
1711 1996 1764 2041 et
1783 1985 1906 2056 quia
1925 2001 1990 2041 ex
2003 1995 2079 2039 te-

497 2083 610 2136 rius
635 2091 719 2136 est
743 2097 900 2151 quam
930 2081 1059 2136 illttd
1081 2081 1220 2151 quod
1251 2081 1302 2134 in
1343 2080 1454 2149 ipsa
1495 2077 1910 2133 incommutabili
1937 2077 2080 2132 veri-

495 2183 606 2230 tate
635 2190 785 2230 mens
809 2174 1082 2228 rationalis
1123 2181 1177 2228 et
1215 2172 1582 2226 intellectualis
1620 2172 1885 2236 intuetur,
1908 2185 2077 2239 eaque

495 2265 614 2322 luce
632 2265 699 2320 de
726 2266 806 2319 bis
827 2265 1076 2319 omnibus
1102 2263 1332 2333 judicat;
1362 2264 1497 2316 inter
1522 2262 1608 2316 illa
1651 2277 1769 2331 qua:
1811 2263 2076 2315 extrinse-

493 2371 590 2412 cus
621 2357 753 2410 ﬁunt
791 2357 1021 2412 arbitror
1065 2371 1182 2409 esse
1224 2353 1604 2423 deputandum.
1648 2353 1905 2406 Creatura
1948 2365 2077 2420 ergo

493 2449 783 2518 spiritualis
825 2457 878 2504 et
912 2447 1282 2502 intellectualis
1330 2447 1559 2516 perfecta
1598 2454 1653 2500 et
1704 2445 1877 2508 beata,
1906 2445 2077 2514 qualis

491 2539 814 2610 Angelorum
837 2547 940 2605 est,
964 2539 1102 2592 sicut
1122 2537 1250 2602 dixi,
1278 2545 1530 2606 quantum
1552 2538 1739 2590 attinet
1758 2535 1822 2590 ad
1845 2537 2074 2605 seipsam

489 2645 598 2700 quo
623 2631 711 2695 sit,
743 2630 1062 2700 sapiensque
1083 2644 1146 2684 ac
1186 2629 1338 2683 beata
1375 2629 1480 2694 sit,
1522 2628 1730 2682 nonnisi
1761 2627 2076 2681 intrinsecus

489 2723 770 2794 adjuvatur
819 2725 1149 2788 mternitate,
1196 2724 1438 2786 veritate,
1483 2721 1740 2776 charitate
1785 2721 2072 2776 Creatoris.

491 2817 835 2872 Extrinsecus
855 2832 984 2872 vero
1008 2817 1052 2871 si
1083 2816 1319 2886 adjuvari
1349 2815 1574 2870 dicenda
1615 2823 1726 2880 est,
1759 2829 1824 2870 eo
1850 2813 2076 2869 fortasse

489 2908 607 2962 solo
635 2909 933 2979 adjuvatur,
964 2909 1105 2978 quod
1133 2907 1359 2963 invicem
1384 2907 1586 2973 vident,
1613 2918 1669 2961 et
1689 2905 1758 2960 de
1787 2921 1882 2960 sua
1905 2904 2077 2960 socie-

491 3008 600 3058 tate
621 3002 924 3072 gaudentin
958 3003 1096 3069 Deo,
1128 3011 1182 3056 et
1212 3001 1352 3072 quod
1386 3001 1679 3071 perspectis
1713 2999 1872 3054 etiam
1911 2999 1963 3053 iu
1994 2998 2076 3053 eis

489 3093 620 3163 ipsis
638 3095 885 3150 omnibus
903 3095 1180 3160 creaturis,
1210 3093 1440 3162 undique
1453 3091 1650 3162 gratias
1668 3091 1775 3160 agit
1796 3089 2074 3160 laudatque

489 3184 824 3241 Creatorem.
856 3185 1005 3253 Quod
1029 3197 1205 3239 autem
1227 3185 1414 3238 attinet
1439 3183 1505 3238 ad
1543 3192 1799 3238 creatura:
1823 3181 2075 3252 angelica:

489 3276 776 3341 actionem,
809 3291 906 3346 per
931 3291 1090 3346 quam
1143 3275 1507 3330 universarum
1546 3289 1724 3329 rerum
1766 3272 2070 3344 generibus,

489 3359 828 3436 maximeque
859 3366 1091 3420 humano
1119 3367 1451 3436 providentia
1480 3367 1573 3420 Dei
1587 3367 1934 3437 prospicitur;
1959 3367 2074 3436 ipsa

485 3455 818 3512 extrinsecus
842 3455 1077 3526 adjuvat,
1099 3466 1152 3512 et
1173 3473 1268 3527 per
1295 3458 1383 3512 illa
1411 3458 1524 3514 visa
1560 3473 1678 3528 quae
1721 3457 1914 3512 similia
1950 3464 2075 3511 sunt

484 3547 848 3617 corporalibus
866 3587 881 3611 ,
914 3556 968 3602 et
1004 3563 1098 3618 per
1116 3546 1232 3618 ipsa
1259 3562 1483 3620 corpora
1521 3564 1642 3618 qua:
1668 3548 1920 3618 angelica:
1945 3547 2074 3603 sub-

484 3637 667 3708 jacent
688 3641 952 3708 potestati.

488 3727 715 3787 CAPUT
754 3731 946 3787 XXVI.
983 3763 1054 3774 —
1091 3731 1232 3788 Deus
1263 3750 1456 3803 semper
1486 3733 1622 3788 idem
1645 3742 1692 3789 et
1714 3735 1950 3789 immotus
1971 3733 2070 3787 ad-

1045 3826 1296 3879 ministrat
1320 3826 1510 3880 omnia.

554 3912 644 3969 48.
685 3913 813 3982 Quae
836 3929 958 3970 cum
1000 3915 1071 3970 ita
1108 3915 1235 3981 sint,
1275 3932 1397 3972 cum
1446 3917 1587 3972 Deus
1637 3917 1972 3986 omnipotens
2015 3925 2070 3972 ct

482 4004 852 4070 omnitenens,
893 4006 1305 4060 incommutabili
1347 4007 1665 4072 mlernitate,
1692 4009 1933 4074 veritate,
1975 4023 2069 4061 vo-

483 4092 685 4149 luntate
713 4109 925 4164 semper
964 4096 1124 4162 idem,
1157 4112 1265 4152 non
1292 4113 1387 4166 per
1412 4106 1622 4168 tempus
1645 4113 1745 4152 nec
1773 4115 1867 4168 per
1892 4099 2065 4153 locum

480 4195 677 4248 motus,
701 4197 880 4242 movet
903 4203 996 4258 per
1021 4197 1228 4258 tempus
1252 4199 1550 4245 creaturam
1572 4191 1923 4260 spiritualcm,
1953 4209 2067 4248 mo-

478 4285 569 4332 vet
592 4279 752 4332 etiam
784 4294 878 4349 per
908 4289 1117 4350 tempus
1162 4293 1216 4336 et
1257 4281 1434 4336 locum
1471 4293 1768 4338 creaturam
1813 4300 2067 4355 corpora-

484 4367 626 4430 lem;
657 4379 715 4423 ut
741 4385 807 4424 eo
835 4381 981 4425 motu
1013 4381 1225 4426 naturas
1253 4388 1384 4442 quas
1408 4373 1730 4430 intrinsecus
1765 4377 2060 4444 substituit,

476 4459 637 4516 etiam
660 4463 990 4518 extrinsecus
1021 4465 1037 4496 ⁸
1065 4465 1418 4532 administret,
1445 4475 1499 4520 et
1520 4481 1614 4536 per
1637 4467 1937 4523 voluntates
1959 4469 2061 4523 sibi

475 4550 715 4607 subditas
735 4592 750 4616 ,
784 4568 917 4620 quas
946 4569 1041 4624 per
1076 4563 1304 4625 tempus,
1327 4565 1383 4612 et
1407 4573 1500 4626 per
1523 4573 1745 4628 corpora
1772 4559 1872 4613 sibi
1901 4570 2062 4629 atque

475 4641 579 4698 illis
599 4644 957 4700 voluntatibus
985 4647 1224 4716 subdita,
1263 4664 1383 4718 qua:
1421 4665 1512 4718 per
1551 4659 1759 4720 tempus
1789 4660 1845 4706 et
1882 4649 2059 4705 locum

472 4743 669 4798 movet,
700 4748 766 4788 eo
786 4743 1026 4806 tempore
1048 4753 1112 4792 ac
1135 4739 1250 4793 loco
1275 4739 1427 4808 cujus
1451 4741 1585 4794 ratio
1610 4741 1662 4795 in
1694 4741 1810 4810 ipso
1840 4741 1948 4796 Deo
1974 4743 2056 4796 vi-

473 4832 524 4878 ta
545 4825 765 4880 estsine
797 4835 1035 4896 tempore
1068 4843 1130 4882 ac
1177 4830 1296 4884 loco
1329 4847 1344 4884 :
1374 4845 1494 4885 cum
1542 4846 1670 4903 ergo
1711 4834 1815 4887 tale
1856 4832 2056 4902 aliquid

471 4915 614 4972 Deus
641 4918 770 4988 agit,
795 4933 898 4973 non
927 4918 1183 4975 debemus
1207 4922 1412 4991 opinari
1440 4922 1557 4993 ejus
1579 4924 1929 4980 substantiam
1951 4942 2055 4996 qua

467 5007 612 5064 Deus
651 5019 771 5076 est,
815 5013 1143 5083 temporibus
1185 5014 1420 5085 locisque
1455 5018 1782 5084 mutabilem,
1821 5029 1914 5076 aut
1959 5037 2056 5090 per

466 5108 708 5170 tempora
729 5111 784 5156 et
802 5103 916 5159 loca
949 5105 1230 5173 mobilem,
1262 5107 1356 5162 sed
1399 5108 1452 5164 in
1495 5124 1659 5178 opere
1697 5109 1895 5166 divinae
1929 5127 2056 5181 pro-

465 5191 715 5248 videntiae
742 5193 840 5249 ista
863 5209 1222 5266 cognoscere;
1256 5213 1359 5254 non
1401 5200 1450 5254 in
1487 5201 1580 5255 illo
1612 5215 1777 5271 opere
1808 5216 1915 5272 quo
1958 5219 2054 5258 na-

464 5292 612 5340 turas
631 5295 799 5354 creat,
827 5287 921 5343 sed
952 5289 1003 5342 in
1031 5289 1122 5344 illo
1141 5306 1247 5358 quo
1284 5291 1600 5348 intrinsecus
1645 5303 1853 5350 creatas
1886 5295 2047 5350 etiam

463 5375 797 5433 extrinsecus
830 5377 1184 5447 administrat,
1215 5396 1335 5436 cum
1369 5383 1438 5436 sit
1465 5383 1576 5453 ipse
1595 5425 1610 5449 ,
1639 5385 1785 5441 nullo
1809 5386 2047 5443 locorum

462 5466 551 5523 vel
584 5469 861 5525 intervallo
884 5472 966 5526 vel
994 5474 1184 5543 spatio,
1214 5473 1634 5530 incommutabili
1658 5478 2046 5549 excellentique

461 5559 696 5628 potentia
719 5569 775 5614 et
797 5561 1019 5618 interior
1046 5565 1188 5618 omni
1213 5581 1292 5631 re,
1318 5569 1439 5634 quia
1469 5567 1521 5620 in
1549 5566 1664 5635 ipso
1688 5578 1812 5624 sunt
1839 5571 2038 5636 omnia,

460 5657 517 5704 et
553 5651 787 5705 exterior
813 5654 957 5706 omni
981 5669 1056 5721 re,
1085 5657 1205 5725 quia
1234 5659 1343 5725 ipse
1365 5667 1445 5711 est
1484 5674 1644 5727 super
1686 5665 1882 5716 omnia.
1915 5661 2040 5717 Item

524 5761 542 5794 ι
568 5769 674 5812 Mss.
699 5763 881 5828 aliquot
896 5766 975 5817 hic
998 5775 1050 5820 et
1073 5769 1214 5834 paulo
1237 5768 1375 5834 lnfra,
1400 5771 1541 5822 etiam
1564 5770 1847 5826 intrinsecus

1446 321 1535 377 DE
1573 318 1824 378 GENESI
1861 319 1952 374 AD
1988 316 2359 387 LITTERAM,
2397 319 2458 377 S.
2495 320 2859 379 AUGUSTINI

3671 336 3780 392 39%

2197 432 2340 488 nullo
2388 442 2685 504 temporum
2717 437 2800 491 vel
2832 437 3109 494 intervallo
3146 439 3232 496 vel
3252 440 3454 512 spatio,
3479 441 3776 499 incommu-

2196 523 2342 577 tabili
2370 527 2664 582 aeternitate
2701 537 2756 582 et
2793 529 3063 598 antiquior
3099 539 3181 585 est
3205 533 3452 586 omnibus
3475 575 3490 600 ,
3523 535 3646 604 quia
3667 537 3781 604 ipse

2191 621 2274 666 est
2311 624 2432 668 ante
2465 617 2662 686 omnia,
2694 625 2762 672 et-
2786 619 2973 673 novior
3016 620 3284 689 omnibus,
3311 622 3435 692 quia
3481 623 3618 678 idem
3663 625 3780 695 ipse

2192 711 2311 770 post
2339 705 2537 759 omnia.

2189 791 2414 852 CAPUT
2453 796 2666 854 XXVII.
2705 829 2778 842 —
2817 798 3081 866 Quomodo
3117 802 3314 857 locutus
3355 803 3421 859 sit
3444 803 3583 860 Deus
3625 806 3774 865 Adit.

2259 889 2348 945 49.
2389 889 2724 962 Quapropter
2755 908 2876 948 cum
2912 894 3156 949 audimus
3207 896 3534 966 Scripturam
3585 897 3775 954 dicen-

2189 988 2296 1034 tem
2321 1023 2337 1047 ,
2391 981 2454 1034 Et
2500 984 2736 1054 precepit
2783 983 3032 1039 Dominus
3078 985 3213 1041 Deus
3264 987 3406 1053 Ade,
3466 988 3776 1046 dicens:Ab

2191 1075 2330 1125 omni
2351 1073 2488 1143 ligno
2514 1074 2648 1145 quod
2669 1083 2739 1129 est
2759 1075 2812 1129 in
2840 1076 3079 1144 paradiso
3105 1093 3220 1130 esca
3249 1077 3405 1144 edes;
3430 1077 3492 1131 de
3509 1079 3644 1149 ligno
3672 1096 3774 1132 an-

2187 1171 2286 1242 tem
2309 1166 2640 1235 cognoscendi
2667 1166 2853 1220 bonum
2877 1176 2923 1221 et
2943 1168 3154 1233 malum,
3189 1185 3291 1223 non
3316 1168 3680 1224 manducabitis
3704 1170 3774 1224 de

2186 1255 2296 1310 illo.
2347 1257 2458 1324 Qua
2483 1259 2563 1311 die
2596 1269 2761 1312 autem
2781 1259 2982 1314 eden'tis
3003 1259 3064 1313 ab
3084 1276 3144 1314 eo
3165 1300 3180 1326 ,
3200 1269 3361 1314 morte
3384 1261 3698 1326 moriemini;
3723 1262 3773 1317 si

2184 1347 2401 1400 modum
2437 1349 2724 1417 quaerimus
2768 1350 3036 1420 quomodo
3084 1351 3184 1406 ista
3231 1352 3440 1407 locutus
3487 1353 3556 1408 sit
3603 1353 3769 1422 Deus,

2185 1438 2376 1493 modus
2403 1440 2615 1509 quidem
2646 1441 2759 1510 ipse
2787 1457 2818 1494 a
2849 1441 3000 1500 nobis
3020 1443 3234 1514 pr0prie
3261 1443 3638 1513 Comprehendi
3659 1460 3772 1500 non

2185 1538 2360 1599 potest
2388 1549 2402 1584 :
2435 1532 2731 1588 certissime
2761 1542 2936 1589 tamen
2969 1542 3152 1589 tenere
3180 1535 3456 1600 debemus,
3485 1536 3650 1598 Deum
3677 1547 3774 1592 aut

2183 1640 2280 1696 per
2317 1639 2467 1678 suam
2509 1625 2856 1680 substantiam
2889 1627 3054 1696 loqui,
3101 1636 3192 1681 aut
3233 1643 3331 1697 per
3359 1628 3459 1682 sibi
3495 1627 3769 1688 subditam

2181 1724 2515 1779 creaturam;
2543 1715 2636 1771 sed
2679 1731 2772 1785 per
2810 1715 3160 1772 substantiam
3186 1733 3336 1772 suam
3359 1733 3463 1772 non
3492 1717 3636 1788 loqui
3663 1719 3772 1774 nisi

2181 1807 2246 1860 ad
2271 1807 2532 1863 creandas
2557 1822 2748 1862 omnes
2775 1817 3010 1873 naturas,
3039 1808 3104 1862 ad
3129 1808 3432 1878 Spirituales
3456 1825 3582 1864 vero
3605 1818 3770 1878 atque

2183 1895 2566 1953 intellectuales
2591 1913 2698 1952 non
2727 1898 2900 1953 solum
2928 1898 3188 1953 creandas
3213 1940 3229 1966 ,
3257 1898 3351 1954 sed
3381 1899 3538 1954 etiam
3573 1900 3772 1954 illumi-

2179 1989 2404 2052 nandas,
2435 2004 2555 2042 cum
2591 1988 2700 2057 jam
2748 1995 2971 2058 possunt
3005 2004 3198 2058 capere
3251 1989 3572 2045 locutionem
3625 1990 3769 2059 ejus,

2180 2079 2350 2147 qualis
2373 2087 2456 2133 est
2482 2081 2532 2132 in
2560 2079 2738 2134 Verbo
2782 2080 2900 2150 ejus
2922 2080 3064 2150 quod
3105 2081 3158 2134 in
3204 2080 3462 2152 principio
3486 2090 3599 2136 erat
3627 2083 3768 2154 apud

2181 2169 2626 2236 Deum,etDeus
2673 2180 2792 2226 erat
2848 2171 3100 2237 Verbum,
3149 2187 3240 2242 per
3287 2172 3427 2243 quod
3465 2174 3601 2228 facta
3643 2183 3772 2228 sunt

2179 2263 2355 2317 omnia
2385 2262 2560 2336 (Joan.
2584 2280 2640 2330 ι,
2671 2262 2812 2337 1-5).
2841 2263 2951 2321 Illis
2976 2274 3151 2320 autem
3181 2265 3270 2336 qui
3299 2280 3416 2320 eam
3441 2281 3634 2336 capere
3659 2281 3767 2320 non

2180 2363 2424 2422 possunt,
2446 2370 2566 2409 cuin
2610 2355 2843 2425 loquitur
2871 2356 3031 2423 Deus,
3080 2356 3293 2411 nonnisi
3332 2371 3426 2426 per
3467 2366 3768 2412 creaturam

2179 2447 2412 2517 loquitur
2437 2488 2454 2516 ,
2484 2457 2575 2504 aut
2607 2449 2970 2504 tantummodo
3016 2449 3378 2519 spiritualcm,
3411 2449 3523 2505 sive
3571 2450 3628 2504 in
3675 2465 3770 2504 so-

2179 2539 2352 2601 mnis,
2381 2541 2493 2595 sive
2533 2539 2588 2594 in
2633 2541 2824 2594 ecstasi
2855 2541 2906 2594 in
2937 2540 3281 2596 similitudine
3311 2555 3486 2596 rerum
3515 2555 3774 2610 corpora;

2180 2631 2344 2697 lium;
2375 2639 2466 2685 aut
2495 2632 2656 2686 etiam
2689 2647 2786 2702 per
2807 2633 2973 2703 ipsam
2997 2633 3349 2700 corporalem,
3369 2632 3494 2687 dum
3520 2633 3774 2708 sensibus.

2177 2722 2417 2792 corporis
2471 2721 2554 2777 vel
2605 2722 2783 2792 aliqua
2832 2722 3044 2793 species
3089 2731 3328 2793 apparet,
3381 2723 3464 2778 vel
3516 2723 3770 2778 insouaut

2179 2829 2360 2870 V0685.
2969 2867 2978 2874 .

2249 2906 2339 2962 50.
2379 2905 2438 2961 Si
2461 2920 2589 2977 ergo
2614 2905 2782 2961 Adam
2813 2906 2934 2962 talis
2957 2917 3092 2972 erat,
3116 2916 3174 2962 ut
3197 2915 3587 2978 possetcapere
3618 2907 3768 2961 illam

2179 2997 2499 3053 locutionem
2525 2998 2644 3064 Dei,
2681 3014 2838 3068 quam
2878 3000 3145 3054 mentibus
3177 3002 3429 3070 angelicis
3478 3016 3574 3072 per
3614 3015 3768 3056 suam

2182 3087 2379 3158 praebet
2409 3089 2796 3154 substantiam;
2826 3104 2934 3144 non
2971 3089 3318 3144 dubitandum
3363 3098 3446 3145 est
3472 3085 3613 3162 quod
3649 3092 3769 3161 ejus

2179 3190 2411 3235 mentem
2440 3196 2535 3250 per
2558 3190 2766 3250 tempus
2793 3181 3020 3236 moverit
3047 3182 3183 3236 miro
3209 3189 3262 3237 et
3296 3181 3551 3238 ineffabili
3578 3183 3764 3249 modo,

2179 3285 2285 3325 non
2318 3282 2492 3326 motus
2521 3273 2633 3343 ipse
2663 3288 2761 3343 per
2788 3280 2996 3341 tempus
3018 3313 3033 3337 ,
3065 3273 3219 3343 eique
3271 3274 3398 3328 utile
3447 3289 3510 3328 ac
3551 3274 3768 3331 salubre

2179 3371 2500 3431 praeceptum
2527 3362 2768 3417 veritatis
2791 3362 3143 3432 impresserit,
3177 3371 3230 3418 et
3254 3379 3372 3433 qua:
3407 3373 3768 3434 transgressw

2177 3455 2222 3508 ri
2251 3469 2404 3523 pinna
2435 3454 2742 3520 deberetur,
2763 3470 2825 3509 ea
2853 3457 2964 3524 ipsa
2993 3455 3330 3510 ineﬁ‘abiliter
3355 3458 3575 3511 veritate
3603 3474 3765 3512 mnu-

2176 3547 2425 3602 straverit
2456 3564 2471 3602 :
2499 3547 2637 3602 sicut
2675 3547 2964 3602 audiuntur
3004 3549 3088 3603 vel
3119 3549 3364 3605 videntur
3405 3552 3580 3606 omnia
3621 3553 3764 3607 bona

2176 3647 2439 3708 prtecepta
2471 3638 2522 3692 in
2572 3638 2684 3708 ipsa
2729 3639 3146 3695 incommutabili
3195 3639 3486 3710 Sapientia,
3535 3657 3655 3712 qure
3705 3643 3762 3698 in

2173 3731 2380 3785 animas
2405 3737 2617 3784 sanctas
2640 3745 2699 3784 se
2728 3729 2982 3785 transfert
3021 3729 3176 3804 (Sap.
3221 3748 3322 3800 vn,
3353 3733 3448 3803 27)
3481 3750 3548 3790 ex
3581 3734 3764 3804 aliquo

2175 3829 2446 3891 tempore,
2473 3836 2595 3876 cum
2624 3821 2789 3892 ipsius
2815 3822 2991 3876 nullus
3025 3823 3095 3877 sit
3127 3831 3302 3879 motus
3330 3825 3381 3878 in
3409 3819 3670 3895 tempore.
3703 3827 3764 3882 Si

2172 3919 2348 3966 autem
2371 3911 2437 3966 ad
2458 3927 2580 3965 eum
2606 3911 2820 3966 modum
2843 3913 3010 3967 Adam
3042 3915 3217 3983 justus
3237 3924 3370 3980 erat,
3407 3924 3465 3970 ut
3507 3917 3554 3971 ei
3585 3917 3764 3973 adhuc

2173 4015 2306 4071 opus
2325 4012 2469 4058 esset
2491 4003 2712 4058 alterius
2737 4015 2998 4060 creatura:
3027 4007 3314 4061 sanctioris
3339 4017 3393 4062 et
3421 4009 3762 4078 sapientioris

2171 4093 2490 4161 auctoritas,
2542 4110 2636 4165 per
2689 4112 2848 4166 quam
2887 4109 3234 4168 cognosceret
3289 4099 3382 4154 Dei
3429 4101 3760 4156 voluntatem

2169 4186 2662 4256 atquejussionem,
2705 4189 2843 4242 sicut
2895 4189 3048 4244 nobis
3091 4190 3392 4260 Proplietm,
3439 4191 3576 4246 sicut
3626 4191 3760 4262 ipsis

2169 4278 2388 4347 Angeli;
2418 4293 2514 4332 cur
2533 4279 2854 4348 ambigimus
2883 4295 2978 4350 per
3001 4281 3230 4352 aliquam
3271 4282 3572 4353 bnjusmodi
3601 4301 3760 4339 crea-

2169 4377 2341 4424 turam
2369 4370 2419 4423 ei
2439 4385 2559 4424 esse
2589 4370 2824 4441 locutum
2868 4372 3052 4436 Deum,
3110 4373 3302 4428 talibus
3348 4389 3536 4429 vocum
3587 4376 3758 4445 signis

2167 4475 2287 4531 quae
2326 4461 2622 4531 intelligere
2655 4461 2876 4531 posset?
2916 4463 3046 4518 Illud
3071 4465 3213 4518 enim
3252 4465 3394 4535 quod
3418 4477 3600 4535 postea
3622 4468 3762 4522 scri-

2168 4563 2314 4622 ptum
2341 4562 2457 4615 est,
2488 4567 2607 4606 cum
2635 4565 2943 4622 peccassent
2968 4570 3060 4610 eos
3087 4555 3297 4610 audisse
3326 4572 3510 4612 vocem
3543 4557 3756 4613 Domini

2167 4644 2260 4698 Dei
2285 4642 2608 4697 ambulantis
2631 4645 2681 4698 in
2709 4644 2954 4714 paradiso
2981 4643 3133 4716 (Gen.
3172 4662 3249 4710 tu,
3269 4644 3346 4718 8),
3373 4647 3494 4717 quia
3524 4662 3627 4702 non
3659 4664 3756 4718 per

2166 4737 2333 4808 ipsam
2364 4738 2456 4793 Dei
2489 4739 2862 4801 substantiam,
2897 4737 2991 4792 sed
3035 4753 3131 4808 per
3160 4739 3425 4793 subditam
3465 4741 3512 4794 ei
3539 4751 3755 4796 creatu-

2163 4844 2276 4882 ram
2305 4827 2499 4884 l‘actum
2533 4835 2633 4894 est,
2666 4827 2812 4882 nullo
2843 4827 2998 4881 modo
3031 4828 3234 4882 dubitat
3257 4830 3345 4898 qui
3373 4830 3530 4883 ﬁdem
3565 4830 3754 4885 catho-

2163 4921 2317 4976 licnm
2356 4922 2512 4990 sapit.
2549 4921 2627 4975 Ad
2663 4921 2762 4976 hoc
2813 4920 2954 4974 enim
2989 4929 3042 4974 et
3081 4921 3348 4991 aliquanto
3376 4922 3528 4976 latius
3550 4923 3616 4978 de
3647 4923 3750 4979 hac

2161 5029 2219 5068 re
2253 5013 2518 5068 disserere
2557 5012 2719 5078 volui,
2762 5011 2884 5081 quia
2927 5013 3164 5067 nonnulli
3192 5011 3428 5067 haeretici
3456 5012 3529 5085 (a)
3559 5024 3750 5083 putant

2160 5104 2510 5159 substantiam
2551 5102 2671 5157 Filii
2721 5103 2814 5156 Dei
2861 5103 3008 5156 nullo
3059 5114 3332 5173 assumpto
3375 5120 3600 5173 corpore
3649 5122 3749 5175 per

2158 5197 2388 5267 seipsam
2411 5209 2532 5250 esse
2555 5195 2840 5257 visibilem,
2878 5204 2932 5250 et
2956 5194 3078 5250 ideo
3117 5205 3398 5265 antequam
3431 5212 3495 5250 ex
3525 5197 3746 5267 Virgine

2157 5305 2353 5360 corpus
2402 5289 2686 5358 acciperet,
2729 5289 2901 5358 ipsum
2951 5290 3118 5343 visum
3167 5305 3286 5343 esse
3335 5289 3580 5345 Patribus
3620 5293 3744 5360 epi-

2157 5391 2369 5447 nantur,
2396 5391 2646 5450 tanquam
2671 5380 2737 5434 de
2765 5381 2882 5434 solo
2907 5380 3013 5435 Deo
3048 5381 3203 5437 Patre
3230 5381 3429 5436 dictum
3457 5382 3548 5447 sit,
3581 5383 3744 5448 Quem

2157 5489 2301 5528 nemo
2331 5474 2590 5526 hominum
2610 5472 2764 5538 vidit,
2798 5489 2886 5525 nec
2905 5473 3070 5526 videre
3090 5483 3247 5543 potest
3275 5473 3319 5544 (Ι
3354 5473 3483 5528 Tim.
3503 5491 3576 5541 Vl,
3610 5476 3698 5546 16)
3722 5493 3739 5540 ;

2155 5567 2276 5635 quia
2309 5564 2474 5618 Filius
2516 5564 2664 5619 visus
2705 5564 2772 5617 sit
2808 5574 2931 5618 ante
2963 5573 3234 5634 acceptam
3289 5565 3428 5620 servi
3488 5565 3737 5630 formant,

2155 5660 2312 5715 etiam
2356 5675 2452 5729 per
2497 5659 2664 5729 ipsam
2702 5658 3049 5715 substantiam
3101 5674 3289 5713 suam:
3325 5674 3443 5730 qua:
3489 5658 3754 5729 inipielas'

2213 5775 2285 5839 (a)
2310 5774 2481 5823 Ariani.
