4090 6456
355 483 467 544 393

354 602 599 673 procula
642 601 913 658 catholicis
952 585 1216 658 mentibus
1238 583 1539 673 repellenda
1570 610 1668 657 est.
1720 601 1825 657 Sed
1866 602 1933 658 de

352 696 455 749 hoc
483 694 687 764 plenius
716 694 845 749 alias
865 737 881 762 ,
911 695 955 749 si
994 695 1214 750 Domino
1244 694 1528 765 placuerit,
1568 694 1891 749 disseremus
1915 711 1928 746 :

350 803 494 844 nunc
538 788 818 843 terminato
863 790 965 843 isto
1016 789 1305 856 volumine,
1357 787 1407 843 id
1456 787 1596 857 quod
1650 787 1924 856 sequitur,

1760 485 1963 547 LIBER
1998 490 2238 548 NONUS.

3510 507 3617 563 39‘

2038 605 2304 674 quomodo
2328 608 2397 661 sit
2426 608 2616 664 mulier
2632 624 2699 666 ex
2721 610 2817 665 viri
2846 611 2925 666 sui
2954 611 3119 669 latere
3143 624 3338 685 creata,
3378 619 3426 673 in
3468 634 3597 677 cor.-

2037 700 2382 767 sequentibus
2408 702 2698 772 parandum
2723 714 2822 760 est.

345 904 3605 940 _______________—_______________________

1422 968 1900 1078 LIBER
1979 967 2522 1081 NONUS.

373 1195 445 1241 De
470 1189 671 1249 eoquod
689 1188 888 1255 legitur,
911 1196 1033 1242 Gen.
1054 1202 1162 1255 cap.
1184 1189 1233 1252 2,
1254 1200 1385 1242 vers.
1404 1184 1471 1260 λβ
1493 1192 1585 1260 εει
2200 1191 2300 1260 {Yon
2319 1189 2391 1235 est
2413 1183 2586 1236 bonum
2606 1182 2854 1239 nominari
2872 1200 2973 1242 esse
2995 1189 3177 1255 solum,
3195 1199 3496 1260 etc.,usque
3516 1194 3581 1247 ad

1400 1243 2552 1310 illud,vers.24:£terwttduoincmzeima.

1786 1390 2188 1428 om”.

336 1520 569 1579 CAPUT
609 1520 889 1577 PRIMUM.
925 1551 996 1561 —
1018 1519 1123 1575 Cur
1149 1519 1338 1573 dictum
1370 1517 1465 1585 sit,
1494 1516 1562 1571 Et
1602 1513 1754 1569 ﬁnxit
1781 1513 1923 1567 Deus

517 1617 690 1672 adhuc
717 1616 781 1670 de
809 1616 970 1683 terra,
1011 1625 1105 1668 etc.
1147 1612 1227 1668 De
1253 1612 1425 1667 Terra
1468 1610 1727 1666 vocabulo.

410 1750 461 1804 1.
502 1748 571 1803 Et
596 1750 723 1802 dixit
754 1746 1001 1802 Dominus
1021 1747 1159 1803 Deus
1181 1762 1200 1801 :
1219 1746 1340 1801 Non
1368 1747 1549 1800 bonum
1570 1755 1642 1800 est
1671 1744 1922 1798 hominem

329 1859 442 1897 esse
466 1842 668 1907 solum;
707 1843 953 1912 faciamus
994 1842 1040 1895 ei
1081 1840 1390 1906 adjutorium
1430 1839 1701 1893 secundum
1730 1838 1916 1907 ipsum.

331 1934 403 1990 Et
441 1938 587 2003 ﬁnxit
621 1935 753 1989 Deus
781 1935 945 1988 adhuc
985 1934 1049 1988 de
1093 1943 1225 1987 terra
1265 1951 1433 1987 omnes
1478 1934 1655 1986 bestias
1700 1930 1840 2001 agri,
1873 1938 1919 1983 et

330 2028 504 2080 omnia
532 2025 755 2080 volatilia
772 2027 899 2091 cazli,
933 2036 979 2080 et
999 2026 1211 2079 adduxit
1236 2024 1327 2079 illa
1344 2026 1425 2079 ad
1440 2025 1624 2091 Adam,
1653 2032 1707 2077 ut
1732 2023 1918 2076 videret

328 2118 453 2186 quid
492 2127 691 2171 vocaret
735 2118 843 2171 illa.
898 2116 965 2170 Et
994 2134 1138 2171 omne
1174 2118 1517 2193 quodcumque
1562 2116 1751 2170 vocavit
1788 2115 1918 2169 illud

330 2210 499 2264 Adam
521 2212 743 2264 animam
783 2213 961 2273 vivam,
1004 2212 1098 2264 hoc
1131 2221 1201 2264 est
1224 2226 1403 2265 nomen
1456 2212 1583 2281 ejus.
1635 2208 1703 2262 Et
1728 2208 1917 2262 vocavit

312 2304 499 2379 .Adam
544 2307 749 2358 nomina
778 2305 1005 2360 omnibus
1032 2306 1310 2375 pecoribus,
1353 2315 1399 2359 et
1428 2305 1655 2358 omnibus
1690 2300 1914 2357 volatili-

325 2394 419 2449 bus
446 2396 579 2461 cali,
605 2408 649 2449 et
672 2398 898 2450 omnibus
918 2396 1083 2451 bestiis
1120 2398 1250 2468 agri.
1288 2396 1400 2468 Ipsi
1430 2406 1593 2449 autem
1618 2394 1782 2448 Adam
1811 2410 1914 2448 non

324 2497 399 2542 est
422 2490 653 2543 inventus
682 2490 887 2559 adjutor
911 2490 1090 2544 similis
1114 2490 1176 2543 ei.
1209 2489 1273 2542 Et
1297 2490 1502 2542 immisit
1522 2487 1656 2541 Deus
1677 2486 1908 2540 ecstasim

322 2581 378 2635 in
406 2582 588 2645 Adam,
615 2593 660 2636 et
680 2583 991 2636 obdormivit.
1028 2582 1094 2636 Et
1123 2584 1312 2650 accepit
1329 2600 1482 2635 unam
1503 2590 1752 2635 costarum
1776 2583 1908 2651 ejus,

322 2681 370 2725 et
398 2675 692 2743 adimplevit
732 2691 932 2727 carnem
957 2673 1009 2727 in
1036 2674 1144 2727 loco
1169 2675 1277 2742 ejus
1306 2690 1326 2726 :
1352 2683 1395 2725 et
1420 2671 1688 2740 aediﬁcavit
1730 2669 1908 2724 Domi-

320 2780 421 2818 nus
448 2763 591 2819 Deus
614 2778 822 2829 costam,
853 2783 1004 2837 quam
1032 2767 1221 2836 accepit
1244 2765 1304 2819 de
1328 2765 1515 2831 Adam,
1533 2766 1587 2818 in
1616 2765 1910 2830 mulierem;

318 2865 370 2909 et
414 2857 630 2911 adduxit
672 2876 781 2911 eam
811 2859 878 2911 ad
908 2859 1091 2914 Adam.
1126 2858 1192 2913 Et
1231 2860 1356 2913 dixit
1384 2859 1549 2912 Adam
1572 2873 1592 2912 :
1620 2857 1733 2911 Hoc
1778 2875 1910 2911 nunc

322 2964 383 3002 os
410 2964 473 3002 ea:
501 2950 696 3003 ossibus
715 2951 855 3014 meis,
885 2961 931 3003 et
955 2967 1073 3004 caro
1095 2950 1157 3003 de
1188 2966 1337 3003 carne
1357 2964 1499 3014 mea;
1521 2949 1627 3003 lucc
1656 2949 1910 3002 vocabitur

316 3042 522 3107 mlier,
546 3044 787 3111 quoniam
814 3058 876 3097 ea:
903 3043 1008 3096 viro
1029 3059 1119 3096 suo
1149 3053 1351 3113 sumpta
1377 3053 1467 3096 est.
1492 3041 1559 3095 Et
1585 3051 1787 3112 propter
1812 3043 1905 3094 hoc

314 3135 564 3204 relinquet
596 3135 744 3188 homo
785 3144 973 3205 patrem
1021 3146 1067 3189 et
1112 3145 1343 3202 matrem,
1394 3146 1440 3190 et
1482 3136 1907 3207 conglutinabitur

313 3228 465 3281 umori
491 3245 636 3291 sum;
661 3239 710 3283 et
736 3239 878 3282 erunt
907 3229 1005 3282 duo
1027 3228 1077 3282 in
1101 3246 1252 3283 carne
1274 3246 1394 3283 una.
1428 3230 1482 3284 Si
1526 3229 1725 3298 aliquid
1750 3229 1905 3298 adju-

311 3324 444 3373 Vaut
464 3320 740 3381 lectorem,
766 3336 883 3390 quae
928 3320 985 3375 in
1014 3320 1162 3375 libris
1182 3320 1542 3392 superioribus
1572 3320 1902 3375 considerata

312 3420 476 3482 atque
523 3414 819 3482 conscripta
869 3423 1013 3479 sunt,
1046 3428 1150 3467 non
1182 3413 1435 3467 debemus
1480 3413 1532 3466 in
1562 3412 1663 3466 hoc
1707 3412 1903 3467 diutius

311 3502 608 3569 immorari,
628 3504 769 3573 quod
786 3504 933 3573 ﬁnxit
956 3504 1123 3557 adhuc
1139 3504 1277 3558 Deus
1292 3505 1353 3557 de
1373 3513 1505 3557 terra
1534 3520 1702 3557 omnes
1724 3504 1902 3558 bestias

309 3598 444 3667 agri,
459 3611 506 3651 et
521 3597 693 3649 omnia
712 3597 932 3650 volatilia
950 3597 1062 3651 coeli
1080 3612 1099 3651 :
1118 3613 1213 3651 cur
1230 3597 1371 3651 enim
1388 3595 1585 3649 dictum
1607 3595 1694 3660 sit,
1711 3595 1896 3662 adhuc,

309 3688 365 3742 id
396 3697 479 3743 est
500 3698 717 3758 propter
737 3689 752 3720 ¹
784 3690 1006 3757 primam
1036 3688 1391 3743 conditionem
1422 3695 1782 3741 creaturarum
1806 3701 1897 3740 sex

307 3781 501 3836 diebus
526 3793 949 3836 consummatam
971 3825 985 3843 .
1025 3783 1075 3836 in
1098 3797 1199 3852 qua
1230 3780 1509 3836 causaliter
1533 3780 1758 3851 perlecta
1776 3789 1899 3835 sunt

310 3877 491 3929 omnia
524 3878 681 3930 simul
720 3886 773 3931 et
796 3878 1039 3931 inchoata
1065 3918 1080 3943 ,
1115 3885 1173 3931 ut
1200 3877 1388 3931 deinde
1414 3876 1479 3929 ad
1507 3875 1728 3931 ell‘ectus
1771 3891 1896 3931 suos

306 3983 487 4021 causae
514 3968 953 4037 perducerentur,
978 3969 1086 4037 jam
1103 3978 1352 4038 quantum
1382 3968 1669 4037 potuimus,
1691 3967 1744 4021 in
1771 3984 1897 4037 prae-

304 4059 621 4113 cedentibus
641 4060 999 4116 intimavimus
1019 4060 1153 4133 (Lib.
1183 4060 1236 4126 6,
1260 4076 1372 4129 cap.
1394 4060 1469 4128 5).
1490 4059 1555 4112 Et
1581 4060 1624 4111 si
1651 4063 1768 4128 quis
1795 4059 1894 4113 hoc

303 4152 463 4205 aliter
491 4152 823 4206 euotlaudum
854 4161 1020 4222 putat,
1077 4160 1282 4205 tantum
1325 4151 1608 4220 diligenter
1653 4150 1893 4204 attendat

306 4244 400 4297 illa
432 4247 632 4305 omnia,
661 4264 776 4315 qua:
808 4260 863 4300 ut
904 4249 1001 4301 hoc
1031 4249 1350 4303 sentiremus
1376 4245 1723 4310 attendimus;
1766 4254 1819 4300 et
1844 4245 1892 4301 si

300 4337 715 4403 probabiliorem
750 4338 872 4392 inde
926 4339 1155 4406 potuerit
1205 4339 1485 4393 enucleare
1539 4337 1886 4405 sententiam,

297 4445 408 4483 non
437 4431 606 4483 solum
635 4432 882 4485 resistere
907 4447 1010 4485 non
1034 4430 1311 4496 debemus,
1342 4430 1437 4485 sed
1454 4429 1707 4484 debemus
1727 4428 1886 4484 etiam

294 4523 571 4592 gratulari.

372 4615 427 4667 2.
467 4615 521 4669 Si
573 4631 728 4684 quem
775 4625 967 4670 autem'
1000 4624 1180 4669 movet
1202 4615 1323 4685 quia
1363 4629 1469 4668 non
1513 4613 1680 4680 dixit,
1709 4613 1886 4668 Finxit

296 4704 444 4758 Deus
470 4706 642 4760 adhuc
669 4707 734 4760 de
766 4718 903 4761 terra
936 4722 1120 4760 omnes
1148 4707 1345 4759 bestias
1382 4706 1523 4776 agri,
1563 4714 1616 4760 et
1642 4706 1709 4759 de
1734 4706 1884 4776 aquis

296 4797 479 4850 omnia
504 4799 734 4853 volatilia
763 4799 906 4865 cmli,
936 4798 1028 4853 sed
1067 4808 1314 4865 tanquam
1348 4807 1571 4866 utraque
1595 4811 1787 4866 genera
1814 4797 1883 4852 de

298 4898 437 4942 terra
469 4888 698 4957 ﬂuxerit,
733 4890 798 4943 Et
828 4891 991 4959 ﬁnxit,
1029 4889 1213 4959 inquit,
1249 4890 1381 4942 Deus
1431 4889 1597 4941 adhuc
1641 4886 1705 4941 de
1748 4897 1881 4941 terra

295 4998 466 5035 omnes
488 4983 669 5035 bestias
698 4983 829 5053 agri,
856 4993 902 5035 et
934 4983 1101 5035 omnia
1122 4981 1350 5035 volatilia
1376 4979 1519 5045 caeli;
1546 4978 1721 5033 videat
1745 4978 1877 5033 duo-

294 5070 395 5125 bus
418 5073 587 5125 modis
604 5088 725 5126 esse
743 5073 1175 5146 intelligendum:
1205 5081 1295 5124 aut
1325 5070 1549 5125 tacuisse
1577 5086 1713 5124 nunc
1739 5070 1877 5126 unde

295 5164 506 5218 tinxerit
537 5164 769 5219 volatilia
796 5166 938 5228 coeli,
968 5165 1089 5233 quia
1119 5175 1171 5217 et
1216 5164 1428 5217 tacitum
1464 5172 1641 5231 posset
1686 5178 1877 5217 occur-

290 5271 435 5321 rere,
469 5266 524 5309 ut
549 5272 656 5309 non
686 5256 755 5311 de
784 5266 921 5309 terra
956 5264 1232 5324 utrmuque
1262 5255 1551 5322 accipiatur
1587 5255 1750 5309 Deum
1780 5254 1877 5307 tin-

288 5348 451 5409 xisse,
480 5348 574 5403 sed
604 5347 967 5402 t‘ntummodo
992 5348 1185 5402 bestias
1212 5347 1321 5417 agri
1347 5364 1359 5410 ;
1403 5356 1459 5399 ut
1496 5346 1725 5400 volatilia
1754 5346 1874 5401 coeli

291 5442 450 5495 etiam
481 5451 693 5495 tacente
747 5441 1016 5509 Scriptura
1060 5440 1413 5509 intelligamus
1456 5439 1595 5492 unde
1639 5439 1869 5504 tinxerit,

289 5534 433 5588 velut
453 5535 543 5603 qui
577 5533 807 5587 sciamus
846 5533 898 5587 in
932 5536 1097 5602 prima
1128 5533 1418 5587 causalium
1452 5533 1714 5586 rationum
1746 5549 1873 5586 con-

288 5624 489 5679 ditione
519 5640 589 5679 ex
621 5626 772 5695 aquis
814 5640 875 5679 ea
911 5639 1030 5679 esse
1062 5623 1311 5694 producta
1342 5642 1355 5676 :
1384 5631 1474 5675 aut
1517 5633 1711 5676 terram
1757 5624 1871 5676 uni-

286 5716 567 5770 versaliter
594 5716 672 5771 sic
696 5716 1017 5786 appellatam
1043 5715 1197 5769 simul
1225 5731 1345 5769 cum
1376 5714 1527 5784 aquis
1550 5756 1566 5781 ,
1610 5727 1868 5785 quemad-

350 5893 369 5926 ⁸
413 5893 687 5956 Legehatur
729 5892 778 5941 in
816 5891 988 5952 editis,
1010 5898 1205 6003 (Erwter
1261 5897 1317 5941 At
1368 5891 1419 5940 in
1453 5895 1562 5941 Mss.
1583 5922 1600 5953 ,
1644 5896 1863 5955 propter,

350 5954 1007 6003 odtneumdemsensumrc
1062 5962 1097 6003 t.

284 5954 413 6020 quod
432 5954 729 6008 ln'eumdem
740 5968 939 6005 sensum
954 5954 1097 6004 redit.

484 6038 712 6105 Sutor.
769 6040 1048 6103 Accus'r.
1098 6037 1211 6101 III.
1241 6012 1273 6022 ί

2030 1512 2242 1567 modum
2268 1515 2528 1584 appellata
2555 1525 2635 1571 est
2661 1517 2711 1572 in
2738 1518 2831 1574 illo
2878 1525 3112 1590 psalmo,
3167 1525 3255 1580 ubi
3306 1528 3600 1584 cmleslium

2030 1603 2272 1661 laudibus
2306 1608 2616 1676 terminatis,
2669 1610 2734 1665 ad
2784 1620 2976 1667 terram
3024 1616 3156 1670 facta
3204 1628 3285 1674 est
3326 1621 3602 1677 conversio

2026 1699 2312 1765 sermonis,
2343 1708 2397 1754 et
2422 1700 2638 1769 dictum,
2671 1702 2899 1757 Laudate
2913 1705 3187 1761 Dominum
3217 1712 3279 1765 de
3306 1723 3457 1779 terra,
3482 1716 3602 1768 dra-

2025 1807 2174 1845 cones
2224 1801 2268 1845 et
2321 1809 2489 1848 omnes
2533 1797 2737 1866 abyssi,
2767 1806 2869 1852 etc.
2916 1798 3085 1870 (Psal.
3138 1818 3359 1871 chvtu,
3395 1807 3468 1876 7),
3502 1822 3601 1863 nec

2026 1892 2211 1953 postea
2241 1883 2437 1939 dictum
2482 1895 2583 1951 est,
2631 1887 2865 1943 Laudale
2906 1890 3183 1945 Dominum
3221 1895 3287 1949 de
3324 1896 3492 1965 aquis.
3527 1898 3601 1952 lbi

2023 1976 2165 2031 enim
2188 1985 2312 2031 sunt
2337 1992 2522 2032 omnes
2551 1979 2748 2051 abyssi,
2778 1998 2896 2050 quas
2921 1990 3096 2038 tamen
3128 1987 3193 2041 de
3222 1996 3359 2042 terra
3383 1989 3603 2046 laudant

2022 2069 2337 2124 Dominum:
2361 2070 2430 2124 ibi
2458 2069 2615 2125 etiam
2638 2074 2843 2142 reptilia
2863 2083 2918 2129 et
2945 2078 3175 2131 volatilia
3208 2090 3452 2149 pennata,
3480 2099 3600 2152 qua:

2020 2163 2361 2219 nihilominus
2403 2165 2469 2219 de
2516 2174 2656 2221 terra
2694 2168 2910 2224 laudant
2952 2171 3251 2227 Dominum.
3298 2175 3598 2235 Secundum

2020 2254 2173 2310 istam
2207 2257 2557 2313 universalem
2610 2260 3017 2329 appellationem
3076 2275 3261 2334 terrae,
3308 2270 3598 2325 secundum

2018 2364 2174 2418 quam
2206 2351 2365 2405 etiam
2389 2350 2457 2406 de
2486 2361 2596 2405 toto
2617 2355 2818 2408 mundo
2838 2355 3047 2423 dicitur,
3079 2359 3218 2415 Deus
3234 2362 3321 2431 qui
3350 2362 3599 2421 fecitctn-

2018 2441 2127 2498 lum
2156 2456 2208 2499 et
2231 2456 2447 2514 terram,
2472 2451 2584 2505 sive
2611 2451 2676 2506 de
2701 2452 2847 2507 arida
2868 2454 2979 2509 sive
2999 2454 3064 2509 de
3083 2457 3232 2524 aquis
3253 2474 3598 2531 quascumque

2018 2545 2197 2589 creata
2241 2546 2395 2606 sunt,
2428 2540 2495 2595 de
2539 2551 2677 2596 terra
2710 2554 2882 2598 creata
2926 2547 3186 2601 veraciter
3218 2548 3594 2619 intelliguntur.

2016 2625 2239 2683 CAPUT
2287 2629 2438 2683 ll.-——
2463 2632 2725 2697 Quomodo
2768 2635 2821 2687 id
2842 2633 3034 2690 locutus
3068 2638 3132 2691 sit
3163 2637 3300 2694 Deus
3327 2656 3346 2694 :
3367 2639 3486 2696 Non
3513 2649 3596 2698 est

2612 2724 2831 2791 bonum,
2860 2738 2954 2781 etc.

2084 2810 2137 2866 5.
2177 2813 2329 2867 hunc
2350 2814 2460 2885 jam
2505 2817 2779 2873 videamus
2805 2819 3071 2888 quomodo
3115 2822 3480 2892 accipiendum
3527 2828 3595 2881 sit

2013 2903 2152 2971 quod
2181 2905 2310 2959 dixit
2344 2908 2506 2972 Deus,
2540 2907 2660 2962 Non
2689 2921 2758 2963 est
2782 2911 2964 2964 bonum
2984 2928 3088 2966 esse
3118 2915 3365 2968 hominem
3393 2916 3594 2983 soluat;

2012 2994 2255 3063 faciamus
2272 2999 2318 3052 ei
2350 3000 2659 3071 adjutorium
2686 3003 2958 3057 secundum
2980 3005 3173 3073 ipsum:
3195 3016 3367 3061 utrum
3392 3017 3596 3078 tempo-

2012 3088 2197 3143 raliter
2226 3092 2439 3145 vocibus
2487 3109 2549 3147 ac
2598 3096 2812 3165 syllabis
2851 3096 3006 3150 editis
3046 3097 3145 3153 hoc
3188 3099 3378 3154 dixerit
3425 3102 3589 3169 Deus;

2010 3192 2077 3231 an
2111 3178 2222 3248 ipsa
2256 3183 2388 3235 ratio
2435 3196 2847 3239 commemorata
2879 3197 2980 3253 est,
3013 3204 3130 3258 quae
3182 3192 3232 3245 in
3278 3192 3449 3248 Verbo
3500 3196 3591 3250 Dei

2011 3269 2369 3338 principaliter
2388 3285 2521 3337 erat,
2548 3282 2607 3329 ut
2631 3275 2704 3329 sic
2721 3275 2913 3331 l'etuiua
2945 3278 3093 3335 ﬁeret
3116 3298 3128 3334 :
3148 3298 3301 3350 quam
3328 3287 3591 3343 rationem

2008 3361 2332 3429 suscipiebat
2358 3365 2518 3418 etiam
2554 3377 2677 3421 tunc
2699 3366 2969 3438 Scriptura
2993 3387 3112 3425 cum
3130 3372 3349 3440 diceret,
3380 3376 3592 3434 Etdixil

2006 3448 2164 3517 Deus,
2204 3452 2321 3507 Fiat
2343 3456 2443 3510 hoc
2469 3468 2557 3511 aut
2590 3459 2741 3527 illud,
2765 3463 2975 3531 quando
3001 3465 3243 3532 primitus
3262 3472 3437 3524 omnia
3464 3488 3574 3529 con

2005 3542 2285 3600 debantur.
2335 3549 2414 3601 An
2468 3550 2601 3605 forte
2652 3552 2702 3605 in
2760 3562 2935 3609 mente
2983 3556 3147 3624 ipsius
3198 3558 3431 3617 hominis
3484 3564 3585 3621 hoc

2004 3633 2137 3689 dixit
2170 3637 2337 3704 Deus,
2391 3640 2526 3694 sicut
2567 3642 2797 3711 loquitur
2824 3646 3135 3715 quibusdam
3186 3653 3355 3708 servis
3384 3656 3495 3711 suis
3528 3656 3584 3712 in

2004 3724 2134 3795 ipsis
2163 3728 2331 3784 servis
2354 3732 2496 3786 suis?
2540 3733 2616 3787 Ex
2660 3750 2764 3804 quo
2789 3752 2982 3805 genere
3026 3755 3299 3797 servorum
3331 3745 3447 3815 ejus
3472 3759 3587 3805 erat

2002 3819 2160 3872 etiam
2186 3820 2273 3875 ille
2303 3823 2389 3891 qui
2416 3824 2544 3878 dixit
2592 3826 2643 3879 in
2682 3826 2923 3883 Psalmo:
2954 3831 3174 3886 Audiam
3203 3836 3325 3905 quid
3351 3838 3586 3908 loquatur

2000 3908 2151 3999 inme
2182 3910 2428 3968 Dominus
2454 3914 2591 3970 Deus
2617 3916 2782 3989 (Psal.
2825 3936 3048 3989 Lxxxw,
3083 3924 3161 3994 9).
3206 3929 3288 3981 An
3314 3930 3487 3999 aliqua
3516 3932 3585 3989 de

2000 3997 2100 4053 hac
2132 4017 2188 4055 re
2213 4002 2310 4071 ipsi
2344 4005 2543 4061 homini
2598 4009 2648 4062 iu
2694 4011 2807 4080 ipso
2840 4012 3053 4069 homine
3101 4031 3194 4084 per
3220 3997 3463 4090 angelum
3503 4034 3583 4080 est

2000 4089 2137 4145 facta
2167 4096 2418 4150 revelatio
2445 4098 2495 4151 in
2528 4100 2957 4159 similitudinibus
2985 4122 3171 4161 vocum
3199 4115 3574 4185 corporalium,

1998 4185 2236 4271 quamvis
2279 4190 2498 4243 tacuerit
2542 4192 2810 4261 Scriptura
2854 4204 3025 4249 utrum
3072 4198 3122 4252 in
3150 4203 3373 4271 somnis,
3421 4209 3578 4262 an'in

1997 4278 2219 4343 ecstasi;
2250 4279 2317 4333 ita
2340 4282 2479 4334 enim
2505 4282 2617 4337 ﬁeri
2640 4285 2749 4339 haec
2775 4286 2950 4341 Solent
2967 4308 2976 4339 :
2996 4306 3061 4342 an
3080 4292 3256 4360 aliquo
3269 4295 3372 4347 alio
3396 4298 3572 4367 modo,

1995 4367 2132 4421 sicut
2187 4369 2451 4425 revelatur
2508 4374 2820 4443 Pr0phetis;
2853 4379 2991 4432 unde
3035 4380 3159 4434 illud
3187 4393 3295 4448 est,
3346 4386 3408 4439 lit
3446 4390 3575 4443 dixit

1993 4461 2118 4513 mihi
2137 4465 2343 4534 angelus
2367 4468 2451 4535 qui
2471 4466 2763 4535 loquebatur
2782 4471 2833 4522 in
2857 4489 2934 4525 me
2964 4472 3139 4540 (Zach.
3166 4491 3223 4535 ιι,
3254 4477 3307 4548 5)
3339 4520 3352 4532 .
3381 4496 3446 4534 an
3480 4501 3574 4551 per

1992 4556 2322 4623 corporalem
2344 4570 2638 4611 creaturam
2658 4577 2754 4613 vox
2770 4561 2877 4629 ipsa
2901 4567 3158 4631 sonuerit,
3174 4567 3309 4622 sicut
3325 4570 3390 4624 dc
3408 4574 3567 4641 nube,

1993 4644 2093 4699 Hic
2118 4656 2189 4701 est
2233 4646 2401 4702 Filius
2430 4666 2567 4704 meus
2603 4650 2812 4721 (Matth.
2845 4670 2918 4713 ιιι,
2946 4654 3052 4727 17).
3082 4658 3214 4723 Quid
3242 4675 3367 4730 ergo
3396 4679 3460 4717 ex
3491 4666 3571 4720 his

1989 4738 2237 4794 Omnibus
2264 4741 2456 4795 factum
2488 4742 2572 4803 sit,
2606 4744 2668 4795 ad
2701 4746 2949 4813 liquidum
2980 4752 3431 4818 comprehendo-re
3463 4774 3564 4812 uou

1987 4831 2252 4896 valemus;
2282 4844 2645 4889 verumtamen
2660 4840 2955 4893 certissime
2992 4850 3262 4897 teneamus
3290 4856 3341 4900 ct
3365 4848 3562 4905 dixisse

1990 4923 2091 4977 hoc
2117 4924 2303 4988 Deum,
2335 4936 2387 4979 ct
2416 4926 2459 4979 si
2491 4929 2748 4998 corporali
2780 4946 2909 4982 voce
2941 4933 3019 4985 vel
3074 4940 3428 5004 lctupuralile'r
3465 4958 3528 4995 cx

1987 5030 2169 5084 pressa
2197 5017 2543 5071 similitudine
2569 5024 2803 5088 COI‘pttl'is
2832 5022 2984 5086 dixit,
3037 5043 3137 5078 nou
3165 5046 3281 5082 eum
3311 5048 3402 5098 per
3430 5034 3556 5086 sub-

1986 5108 2233 5162 stantiam
2264 5122 2433 5171 suam.
2454 5110 2545 5163 sed
2575 5126 2671 5180 per
2691 5113 3153 5184 aliquaniimperio
3177 5136 3271 5171 suo
3294 5121 3424 5173 subd
3454 5135 3554 5176 tam

1983 5198 2179 5253 dixisse
2208 5211 2537 5267 creaturam,
2595 5203 2731 5257 sicut
2763 5205 2813 5257 in
2842 5206 2973 5259 libro
3004 5215 3333 5276 praecedente
3364 5223 3550 5268 tracta-

1977 5293 2151 5349 vimus
2170 5293 2320 5363 (Cap.
2351 5294 2463 5366 27).

2051 5387 2103 5440 4.
2145 5385 2275 5439 Nam
2307 5387 2447 5440 visus
2478 5397 2559 5441 est
2586 5389 2724 5443 Deus
2749 5391 2910 5443 etiam
2944 5406 3120 5460 posca
3162 5398 3358 5451 sanctis
3398 5400 3547 5467 viris,

1980 5478 2111 5531 alias
2137 5478 2310 5547 capite
2335 5478 2457 5532 albo
2485 5479 2619 5531 sicut
2643 5481 2779 5545 lana,
2804 5480 2934 5534 alias
2966 5483 3014 5534 in
3040 5483 3213 5537 eriore
3241 5499 3388 5554 parte
3426 5507 3547 5545 cor-

1981 5570 2123 5640 poris
2148 5570 2285 5623 sicut
2310 5570 2665 5625 aurichalcum
2699 5571 2880 5643 (Apoc.
2907 5589 2939 5636 ι,
2978 5575 3061 5638 ll,
3089 5576 3205 5644 15),
3241 5579 3369 5633 alias
3399 5584 3551 5639 aliter

1977 5670 2135 5731 atque
2155 5662 2308 5716 aliter
2335 5678 2348 5714 :
2382 5679 2484 5715 non
2518 5673 2691 5717 tamen
2722 5664 2836 5716 illas
2867 5666 3095 5719 visiones
3128 5668 3428 5726 hominibus
3453 5692 3548 5744 per

1976 5756 2324 5811 substantiam
2355 5771 2470 5826 qua:
2503 5756 2615 5826 ipse
2642 5766 2716 5810 est
2744 5798 2757 5821 ,
2794 5758 2885 5810 sed
2934 5774 3024 5826 per
3051 5760 3148 5813 sibi
3200 5763 3402 5819 subdita
3432 5785 3548 5832 qua:

1975 5848 2191 5908 creavit,
2221 5863 2339 5901 eum
2372 5849 2672 5916 praebuisse,
2693 5854 2748 5903 et
2762 5865 2856 5917 per
2874 5851 3242 5908 similitudines
3261 5856 3547 5913 formarum

1977 5955 2275 6012 vocumque
2327 5940 2678 6010 corporalium
2702 5982 2716 6005 ,
2759 5942 2897 6013 quod
2938 5944 3103 5999 voluit
3147 5948 3445 6008 ostendisse
3484 5966 3553 6010 ac

2840 6034 3152 6136 (Troia.
