4090 6516
316 468 435 529 397

327 587 569 643 duxisset
596 599 843 651 usui-em,
872 584 1111 656 filiosque
1139 590 1474 656 procreasset
1490 581 1753 651 (creditur
1774 580 1915 636 enim

326 695 438 735 non
468 679 734 745 habuisse,
766 679 888 749 quia
920 679 1019 733 huc
1051 678 1321 748 Scriptura
1348 690 1453 731 non
1484 674 1633 737 dixit,
1678 674 1918 744 quamvis

326 780 384 827 et
408 772 476 827 tle
494 771 739 828 omllbatu
768 771 886 841 ejus
915 770 1047 825 nihll
1081 770 1333 839 dixerit);
1364 767 1491 841 quid
1517 767 1583 821 de
1606 765 1795 819 'Enoch
1836 778 1919 819 re-

325 866 633 937 spondebit,
665 866 757 936 qui
786 867 906 920 filiis
934 865 1126 935 genitis
1148 865 1257 919 Deo
1284 864 1499 934 placens
1525 876 1627 923 non
1656 868 1912 924 mortuus,

326 958 422 1013 sed
446 958 734 1012 translatus
763 965 845 1011 est
872 958 888 988 ί
912 954 1086 1026 (Cen.
1119 971 1174 1021 v,
1202 955 1273 1009 Ἡ
1296 953 1352 1025 )?
1380 954 1487 1008 Cur
1514 968 1640 1023 ergo
1666 960 1719 1007 et
1748 950 1918 1005 Adam

326 1062 379 1105 et
399 1052 542 1116 Eva,
570 1051 615 1105 si
641 1050 784 1120 juste
800 1049 1043 1103 viventes
1066 1056 1212 1101 caste
1235 1046 1366 1098 ﬁlios
1394 1051 1781 1115 procreassent,
1810 1055 1917 1096 non

324 1146 407 1201 eis
436 1155 655 1216 possent
701 1143 1071 1207 translatione,
1116 1156 1221 1194 non
1269 1146 1459 1203 morte,
1512 1134 1918 1191 succedentibus

324 1235 554 1291 cedere?
574 1234 711 1290 Nam
742 1232 1002 1288 si‘Enoc‘h
1024 1232 1241 1288 et'Elias
1266 1232 1316 1285 in
1349 1230 1515 1284 Adam
1540 1228 1754 1291 mortui,
1777 1242 1919 1280 mor-

324 1330 502 1401 lisque
526 1328 867 1399 prapaginem
914 1327 965 1380 in
1012 1340 1172 1381 carne
1192 1332 1492 1395 gestantes,
1518 1320 1656 1391 quod
1682 1319 1916 1374 debitum

320 1433 382 1478 ut
413 1423 641 1487 solvant,
691 1420 977 1476 creduntur
1005 1420 1162 1474 etiam
1208 1416 1428 1472 redituri
1468 1416 1531 1469 ad
1568 1414 1704 1469 hanc
1731 1413 1911 1477 vitam,

323 1524 398 1579 et,
430 1515 572 1586 quod
599 1514 795 1569 tamdiu
822 1512 1039 1567 dilatum
1058 1520 1159 1577 est,
1188 1509 1429 1563 morituri
1465 1505 1714 1579 (Malach.
1745 1504 1914 1569 tv,'5;

324 1618 371 1662 et
416 1609 575 1679 Apoc.
618 1623 692 1673 ιι,
714 1606 815 1660 ’5-7
837 1604 1047 1675 ),'nunc
1078 1602 1338 1657 tamenin
1377 1601 1476 1655 alia
1520 1601 1625 1653 vita
1652 1606 1796 1664 sunt,
1826 1596 1916 1651 tibi

322 1714 448 1756 ante
474 1700 919 1757 resurrectionem
947 1697 1143 1763 attritis,
1173 1682 1454 1764 antequam
1477 1692 1705 1747 animale
1722 1705 1917 1759 corpus

322 1795 380 1848 in
420 1793 691 1863 spirituale
732 1801 988 1855 mutetur,
1023 1805 1121 1844 nec
1146 1787 1335 1843 morbo
1357 1801 1455 1841 nec
1478 1792 1753 1840 senectute
1779 1781 1916 1837 deti-

312 1885 473 1940 ciunt
496 1904 509 1938 :
533 1882 941 1955 quanto’justius
966 1891 1121 1951 atque
1140 1877 1463 1950 probabilius
1481 1876 1665 1948 primis
1686 1873 1914 1930 illisho-

324 1979 559 2035 minibus
590 1986 956 2045 prmstaretur,
981 1976 1095 2028 sine
1125 1973 1234 2028 ullo
1260 1987 1357 2026 suo
1398 1977 1743 2040 parentumve
1788 1980 1912 2035 pec-

323 2082 445 2129 cato
487 2070 807 2133 viventibus,
836 2078 897 2122 ut
926 2070 980 2122 in
1007 2066 1281 2121 meliorem
1311 2063 1540 2133 aliquem
1578 2068 1770 2115 statum
1788 2057 1917 2114 filiis

322 2166 519 2236 genitis
550 2164 824 2226 cederent,
852 2160 992 2215 unde
1020 2158 1217 2215 szcculo
1247 2157 1393 2211 ﬁnito
1418 2170 1539 2210 cum
1567 2154 1708 2206 omni
1733 2160 1913 2222 poste-

314 2260 485 2313 ritate
505 2265 832 2320 sanctorum,
862 2253 913 2308 in
942 2251 1231 2325 angelicam
1275 2247 1521 2310 formam,
1553 2259 1658 2299 non
1684 2258 1776 2312 per
1798 2258 1918 2295 car-

321 2351 409 2405 nis
438 2358 686 2413 mortem,
710 2348 809 2402 sed
834 2362 930 2418 per
950 2344 1045 2399 Dei
1064 2343 1313 2397 virtutem
1340 2336 1723 2394 multofeiicius
1739 2343 1915 2390 muta-

323 2440 551 2499 rentur‘?

321 2531 552 2589 CAPUT
579 2528 691 2584 VH.
723 2559 795 2570 —
814 2524 1445 2596 ‘Mttlierpariendi-causa.
1480 2518 1626 2575 Unde
1646 2516 1916 2573 laudabilis

444 2624 719 2695 uirginitas
732 2630 780 2676 rt
801 2621 1009 2692 nuptiae.
1026 2615 1351 2672 ‘Matrimonii
1371 2612 1780 2685 triplex‘bomtm.

388 2716 833 2785 ‘12.‘Non'itaque
856 2713 1013 2768 video
1037 2711 1102 2764 ad
1128 2709 1268 2780 quod
1298 2707 1439 2762 aliud
1462 2706 1778 2776 adjutorium
1803 2720 1918 2757 mu-

296 2812 424 2869 “lier
470 2809 609 2866 facta
656 2810 725 2864 sit
766 2807 902 2871 viro,
932 2807 975 2860 si
1004 2801 1292 2876 generandi
1347 2794 1912 2854 causa‘suhtrahitur:

319 2920 443 2976 qua:
468 2903 819 2959 nihilominus
835 2913 1001 2970 quare
1021 2896 1365 2953 subtrahatur
1380 2894 1585 2964 ignoro.
1602 2889 1758 2946 Unde
1774 2889 1916 2943 enim

318 3014 577 3069 magnum
599 2991 1119 3067 magnique'honoris
1145 2988 1393 3045 meritum
1423 2984 1559 3056 apud
1580 2984 1760 3040 Deum
1790 2982 1919 3037 fide-

320 3092 391 3147 lis
415 3101 469 3147 et
493 3093 579 3162 pia
608 3088 882 3160 virginitas
912 3085 1091 3151 habet,
1115 3084 1214 3138 nisi
1243 3082 1367 3153 quia
1403 3082 1504 3135 isto
1531 3080 1635 3148 iam
1676 3085 1917 3147 tempore

319 3184 630 3243 continendi
652 3184 719 3237 ab
739 3181 983 3251 amplexu
1012 3194 1130 3234 cum
1170 3191 1237 3233 ex
1280 3173 1529 3230 omnibus
1572 3170 1817 3241 gentibus
1850 3168 1916 3221 ad

322 3277 652 3348 implendum
683 3284 987 3329 sanctorum
1027 3283 1307 3325 numerum
1348 3264 1643 3335 largissima
1675 3267 1919 3331 suppetat

318 3372 500 3439 copia,
531 3363 886 3438 percipiendae
914 3361 1145 3418 sordida:
1181 3358 1466 3427 voluptatis
1502 3354 1661 3411 libido
1687 3368 1791 3408 non
1816 3351 1917 3406 sibi

320 3460 558 3515 vindicat
599 3457 738 3529 quod
759 3457 868 3527 jam
894 3451 1219 3509 sufﬁciendze
1250 3448 1417 3519 prolis
1445 3443 1780 3500 necessitudo
1811 3458 1915 3496 non

323 3553 595 3625 postulat?
624 3550 859 3620 Denique
884 3548 1165 3616 utriusque
1185 3556 1346 3597 sexus
1382 3538 1661 3594 inﬁrmitas
1684 3549 1915 3605 propen-

320 3644 535 3701 dens‘in
556 3642 771 3697 ruinam
798 3635 1158 3708 turpitudinis,
1184 3641 1329 3687 recte
1354 3627 1918 3699 excipiturtltonestate

322 3735 655 3805 nuptiarum,
698 3741 758 3785 ut
804 3729 948 3801 quod
988 3727 1132 3781 sanis
1174 3729 1515 3792 esse‘posset
1560 3718 1819 3784 officium,
1848 3716 1919 3771 sit

325 3828 543 3899 aegrotis
584 3820 900 3879 remedium.
931 3819 1125 3888 'Neque
1166 3816 1309 3871 enim
1364 3813 1486 3883 quia
1534 3809 1917 3866 iucontinentia

327 3920 526 3974 malum
569 3923 672 3980 est,
720 3913 839 3968 ideo
884 3909 1229 3973 connubium,
1262 3906 1344 3959 vel
1378 3919 1497 3974 quo
1526 3902 1916 3956 incontinentes

300 4012 791 4083 veopuianturmon
818 4006 1122 4062 est'honum
1145 4021 1157 4057 :
1184 4001 1292 4056 imo
1322 4014 1452 4054 vero
1472 4004 1825 4067 non‘pmpter
1851 3994 1916 4048 il-

324 4104 415 4159 lud
438 4103 646 4158 mainm
670 4099 931 4170 culpabile
958 4104 1042 4152 est
1066 4095 1169 4150 hoc
1196 4094 1417 4159 bonum,
1446 4090 1541 4146 sed
1574 4097 1787 4159 prepter
1815 4087 1918 4142 hoc

327 4194 528 4249 bonum
550 4192 758 4246 veniale
782 4196 865 4244 est
896 4186 1023 4242 illud
1050 4185 1277 4249 malum;
1309 4181 1557 4253 quoniam
1578 4180 1629 4234 id
1652 4178 1794 4250 quod
1826 4178 1918 4231 bo-

302 4285 682 4343 mumhahent
723 4283 940 4353 neptim,
964 4291 1016 4336 et
1034 4290 1153 4351 quo
1172 4279 1325 4334 home
1352 4287 1476 4331 sunt
1496 4276 1704 4345 nuptize
1730 4288 1917 4344 pecca-

324 4390 436 4434 tum
458 4394 590 4435 esse
616 4382 1108 4446 nunquampotest.
1130 4370 1453 4426 'Ilncautem
1471 4368 1913 4437 tripartitum-est;

306 4470 483 4536 “fides,
504 4468 711 4538 proles,
739 4462 1233 4521 sacramentum—in
1256 4460 1358 4517 fide
1384 4459 1762 4514 attenditurne
1788 4472 1919 4528 pra:-

327 4569 408 4616 ter
431 4556 1021 4627 vinculumconjugale,
1048 4570 1167 4609 cum
1197 4554 1365 4607 altera
1387 4553 1469 4607 vel
1490 4551 1918 4605 altero-concum-

326 4654 484 4708 hatur
511 4670 526 4706 :
555 4653 610 4706 in
633 4653 801 4723 prole,
824 4656 1157 4704 utamanter
1198 4643 1915 4713 suscipiaturpbenignem-

327 4748 537 4807 triatur,
563 4744 815 4814 religiose
832 4741 1097 4797 educetur
1125 4758 1137 4792 :
1164 4738 1225 4792 in
1248 4744 1584 4791 sacramento
1608 4741 1829 4798 autem,
1852 4741 1918 4787 ut

312 4839 634 4907 ‘eonjugium
655 4851 758 4889 non
784 4841 1079 4905 Separetur,
1109 4838 1167 4884 et
1182 4829 1549 4883 dimissusuut
1574 4826 1799 4880 dimissa
1820 4840 1917 4880 nec

314 4921 675 4991 eausa-prolis
709 4920 857 4973 alteri
878 4917 1259 4986 coniungatur.
1295 4914 1415 4966 Haec
1445 4920 1526 4966 est
1556 4921 1799 4979 tanquam
1818 4924 1916 4963 re-

320 5015 447 5085 gia
468 5015 799 5082 suptiamm,
820 5025 922 5081 qua
951 5010 1034 5064 vel
1064 5016 1273 5061 Italum
1286 5004 1577 5059 decoratur
1600 5001 1912 5067 fecunditas,

318 5103 849 5161 Nelxinoomiuentim
886 5101 1103 5171 regitur
1154 5098 1402 5168 pravitas.
1448 5094 1597 5149 Unde
1634 5092 1755 5162 quia
1785 5093 1916 5147 satis

316 5198 677 5254 iiseemiums
696 5197 759 5250 in
772 5190 1256 5263 eoﬁbroquemde
1288 5190 1430 5243 Bono
1450 5185 1725 5257 Conjugali
1747 5201 1917 5254 nuper

323 5284 737 5352 edidimus,uubi
764 5281 1222 5343 eteontinentiatn
1267 5279 1613 5334 vidualem-et
1649 5277 1916 5333 excellen-

322 5381 453 5435 tiam
481 5378 793 5451 virginalem
808 5392 914 5447 pro
937 5391 1155 5432 summ
1170 5373 1427 5443 graduum
1442 5371 1703 5441 dignitate
1722 5369 1916 5425 distiu-

325 5473 522 5539 limus,
554 5471 754 5527 diutius
780 5470 867 5525 hic
903 5466 1423 5523 nosternstiluswnon
1437 5473 1533 5519 est
1548 5463 1912 5532 occupandus.

442 5565 707 5623 tCAPUT
727 5563 869 5620 Vill.
882 5592 959 5607 -—-
986 5560 1138 5633 Fuga
1159 5558 1392 5613 vitiorum
1412 5560 1465 5611 in
1490 5556 1764 5611 contraria.

376 5660 488 5716 45.
513 5656 834 5716 Nunc-enim
851 5652 1139 5726 quaerimus
1162 5649 1247 5704 cui
1276 5647 1541 5720 adiutorio
1567 5646 1758 5701 mulier
1779 5644 1913 5701 facta

324 5752 561 5818 itaita,
582 5749 628 5805 si
646 5746 819 5805 eist
838 5743 1134 5817 gignendos
1168 5740 1310 5797 ﬁlios
1348 5737 1560 5793 misceri
1606 5737 1820 5793 sibimet
1862 5737 1913 5790 iu

324 5844 710 5919 pardiso‘non
738 5839 949 5897 licebat.
997 5837 1098 5905 Qui
1140 5835 1281 5890 enim
1329 5833 1430 5887 hoc
1464 5831 1731 5897 sentiunt,
1779 5828 1917 5887 forte

391 5952 1225 6022 'Msedviwstrmlatuest.
1267 5949 1752 6001 Abestviuusaun.

1706 467 1907 523 LIBER
1944 456 2194 526 NONUS.

3514 475 3621 531 398
3643 537 3651 547 Α,

2030 591 2303 651 peccatum
2329 600 2450 642 esse
2476 602 2689 644 omnem
2704 589 3040 644 concubitum
3064 595 3268 660 putant.
3294 588 3514 646 Difﬁcile
3535 600 3619 648 est

2028 693 2274 748 namque,
2310 691 2364 733 ut
2389 680 2513 743 dum
2534 697 2791 752 perverse
2817 666 3058 737 homines
3076 682 3200 749 vitia
3224 682 3481 747 devitant,
3509 698 3620 740 non

2028 766 2076 820 in
2101 783 2283 824 eorum
2315 773 2577 827 contraria
2606 774 2905 851 perniciter
2938 786 3170 837 currant.
3230 775 3435 829 Etenim
3479 774 3621 843 sicut

2024 857 2321 917 exhorretis
2344 866 2642 931 avaritiam,
2676 866 3024 935 fitprofusus;
3054 868 3619 927 autexhorrensluxu-

2025 950 2178 1014 riam,
2215 954 2270 1007 fit
2298 971 2519 1021 avarus;
2551 966 2640 1011 aut
2664 958 2929 1037 inquietus
2960 959 3036 1024 fit,
3060 958 3208 1035 cujus
3235 960 3496 1035 pigritiam
3527 976 3618 1016 re-

2024 1044 2409 1123 prehenderis;
2438 1061 2527 1105 aut
2553 1052 2704 1131 cujus
2724 1052 3383 1135 inquietudinem,‘piger;
3413 1063 3501 1108 aut
3528 1055 3620 1126 qui

2023 1137 2380 1205 reprehensus
2409 1142 2583 1197 odisse
2608 1144 2833 1213 coeperit
2876 1144 3148 1209 audaciam
3180 1160 3350 1211 suam,
3380 1146 3445 1205 ad
3478 1146 3619 1202 timi-

2025 1226 2243 1284 ditatem
2275 1230 2432 1305 fugit;
2465 1246 2555 1289 aut
2582 1237 2668 1304 qui
2698 1236 2915 1299 timidus
2947 1252 3050 1299 non
3082 1245 3468 1305 esseconatur,
3497 1248 3616 1305 tan-

2023 1336 2180 1391 quam
2206 1324 2434 1395 ahrupto
2462 1328 2672 1387 vinculo
2692 1330 2745 1383 fit
2768 1331 3099 1395 temerarius,
3118 1330 3243 1386 dum
3269 1332 3615 1402 nouratianc,

2024 1417 2118 1473 sed
2164 1421 2414 1488 opinione
2457 1423 2677 1477 crimina
2721 1424 3053 1479 metiuntur:
3087 1425 3156 1479 ita
3204 1426 3327 1479 dum
3374 1427 3617 1491 nesciunt

2024 1512 2266 1569 homines
2310 1514 2433 1583 quid
2476 1516 2540 1579 in
2566 1515 2839 1571 adulteriis
2869 1516 3390 1583 et'fornimtionibus
3436 1519 3617 1575 divino

2003 1604 2138 1679 Jure
2168 1606 2469 1669 damnetur,
2510 1606 2668 1661 etiam
2712 1622 2872 1663 causa
2920 1610 3235 1677 procreandi
3282 1612 3616 1685 conjugalcm

2021 1698 2359 1752 cencuhitum
2390 1698 2740 1759 detestantur.

2020 1789 2246 1845 CAPUT
2278 1789 2367 1844 IX.
2394 1789 2683 1853 -Μαιὶεν
2709 1800 2912 1862 propter
2929 1790 3207 1863 gignendos
3231 1793 3385 1861 ﬁlios,
3415 1792 3615 1847 etiamsi

2199 1897 2263 1934 ex
2280 1891 2501 1950 ,peccato
2539 1898 2639 1935 non
2683 1882 2859 1953 fuisset
2884 1883 3149 1937 necessitas
3171 1884 3434 1937 moriendi.

2091 1972 2177 2026 14.
2208 1971 2358 2039 Quod
2380 1972 2606 2042 quinon
2654 1972 2872 2035 faciunt,
2905 1973 2997 2029 sed
3029 1984 3201 2037 tamen
3238 1973 3616 2031 fecunditatem

2019 2063 2197 2117 carnis
2226 2073 2441 2132 propter
2468 2063 2859 2125 successionem
2890 2064 3227 2119 mortalitatis
3252 2064 3502 2130 divinitus
3523 2066 3617 2119 da-

2021 2162 2126 2207 tam
2159 2156 2421 2221 sentiunt;
2452 2139 2550 2211 nec
2598 2155 2696 2225 ipsi
2748 2164 2933 2224 putant
2979 2156 3179 2223 primos
3219 2156 3616 2223 illoshomines

2006 2245 2253 2314 potuisse
2295 2246 2671 2311 concumbere,
2719 2247 2859 2313 nisi,
2908 2256 3120 2316 prepter
3159 2254 3429 2317 peccatum
3474 2248 3616 2318 quod

2019 2335 2913 2409 admiserantmorituri,gignendo
2953 2340 3290 2409 requirerent
3342 2354 3616 2407 successu

2023 2444 2105 2482 res
2147 2447 2157 2482 :
2193 2445 2291 2483 nec
2336 2429 2635 2494 attendunt,
2682 2431 2725 2485 si
2770 2440 2915 2485 recte
2947 2441 3228 2499 potuerunt
3275 2449 3614 2501 successores

2020 2521 2183 2589 qmeri
2217 2521 2507 2589 morituris,
2532 2522 2699 2575 multo
2742 2523 2938 2577 rectius
2980 2524 3153 2576 socios
3180 2526 3343 2593 qumri
3384 2526 3616 2593 potuisse

2021 2613 2257 2666 victuris.
2294 2613 2508 2683 lmpleta
2553 2614 2693 2667 enim
2743 2622 2880 2667 terra
2930 2629 3122 2683 genere
3167 2594 3419 2680 humano,
3470 2626 3616 2683 recte

2022 2706 2199 2775 proles
2224 2706 2433 2759 nonnisi
2464 2721 2582 2781 quae
2609 2692 2957 2760 morientibus
2985 2708 3317 2771 succederet,
3346 2686 3616 2777 qtncrere-
3656 2770 3659 2773 _

2024 2803 2565 2877 tur:utaulem'per
2608 2798 2739 2853 duos
2790 2797 3035 2852 homines
3088 2807 3226 2852 terra
3284 2800 3613 2867 impleretur,

2022 2891 2287 2960 quomodo
2307 2892 2426 2961 ipsi,
2447 2876 2547 2946 nisi
2570 2890 2854 2962 gignendo,
2881 2891 3111 2945 officium
3137 2876 3411 2947 Societatis
3438 2893 3617 2961 imple-

2023 2984 2180 3037 rent?
2210 2984 2290 3037 An
2326 3000 2453 3037 vero
2480 2982 2553 3037 ita
2584 2983 2703 3053 quis
2731 2998 2904 3037 caecus
2929 2993 3011 3039 est
3040 2994 3236 3049 mente,
3267 2996 3323 3038 ut
3346 3002 3447 3039 non
3494 3002 3615 3042 cer-

2021 3086 2112 3129 nat
2161 3087 2361 3144 quanto
2410 3076 2566 3129 terris
2622 3086 2936 3130 ornamento
2978 3078 3044 3130 sit
3086 3092 3251 3147 genus
3301 3077 3614 3147 humanum,

2020 3166 2182 3221 etiam
2231 3182 2349 3221 cum
2397 3183 2425 3220 a
2456 3168 2656 3249 .paucis
2704 3177 2849 3223 recte
2894 3168 3332 3240 laudaliilitcrque
3374 3172 3612 3239 vivatur;

2018 3266 2383 3335 quantumque
2407 3260 2578 3313 valeat
2606 3257 2741 3313 ordo
2770 3258 3091 3329 reipublicm,
3128 3262 3178 3314 in
3206 3261 3479 3330 cujusdam
3525 3279 3617 3332 pa-

2021 3349 2097 3402 cis
2126 3358 2347 3404 terrenae
2377 3350 2643 3403 vinculum
2669 3365 2925 3406 coercens
2957 3350 3113 3404 etiam
3141 3354 3479 3421 peccatores?
3508 3354 3614 3409 Ne-

2019 3458 2121 3512 que
2148 3444 2287 3496 cnim
2317 3452 2517 3497 tantum
2538 3442 2949 3521 depravatisunt
2972 3444 3229 3509 homines,
3251 3454 3425 3499 utnon
3454 3448 3612 3502 etiam

2023 3536 2151 3590 tales
2175 3535 2454 3605 pecoribus
2474 3545 2527 3589 et
2556 3536 2859 3591 volatilibus
2896 3537 3247 3600 antecellunt;
3279 3553 3499 3607 quorum
3532 3549 3611 3592 ta-

2022 3643 2143 3682 men
2170 3628 2406 3681 omnium
2456 3628 2741 3703 generibus
2769 3628 2905 3682 hanc
2934 3627 3165 3681 infimam
3198 3628 3378 3685 mundi
3412 3640 3613 3699 partem
3692 3610 3699 3619 ’

2021 3735 2117 3788 pro
2145 3720 2223 3773 sui
2258 3720 2355 3774 loci
2402 3727 2547 3776 sorte
2589 3719 2916 3785 decoratum,
2949 3736 3103 3789 quem
3132 3736 3236 3773 non
3277 3720 3615 3778 Considerare

2020 3813 2276 3869 delectet?
2302 3814 2429 3881 Quis
2456 3821 2633 3869 autem
2663 3813 2731 3867 ita
2749 3812 2816 3867 sit
2836 3828 3041 3876 excors,
3062 3823 3116 3867 ut
3136 3822 3277 3883 putet
3306 3815 3478 3867 minus
3495 3831 3615 3869 cant

1998 3905 2481 3983 lornaripotuisse,
2506 3905 2550 3959 si
2566 3902 2725 3973 justis
2764 3920 2866 3957 non
2894 3903 3240 3959 morientibus
3267 3905 3615 3973 impleretur?

2094 3996 2179 4050 15.
2220 3995 2349 4050 Nam
2402 3995 2524 4066 quia
2571 3995 3005 4051 numerosissima
3046 4005 3127 4051 est
3154 4012 3383 4065 superna
3429 3997 3613 4053 civitas

2024 4086 2365 4157 Angelorum,
2388 4087 2507 4143 ideo
2530 4103 2634 4142 non
2666 4097 2811 4143 recte
2833 4087 3101 4142 connubio
3121 4090 3517 4159 copularentur,
3540 4092 3614 4144 ni-

2021 4179 2064 4234 si
2082 4188 2433 4235 morerentur.
2455 4179 2602 4234 ilanc
2629 4180 2824 4251 quippe
2854 4180 3287 4236 numerositatem
3320 4182 3612 4253 perfectam

2021 4273 2180 4328 etiam
2214 4273 2263 4326 in
2294 4272 2684 4328 resurrectione
2708 4282 3011 4328 sanctorum
3060 4275 3276 4345 Angelis
3306 4275 3610 4330 soeiandam

2024 4363 2279 4418 Dominus
2306 4364 2593 4433 pra-sciens
2616 4362 2711 4431 ait,
2742 4362 2808 4418 In
2842 4365 3199 4421 resurrectione
3221 4384 3376 4435 neque
3405 4367 3609 4432 nubent,

2022 4472 2176 4528 neque
2205 4473 2384 4510 uxores
2401 4456 2616 4523 ducent;
2642 4474 2742 4511 non
2770 4457 2901 4511 enim
2926 4458 3165 4528 incipient
3192 4459 3338 4523 mori,
3363 4460 3450 4512 sed
3467 4470 3613 4513 erunt

2021 4547 2238 4618 requales
2277 4548 2481 4618 Angelis
2506 4547 2602 4601 Dei
2626 4546 2837 4616 (Matth.
2876 4564 3007 4613 xxn,
3036 4548 3127 4612 30)
3163 4567 3175 4601 :
3211 4548 3295 4602 hie
3332 4566 3460 4604 vero
3489 4566 3609 4604 cum

2022 4638 2287 4708 implenda
2317 4647 2457 4693 esset
2501 4638 2801 4692 hominibus
2832 4646 2994 4704 terra,
3024 4649 3075 4694 et
3101 4656 3239 4705 eam,
3274 4652 3490 4711 preptcr
3516 4659 3611 4696 co-

2020 4731 2284 4802 gnationis
2307 4732 2587 4786 arctiorem
2623 4731 3067 4787 necessitudinem
3098 4743 3152 4789 et
3174 4735 3389 4789 unitatis
3425 4740 3609 4792 vincu-

2022 4823 2130 4878 lum
2163 4823 2395 4878 maxime
2422 4822 2925 4888 commendandmn,
2955 4840 3021 4879 ex
3050 4842 3153 4879 uno
3200 4837 3469 4895 oporteret
3506 4828 3605 4881 im-

2022 4918 2183 4989 pleri;
2216 4926 2430 4987 propter
2474 4916 2598 4987 quid
2637 4916 2779 4972 aliud
2827 4918 3115 4973 secundum
3163 4919 3330 4989 ipsum
3362 4922 3613 4991 qua-situs

2022 5020 2103 5066 est
2129 5009 2388 5064 femineus
2436 5024 2593 5063 sexus
2636 5010 2862 5075 adjutnr,
2899 5012 3081 5064 nisiut
3128 5023 3393 5067 serentem
3440 5029 3607 5082 genus

2026 5103 2311 5157 humanum
2343 5111 2525 5155 natura
2556 5100 2845 5165 muliebris,
2877 5110 3125 5173 tanquam
3168 5115 3321 5159 terra:
3367 5102 3609 5160 fecundi-

2024 5203 2125 5261 tas,
2156 5193 2466 5263 adjuvaret?

2186 5284 2409 5340 CAPUT
2446 5282 2515 5340 Χ.
2539 5312 2609 5325 -—
2633 5283 2880 5339 Libidinis
2909 5286 3110 5340 morbus
3136 5303 3194 5340 ea:
3222 5296 3441 5350 peccato.

2098 5380 2183 5435 l6.
2232 5377 2485 5446 Quamvis
2535 5376 2807 5432 honestius
2858 5378 3149 5447 meliusque
3191 5378 3473 5446 credatur,
3538 5381 3614 5439 ita

2026 5470 2188 5527 fuisse
2216 5479 2342 5525 tunc
2383 5470 2591 5523 illorum
2625 5468 2895 5523 hominum
2937 5484 3130 5536 corpus
3159 5470 3384 5525 animale
3414 5473 3613 5527 consti-

2022 5572 2258 5617 tutorum
2285 5561 2335 5614 in
2369 5559 2634 5630 paradiso,
2670 5559 2900 5613 nondum
2925 5560 3108 5612 mortis
3140 5559 3253 5627 lege
3277 5559 3607 5629 damnatum,

2022 5667 2080 5714 ut
2122 5673 2229 5712 non
2258 5655 2521 5711 haberent
2555 5655 2847 5729 appetitum
2877 5654 3105 5707 carnalis
3134 5655 3447 5726 voluptatis,
3479 5674 3611 5729 qua-

2022 5751 2126 5808 lem
2156 5764 2298 5804 nunc
2319 5747 2514 5803 habent
2535 5746 2631 5802 ista
2653 5762 2896 5816 corpora,
2926 5763 3042 5816 qua:
3058 5745 3167 5817 jam
3190 5765 3254 5803 ex
3278 5750 3465 5805 mortis
3491 5766 3613 5822 pro-

2021 5845 2211 5916 pagine
2237 5842 2392 5898 ducta
2414 5851 2553 5897 sunt.
2582 5840 2762 5911 Neque
2782 5841 2921 5895 enim
2951 5840 3080 5896 nihil
3102 5852 3182 5897 est
3208 5843 3259 5897 in
3282 5846 3360 5900 eis
3392 5844 3608 5913 factum,

2022 5950 2145 5992 cum
2172 5934 2240 5990 de
2264 5934 2405 6004 ligno
2431 5932 2693 6003 prohibito
2716 5933 2949 5989 odissent
2976 5951 2991 5990 :
3018 5935 3443 6007 quandoquidem
3476 5940 3609 5994 Deus
