4090 6458
526 397 631 453 399

1440 388 1529 441 DE
1568 383 1818 441 GENESI
1854 383 1948 439 AD
1985 380 2356 450 LITTERAM,
2396 380 2454 436 S.
2495 376 2862 436 AUGUSTINI

3712 376 3817 435 ιοο

526 511 752 572 dixerat,
768 521 896 571 non,
916 505 974 560 Si
988 502 1225 568 ederitis,
1241 508 1411 556 morte
1436 498 1756 561 moriemini;
1776 496 1893 560 sed,
1911 495 2024 561 Quo
2040 494 2121 548 die
2225 505 2331 567 pta:
2353 494 2538 551 mortis
2562 492 2759 550 habere
2784 500 3122 557 meruerunt;
3144 506 3303 563 quem
3325 476 3522 561 nuptiae
3546 489 3816 546 ordinant’

528 601 751 665 edet-itis,
777 606 936 652 morte
962 593 1242 649 moriemini
1268 590 1429 663 (Gen.
1458 605 1517 654 ll,
1547 589 1644 657 l7)
1678 605 1692 642 :
1723 598 1781 644 ut
1806 586 1909 642 hoc
1948 585 2121 656 ipsum

527 692 585 749 in
614 692 693 748 eis
720 691 805 745 illa
835 690 1032 744 laceret
1068 686 1203 751 dies,
1242 684 1382 755 quod
1414 681 1700 752 Apostolus
1724 680 1889 751 gemit
1917 679 2116 745 dicens,

527 782 855 840 Condelector
880 780 980 852 legi
1002 777 1097 832 Det
1124 777 1395 831 secundum
1432 773 1718 827 interiorem
1743 773 2022 835 hominem;
2050 771 2124 824 vi-

2227 585 2553 642 continentia
2581 585 2794 641 cohibet
2820 594 2875 641 et
2899 583 3154 650 refrenat,
3192 592 3251 639 ut
3274 583 3721 654 quemadmodum
3750 582 3822 640 de

2224 691 2446 755 peccato
2471 680 2669 737 factum
2698 692 2783 738 est
2822 680 3161 751 supplicium,
3207 680 3287 737 sic
3324 679 3393 736 de
3436 680 3698 751 supplicio
3728 681 3825 736 ﬁat

2228 773 2499 830 meritum.

529 876 624 931 deo
649 882 818 928 autem
847 869 1003 925 aliam
1030 870 1185 939 legem
1220 868 1271 919 in
1302 864 1532 920 membris
1556 866 1679 918 meis
1699 906 1714 930 ,
1760 874 2124 935 repugnantem
2228 864 2453 923 CAPUT
2490 863 2585 921 XI.
2619 894 2689 906 —
2729 864 2998 920 Femineue
3034 881 3184 920 ams
3231 866 3574 935 conformatus
3615 874 3826 937 propter

532 967 633 1040 legi
672 966 851 1021 mentis
878 978 1023 1028 mete,
1052 971 1097 1015 et
1122 960 1453 1029 captivantem
1480 974 1558 1011 me
1579 959 1631 1011 in
1657 958 1764 1027 lege
1783 957 1991 1027 peccati,
2015 970 2127 1025 qua:

531 1067 606 1114 est
631 1058 686 1112 in
706 1054 937 1111 membris
957 1053 1100 1106 meis.
1123 1049 1318 1123 Infelix
1345 1066 1435 1121 ego
1461 1049 1631 1113 homo,
1657 1050 1767 1115 quis
1797 1065 1873 1100 me
1898 1046 2129 1108 liberabit

529 1151 595 1207 de
612 1165 821 1222 corpore
844 1146 1017 1202 mortis
1036 1145 1221 1215 hujus?
1246 1143 1422 1197 Gratia
1444 1142 1539 1196 Dei
1562 1159 1649 1211 per
1666 1139 1845 1195 Iesum
1870 1140 2128 1196 Christum

532 1241 811 1298 Dominum
838 1247 1065 1292 nostrum
1090 1233 1277 1308 (Rom.
1303 1250 1399 1301 vn,
1426 1231 1645 1305 22,25).
1662 1231 1777 1286 Non
1804 1232 1944 1287 enim
1976 1230 2128 1286 sufli-

535 1342 684 1391 ceret
710 1333 794 1396 ei,
827 1331 872 1385 si
901 1330 1121 1394 diceret,
1150 1327 1281 1397 Quis
1310 1345 1393 1382 me
1421 1324 1667 1381 liberabit
1691 1325 1756 1379 de
1786 1324 1887 1379 hoc
1916 1323 2128 1378 mortali

531 1423 789 1494 corpore?
817 1422 933 1484 sed,
972 1422 1034 1475 de
1062 1435 1288 1491 corpore,
1340 1418 1528 1489 inquit,
1558 1416 1733 1471 mortis
1776 1417 1952 1487 hujus.
1984 1414 2129 1470 Sicut

532 1518 693 1574 etiam
714 1514 865 1582 illud,
886 1510 1083 1580 Corpus
1101 1513 1322 1582 quidem,
1349 1510 1535 1579 inquit,
1559 1518 1811 1563 mortuum
1829 1516 1903 1561 est
1926 1514 2131 1577 propter

532 1616 794 1681 peccatum
816 1604 941 1679 (Id.
966 1620 1080 1671 vttt,
1112 1601 1211 1674 10)
1247 1619 1259 1655 :
1294 1615 1393 1655 nec
1415 1600 1485 1653 ibi
1511 1602 1586 1653 ait
1605 1599 1849 1664 mortale,
1878 1596 1970 1651 sed
1996 1612 2130 1651 mor-

533 1711 716 1766 tuum;
745 1697 987 1769 quamvis
1016 1696 1197 1765 utique
1236 1703 1285 1748 et
1318 1693 1541 1763 mortale
1564 1734 1580 1760 ,
1621 1692 1743 1761 quia
1786 1692 2126 1748 moriturum.

532 1792 650 1849 Non
690 1792 762 1846 ita
792 1788 1117 1846 credendum
1143 1796 1226 1843 est
1267 1787 1430 1841 fuisse
1465 1786 1552 1840 illa
1582 1799 1807 1854 corpora
1828 1827 1843 1852 ,
1883 1784 1979 1839 sed
2008 1785 2132 1840 licet

536 1884 810 1952 animalia,
843 1881 1078 1936 nondum
1120 1878 1432 1950 spiritualia,
1475 1893 1578 1930 non
1611 1886 1783 1930 tamen
1810 1885 2040 1941 mortua,
2079 1874 2132 1930 id

530 1988 638 2045 est,
678 1991 799 2047 quae
824 1988 1046 2030 necesse
1072 1979 1215 2027 esset
1253 1980 1308 2025 ut
1334 1979 1716 2024 morerentur:
1750 1967 1894 2039 quod
1932 1983 1998 2023 eo
2040 1966 2129 2024 die

527 2069 729 2126 factum
755 2075 856 2132 est,
888 2081 995 2137 quo
1018 2065 1218 2136 lignum
1247 2070 1429 2117 contra
1454 2062 1675 2117 vetitum
1699 2061 1716 2092 ί
1746 2060 2053 2131 tetigerunt.

607 2163 698 2219 17.
728 2161 877 2218 Sicut
917 2159 970 2215 in
1003 2158 1133 2230 ipsis
1170 2157 1371 2211 nostris
1409 2151 1722 2224 corporibus
1750 2153 1993 2224 qumdam
2036 2166 2133 2220 pro

535 2271 636 2313 suo
659 2254 819 2310 modo
846 2253 1045 2308 sanitas
1071 2250 1280 2314 dicitur,
1305 2264 1425 2318 quae
1449 2248 1493 2301 si
1517 2246 1817 2316 perturbata
1847 2246 1923 2301 sic
1952 2245 2130 2313 fuerit,

537 2360 599 2407 ut
625 2349 801 2406 letalis
827 2345 1050 2403 morbus
1085 2344 1193 2415 jam
1224 2343 1428 2397 viscera
1457 2340 1792 2410 depascatttr,
1824 2354 1930 2410 quo
1958 2339 2135 2408 inspe—

532 2451 642 2510 cto,
685 2439 881 2497 medici
910 2447 1134 2493 mortem
1184 2435 1466 2491 imminere
1496 2434 1875 2504 pronuntient;
1911 2430 2136 2486 mortale

531 2535 717 2605 utique
739 2546 933 2604 corpus
957 2531 1117 2586 etiam
1146 2537 1271 2583 tunc
1289 2526 1505 2592 dicitur,
1528 2525 1622 2580 sed
1649 2524 1803 2579 aliter
1827 2539 1983 2593 quam
2012 2539 2135 2579 cum

532 2634 679 2684 esset
704 2639 914 2691 sanum,
944 2620 1188 2693 quamvis
1211 2617 1528 2689 quandoque
1555 2618 1673 2672 sine
1701 2616 1863 2671 dubio
1906 2615 2136 2671 moritu-

534 2737 654 2778 rum
683 2737 699 2775 :
727 2720 800 2774 ita
828 2717 903 2773 illi
927 2715 1172 2771 homines
1193 2711 1439 2767 animalia
1463 2709 1677 2781 quidem
1698 2724 1922 2780 corpora
1946 2724 2138 2778 geren-

536 2824 640 2881 tes,
680 2811 775 2868 sed
798 2826 909 2866 non
936 2808 1197 2864 moritura
1224 2805 1325 2860 nisi
1366 2812 1699 2875 peccassent,
1726 2810 2009 2872 acceptura
2039 2817 2136 2855 au-

534 2917 644 2965 tem
668 2906 959 2978 angelicam
1000 2901 1227 2956 formam
1256 2898 1636 2965 caelestemque
1656 2895 1984 2964 qualitatem,
2014 2908 2139 2949 mox

535 3000 628 3058 ubi
657 3003 984 3072 praeceptum
1013 2988 1329 3062 transgressi
1368 2995 1511 3051 sunt,
1541 3001 1727 3042 eorum
1759 2985 2015 3041 membris
2042 3000 2136 3041 ve-

536 3093 618 3147 lut
645 3089 819 3160 aliqua
862 3083 1123 3158 a-gritudo
1168 3081 1341 3136 letalis
1362 3120 1377 3145 ,
1408 3093 1555 3135 mors
1585 3077 1697 3147 ipsa
1729 3084 1985 3147 concepta
2023 3084 2134 3141 est;

537 3183 866 3253 mutavitque
895 3180 1036 3234 illam
1067 3174 1396 3247 qualitatem,
1424 3187 1527 3242 qua
1553 3170 1765 3240 corpori
1792 3170 1870 3224 sic
1898 3169 2138 3224 dominaa

535 3278 748 3343 bantur,
777 3284 958 3330 utnon
982 3271 1242 3335 dicerent,
1280 3265 1439 3321 Video
1459 3265 1615 3318 aliam
1639 3264 1797 3334 legem
1825 3264 1877 3317 in
1905 3261 2138 3317 membris

535 3370 680 3435 meis,
710 3373 1074 3439 repugnantem
1102 3360 1198 3432 legi
1232 3358 1412 3413 mentis
1436 3372 1599 3423 mete;
1626 3355 1747 3427 quia
1777 3356 1875 3409 etsi
1903 3354 2138 3411 nondum

536 3461 836 3536 spirituale,
875 3456 970 3513 sed
1016 3454 1250 3510 animale
1289 3467 1487 3521 corpus
1526 3457 1661 3516 erat,
1694 3448 1927 3503 nondum
1960 3458 2135 3503 tamen

536 3566 656 3615 erat
673 3553 862 3612 mortis
883 3550 1063 3621 hujus,
1086 3548 1154 3605 de
1178 3562 1279 3618 qua
1300 3554 1493 3600 etcum
1512 3558 1613 3615 qua
1637 3543 1747 3598 nati
1772 3557 1975 3597 sumus.
2000 3540 2140 3611 Quid

539 3652 683 3709 enim
719 3645 864 3703 aliud
885 3687 901 3713 ,
934 3659 1041 3699 non
1071 3641 1243 3697 dicam
1284 3636 1427 3704 nati,
1468 3636 1566 3692 sed
1605 3635 1825 3691 omnino
1853 3635 2135 3704 concepti,

538 3744 645 3801 nisi
673 3737 1043 3814 aegritudinem
1082 3732 1365 3804 quamdam
1395 3727 1794 3795 inchoavimus,
1824 3742 1928 3797 qua
1953 3740 2140 3781 sumus

538 3828 847 3891 necessario
871 3822 1151 3883 morituri?
1171 3822 1353 3891 Neque
1375 3819 1517 3874 enim
1535 3827 1643 3874 tam
1665 3831 1886 3874 necesse
1910 3825 1992 3872 est
2014 3831 2139 3872 eum

541 3926 662 3995 ipso
701 3920 889 3977 morbo
919 3916 1076 3979 mori,
1108 3913 1196 3984 qui
1236 3910 1493 3982 hydrops,
1522 3908 1607 3964 vel
1632 3908 2025 3979 dysentericus,
2051 3907 2137 3963 vel

540 4011 943 4084 elepltantiosus
968 4007 1136 4063 factus
1162 4004 1337 4070 fuerit,
1367 4016 1523 4072 quam
1550 4017 1670 4056 eum
1701 4000 1791 4071 qui
1817 4000 1916 4055 hoc
1944 4016 2138 4070 corpus

543 4108 741 4162 habere
769 4103 1013 4172 coeperit,
1057 4099 1111 4154 in
1152 4113 1258 4168 quo
1301 4090 1487 4150 omnes
1528 4093 1771 4148 homines
1801 4101 1984 4147 natura
2015 4100 2139 4147 sunt

544 4202 637 4256 lilii
665 4201 758 4255 ira!
788 4196 1019 4270 (Ephes.
1056 4210 1114 4260 ll,
1146 4192 1181 4248 5
1203 4192 1222 4263 )
1243 4233 1258 4260 ,
1287 4190 1408 4260 quia
1434 4188 1535 4245 hoc
1568 4205 1675 4245 non
1703 4187 1830 4244 fecit
1856 4188 1954 4243 nisi
1980 4203 2136 4259 poena

541 4291 762 4365 peccati.

615 4385 702 4441 18.
732 4382 864 4450 Qua:
887 4394 1009 4435 cum
1036 4377 1107 4432 ita
1135 4375 1262 4442 sint,
1295 4390 1391 4429 cur
1428 4388 1533 4428 non
1565 4371 1847 4429 credamus
1891 4375 2009 4432 illos
2035 4374 2135 4429 ho-

498 4508 507 4517 -
544 4479 716 4534 mines
743 4484 865 4529 ante
891 4480 1167 4545 peceatum
1197 4470 1265 4522 ita
1291 4466 1609 4537 genitalibus
1635 4466 1888 4520 membris
1915 4467 1979 4520 ad
2011 4483 2135 4537 pro-

545 4569 804 4626 creandos
837 4566 970 4619 ﬁlios
998 4565 1258 4631 imperare
1298 4559 1558 4627 potuisse,
1591 4556 1723 4610 sicut
1754 4558 1982 4618 exteris,
2018 4572 2136 4625 qum

547 4662 599 4715 in
631 4658 869 4730 quolibet
895 4670 1055 4726 opere
1083 4653 1260 4706 anima
1289 4652 1404 4705 sine
1431 4648 1534 4702 tilla
1572 4646 1841 4712 moles1ia,
1891 4656 1943 4699 et
1985 4646 2134 4715 quasi

543 4751 749 4822 pruritu
775 4746 1055 4816 \oluptatis
1082 4743 1285 4797 movet?
1309 4742 1364 4796 Si
1392 4742 1532 4794 enim
1551 4736 1772 4793 Creator
1796 4738 2136 4806 omnipotens

544 4840 980 4910 itteifabiliterque
1009 4836 1321 4900 laudandus,
1348 4834 1437 4904 qui
1467 4840 1519 4885 et
1543 4831 1592 4884 in
1622 4830 1853 4884 minimis
1878 4831 1987 4885 suis
2017 4845 2137 4902 «pe-

544 4939 688 4994 ribus
711 4948 932 5006 magnus
955 4942 1060 4993 est,
1094 4930 1281 4999 apibus
1305 4924 1520 4982 donavit
1546 4932 1603 4977 ut
1629 4923 1706 4976 sic
1733 4933 2020 4991 operentur
2043 4938 2136 4992 ge-

546 5029 876 5086 nerationem
916 5026 1178 5089 liliorum,
1224 5015 1668 5091 quemadmodum
1713 5030 1851 5069 certe
1900 5016 2133 5084 speciem

546 5122 915 5193 liquoremque
955 5117 1153 5178 mellis;
1191 5128 1288 5168 cur
1331 5108 1640 5165 incredibile
1669 5108 1908 5164 videatur
1949 5109 2134 5178 primis

546 5213 850 5272 hominibus
889 5212 1009 5267 talia
1036 5209 1223 5264 fecisse
1246 5220 1490 5272 corpora,
1521 5211 1577 5256 ut
1603 5202 1646 5255 si
1675 5217 1781 5255 non
1802 5211 2131 5270 peccassent,

543 5319 598 5365 et
624 5308 866 5363 morbum
905 5301 1187 5373 quemdam
1219 5313 1322 5368 quo
1367 5304 1718 5360 morerentur,
1746 5294 1998 5347 continuo
2028 5307 2134 5347 non

546 5400 937 5471 concepissent,
970 5411 1035 5450 eo
1059 5401 1184 5447 nutu
1217 5391 1534 5459 imperarent
1560 5386 1814 5442 membris
1842 5386 2034 5457 quibus
2058 5384 2136 5442 le-

549 5503 632 5548 tus
662 5491 928 5553 exoritur,
959 5500 1066 5557 quo
1094 5481 1317 5555 pedibus
1359 5496 1477 5535 cum
1515 5478 1847 5541 ambulatur,
1876 5484 1936 5531 ut
1963 5492 2135 5547 neque

542 5600 665 5639 eum
687 5582 879 5637 ardore
900 5578 1271 5636 seminarelur,
1299 5587 1470 5641 neque
1490 5586 1611 5625 cum
1636 5568 1820 5623 dolore
1841 5577 2131 5637 pareretur.

542 5674 694 5734 Nunc
724 5688 850 5729 vero
893 5662 1330 5735 transgrediendo
1358 5670 1681 5735 praeceptum
1702 5702 1717 5727 ,
1762 5668 1961 5713 motum
2004 5659 2135 5732 legis

543 5767 717 5835 illius,
756 5780 874 5837 qua:
902 5766 1163 5832 repugnat
1189 5757 1292 5829 legi
1323 5756 1534 5823 mentis,
1575 5755 1628 5810 in
1655 5752 1912 5810 membris
1936 5769 2135 5816 conce-

546 5901 625 5967 _'
658 5887 1673 5956 Sicus.tnedilis,quoligmnnoetitwu.

2299 957 2539 1023 sobolem,
2562 975 2664 1013 non
2691 967 2855 1012 tamen
2880 974 2994 1011 cum
3015 956 3242 1024 libidine,
3262 957 3363 1012 nisi
3377 956 3526 1012 homo
3547 966 3823 1028 peccasset,

2301 1052 2686 1124 procreandum.
2722 1050 3036 1108 Obedientia.

2304 1147 2391 1204 l9.
2416 1147 2631 1202 Factam
2654 1147 2830 1217 itaque
2856 1144 3103 1202 feminam
3117 1145 3254 1214 viro,
3267 1144 3336 1201 de
3358 1145 3493 1211 viro,
3508 1146 3561 1201 in
3582 1162 3648 1203 eo
3667 1161 3827 1211 sexu,

2232 1239 2286 1294 in
2310 1254 2373 1294 ea
2402 1238 2573 1294 forma
2602 1247 2659 1294 et
2691 1238 3033 1294 distinctione
3072 1238 3458 1306 membrorum,
3487 1254 3585 1309 qua
3614 1237 3832 1293 feminae

2231 1341 2373 1386 notae
2402 1340 2562 1396 sunt;
2589 1346 2710 1401 quae
2749 1329 2951 1400 peperit
2982 1329 3111 1385 Cain
3152 1339 3207 1385 et
3230 1329 3387 1397 Abel,
3417 1340 3472 1384 et
3501 1344 3687 1384 omnes
3719 1327 3832 1383 fra-

2235 1435 2343 1481 tres
2364 1439 2571 1491 eorum,
2595 1439 2660 1479 ex
2684 1422 2874 1494 quibus
2901 1439 3087 1479 omnes
3109 1423 3356 1480 homines
3377 1434 3752 1489 nascerentur,
3778 1424 3833 1478 in

2231 1520 2422 1590 quibus
2450 1518 2656 1588 peperit
2673 1517 2831 1572 etiam
2853 1516 2983 1573 Seth
3009 1514 3160 1590 (Gen.
3191 1532 3271 1584 tv,
3300 1518 3326 1572 l
3343 1527 3392 1572 et
3413 1517 3527 1587 25),
3561 1533 3656 1588 per
3668 1530 3833 1587 quem

2233 1620 2446 1668 ventum
2467 1619 2551 1666 est
2576 1610 2641 1666 ad
2667 1609 2933 1666 Abraham
2952 1619 3008 1666 et
3027 1609 3093 1664 ad
3115 1609 3368 1680 populum
3396 1607 3839 1679 lsrael,gentem-

2234 1720 2341 1778 que
2359 1703 2604 1761 omnibus
2625 1703 2737 1773 jam
2755 1703 3082 1757 notissimam
3098 1700 3371 1773 gentibus,
3384 1712 3439 1756 et
3456 1700 3673 1770 perNoe
3692 1699 3838 1754 ﬁlios

2234 1814 2424 1854 omnes
2446 1806 2662 1869 gentes;
2691 1796 2931 1868 quisquis
2953 1795 3297 1863 dubitaverit,
3328 1796 3506 1851 omnia
3545 1795 3688 1863 cogit
3725 1808 3835 1849 nu—

2237 1902 2352 1948 tare
2376 1907 2494 1961 quaz
2519 1890 2807 1955 credimus,
2844 1889 3104 1959 longeque
3129 1905 3159 1943 a
3194 1887 3428 1943 ﬁdelium
3454 1886 3725 1941 mentibus
3750 1900 3837 1940 re-

2236 1983 2515 2055 pellendus
2541 1992 2642 2039 est.
2672 1980 2804 2038 Cum
2826 1997 2953 2052 ergo
2977 1981 3229 2052 quaeritur
3252 1980 3319 2035 ad
3345 1978 3486 2050 quod
3510 1977 3839 2047 adjutorium

2236 2075 2407 2134 factus
2437 2077 2506 2131 sit
2548 2076 2638 2132 ille
2667 2091 2835 2132 sexus
2861 2075 2997 2139 viro,
3036 2072 3340 2142 diligenter,
3371 2080 3626 2142 quantum
3656 2069 3834 2137 valeo,

2236 2180 2427 2226 cuncta
2455 2168 2835 2235 consideranti,
2881 2166 3093 2223 nonnisi
3119 2181 3277 2223 causa
3304 2165 3469 2235 prolis
3495 2163 3754 2229 occurrit,
3780 2160 3849 2219 ut'

2235 2278 2334 2334 per
2361 2276 2548 2316 eorum
2572 2261 2790 2331 stirpem
2820 2268 2958 2315 terra
2982 2258 3320 2329 impleretur;
3347 2257 3440 2314 sed
3463 2273 3569 2313 non
3590 2274 3657 2313 eo
3676 2256 3840 2312 modo

2240 2363 2593 2424 procreatam,
2614 2367 2721 2422 quo
2740 2366 2882 2407 nunc
2904 2362 3250 2421 procreantur
3267 2350 3528 2415 homines,
3553 2365 3673 2404 cum
3698 2349 3841 2403 inest

2238 2446 2445 2516 peccati
2474 2444 2560 2499 lex
2581 2445 2632 2498 in
2654 2442 2911 2499 membris
2936 2458 3238 2513 repugnans
3264 2441 3368 2512 legi
3394 2442 3609 2507 mentis,
3627 2438 3840 2496 etiamsi

2238 2538 2336 2608 per
2361 2536 2457 2623 Dei
2477 2537 2699 2607 gratiam
2724 2536 2918 2590 virtute
2938 2542 3219 2603 superatur
3245 2552 3257 2587 :
3286 2532 3388 2589 hoc
3412 2534 3554 2590 enim
3580 2549 3703 2590 esse
3732 2548 3842 2587 non

2241 2631 2481 2700 potuisse
2503 2628 2825 2685 credendum
2858 2638 2961 2695 est,
2993 2626 3092 2681 nisi
3119 2627 3168 2680 in
3197 2642 3422 2697 corpore
3443 2627 3631 2693 mortis
3657 2625 3839 2696 hujus,

2240 2722 2383 2794 quod
2408 2738 2603 2793 corpus
2631 2731 2899 2776 mortuum
2928 2730 3010 2776 est
3051 2729 3267 2789 prOpIel'
3293 2728 3587 2789 peccatum.
3616 2718 3676 2773 Et
3712 2716 3845 2788 quid

2241 2814 2342 2871 hac
2361 2830 2517 2886 poena
2542 2815 2759 2885 juslius,
2782 2829 2940 2885 quam
2972 2822 3031 2867 ut
3052 2826 3157 2867 non
3183 2811 3249 2868 ad
3275 2826 3489 2866 omnem
3518 2820 3707 2865 nutum
3727 2824 3844 2865 ser-

2240 2910 2350 2964 viat
2375 2924 2591 2979 corpus,
2610 2909 2661 2963 id
2688 2918 2787 2967 est.
2805 2924 2934 2963 suus
2959 2907 3185 2961 famulus
3205 2906 3420 2972 animm,
3451 2906 3587 2960 sicut
3615 2904 3844 2959 Domino

2242 3018 2340 3059 suo
2369 3001 2681 3057 detrectavit
2714 3002 2825 3071 ipsa
2863 2999 3229 3064 serrire;sive
3257 3006 3537 3069 utrumque
3560 3012 3629 3053 ex
3652 3010 3844 3066 paren-

2241 3096 2383 3151 tibus
2406 3102 2553 3150 creet
2585 3093 2745 3158 Deus,
2774 3108 2970 3161 corpus
3005 3107 3070 3146 ex
3096 3105 3343 3160 corpore.
3375 3082 3605 3144 animam
3632 3104 3697 3142 ex
3726 3087 3844 3142 ani-

2242 3204 2364 3255 ma;
2388 3189 2499 3242 sive
2520 3186 2627 3241 alio
2647 3186 2807 3239 modo
2828 3184 2985 3239 faciat
3007 3185 3217 3241 animas
3242 3201 3257 3238 :
3280 3199 3383 3239 non
3410 3182 3587 3252 utique
3611 3182 3680 3237 ad
3706 3198 3844 3250 Opus

2243 3279 2572 3350 impossibile
2618 3294 2720 3334 nec
2754 3277 2998 3333 mercede
3029 3292 3210 3347 parva,
3250 3284 3308 3332 ttt
3350 3292 3472 3331 cum
3501 3276 3676 3330 anima
3723 3276 3842 3345 pie-

2245 3383 2351 3431 tate
2373 3376 2481 3429 Deo
2505 3372 2714 3429 subdita
2741 3373 2909 3443 legem
2933 3371 3087 3427 istam
3112 3385 3269 3441 peeca
3279 3370 3337 3433 ti,
3360 3385 3479 3440 quin
3497 3378 3580 3424 est
3604 3368 3656 3422 in
3682 3383 3843 3423 mem-

2242 3468 2353 3524 bris
2376 3465 2616 3537 corporis
2636 3463 2824 3519 mortis
2848 3464 3022 3534 hujus,
3043 3478 3201 3534 quam
3226 3462 3425 3532 primus
3445 3459 3608 3515 homo
3633 3459 3844 3529 accepit

2242 3561 2296 3616 in
2318 3574 2552 3631 poenam,
2582 3557 2771 3613 vicerit
2793 3556 2913 3627 ipsa
2931 3571 3027 3626 per
3044 3554 3290 3626 gratiam,
3317 3552 3590 3624 praemium
3615 3552 3844 3609 celeste

2242 3651 2505 3722 percipiat
2531 3649 2734 3719 majore
2762 3645 2952 3717 gloria,
2985 3645 3361 3700 demonstrans
3399 3651 3593 3715 quanta
3625 3641 3696 3697 sit
3723 3640 3844 3697 laus

2243 3744 2593 3810 obedientiai,
2624 3757 2744 3813 qua:
2771 3740 2961 3798 aliena:
3004 3736 3383 3795 inobedientim
3419 3752 3635 3810 pinnam
3667 3735 3845 3818 potuit

2244 3839 2440 3894 virtute
2463 3847 2720 3905 superare
2736 3832 2761 3888 τ

2242 3930 2468 3986 CAPUT
2506 3927 2623 3983 XII.
2646 3957 2718 3968 —
2743 3924 2999 3980 Animalia
3026 3939 3140 3979 uere
3164 3922 3391 3979 adducta
3416 3938 3525 3978 esse
3549 3923 3619 3977 ad
3646 3921 3838 3992 Adam,

2314 4032 2370 4076 ut
2394 4022 2457 4075 iis
2484 4022 2689 4076 nomina
2732 4020 3053 4091 imponeret:
3081 4017 3169 4073 sed
3190 4018 3285 4071 hac
3312 4034 3367 4071 re
3387 4026 3529 4089 gesta
3553 4015 3756 4088 aliquid
3773 4016 3841 4086 [i-

2312 4115 2505 4187 gurari.

2310 4207 2398 4262 20.
2422 4205 2527 4262 Sed
2555 4203 2802 4274 quoniam
2820 4201 2904 4258 cui
2924 4200 3188 4272 adjutorio
3218 4198 3414 4257 femina
3441 4198 3575 4255 facta
3605 4198 3677 4254 sit
3696 4198 3838 4265 viro,

2242 4300 2393 4366 satis,
2417 4308 2671 4370 quantum
2694 4296 2961 4360 existimo,
2992 4293 3302 4363 requisitum
3331 4302 3442 4355 est;
3478 4290 3605 4346 illud
3624 4290 3738 4361 jam
3761 4288 3843 4344 vi-

2241 4393 2462 4449 deamus
2481 4404 2647 4461 quare
2670 4389 2740 4444 sit
2762 4388 2978 4453 factum,
3000 4386 3139 4457 quod
3167 4384 3407 4440 adductae
3427 4394 3549 4438 sunt
3567 4383 3635 4438 ad
3662 4382 3840 4437 Adam

2241 4500 2430 4542 omnes
2462 4484 2643 4538 bestia:
2670 4481 2803 4552 agri,
2832 4491 2886 4536 et
2909 4481 3084 4534 omnia
3113 4478 3340 4533 volatilia
3367 4476 3508 4544 caeli,
3543 4486 3598 4531 ut
3621 4474 3703 4530 eis
3732 4490 3838 4530 no-

2242 4583 2383 4637 mina
2425 4580 2758 4647 imponeret;
2796 4584 2957 4645 atque
2987 4573 3059 4627 ita
3101 4573 3245 4627 velut
3285 4570 3577 4627 necessitas
3601 4570 3839 4623 oriretur

2241 4672 2457 4730 creandi
2485 4670 2536 4725 ei
2566 4668 2820 4725 feminam
2845 4681 2908 4722 ex
2932 4664 3048 4735 ejus
3074 4665 3261 4729 latere,
3288 4678 3410 4720 cum
3439 4662 3577 4717 inter
3604 4661 3692 4715 illa
3718 4660 3841 4716 ani-

2241 4766 2399 4823 malia
2425 4763 2600 4819 simile
2629 4760 2706 4817 illi
2732 4759 3052 4830 adjutorium
3083 4771 3188 4812 non
3215 4755 3401 4811 fuisset
3421 4755 3713 4810 inventum.
3748 4752 3841 4808 Vi-

2240 4862 2397 4920 detur
2420 4859 2562 4915 enim
2585 4854 2716 4909 mihi
2744 4863 2963 4923 propter
2986 4851 3216 4920 aliquam
3243 4846 3681 4920 significationem
3709 4861 3838 4915 pro-

2240 4953 2505 5025 pheticam
2532 4950 2752 5017 factum,
2781 4944 2876 5000 sed
2907 4952 3082 4999 tamen
3112 4940 3330 5006 factum,
3359 4948 3415 4994 ut
3438 4954 3498 4993 re
3525 4947 3675 5009 gesta
3703 4952 3837 4992 con-

2243 5047 2449 5101 ﬁrmata
2480 5042 2664 5111 ﬁgura:
2700 5034 3067 5107 interpretatio
3096 5033 3260 5089 libera
3300 5032 3650 5100 relinquatur.
3692 5026 3834 5096 Quid

2241 5147 2326 5195 est
2346 5136 2488 5192 enim
2520 5133 2622 5187 hoc
2660 5132 2831 5202 ipsum
2863 5127 3005 5199 quod
3035 5126 3337 5182 volatilibus
3376 5121 3837 5192 terrestribusque

2242 5226 2620 5288 animantibus,
2643 5238 2749 5277 non
2776 5212 2935 5276 etiam
2964 5218 3199 5289 piscibus
3222 5226 3380 5286 atque
3405 5215 3653 5271 omnibus
3680 5221 3833 5268 nata.

2243 5322 2424 5378 tilibus
2465 5319 2631 5375 Adam
2670 5316 2884 5370 nomina
2929 5311 3216 5382 imposuit?
3247 5310 3302 5364 ri
3327 5310 3469 5365 enim
3504 5309 3698 5379 lingua:
3728 5306 3831 5361 bu.

2242 5429 2413 5471 manat
2436 5410 2801 5472 consolantur,
2821 5407 2897 5461 sic
2919 5404 3253 5475 appellantur
3278 5404 3392 5457 haec
3414 5401 3617 5465 omnia,
3640 5414 3835 5471 quem-

2242 5507 2527 5565 admodum
2549 5505 2627 5560 eis
2648 5502 2890 5557 homines
2910 5497 3175 5570 loquendo
3201 5496 3413 5552 nomina
3434 5496 3833 5566 imposuerunt.

2244 5599 2358 5654 Non
2404 5598 2576 5652 solum
2610 5595 2722 5648 hanc
2759 5606 2875 5663 quae
2911 5600 3033 5646 sunt
3062 5590 3112 5643 in
3142 5589 3294 5659 aquis
3326 5598 3380 5642 et
3411 5587 3601 5652 terris,
3646 5599 3836 5642 verum

2245 5689 2407 5746 etiam
2438 5688 2549 5757 ipsa
2584 5696 2746 5751 terra,
2774 5690 2831 5738 et
2853 5695 3009 5752 aqua,
3043 5690 3099 5737 et
3119 5682 3335 5744 caelum,
3361 5687 3419 5734 et
3442 5695 3562 5749 qua:
3582 5677 3838 5733 videntur

2242 5784 2299 5839 in
2325 5779 2485 5845 caelo,
2513 5786 2566 5834 et
2598 5792 2717 5847 qua:
2743 5791 2846 5829 non
2874 5773 3138 5841 videntur,
3167 5771 3261 5828 sed
3288 5770 3604 5836 creduntur,
3627 5784 3729 5841 pro
3755 5768 3843 5824 di-

2243 5874 2496 5934 versitate
2516 5871 2807 5941 linguarum
2834 5866 3129 5938 gentilium,
3152 5864 3375 5922 diversis
3405 5862 3716 5943 nominibus
3735 5875 3838 5935 ap~
