4090 6526
287 549 572 624 pellantur.
603 544 774 604 Unam
793 543 935 601 'sane
964 545 1193 613 linguam
1227 544 1468 615 primitus
1494 543 1656 600 fuisse
1681 543 1870 598 didici-

288 656 429 705 mus,
481 647 763 708 antequam
803 636 1051 706 superbia
1085 636 1242 690 turris
1272 635 1410 690 illius
1454 643 1572 704 post
1617 634 1871 688 diluvium

290 733 580 795 fabricam,
609 729 658 782 in
694 728 936 781 diversos
954 729 1222 796 signorum
1249 741 1408 779 sonos
1428 725 1708 777 humanam
1736 723 1872 778 divi-

286 825 438 880 deret
467 823 772 876 societatem
805 817 972 890 (Gen.
1005 833 1079 882 ιι,
1108 817 1202 872 1-8
1226 817 1265 886 ).
1298 816 1653 885 ριιξιξρυιιιψιθ
1698 824 1871 869 autem

286 919 374 972 illa
399 917 576 986 lingua
600 914 776 979 luerit,
801 912 927 982 quid
953 912 1140 965 attinet
1163 909 1445 980 quaerere?
1468 909 1555 962 Illa
1579 917 1721 963 certe
1750 917 1875 963 tunc

287 1006 605 1078 loquebatur
651 1002 858 1065 Adam,
885 1009 940 1056 et
979 1002 1032 1054 in
1075 1016 1135 1056 ea
1168 1001 1376 1069 lingua,
1409 999 1452 1052 si
1492 998 1666 1052 adhuc
1711 1013 1874 1068 usque

286 1107 587 1173 permanet,
619 1106 741 1152 sunt
774 1096 891 1151 ista:
927 1110 1087 1150 voces
1115 1095 1428 1158 articulatm,
1455 1095 1646 1164 quibus
1675 1095 1874 1164 primus

287 1195 451 1249 homo
467 1190 785 1245 animalibus
805 1188 1144 1243 terrestribus
1165 1197 1218 1241 et
1236 1187 1533 1242 volatilibus
1556 1188 1767 1239 nomina
1785 1187 1874 1240 im-

285 1288 478 1357 posuit.
507 1283 639 1338 Num
658 1284 815 1352 igitur
828 1281 932 1335 ullo
946 1280 1103 1335 modo
1123 1281 1376 1335 credibile
1390 1288 1492 1343 est,
1515 1281 1564 1333 in
1583 1280 1766 1334 eadem
1783 1281 1875 1334 lin-

284 1394 384 1448 gua
405 1375 618 1430 nomina
640 1374 861 1443 piscium
888 1388 992 1426 non
1009 1372 1075 1425 ab
1093 1372 1326 1439 homine,
1346 1371 1436 1424 sed
1455 1371 1705 1424 divinitus
1725 1371 1874 1424 insti-

286 1478 416 1530 tuta,
437 1484 556 1538 qua-
579 1467 687 1520 Deo
701 1465 926 1519 docente
945 1465 1102 1518 homo
1117 1474 1296 1533 postea
1309 1462 1724 1528 disceret?Quod
1742 1463 1785 1517 si
1803 1462 1874 1517 ita

286 1562 358 1616 eti
379 1579 444 1613 am
467 1561 659 1614 factum
677 1568 841 1622 esset,
859 1572 1022 1626 quare
1037 1555 1108 1610 ita
1126 1554 1320 1609 factum
1343 1562 1503 1616 esset,
1519 1554 1876 1624 proculdubio

285 1655 511 1724 mystica
524 1651 838 1720 signiﬁcatio
856 1658 1147 1704 resonaret.
1161 1645 1265 1702 Sed
1286 1647 1607 1702 credendum
1626 1657 1727 1711 est,
1749 1662 1876 1716 pau-

287 1747 431 1801 latim
445 1743 671 1810 cognitis
691 1741 911 1810 piscium
930 1738 1212 1810 generibus
1230 1740 1438 1791 nomina
1459 1738 1728 1806 imposita:
1750 1745 1875 1792 tunc

287 1846 463 1892 autem
485 1850 607 1888 cum
637 1847 848 1902 pecora,
874 1840 928 1886 et
954 1830 1154 1896 bestiie,
1182 1838 1236 1885 et
1259 1830 1490 1883 volatilia
1513 1829 1577 1882 ad
1606 1829 1874 1884 hominem

286 1930 514 1983 adducta
547 1935 689 1990 sunt,
722 1934 781 1978 ut
808 1925 885 1978 eis
910 1923 974 1976 ad
1004 1937 1060 1976 se
1100 1923 1450 1992 cungregatis,
1482 1921 1876 1990 generatimque

286 2021 574 2082 distinctis,
606 2019 816 2072 nomina
849 2018 1160 2085 imponeret,
1191 2015 1384 2085 quibus
1412 2015 1570 2069 etiam
1601 2015 1726 2084 ipsis
1755 2029 1877 2085 pau-

289 2117 456 2174 latim,
487 2122 542 2167 et
573 2112 740 2164 multo
778 2111 931 2163 citius
968 2125 1123 2180 quam
1168 2109 1397 2178 piscibus
1419 2151 1431 2173 ,
1465 2109 1507 2163 si
1538 2108 1638 2163 hoc
1683 2109 1876 2163 factum

288 2222 395 2260 non
427 2213 589 2262 esset,
629 2213 804 2272 posset
833 2202 1046 2254 nomina
1067 2199 1369 2270 imponere;
1403 2200 1526 2269 quid
1556 2199 1647 2253 luit
1679 2215 1875 2266 causae,

292 2297 393 2351 nisi
429 2296 564 2349 ratio
593 2293 790 2362 aliquid
832 2292 1181 2362 signiﬁcandi,
1215 2290 1355 2362 quod
1383 2290 1448 2344 ad
1479 2292 1874 2360 prit'nuutiatio-

292 2406 412 2444 nem
462 2387 760 2441 futurorum
791 2385 1028 2439 valeret?
1053 2383 1150 2438 Cui
1178 2384 1254 2439 rei
1284 2385 1512 2439 maxime
1532 2385 1664 2439 ordo
1695 2399 1879 2439 narra-

293 2484 452 2536 tionis
483 2480 644 2548 hujus
670 2479 924 2548 invigilat.

359 2575 453 2628 2l.
500 2571 718 2635 Deinde,
751 2569 1001 2639 numquid
1034 2569 1308 2639 ignorabat
1331 2568 1491 2633 Deus,
1524 2568 1655 2622 nihil
1691 2569 1796 2624 tale
1822 2585 1881 2625 se

291 2682 506 2722 creasse
529 2666 580 2719 in
613 2663 814 2718 naturis
845 2663 1170 2726 animalium,
1200 2660 1340 2730 quod
1364 2661 1535 2714 simile
1559 2660 1878 2729 adjutorium

291 2767 474 2832 posset
499 2771 619 2811 esse
660 2755 898 2808 homini?
923 2754 1006 2808 An
1045 2768 1179 2822 opus
1218 2762 1330 2806 erat
1357 2761 1413 2806 ut
1442 2751 1543 2806 hoc
1571 2753 1728 2806 etiam
1768 2753 1881 2821 ipse

293 2851 457 2904 homo
488 2851 870 2916 cognosceret,
914 2852 966 2898 et
1004 2859 1068 2898 eo
1112 2843 1616 2897 commendatiorem
1666 2842 1884 2898 haberet

294 2954 518 2994 uxorem
543 2951 716 3001 suam,
740 2934 878 3005 quod
902 2934 953 2987 in
977 2933 1122 2986 omni
1149 2948 1308 2986 carne
1329 2941 1502 2986 creata
1526 2932 1624 2985 sub
1648 2933 1803 2997 caelo,
1829 2941 1884 2987 et

295 3033 361 3092 de
397 3033 502 3086 hoc
528 3046 653 3085 aere
673 3030 808 3083 sicut
833 3028 947 3096 ipse
976 3026 1210 3093 vivente,
1243 3024 1372 3078 nihil
1401 3023 1514 3093 ejus
1537 3024 1708 3078 simile
1731 3025 1881 3080 inve-

295 3124 482 3181 nerit?
518 3124 708 3178 Mirum
751 3122 795 3174 si
823 3120 940 3174 hoc
968 3120 1107 3173 scire
1149 3134 1253 3172 non
1285 3125 1481 3187 posset,
1514 3117 1612 3170 nisi
1640 3118 1884 3172 omnibus

295 3217 359 3271 ad
389 3231 450 3270 se
491 3213 734 3268 adductis
760 3220 919 3280 atque
950 3210 1261 3279 perspectis.
1301 3207 1357 3262 Si
1384 3207 1526 3262 enim
1567 3209 1674 3262 Deo
1702 3209 1886 3264 crede-

293 3311 401 3368 bat.
436 3317 620 3378 posset
653 3305 752 3360 hoc
783 3305 854 3358 illi
877 3319 942 3358 eo
966 3303 1124 3357 modo
1143 3302 1346 3367 dicere,
1378 3301 1642 3372 quomodo
1671 3311 1726 3358 et
1747 3318 1885 3372 prte-

299 3413 512 3470 ceptum
538 3398 703 3461 dedit,
726 3395 992 3466 quomodo
1013 3404 1068 3449 et
1096 3404 1399 3463 peccantem
1427 3394 1787 3463 interrogavit,
1814 3401 1890 3447 at-

295 3511 398 3564 que
421 3492 700 3562 judicavit.
731 3489 787 3544 Si
815 3498 988 3542 autem
1015 3502 1120 3540 non
1151 3485 1416 3548 credebat,
1453 3484 1691 3554 profecto
1715 3499 1886 3554 neque

296 3585 398 3640 hoc
419 3585 559 3636 scire
591 3589 815 3650 poterat,
854 3589 1026 3632 utrum
1057 3578 1122 3632 ad
1149 3593 1270 3632 eum
1299 3576 1476 3630 omnia
1523 3576 1633 3642 ille,
1668 3577 1753 3630 cui
1781 3589 1888 3630 non

296 3676 574 3736 credebat,
608 3673 919 3737 adduxerit;
947 3687 1012 3724 an
1056 3670 1192 3725 forte
1223 3671 1273 3724 in
1295 3669 1558 3740 aliquibus
1584 3669 1651 3723 ab
1681 3671 1770 3724 illo
1800 3686 1888 3724 re-

295 3769 617 3823 motioribus
645 3777 800 3820 terra:
829 3763 1068 3834 partibus
1103 3763 1278 3832 aliqua
1305 3763 1355 3818 ei
1399 3764 1609 3827 similia,
1637 3779 1755 3832 quae
1785 3778 1887 3816 non

300 3862 754 3920 demonstrasset,
787 3857 1143 3911 absconderit.
1176 3855 1288 3909 Non
1320 3855 1497 3924 itaque
1525 3856 1756 3909 arbitror
1786 3855 1888 3909 du-

298 3954 576 4009 bitandum
611 3952 712 4005 hoc
736 3950 959 4019 alicujus
1001 3949 1322 4018 prOphetica:
1352 3947 1747 4020 signiﬁcationis
1765 3964 1890 4020 gra-

301 4049 368 4102 tia
401 4047 622 4110 factum,
649 4045 739 4099 sed
765 4053 939 4098 tamen
972 4044 1184 4098 tactum.

366 4139 456 4192 22.
491 4137 672 4205 Neque
715 4135 818 4189 hoc
864 4150 1027 4204 opere
1066 4133 1396 4202 suscepimus
1427 4132 1731 4202 prophetica
1763 4133 1890 4188 teni-

297 4241 472 4301 gmata
507 4229 844 4298 perscrutari,
877 4228 968 4282 sed
996 4243 1170 4281 rerum
1195 4236 1461 4294 gestarum
1492 4224 1648 4278 ﬁdem
1680 4225 1742 4278 ad
1769 4240 1893 4294 pro-

303 4324 584 4390 prietatem
620 4321 852 4372 historiae
881 4317 1276 4379 commendare,
1311 4328 1365 4370 ut
1391 4316 1530 4385 quod
1566 4316 1893 4386 impossibile

303 4413 473 4464 videri
521 4412 670 4463 vanis
698 4422 853 4478 atqve
880 4407 1167 4462 incredulis
1194 4415 1386 4474 potest,
1421 4417 1509 4460 aut
1536 4407 1633 4474 ipsi
1658 4407 1890 4460 auctori-

304 4505 393 4557 tati
436 4514 638 4556 sanene
685 4502 972 4569 Scriptura-2
1014 4499 1158 4553 velut
1208 4497 1575 4552 testiﬁcatione
1622 4499 1890 4552 contraria

303 4611 622 4664 repugnare,
659 4594 709 4646 id
741 4608 836 4662 pro
863 4591 995 4645 meis
1037 4590 1258 4656 viribus,
1298 4601 1550 4660 quantum
1579 4591 1714 4644 Deus
1743 4589 1893 4660 adju-

303 4698 407 4746 vat,
441 4683 757 4737 disserendo
789 4683 1167 4744 detnonstretu,
1198 4696 1368 4750 neque
1399 4682 1722 4750 impossibile
1750 4695 1889 4745 esse,

307 4797 478 4846 neque
503 4779 823 4831 Ct'ﬂll‘al'llllll
847 4792 862 4839 ;
894 4774 1032 4844 quod
1060 4783 1237 4828 autem
1272 4773 1519 4842 possibile
1556 4772 1767 4843 quidem
1794 4788 1890 4842 ap-

304 4883 475 4939 paret,
513 4887 609 4922 nec
638 4869 794 4922 habet
823 4867 982 4920 ullam
1018 4867 1249 4934 speciem
1280 4867 1663 4935 repugnantia},
1695 4865 1786 4918 sed
1811 4873 1892 4918 ta-

305 4981 420 5015 men
453 4963 605 5031 quasi
645 4959 988 5029 superﬂuum,
1018 4959 1102 5012 vel
1141 4960 1297 5012 etiam
1329 4959 1547 5012 stultum
1578 4957 1890 5027 quibusdam

303 5054 467 5107 videri
521 5061 727 5120 potest,
773 5050 873 5105 hoc
914 5051 1084 5118 ipsum
1137 5048 1453 5119 disputando
1492 5049 1889 5119 demonstrem,

301 5144 444 5212 quod
471 5143 595 5196 ideo
617 5157 720 5194 non
751 5143 765 5172 ¹
797 5150 1041 5209 tanquam
1067 5156 1242 5194 rerum
1273 5149 1536 5209 gestarum
1559 5141 1780 5195 naturali
1809 5141 1892 5197 vel

301 5239 500 5291 usitato
525 5235 714 5302 ordine
757 5232 950 5286 factum
979 5242 1080 5294 cst,
1117 5239 1172 5286 ιιι
1199 5231 1450 5286 cordibus
1475 5234 1671 5287 nostris
1698 5233 1894 5288 ﬁdelis-

299 5328 430 5380 sima
485 5333 788 5379 sanctarum
848 5323 1238 5392 Scripturarum
1283 5325 1592 5378 auctoritate
1635 5325 1889 5393 praelata,

300 5421 423 5490 quia
464 5420 687 5472 stultum
732 5433 851 5472 esse
902 5432 1008 5472 non
1056 5427 1250 5487 potest,
1272 5419 1550 5490 mysticum
1599 5434 1718 5474 esse
1769 5435 1887 5475 cre-

301 5513 477 5578 datur,
523 5513 766 5582 quzunvis
806 5511 921 5580 ejus
950 5511 1332 5582 expositionem
1371 5512 1452 5565 vel
1493 5513 1888 5582 inquisitionem

301 5616 386 5659 aut
413 5605 539 5658 alibi
557 5604 668 5674 jam
697 5604 1115 5670 exhibuerimus,
1143 5610 1236 5658 aut
1263 5604 1315 5657 in
1345 5613 1549 5674 tempus
1573 5604 1714 5659 aliud
1741 5605 1893 5661 dill‘e-

300 5713 482 5752 ramus
492 5739 503 5752 .

367 5835 384 5863 ι
406 5832 724 5894 Negationem
737 5831 816 5881 hic
836 5832 1134 5895 restituimus
1146 5844 1219 5895 ex
1237 5837 1374 5895 Mss;
1398 5843 1508 5893 quae
1521 5831 1718 5895 quidem
1733 5832 1785 5883 in
1801 5845 1894 5885 ex-

305 5896 436 5945 ma'ts
456 5893 698 5944 numerito
717 5897 904 5958 rejecta
924 5894 1084 5944 fuerat
1099 5893 1161 5944 ad
1176 5894 1464 5957 marginem.

1658 431 1859 488 LIBER
1893 430 2134 488 NONUS.

3452 432 3560 491 402

1979 543 2202 602 CAPUT
2223 545 2358 601 Xlll.
2387 575 2460 587 -—
2482 545 2744 602 Formatio
2770 546 2995 603 mlieris
3015 562 3076 602 eo
3111 545 3262 602 modo
3295 563 3394 618 quo
3431 556 3552 602 nar-

2120 649 2260 692 ratur
2286 643 2420 710 facta
2448 648 2547 706 est,
2575 651 2626 692 ut
2655 639 2913 710 quidpiam
2933 640 3371 710 prtenuntiaretur.

2049 730 2136 784 25.
2171 731 2302 796 Quid
2335 747 2458 802 ergo
2489 733 2586 786 sibi
2625 732 2737 787 vult
2773 731 2930 788 etiam
2975 733 3098 786 illud
3125 772 3138 796 ,
3185 731 3324 802 quod
3370 731 3557 788 mulier

1980 821 2093 874 viro
2121 821 2186 874 de
2216 822 2379 878 latere
2422 822 2555 876 facta
2597 824 2713 878 est?
2749 823 2940 878 Verum
2978 835 3094 878 esto
3146 834 3359 893 propter
3396 824 3560 894 ipsius

1979 914 2366 977 coniunctionis
2395 915 2497 968 vim
2529 915 2999 970 commendandam
3028 916 3126 969 hoc
3152 917 3218 970 ita
3261 915 3370 970 ﬁeri
3401 931 3561 986 opor-

1980 1003 2144 1058 tuisse
2164 1004 2470 1065 credamus;
2505 1007 2752 1075 numquid
2782 1009 2938 1060 etiam
2971 1015 3029 1061 ut
3054 1008 3334 1061 dormienti
3370 1007 3556 1076 ﬁeret,

1979 1095 2164 1150 eadem
2193 1097 2326 1150 ratio
2353 1097 2432 1151 vel
2466 1099 2748 1152 llCCt‘SSilaS
2772 1098 3035 1169 ﬂagitabat
3059 1115 3074 1166 ;
3108 1107 3165 1152 ut
3185 1098 3414 1168 denique
3435 1113 3558 1154 osse

1979 1187 2235 1252 detracto,
2263 1189 2312 1242 in
2339 1189 2490 1258 cujus
2514 1189 2683 1244 locum
2707 1206 2830 1244 caro
2856 1189 3226 1261 supplerctur?
3248 1190 3382 1244 Num
3415 1191 3556 1245 enim

1981 1294 2082 1334 non
2115 1280 2280 1350 potuit
2311 1282 2419 1350 ipsa
2460 1297 2584 1336 caro
2612 1282 2849 1346 detrahi,
2891 1292 2946 1337 ut
2987 1283 3110 1338 inde
3154 1283 3557 1352 congruentius,

1980 1373 2120 1442 quod
2148 1373 2216 1426 sit
2245 1388 2402 1428 sexus
2428 1375 2700 1440 inﬁrmior,
2735 1376 2922 1430 mulier
2943 1374 3294 1429 formaretur?
3323 1378 3401 1428 An
3431 1389 3557 1429 vero

1981 1471 2085 1517 tam
2127 1464 2308 1518 multis
2336 1464 2564 1532 additis,
2610 1475 2808 1520 costam
2854 1467 2991 1522 Deus
3024 1466 3287 1521 aediﬁcare
3314 1467 3480 1536 potuit
3510 1467 3559 1521 in

1982 1556 2298 1622 mulierem,
2328 1568 2379 1612 et
2420 1574 2632 1612 carnem
2665 1559 2943 1630 pulpamve
2985 1575 3088 1613 non
3134 1559 3335 1629 potuit,
3377 1561 3464 1630 qui
3495 1559 3562 1614 de

1981 1649 2198 1718 pulvere
2228 1650 2397 1719 ipsum
2446 1650 2712 1705 hominem
2756 1651 2911 1705 fecit?
2941 1657 3041 1705 Aut
3073 1652 3115 1704 si
3139 1651 3248 1721 jam
3271 1661 3419 1706 costa
3445 1651 3561 1705 fue-

1979 1751 2064 1796 rat
2091 1743 2414 1798 detrahenda
2437 1794 2449 1810 ,
2481 1760 2575 1798 cur
2605 1761 2707 1799 non
2750 1746 2911 1798 altera
2943 1762 3036 1814 pro
3061 1761 3121 1800 ea
3151 1755 3295 1800 costa
3332 1746 3562 1816 reposita

1981 1833 2102 1887 est?
2134 1833 2240 1889 Cur
2260 1835 2418 1888 etiam
2447 1851 2551 1889 non
2579 1836 2777 1891 dictum
2809 1846 2910 1904 est,
2938 1837 3134 1902 Finxit,
3163 1844 3274 1901 aut,
3302 1835 3429 1891 fecit
3456 1838 3562 1892 sic-

1982 1935 2038 1978 ut
2097 1926 2148 1979 in
2189 1927 2434 1981 omnibus
2475 1943 2633 1996 supra
2669 1929 2955 1997 operibus;
2987 1929 3121 1993 sed,
3152 1929 3451 1997 wdiﬁcavit,
3479 1928 3562 1983 in-

1981 2018 2129 2088 quit,
2169 2018 2415 2073 Dominus
2443 2019 2580 2074 Deus
2606 2019 2747 2074 illam
2774 2033 2996 2088 costam,
3041 2038 3143 2076 non
3175 2033 3420 2092 tanquam
3447 2036 3562 2076 cor-

1983 2125 2080 2178 pus
2103 2109 2390 2163 humanum
2409 2152 2422 2176 ,
2457 2111 2548 2165 sed
2581 2119 2827 2181 tanquam
2855 2112 3110 2166 domum?
3139 2113 3252 2169 Non
3283 2123 3365 2167 est
3389 2114 3566 2184 itaque

1983 2201 2356 2268 dubitandum,
2388 2203 2636 2273 quoniam
2666 2204 2778 2257 haec
2822 2203 2953 2258 facta
3002 2213 3124 2257 sunt
3163 2212 3216 2258 et
3245 2203 3404 2270 stulta
3445 2217 3566 2260 esse

1984 2308 2088 2346 non
2108 2302 2355 2363 possunt,
2390 2295 2457 2349 ob
2477 2295 2672 2365 aliquid
2695 2294 3094 2367 signiﬁcandum
3119 2311 3240 2350 esse
3264 2295 3396 2349 facta
3413 2337 3429 2363 ,
3460 2295 3566 2350 fru-

1983 2393 2126 2439 ctum
2155 2384 2313 2440 futuri
2333 2387 2514 2441 saeculi
2543 2387 2607 2442 ab
2636 2387 2752 2456 ipso
2773 2387 2882 2458 jam
2912 2387 3201 2458 primordio
3228 2387 3438 2458 generis
3463 2387 3564 2443 hu-

1983 2478 2126 2532 mani
2157 2478 2264 2532 Deo
2293 2479 2514 2548 praescia
2543 2480 2591 2532 in
2624 2480 2752 2548 ipsis
2779 2479 2889 2532 suis
2915 2479 3163 2549 operibus
3208 2479 3566 2534 misericordi-

1987 2579 2066 2625 ter
2091 2570 2442 2640 praadicante;
2476 2579 2531 2624 ut
2550 2578 2698 2624 certo
2723 2578 2960 2640 tempore
2981 2571 3148 2626 servis
3175 2572 3303 2634 suis,
3333 2572 3444 2624 sive
3472 2585 3567 2640 per

1986 2660 2259 2716 hominum
2286 2663 2680 2725 successiones,
2724 2663 2836 2716 sive
2880 2677 2974 2731 per
3009 2678 3160 2716 suum
3198 2661 3451 2732 Spiritum
3480 2662 3568 2717 vel

1987 2754 2308 2823 Angelorum
2338 2753 2689 2807 ministerium
2721 2753 2951 2807 revelata
2973 2762 3133 2823 atque
3159 2753 3486 2823 conscripta,
3515 2761 3570 2808 et

1989 2845 2358 2914 promittendis
2389 2845 2544 2899 rebus
2574 2843 2765 2899 futuris
2790 2853 2844 2899 et
2870 2845 3313 2916 recognoscendis
3342 2844 3571 2914 impletis

1987 2935 2350 2992 tostimonium
2391 2935 2730 3006 perhiberent
2765 2955 2778 2990 :
2823 2935 2968 3008 quod
3014 2937 3182 3008 magis
3219 2937 3488 3009 magisque
3517 2936 3570 2991 in

1989 3029 2440 3098 consequentibus
2465 3027 2757 3099 apparebit.

1991 3117 2215 3175 CAPUT
2245 3119 2383 3173 XIV.
2412 3148 2484 3159 —
2515 3119 2776 3184 Quomodo
2795 3118 3036 3174 animalia
3057 3119 3275 3173 adducta
3297 3119 3365 3174 ad
3382 3118 3572 3175 Adam.

2059 3212 2152 3268 24.
2208 3211 2490 3266 Videamus
2533 3227 2659 3282 ergo
2678 3253 2694 3279 ,
2725 3211 2865 3282 quod
2895 3212 2996 3266 isto
3024 3227 3184 3282 opere
3214 3213 3574 3282 suscepimus,

1993 3319 2097 3359 non
2129 3303 2418 3358 secundum
2439 3302 2915 3372 praeﬁgurationem
2940 3318 3116 3357 rerum
3141 3303 3453 3368 futurarum,
3483 3301 3576 3359 sed

1994 3393 2283 3449 secundum
2311 3408 2485 3447 rerum
2512 3401 2778 3459 gestarum
2809 3409 2912 3447 non
2942 3393 3277 3464 allegoricam
3297 3436 3312 3462 ,
3336 3395 3430 3450 sed
3452 3410 3578 3465 pro-

1993 3486 2160 3555 priam
2184 3483 2645 3553 signiﬁcationem,
2669 3483 3112 3552 quemadmodum
3137 3483 3249 3540 haec
3267 3485 3432 3555 accipi
3453 3500 3578 3554 pos-

1995 3577 2100 3632 sint
2132 3593 2146 3630 :
2177 3574 2243 3629 Et
2273 3577 2420 3644 finxit
2441 3574 2579 3628 Deus
2598 3618 2612 3639 ,
2637 3577 2840 3645 inquit,
2869 3577 3034 3630 adhuc
3054 3577 3114 3630 de
3138 3589 3268 3631 terra
3295 3596 3463 3634 omnes
3497 3579 3582 3633 be-

1995 3670 2121 3723 stias
2179 3670 2318 3739 agri,
2352 3677 2396 3721 et
2439 3668 2611 3721 omnia
2656 3669 2880 3722 volatilia
2915 3670 3058 3734 caeli;
3101 3670 3238 3723 unde
3279 3670 3387 3739 jam
3437 3671 3580 3741 quod

1996 3763 2164 3816 visum
2208 3769 2319 3828 est,
2365 3771 2419 3815 et
2455 3770 2706 3831 quantum
2749 3763 2919 3816 visum
2958 3771 3066 3827 est,
3098 3761 3463 3817 disseruimus.
3513 3761 3582 3816 Et

1996 3854 2207 3908 adduxit
2237 3853 2407 3906 omnia
2435 3869 2495 3906 ea
2521 3854 2590 3907 ad
2614 3854 2810 3920 Adam,
2840 3863 2892 3907 ut
2919 3853 3102 3907 videret
3123 3853 3244 3923 quid
3268 3869 3327 3908 ea
3364 3862 3581 3908 vocaret.

1996 3945 2270 4012 Quomodo
2297 3944 2409 3998 hzee
2435 3943 2712 3998 adduxerit
2749 3945 2886 4000 Deus
2915 3944 2981 3998 ad
3014 3943 3182 3997 Adam
3209 3985 3222 4008 ,
3257 3959 3322 3999 ne
3349 3944 3580 3998 carnali-

1998 4048 2077 4093 ter
2107 4038 2374 4106 sapiamus
2394 4079 2408 4102 ,
2436 4037 2686 4106 adjuvare
2719 4053 2818 4090 nos
2857 4037 3015 4090 debet
3039 4035 3178 4105 quod
3221 4036 3288 4090 de
3332 4037 3579 4106 bipartito

1994 4144 2156 4198 opere
2183 4129 2376 4183 divina:
2417 4128 2759 4198 providentiae
2786 4128 2838 4181 in
2867 4127 3005 4182 libro
3033 4128 3304 4196 superiore
3333 4129 3582 4184 tractavi-

1997 4236 2117 4275 mus
2143 4219 2291 4291 (Cap.
2325 4220 2358 4276 9
2379 4221 2619 4287 ,19-26).
2647 4219 2828 4290 Neque
2863 4221 3004 4276 enim
3045 4222 3181 4275 sicut
3217 4223 3463 4292 indagant
3501 4231 3584 4278 at-

1997 4328 2100 4384 que
2129 4314 2344 4382 adigunt
2384 4323 2635 4368 venantes
2665 4313 2744 4367 vel
2772 4321 3094 4381 auwpantes
3131 4312 3196 4365 ad
3240 4314 3368 4367 retia
3389 4354 3405 4377 ,
3432 4329 3582 4384 quae-

1998 4420 2222 4475 cumque
2251 4406 2534 4458 animantia
2563 4406 2809 4476 capiunt,
2854 4405 2922 4457 ita
2956 4404 3056 4458 hoc
3095 4403 3288 4458 factum
3315 4420 3434 4460 esse
3454 4421 3576 4461 cre-

1998 4497 2227 4552 dendum
2256 4506 2366 4560 est;
2397 4507 2486 4550 aut
2515 4512 2614 4550 vox
2643 4497 2818 4564 aliqua
2862 4496 3116 4564 jussionis
3153 4497 3219 4548 de
3261 4497 3402 4550 nube
3448 4496 3584 4552 facta

1998 4597 2080 4644 est
2107 4591 2184 4643 eis
2223 4588 2429 4647 verbis,
2461 4602 2578 4656 quae
2606 4587 2889 4640 rationales
2927 4588 3117 4640 anima:
3157 4586 3429 4644 audientes
3451 4629 3468 4656 ,
3499 4588 3586 4643 in-

2000 4681 2235 4750 telligere
2251 4721 2266 4745 ,
2300 4688 2457 4749 atque
2485 4679 2700 4734 obedire
2719 4680 2972 4734 assolent.
2996 4678 3109 4734 Non
3131 4681 3272 4735 enim
3300 4681 3403 4738 hoc
3427 4695 3587 4740 acce-

1999 4783 2193 4844 perunt
2223 4783 2278 4828 ut
2304 4774 2506 4842 possint
2532 4773 2746 4839 bestiae,
2773 4773 2858 4826 vel
2897 4787 3020 4828 aves
3047 4790 3059 4824 :
3087 4773 3139 4827 in
3167 4789 3262 4828 suo
3291 4783 3466 4831 tamen
3493 4790 3588 4845 ge-

2000 4880 2128 4920 nere
2150 4867 2522 4935 obtemperant
2546 4864 2687 4929 Deo;
2719 4881 2824 4918 non
2855 4865 3094 4919 rationali
3126 4865 3408 4922 voluntatis
3439 4867 3586 4922 arbi-

2000 4959 2121 5024 trio,
2141 4958 2233 5012 sed
2249 4958 2384 5012 sicut
2401 4966 2577 5012 movet
2604 4958 2690 5012 ille
2709 4958 2886 5012 omnia
2911 4959 3238 5027 temporibus
3253 4959 3585 5029 Opportunis,

2000 5067 2106 5107 non
2135 5053 2247 5122 ipse
2279 5051 2640 5122 tetnporaliter
2668 5059 2863 5115 motus,
2886 5066 2978 5119 per
3001 5052 3239 5120 angelica
3264 5050 3582 5121 ministeria,

2000 5162 2118 5217 qua:
2138 5145 2352 5214 capiunt
2376 5145 2426 5198 in
2450 5145 2612 5199 verbo
2635 5146 2752 5212 ejus
2779 5143 2903 5214 quid
2927 5159 3032 5214 quo
3064 5153 3302 5214 tempore
3343 5143 3458 5199 ﬁeri
3483 5143 3582 5200 de-

1999 5239 2122 5294 beat
2151 5257 2165 5293 :
2204 5247 2257 5292 et
2299 5237 2390 5291 illo
2426 5254 2530 5291 non
2575 5236 2936 5307 temporaliter
2961 5245 3136 5302 moto,
3168 5243 3446 5291 moventur
3472 5235 3588 5306 ipsa

2001 5331 2362 5401 temporaliter
2392 5339 2450 5385 ut
2491 5329 2546 5385 in
2589 5330 2654 5384 iis
2693 5345 2812 5400 qua:
2855 5329 2955 5384 sibi
2981 5329 3216 5399 subjecta
3259 5327 3587 5399 sunt,jussl

1999 5425 2114 5496 ejus
2129 5425 2380 5480 efﬁciant.

2069 5517 2159 5572 25.
2199 5514 2384 5570 Omnis
2413 5515 2553 5569 enim
2573 5515 2747 5569 anima
2776 5513 2924 5581 viva,
2953 5527 3059 5569 non
3082 5512 3256 5569 solum
3279 5513 3582 5586 rationalis,

2001 5610 2138 5665 sicut
2163 5610 2214 5664 in
2247 5610 2567 5673 hominibus,
2599 5623 2782 5663 verum
2807 5608 2964 5664 etiam
2996 5606 3344 5675 irrationalis,
3371 5608 3509 5666 sicut
3526 5611 3583 5669 in

1900 5716 1912 5724 ί
2002 5701 2316 5771 pecoribus,
2353 5709 2407 5755 et
2430 5699 2760 5766 volatilibus,
2790 5707 2845 5753 et
2873 5697 3104 5768 piscibus
3124 5738 3140 5763 ,
3166 5698 3296 5754 visis
3318 5711 3586 5760 movetur.

2001 5794 2107 5849 Sed
2138 5794 2312 5847 anima
2359 5792 2629 5846 rationalis
2666 5791 2950 5845 voluntatis
2974 5789 3194 5847 arbitrio
3218 5793 3301 5848 vel
3326 5796 3588 5862 consentit

1962 5957 1969 5960 _
2002 5886 2167 5955 visis,
2200 5885 2286 5940 vel
2309 5901 2415 5942 non
2439 5884 2707 5942 consentit
2735 5902 2750 5939 :
2775 5883 3102 5942 irrationalis
3123 5894 3302 5944 autem
3339 5902 3447 5944 non
3483 5888 3582 5948 ha.
