4090 6466
339 475 1142 547 σει-ωηωὲιιοιίδθιιιωιὶι,
1167 482 1589 546 ιιιιαι.ιιιιιοεεθι
1614 474 1671 528 ei-
1699 473 1887 528 similis
1905 515 1920 541 ,

340 580 407 630 ut
436 586 583 628 sexu.
619 579 834 627 tantum
865 569 1287 633 diseerneretur;
1337 567 1623 638 quaerimus
1670 566 1720 618 in
1769 567 1925 621 rebus

337 662 635 727 «sationis
654 661 821 732 huius
833 661 1229 717 similitudinem
1248 700 1263 724 ,
1295 675 1403 729 qua
1424 658 1614 713 mulier
1632 657 1698 711 de
1729 657 1823 710 viri
1851 656 1925 709 la-

338 763 453 819 tere
483 756 627 817 facta
639 762 761 820 est,
792 767 893 811 nec
914 764 1196 821 possumus
1221 749 1499 805 invenire:
1534 762 1636 801 non
1664 748 1741 801 ob.
1757 745 1920 811 aliud,

335 846 438 901 nisi
469 846 589 916 quia
633 846 877 900 homines
921 841 1366 914 quemadmodum
1404 848 1688 909 operentur
1725 839 1778 893 in
1825 839 1923 892 hac

336 948 482 991 terra
514 934 1281 1005 novitnus;rquemadmodumt
1306 941 1479 986 autem
1524 931 1707 999 Angeli
1740 930 1789 982 in
1822 929 1920 983 hoc

332 1029 543 1088 mundo
584 1026 977 1099 quodammodo
1014 1025 1388 1097 agricbleutur,
1421 1038 1525 1077 non
1569 1023 1743 1091 utique
1774 1020 1922 1073 novi-

333 1137 476 1176 mus.
506 1119 909 1189 Namprofecto
927 1118 973 1173 si
1001 1127 1200 1173 remota
1234 1117 1507 1181 hominum
1537 1113 1790 1167 industria
1822 1112 1922 1165 fru-

334 1213 509 1269 ticum
545 1226 718 1281 genus
762 1220 969 1265 nautae
1007 1223 1199 1263 cursus
1243 1215 1571 1277 operaretur,
1619 1203 1746 1257 niltil
1777 1202 1927 1265 aliud;

331 1317 617 1361 nossemus
644 1316 807 1371 quam
831 1316 899 1355 ex
939 1309 1085 1363 usura
1109 1298 1250 1353 nasci
1290 1297 1507 1352 arbores
1530 1305 1589 1350 et
1608 1293 1835 1359 herbas,
1866 1300 1927 1359 et,

331 1410 401 1448 ex
428 1409 615 1449 earum
644 1392 939 1449 seminibus
958 1433 972 1454 ,
1005 1392 1071 1445 ab
1100 1390 1181 1449 eis
1203 1389 1389 1443 itident
1414 1389 1463 1441 in
1498 1396 1699 1440 terram
1719 1383 1917 1438 cadent-

328 1488 522 1543 tibusz.
543 1486 803 1555 numquid
822 1486 1183 1543 innotesceret
1223 1481 1383 1547 nobis;
1410 1479 1533 1549 quid
1566 1479 1764 1532 valeret
1792 1474 1927 1529 insi.-

328 1581 435 1642 tio,
468 1589 535 1633 ut
558 1578 779 1634 alterius
802 1577 1013 1647 generis
1044 1577 1239 1647 lignum
1280 1572 1697 1641 riulicepropria
1716 1612 1731 1635 ,
1764 1583 1926 1639 poma.

326 1680 577 1741 portaset.
610 1670 814 1733 aliena,
848 1680 935 1735 et,
977 1669 1321 1722 coalescente.
1350 1664 1580 1726 unitate,
1627 1662 1747 1729 jam.
1782 1659 1927 1715 ωειλ

326 1763 469 1817 Hinc.
482 1760 946 1833 peragricolarum
974 1774 1139 1828 opera
1163 1756 1440 1823 didicimus
1458 1796 1471 1820 ,
1500 1769 1619 1806 cum
1651 1751 1916 1820 ἱφδίεοιοθι-

327 1864 489 1910 tores.
523 1855 769 1909 mdiorum
803 1853 948 1907 millo
977 1851 1132 1905 modo
1163 1861 1371 1912 essent,
1407 1847 1510 1902 setb
1545 1857 1746 1899 natura:
1788 1859 1914 1897 cut:-

325 1962 459 2003 sunt
476 1948 587 2003 Deo
602 1947 815 2001 omni:
824 1960 974 1998 suum
998 1942 1259 2013 quoddam
1286 1940 1525 2001 ofﬁcium.
1539 1935 1916 1990 ministerium-

327 2055 447 2110 que.
477 2039 799 2108 Haberent.
841 2037 1179 2105 Nequaquam
1210 2034 1357 2089 enim.
1382 2032 1673 2101 quidmiant
1698 2043 1913 2099 pereo-

324 2147 459 2201 Νη
474 2144 643 2198 opera
668 2130 918 2185 existeret
939 2169 953 2191 ,
983 2128 1033 2181 si.
1054 2128 1155 2180 hoc
1205 2126 1259 2178 in
1286 2124 1387 2178 Dei:
1418 2137 1578 2191 opere
1605 2121 1789 2175 intuua
1814 2134 1912 2173 ua-

326 2223 747 2281 tumratiotuon
770 2221 1008 2279 haberet.
1040 2219 1174 2287 Quid
1200 2232 1331 2287 ergo
1348 2218 1539 2270 mirum
1569 2214 1612 2277 si
1642 2214 1911 2268 hominem

328 2330 397 2371 ex
434 2314 819 2371 osseltominis
842 2312 1034 2368 faction
1060 2326 1162 2365 non
1192 2310 1462 2371 novimus,
1486 2306 1695 2378 quando
1714 2307 1912 2361 creanti

327 2405 447 2461 Deo
469 2403 919 2475 quemadmodum
957 2402 1145 2473 Angeli
1185 2401 1419 2456 serviant.
1442 2401 1775 2469 ignoramus;
1822 2397 1920 2466 qui

326 2512 437 2553 nec.
456 2497 701 2553 urbanum
729 2510 806 2551 ex.
839 2493 1045 2549 arboris
1074 2492 1286 2547 surculo
1313 2490 1373 2544 in.
1398 2489 1588 2544 robore
1620 2489 1795 2542 alieno
1831 2486 1909 2539 fa-

325 2599 479 2645 ctum
498 2603 668 2645 nosse
682 2601 986 2657 possemus,
1014 2586 1065 2639 si
1085 2595 1143 2640 et
1166 2584 1271 2639 ista
1296 2584 1409 2637 Deo
1429 2581 1639 2637 creanti.
1655 2579 1908 2649 quemad-

324 2682 555 2738 ιωὼιιιι
570 2680 815 2751 agnicoh
844 2679 1109 2745 serviant,
1138 2676 1391 2731 similiter.
1407 2672 1779 2728 nesciremus?

395 2776 486 2831 30.
523 2773 683 2829 Nullo
711 2773 873 2839 modo
903 2784 1076 2837 tamen
1117 2769 1419 2829 dubitamus
1455 2776 1507 2829 et
1539 2764 1812 2821 hominum
1854 2772 1909 2819 et

324 2866 577 2922 arbocum
609 2865 829 2921 nonnisi
862 2865 1033 2929 Deum
1061 2877 1184 2918 esse
1225 2870 1544 2924 occatoriam,
1578 2857 1911 2927 fideliterque

324 2958 596 3013 credinus
620 2956 821 3012 factm
833 2954 1079 3010 feminum
1107 2969 1174 3013 ex
1204 2955 1333 3017 viro,
1362 2950 1507 3004 nuli)
1530 2949 1919 3003 interveniente

327 3050 637 3115 concubitu,
680 3047 895 3104 etiamsi
924 3048 1067 3100 forte
1084 3054 1231 3100 casta
1268 3041 1506 3103 hominis
1522 3040 1815 3097 ministrata
1844 3040 1914 3093 sit

325 3156 423 3210 per
447 3140 682 3210 Angelos
709 3140 760 3193 in
792 3153 953 3207 opere
978 3135 1245 3189 Creatoris
1278 3151 1289 3185 :
1320 3132 1456 3187 sicut
1484 3130 1707 3184 ﬁdeliter
1733 3129 1907 3183 credi-

326 3247 445 3299 mus
466 3232 633 3301 etiam
648 3233 825 3300 quin
842 3228 1034 3295 factum
1052 3241 1120 3281 ex
1142 3223 1339 3291 [ciuilia
1361 3223 1513 3292 nullo,
1529 3222 1911 3285 interveniente

326 3322 632 3388 comminuto,
660 3336 780 3375 cum
806 3336 987 3375 semen
1020 3318 1246 3372 Abralne
1272 3315 1584 3385 dispositum
1612 3323 1693 3367 est
1722 3312 1794 3383 (η)
1820 3326 1912 3380 per

328 3410 577 3489 Avaritia
592 3414 656 3486 ini
676 3428 845 3485 mem
880 3409 1201 3482 mediatoris
1218 3406 1408 3480 «iam.
1444 3423 1519 3473 ψη
1551 3404 1660 3475 t9)-
1693 3403 1909 3459 Utrum-

325 3522 432 3578 que
474 3505 785 3581 inﬁdelibus
818 3502 1125 3557 incredibile
1154 3509 1266 3565 est;
1318 3499 1767 3575 ﬁdelibusautem
1816 3510 1912 3549 cur

326 3596 411 3673 ad,
550 3580 1125 3673 mpropriewwt
1164 3580 1311 3663 quod,
1354 3589 1420 3655 de
1465 3588 1673 3657 Christo
1717 3586 1908 3655 facttmt

327 3696 432 3753 est,
477 3696 532 3740 et
559 3695 761 3743 tantum
802 3685 867 3737 ad
900 3685 1175 3753 ﬁguratam
1202 3679 1631 3750 signiﬁcationem
1676 3675 1817 3746 quod
1843 3674 1910 3729 de

328 3779 441 3834 Eva
471 3779 725 3846 scriptum
753 3786 850 3841 est,
898 3774 1149 3829 credibile
1177 3772 1414 3825 videatur
1446 3770 1497 3821 ’ἲ
1528 3770 1605 3822 Αιι
1640 3784 1765 3823 vero
1795 3769 1908 3821 sine

328 3873 640 3940 cujusquam
684 3866 964 3922 concubitu
1011 3866 1091 3919 vir
1123 3879 1186 3918 ex
1219 3862 1411 3917 femina
1450 3860 1561 3915 ﬁeri
1606 3859 1794 3929 potuit,
1828 3857 1905 3912 fe-

327 3968 473 4022 mina
513 3982 579 4020 ex
609 3965 724 4017 viro
764 3979 869 4017 non
912 3961 1119 4032 potuit?
1146 3969 1197 4014 et
1236 3958 1505 4037 virginalis
1548 3966 1728 4035 uterus
1772 3955 1915 4027 unde

328 4057 409 4110 vir
439 4056 591 4110 ﬁeret
636 4054 879 4117 habebat,
930 4051 1083 4105 virile
1130 4060 1303 4103 autem
1348 4036 1486 4102 latus
1531 4046 1670 4100 unde
1716 4045 1906 4099 femina

332 4148 486 4203 ﬁeret
515 4163 619 4200 non
659 4145 904 4211 habebat,
935 4159 1057 4198 cum
1086 4143 1173 4198 hic
1195 4142 1447 4196 Dominus
1477 4139 1551 4201 de
1574 4139 1775 4197 famula
1810 4154 1905 4195 na.—

330 4250 593 4305 seeretur,
626 4239 693 4292 ibi
723 4237 790 4292 de
828 4252 981 4291 servo
1011 4235 1201 4289 famula
1234 4232 1583 4286 formaretur?
1616 4231 1827 4283 Poterat
1856 4237 1909 4282 et

330 4332 586 4385 Dominus
610 4344 824 4384 carnem
847 4342 993 4380 suam
1015 4326 1080 4379 de
1107 4334 1252 4379 costa
1275 4324 1355 4377 vel
1380 4322 1445 4376 de
1471 4322 1646 4390 aliquo
1670 4321 1906 4374 membro

331 4424 565 4494 Virginis
589 4437 811 4485 creare;
840 4420 941 4475 sedi
971 4420 1058 4488 qui
1091 4425 1269 4487 posset
1296 4413 1576 4469 ostendere
1604 4413 1654 4465 in
1685 4427 1908 4480 corpore

332 4530 434 4569 suo
463 4516 565 4569 hoc
592 4529 649 4568 se
679 4514 867 4567 iterum
900 4512 1089 4565 iecisse
1112 4508 1255 4578 quod
1294 4506 1486 4559 factum
1517 4515 1615 4567 est,
1646 4504 1823 4557 utilius
1853 4504 1903 4556 in

330 4608 520 4662 matris
564 4621 785 4675 corpore
829 4602 1063 4658 ostendit
1104 4600 1239 4654 nihil
1275 4596 1575 4668 pudendum
1620 4610 1737 4650 esse
1767 4594 1909 4663 quod

331 4708 537 4755 castum
563 4705 661 4750 est.

331 4786 556 4845 CAN?
595 4784 753 4845 XVII:
778 4815 851 4826 —
878 4782 1109 4837 Mulieri:
1151 4779 1431 4853 formanda:
1463 4778 1591 4841 ratio
1620 4793 1686 4828 an
1728 4776 1781 4828 in
1810 4775 1903 4837 lip-

402 4882 552 4934 mim‘s
594 4878 786 4932 causali
832 4876 1117 4929 conditione
1148 4874 1215 4927 ad
1260 4881 1450 4927 sextum
1495 4870 1626 4924 diem
1665 4869 1907 4938 pertinere

402 4969 753 5040 praestabat.

401 5066 490 5120 34.
530 5061 681 5130 Quod
707 5062 757 5115 si
781 5059 1052 5130 qureritur,
1086 5056 1353 5128 quomodo
1380 5069 1437 5110 se
1464 5053 1657 5108 habeat
1682 5052 1906 5108 causalis

331 5156 417 5210 illa
446 5154 699 5219 conditio,
744 5153 795 5205 in
826 5167 924 5221 qua
952 5151 1178 5220 primum
1221 5149 1485 5205 hominem
1515 5148 1650 5201 Deus
1681 5146 1803 5200 fecit
1840 5145 1904 5201 ad

332 5249 617 5317 imaginem
647 5259 711 5299 ac
737 5241 1133 5297 similitudinem
1166 5256 1315 5294 suam
1343 5239 1457 5311 (ibi.
1489 5239 1683 5308 quippe
1725 5246 1778 5291 et
1806 5237 1907 5297 hoc

330 5338 527 5395 dictum
549 5342 644 5399 est,
670 5332 952 5387 Maculam:
969 5340 1014 5385 et
1031 5334 1268 5401 [annnam
1293 5330 1405 5400 fecit
1426 5326 1685 5399 εοεμέεη.
1712 5343 1745 5391 ι,
1768 5325 1903 5399 27)}:

332 5439 517 5487 utrum
548 5426 659 5495 jam
704 5424 794 5478 illa
836 5406 991 5486 ratio,
1038 5436 1195 5490 quam
1239 5419 1423 5473 mundi
1450 5419 1635 5488 primis
1663 5418 1908 5487 operibus

333 5516 654 5583 concreavit,
685 5522 847 5583 atque
872 5512 1143 5566 concrevit
1164 5510 1326 5575 Deus,
1368 5508 1427 5562 id
1452 5508 1697 5571 habebat,
1728 5517 1783 5561 ut
1820 5522 1906 5562 se-

334 5609 571 5664 cundum
588 5622 706 5669 eam
727 5606 845 5676 iam
860 5616 1079 5659 necesse
1095 5612 1240 5657 esset
1263 5617 1326 5657 ex
1342 5599 1447 5654 viri:
1468 5600 1635 5653 latere
1659 5598 1907 5651 feminam

292 5792 303 5806 ὃ
396 5757 1220 5889 iabnmﬁif‘ﬁi‘gﬁw
1239 5767 1332 5833 πρυ
1347 5767 1378 5829 ἢ
1398 5761 1509 5829 διὲξ

1714 360 1913 418 LIBER
1949 354 2191 417 NONUS.

2032 471 2179 533 ﬁeri;
2207 487 2275 531 an
2304 472 2404 528 hoc
2426 483 2626 529 tantum
2654 474 2879 532 habebat
2896 486 2952 533 ut
2978 478 3089 535 ﬁeri
3119 489 3315 551 posset,
3344 492 3400 537 ut
3426 494 3602 541 autem

2031 566 2102 619 ita
2135 566 2251 621 ﬁeri
2277 581 2493 623 necesse
2520 578 2682 634 esset,
2729 583 2833 624 non
2864 571 2933 625 ibi
2968 571 3077 641 jam
3103 573 3394 644 conditum,
3424 578 3518 632 sed
3549 578 3603 634 in

2032 658 2140 713 Deo
2169 669 2281 712 erat
2308 660 2673 715 absconditum
2701 678 2713 715 :
2747 663 2796 717 si
2835 663 2936 719 hoc
2961 681 3087 735 ergo
3123 670 3395 737 quaeritur,
3430 669 3601 728 dicam

2028 750 2152 817 quid
2185 749 2311 809 mihi
2344 751 2579 807 videatur
2621 754 2735 808 sine
2769 755 3064 813 afﬁrmandi
3097 762 3431 831 temeritate;
3462 742 3603 839 quod

2029 849 2204 895 tamen
2251 858 2369 896 cum
2398 842 2597 911 dixero,
2642 844 2864 902 fortasse
2902 850 3186 918 prudenter
3215 854 3312 909 ista
3353 859 3601 916 conside-

2029 942 2224 997 rantes,
2274 948 2409 1002 quos
2446 935 2554 1001 jam
2598 935 2880 992 christiana
2931 940 3059 996 fides
3106 944 3311 1013 imbuit,
3365 952 3521 1007 etiam
3552 954 3598 1008 si

2029 1036 2167 1074 nunc
2195 1022 2438 1090 primitus
2467 1025 2565 1079 ista
2591 1040 2934 1097 cognoscunt,
2971 1048 3074 1087 non
3110 1050 3229 1091 esse
3253 1016 3607 1099 dubitandum

2021 1112 2349 1182 prdicabant.
3524 1110 3527 1111 ⁷

2098 1208 2184 1262 52.
2226 1209 2538 1267 Omnisiste
2576 1222 2779 1267 natura:
2821 1217 3191 1272 usitatissimus
3222 1236 3410 1277 cursus
3441 1223 3598 1281 habet

2023 1300 2277 1401 quasdam
2306 1303 2571 1358 naturales
2596 1305 2739 1373 leges
2759 1321 2906 1375 snas,
2934 1309 3222 1364 secundum
3250 1328 3379 1381 quas
3405 1324 3458 1369 et
3486 1318 3595 1385 spi-

2023 1392 2156 1445 ritus
2182 1392 2321 1458 vitae,
2352 1394 2443 1464 qui
2468 1405 2708 1449 creatura
2736 1406 2833 1459 est,
2868 1398 3023 1453 habet
3050 1401 3302 1469 quosdam
3334 1406 3595 1474 appetitus

2023 1497 2149 1538 suos
2172 1482 2547 1540 determinatus
2571 1487 2978 1557 quotkunmodo,
3003 1506 3134 1559 quos
3159 1491 3319 1547 etiam
3345 1495 3477 1548 mala
3512 1512 3595 1551 vo-

2022 1574 2197 1630 luntas
2229 1593 2330 1630 non
2367 1578 2823 1647 possitexcederc.
2854 1580 2916 1634 Et
2947 1581 3205 1637 elementa
3236 1585 3414 1639 mundi
3438 1586 3593 1657 hujus

2022 1669 2264 1736 corporei
2290 1667 2487 1722 habent
2520 1669 2789 1724 definitam
2824 1672 2927 1724 vim
2957 1674 3366 1743 qualitatemque
3402 1689 3549 1731 suam
3572 1721 3587 1747 ,

2021 1758 2147 1828 quid
2163 1760 2568 1830 unmnquodqne
2593 1762 2762 1816 valeat
2790 1764 2871 1816 vel
2898 1779 3000 1816 non
3029 1765 3216 1831 valeat,
3242 1766 3363 1834 quid
3397 1766 3459 1821 de
3487 1784 3592 1839 quo

2020 1852 2134 1906 ﬁeri
2167 1854 2333 1921 possit
2372 1855 2450 1907 vel
2482 1870 2585 1907 non
2618 1856 2800 1924 possit.
2852 1857 2925 1909 Ex
2973 1856 3052 1909 his
3101 1858 3243 1911 velut
3289 1860 3592 1927 primordiis

2019 1960 2217 2010 rerum,
2259 1946 2433 1998 omnia
2463 1962 2579 2014 qua:
2622 1947 2927 2016 gignuntur,
2972 1963 3068 2001 suo
3097 1964 3306 2017 (pioque
3352 1958 3591 2021 tempore

2019 2048 2233 2091 exortus
2279 2053 2662 2107 processusque
2708 2048 2939 2105 sumunt,
2975 2040 3209 2111 ﬁnesque
3236 2051 3288 2096 et
3327 2044 3593 2099 decessio-

2019 2142 2117 2182 nes
2144 2129 2222 2182 sui
2249 2129 2503 2197 cujusque
2531 2132 2757 2199 generis.
2806 2130 2953 2186 Unde
2981 2131 3039 2185 ﬁt
3067 2142 3124 2185 ut
3149 2132 3214 2185 de
3238 2148 3402 2201 grano
3433 2135 3588 2189 tritici

2018 2234 2127 2272 non
2151 2226 2397 2272 nascatur
2425 2219 2559 2286 faba,
2584 2220 2662 2273 vel
2692 2219 2759 2274 de
2784 2218 2900 2275 faba
2928 2221 3178 2288 triticum,
3206 2223 3289 2276 vel
3310 2222 3377 2278 de
3396 2239 3587 2293 pecore

2018 2311 2198 2377 homo,
2231 2311 2319 2365 vel
2342 2311 2408 2366 de
2436 2311 2648 2366 homine
2677 2328 2853 2381 pecus.
2904 2314 3074 2381 Super
3100 2313 3241 2368 hunc
3270 2326 3443 2369 autem
3470 2333 3586 2371 mo-

2017 2412 2127 2458 tum
2148 2404 2165 2435 ί
2186 2418 2502 2473 cursumque
2526 2418 2699 2457 rerum
2729 2405 3042 2469 naturalem,
3070 2414 3303 2473 potestas
3326 2407 3588 2461 Creatoris

2018 2494 2181 2549 habet
2201 2494 2343 2565 apud
2358 2512 2414 2549 se
2432 2510 2587 2564 posse
2606 2494 2772 2549 dehis
2793 2496 3037 2549 omnibus
3055 2495 3228 2551 facere
3249 2497 3410 2562 aliud,
3431 2514 3585 2567 quam

2016 2602 2199 2642 eorum
2231 2586 2382 2656 quasi
2404 2588 2682 2641 seminales
2707 2587 2939 2640 rationes
2968 2586 3177 2651 habent,
3210 2603 3312 2641 non
3341 2597 3511 2643 tamen
3535 2590 3587 2643 id

2015 2677 2156 2747 quod
2185 2692 2287 2732 non
2319 2680 2371 2731 in
2399 2676 2480 2732 eis
2508 2676 2685 2746 posuit
2708 2687 2765 2730 ut
2785 2678 2852 2731 de
2878 2677 2959 2729 his
2988 2677 3100 2729 ﬁeri
3127 2678 3207 2732 vel
3235 2678 3302 2731 ab
3328 2680 3440 2747 ipso
3464 2694 3585 2748 pos-

2014 2772 2086 2827 sit
2110 2771 2152 2824 ⁸.
2182 2769 2367 2839 Neque
2408 2770 2547 2823 enim
2588 2769 2820 2838 potentia
2853 2769 3148 2832 temeraria,
3182 2768 3274 2823 sed
3315 2770 3589 2839 sapientia:

2017 2864 2209 2917 virtute
2245 2862 2579 2930 omnipotens
2620 2870 2735 2924 est;
2785 2871 2838 2914 et
2868 2860 2967 2914 hoc
2995 2860 3062 2913 de
3107 2850 3418 2930 unaquaque
3448 2877 3505 2915 re
3536 2862 3586 2915 in

2015 2963 2253 3022 tempore
2281 2968 2377 3007 suo
2423 2952 2562 3015 facit,
2610 2950 2748 3020 quod
2792 2960 2915 3005 ante
2954 2951 3005 3004 in
3050 2966 3109 3004 ea
3142 2950 3264 3006 fecit
3303 2961 3361 3005 ut
3392 2953 3576 3021 possit.

2014 3049 2168 3104 Alius
2195 3062 2320 3117 ergo
2364 3055 2446 3100 est
2471 3058 2647 3099 rerum
2678 3044 2868 3098 modus
2904 3060 3011 3114 quo
3052 3044 3138 3097 illa
3168 3044 3329 3099 herba
3359 3044 3435 3098 sic
3461 3026 3585 3113 ger-

2014 3141 2198 3202 minat,
2235 3138 2320 3192 illa
2352 3138 2461 3201 sic;
2495 3137 2580 3190 illa
2610 3146 2740 3191 ωιιιε
2773 3137 2926 3205 parit,
2962 3136 3047 3189 illa
3089 3151 3192 3189 non
3224 3138 3396 3205 parit;
3426 3135 3585 3189 homo

2013 3231 2157 3301 loqui
2184 3238 2373 3299 potest,
2399 3244 2563 3299 pecus
2588 3244 2692 3281 non
2735 3238 2925 3298 potest.
2961 3228 3157 3281 Horum
3184 3237 3237 3282 et
3267 3227 3446 3281 talium
3473 3244 3586 3281 mo-

2013 3322 2202 3377 dorum
2229 3322 2461 3375 rationes
2496 3336 2601 3375 non
2644 3329 2843 3373 tantmn
2876 3320 2925 3372 in
2957 3320 3063 3373 Dco
3098 3328 3240 3383 sunt,
3281 3318 3372 3373 sed
3401 3323 3468 3373 ab
3496 3319 3586 3373 illo

2013 3414 2177 3467 etiam
2202 3412 2361 3465 rebus
2382 3411 2577 3467 creatis
2604 3410 2784 3463 indita:
2812 3420 2969 3479 atque
2998 3419 3291 3464 concreatte
3320 3409 3359 3461 ³.
3393 3409 3461 3463 Ut
3493 3424 3585 3462 an-

2014 3517 2125 3563 tem
2166 3507 2363 3575 lignum
2395 3505 2461 3559 de
2502 3514 2638 3558 terra
2668 3504 2925 3569 excisum,
2958 3503 3182 3567 aridum,
3229 3502 3544 3571 perpolitum
3566 3543 3580 3567 ,

2012 3601 2129 3655 sine
2147 3598 2325 3653 radice
2351 3598 2477 3663 ulla,
2509 3597 2629 3651 sine
2652 3606 2792 3650 terra
2816 3606 2872 3650 et
2894 3612 3025 3666 aqua
3054 3604 3273 3664 repente
3302 3595 3505 3659 ﬂoreat,
3528 3605 3586 3650 et

2014 3694 2239 3748 fructum
2259 3692 2441 3770 gignat,
2682 3706 2811 3757 xvn,
2839 3688 2917 3761 8),
2950 3699 3007 3755 ut
3030 3705 3120 3765 per
3144 3689 3583 3765 jttventaltnsterir

2012 3785 2077 3839 Iis
2108 3783 2296 3838 femina
2343 3782 2394 3835 in
2434 3789 2645 3835 senecta
2674 3780 2839 3848 pariat
2870 3777 3029 3847 (Gen.
3065 3794 3216 3843 xvnt,
3248 3781 3304 3831 ll
3335 3818 3350 3843 ,
3383 3786 3427 3831 et
3469 3794 3579 3843 χχι,

2010 3874 2101 3953 ξ),
2143 3883 2203 3951 ut
2237 3872 2382 3949 asina
2428 3872 2668 3953 loquatur
2708 3868 2902 3938 (Num.
2950 3885 3089 3932 xxn,
3136 3856 3277 3939 28),
3302 3852 3359 3923 et
3387 3869 3429 3921 si
3458 3850 3582 3938 quid

2012 3942 2270 4041 ςξιιειιιρίῇ
2312 3942 2823 4039 ἑξμγῴξὶιὶέςιιίἀοιιι
2855 3962 3075 4024 naturis,
3116 3974 3245 4028 quas
3269 3960 3484 4026 creavit,
3528 3968 3584 4013 ut

2011 4074 2074 4112 ex
2102 4058 2178 4110 eis
2224 4063 2278 4111 et
2323 4056 2434 4108 hinc
2464 4054 2572 4107 ﬁeri
2612 4060 2828 4134 possent
2878 4051 3089 4122 (neque
3115 4051 3253 4104 enim
3284 4067 3349 4105 ex
3378 4052 3455 4105 eis
3498 4051 3580 4104 vel

2012 4149 2101 4203 ille
2129 4150 2323 4203 faceret
2364 4147 2512 4217 quod
2534 4161 2597 4200 ex
2625 4146 2702 4199 eis
2732 4145 2845 4199 ﬁeri
2876 4160 2979 4197 non
3010 4158 3161 4213 posse
3202 4145 3311 4213 ipse
3342 4142 3581 4212 praeﬁge-

2011 4253 2111 4314 ιρις,
2135 4242 2379 4317 quoniam
2409 4241 2585 4309 seipso
2628 4254 2730 4292 non
2758 4247 2837 4292 est
2866 4254 2963 4291 nec
2990 4237 3101 4306 ipse
3130 4235 3416 4306 potentior)
3447 4251 3459 4287 :
3486 4249 3578 4290 ve-

2012 4342 2306 4408 rumtamen
2348 4332 2450 4384 alio
2477 4330 2634 4405 modo
2680 4329 2843 4393 dedit,
2888 4337 2943 4403 ut
2969 4342 3072 4381 non
3104 4326 3217 4403 haec
3246 4325 3499 4401 baberent
3526 4325 3579 4397 in

2012 4436 2156 4481 motu
2203 4423 2445 4487 naturali,
2494 4422 2587 4476 sed
2634 4422 2683 4474 in
2733 4436 2797 4475 eo
2838 4436 2940 4489 quo
2969 4419 3039 4473 ita
3083 4428 3258 4472 creata
3286 4426 3483 4483 essent,
3528 4425 3582 4471 ut

2009 4533 2191 4573 eorum
2226 4525 2404 4569 natura
2425 4511 2679 4565 voluntati
2708 4508 2985 4579 potentiori
3009 4508 3235 4580 amplius
3261 4508 3578 4577 subjaccret.

2010 4607 2233 4664 CAPUT
2280 4604 2463 4659 XVIII.
2495 4600 2814 4654 —Mulieris
2863 4601 3142 4671 formanda:
3180 4600 3308 4653 ratio
3337 4601 3407 4654 sic
3446 4615 3579 4670 prte-

2247 4694 2480 4749 existebat
2523 4693 2594 4745 uti
2625 4701 2725 4745 erat
2756 4689 2995 4760 Mysterio
3031 4691 3339 4743 conveniens.

2081 4789 2167 4842 55.
2212 4786 2377 4839 Habet
2402 4798 2529 4853 ergo
2550 4784 2689 4836 Deus
2711 4782 2760 4833 in
2788 4782 2960 4848 scipso
2981 4780 3314 4834 absconditas
3331 4795 3579 4849 quorum-

2009 4880 2129 4934 dam
2161 4876 2414 4931 factorum
2445 4887 2650 4935 causas,
2682 4887 2810 4941 quas
2853 4871 3010 4925 rebus
3037 4871 3263 4925 conditis
3290 4886 3393 4924 non
3436 4871 3577 4923 inse-

2008 4970 2150 5034 ruit;
2184 4982 2375 5036 easque
2405 4965 2587 5034 implet
2615 4978 2720 5016 non
2751 4962 2839 5016 illo
2878 4976 3040 5030 opere
3082 4960 3441 5030 providentiae,
3474 4975 3579 5028 quo

2011 5072 2227 5119 naturas
2250 5058 2516 5115 substituit
2543 5067 2597 5110 ut
2627 5057 2749 5121 sint,
2780 5047 2980 5110 sed-illo
3009 5070 3111 5124 quo
3138 5070 3225 5107 eas
3250 5052 3581 5106 administrat

2010 5165 2068 5211 ut
2090 5155 2332 5221 voluerit,
2365 5167 2492 5221 quas
2525 5158 2580 5204 ut
2608 5149 2775 5203 voluit
2802 5148 3053 5202 condidit.
3099 5147 3171 5201 Ibi
3203 5156 3282 5200 est
3312 5156 3358 5199 el
3390 5145 3576 5213 gratia,

1960 5262 1961 5269 ‘
2011 5266 2107 5321 per
2134 5264 2288 5318 quam
2317 5246 2444 5300 salvi
2475 5246 2602 5297 ﬁunt
2631 5252 2954 5311 peccatores.
2986 5240 3113 5293 Nam
3138 5240 3273 5309 quod
3299 5238 3484 5291 attinet
3513 5238 3579 5291 ad

2012 5346 2249 5393 naturam
2282 5336 2455 5403 iniqua
2486 5348 2578 5387 sua
2606 5332 2877 5387 voluntate
2910 5331 3267 5398 depravatam,
3308 5342 3579 5381 recursum

2012 5446 2106 5500 per
2130 5427 2464 5495 semetipsam
2494 5440 2598 5479 non
2624 5424 2802 5489 habet,
2842 5421 2943 5477 sed
2966 5436 3059 5490 per
3083 5421 3173 5474 Dei
3202 5420 3444 5490 gratiam,
3481 5436 3580 5488 qua

2074 5565 2090 5595 ι
2117 5568 2222 5610 Mss.
2247 5572 2354 5619 sex,
2378 5556 2587 5619 inodum.

2073 5626 2093 5655 ²
2116 5624 2311 5671 sic'ttss.
2330 5615 2525 5669 omnes:
2561 5626 2614 5668 At
2642 5616 2803 5667 excusi
2829 5615 3021 5679 sublata
3041 5616 3298 5679 negatione
3332 5627 3585 5679 perperam

2010 5686 2238 5753 ferebant
2258 5697 2270 5731 :
2300 5683 2440 5743 (modi
2454 5681 2503 5733 in
2525 5680 2603 5741 ωλι
2616 5679 2792 5744 Poma.
2811 5684 2865 5728 ιιι
2883 5679 2944 5729 de
2971 5676 3046 5735 Ιὼ
3059 5674 3168 5743 βένὶ
3191 5676 3261 5729 vel
3280 5674 3456 5741 alisque
3480 5676 3584 5742 ἄρα)

2010 5752 2170 5813 possit.

2075 5810 2098 5842 ³
2112 5814 2245 5869 tum,
2267 5809 2515 5856 concreta.
