4090 6456
451 317 558 376 407

444 450 726 520 adjuvatur
767 461 822 508 ct
871 452 1214 509 instauratur.
1264 452 1446 524 Neque
1505 452 1646 507 enim
1705 452 2022 523 desperandi

445 555 573 602 sunt
600 547 840 602 homines
870 549 920 601 in
957 548 1044 603 illa
1070 547 1351 609 sententia,
1389 547 1438 598 in
1474 561 1574 615 qua
1602 546 1855 614 scriptum
1899 555 2019 601 est:

446 640 633 696 Omnes
660 641 744 711 qui
769 641 1025 695 ambulant
1051 643 1101 694 in
1132 659 1209 706 ea,
1255 657 1354 693 non
1383 649 1689 694 revertentur
1722 637 1906 708 (Prov.
1937 656 1974 694 ιι
2001 681 2016 704 ,

443 730 559 801 19).
608 732 814 788 Dictum
854 743 935 786 est
977 733 1116 788 enim
1159 731 1449 786 secundum
1481 730 1686 800 pondus
1730 730 2020 800 iniquitatis
2066 765 2077 778 ο

440 839 572 890 suae,
606 833 661 878 ut
689 824 825 892 quod
855 825 1150 888 revertitur,
1195 823 1284 893 qui
1314 823 1616 888 revertitur,
1648 838 1751 876 non
1791 823 1887 877 sibi
1921 822 2018 876 tri-

441 915 588 982 buat,
616 915 706 970 sed
737 915 919 986 gratia:
946 916 1060 982 Dei,
1091 929 1195 970 non
1215 930 1282 970 ex
1307 914 1579 986 operibus,
1592 929 1660 969 ne
1686 915 1819 969 forte
1847 914 2019 969 extol-

438 1007 577 1060 latur
605 1006 815 1077 (Ep/tes.
851 1023 906 1072 ιι,
933 1005 1010 1078 9).

511 1098 602 1152 54.
646 1098 930 1166 Propterea
973 1097 1281 1169 mysterium
1315 1097 1500 1168 gratiae
1539 1096 1696 1167 hujus
1735 1099 2019 1167 Apostolus

437 1190 804 1245 ahsconditmn
851 1190 1001 1256 dixit,
1041 1207 1147 1245 non
1191 1191 1241 1245 in
1268 1191 1484 1256 mundo,
1529 1191 1582 1245 in
1610 1206 1715 1260 quo
1743 1200 1866 1245 sunt
1893 1191 2016 1245 abs-

438 1285 665 1340 conditae
704 1283 942 1336 causales
972 1285 1205 1337 rationes
1234 1284 1469 1337 omnium
1500 1299 1678 1338 rerum
1710 1283 2018 1338 naturaliter

436 1377 774 1438 oriturarum,
826 1374 963 1430 sicut
1011 1374 1350 1429 absconditus
1396 1386 1508 1429 erat
1555 1375 1680 1430 Levi
1725 1376 1776 1429 in
1825 1376 2016 1430 lumbis

437 1465 681 1530 Abrahm,
711 1465 920 1535 quando
950 1475 1002 1520 et
1047 1467 1157 1535 ipse
1184 1466 1476 1521 decimatus
1499 1475 1581 1521 est
1621 1465 1803 1538 (Hebr.
1833 1482 1927 1532 vn,
1958 1467 2012 1532 9,

437 1559 564 1625 10);
598 1559 688 1612 sed
736 1560 784 1612 in
821 1559 948 1625 Deo,
995 1559 1084 1629 qni
1117 1560 1357 1613 universa
1389 1560 1605 1613 creavit.
1657 1560 2014 1627 Quamobrem

435 1645 608 1702 omnia
637 1651 796 1703 etiam
823 1665 939 1719 qua:
967 1649 1030 1702 ad
1059 1649 1192 1702 hanc
1217 1650 1441 1719 gratiam
1464 1649 1880 1718 signiﬁcandam,
1909 1667 2016 1706 non

438 1742 664 1795 naturali
717 1751 861 1794 motu
914 1758 1122 1806 rerum,
1167 1741 1260 1794 sed
1309 1741 1620 1797 mirabiliter
1663 1741 1797 1796 facta
1846 1750 2013 1812 sunt,

434 1845 618 1885 eorum
649 1833 807 1885 etiam
834 1831 1155 1886 abscondita:
1185 1847 1358 1886 causa:
1385 1833 1435 1886 in
1465 1833 1572 1886 Deo
1607 1832 1812 1888 fuerant
1843 1851 1858 1889 :
1885 1848 2017 1903 quo-

434 1940 552 1978 rum
585 1925 747 1979 ctiam
777 1925 822 1978 si
866 1940 1027 1978 unum
1054 1932 1171 1979 erat
1200 1925 1240 1991 ¹,
1282 1924 1422 1994 quod
1449 1925 1520 1978 ita
1551 1926 1741 1980 mulier
1771 1925 1908 1982 facta
1935 1935 2018 1983 est

434 2017 501 2072 de
542 2017 710 2073 latere
749 2017 868 2082 viri,
921 2025 974 2072 et
1021 2017 1120 2072 hoc
1157 2017 1491 2082 dormientis,
1541 2033 1659 2088 quae
1703 2033 1799 2088 per
1843 2019 2016 2089 ipsum

434 2109 587 2164 ﬁrma
618 2110 750 2164 facta
775 2117 878 2176 est,
908 2120 1154 2180 tanquam
1179 2109 1294 2176 ejus
1320 2124 1442 2164 osse
1465 2111 1690 2176 ﬁrmata,
1722 2109 1810 2164 ille
1839 2118 2016 2166 autem

434 2209 652 2271 pr0pter
679 2201 844 2271 ipsam
878 2200 1133 2265 inﬁrmus,
1179 2200 1298 2270 quia
1327 2200 1377 2254 in
1404 2200 1578 2254 locum
1606 2209 1769 2256 costae
1793 2217 1896 2255 non
1927 2216 2018 2256 co-

435 2305 515 2350 sta
545 2296 638 2351 sed
668 2311 793 2350 caro
818 2295 1058 2364 suppleta
1100 2303 1220 2360 est;
1250 2311 1354 2348 non
1387 2294 1567 2348 habuit
1597 2294 1698 2348 hoc
1736 2295 1902 2362 prima
1934 2309 2017 2348 re-

434 2404 552 2442 rum
577 2387 830 2449 conditio,
863 2387 1073 2456 quando
1094 2393 1243 2441 sexto
1270 2386 1356 2440 die
1378 2385 1574 2438 dictum
1601 2395 1702 2448 est,
1729 2384 2018 2440 Masculum

436 2488 482 2532 et
509 2480 745 2549 feminam
775 2479 890 2548 fecit
917 2495 1020 2541 eos,
1056 2487 1110 2530 ut
1138 2477 1327 2531 femina
1356 2478 1572 2530 omnino
1600 2477 1678 2532 sic
1703 2477 1854 2532 fleret
1878 2495 1892 2543 ;
1923 2477 2017 2532 sed

434 2579 636 2625 tantum
669 2569 770 2624 hoc
797 2570 996 2635 habuit,
1021 2569 1141 2639 quia
1170 2578 1223 2623 et
1249 2571 1324 2623 sic
1357 2569 1466 2622 ﬁeri
1506 2580 1704 2639 posset,
1736 2586 1802 2624 ne
1827 2580 2014 2625 contra

432 2675 622 2716 causas
667 2676 798 2730 quas
847 2661 1115 2714 voluntate
1159 2660 1405 2726 instituit,
1457 2660 1696 2715 unitabili
1747 2662 2016 2717 voluntate

432 2752 628 2823 aliquid
663 2753 828 2806 ﬁeret.
859 2752 992 2820 Quid
1024 2759 1202 2807 autem
1237 2752 1406 2817 ﬁeret,
1439 2762 1495 2806 ut
1521 2752 1741 2808 omnino
1765 2754 1905 2808 aliud
1936 2754 2019 2809 fu-

435 2853 608 2898 turum
639 2859 743 2898 non
773 2854 933 2910 esset,
979 2843 1343 2899 absconditum
1369 2853 1485 2898 erat
1521 2844 1574 2898 in
1616 2845 1745 2910 Deo,
1776 2845 1865 2914 qui
1896 2845 2013 2900 uni-

431 2951 588 2991 versa
613 2937 830 2990 creavit.

504 3027 605 3081 35.‘
635 3026 737 3082 Sed
769 3025 1017 3096 quoniam
1044 3026 1120 3080 sic
1158 3025 1284 3080 dixit
1329 3026 1716 3091 absconditum,
1762 3036 1819 3082 ut
1857 3028 2012 3084 inno-

434 3128 659 3173 tesceret
689 3118 1008 3187 principibus
1038 3126 1092 3173 et
1118 3119 1464 3187 potestatibus
1507 3120 1558 3172 in
1586 3120 1891 3176 coelestibus
1921 3138 2015 3191 per

434 3210 725 3266 Eeclesiam
772 3210 1106 3267 multiformis
1133 3211 1390 3280 sapientia
1433 3212 1523 3266 Dei
1569 3210 1792 3285 (Ephes.
1825 3229 1901 3279 ιιι,
1943 3214 2010 3280 9,

433 3304 566 3373 10);
599 3304 942 3373 probabiliter
967 3304 1217 3367 creditur,
1249 3303 1384 3358 sicut
1411 3304 1540 3359 illud
1569 3319 1750 3359 semen
1775 3306 1858 3360 cui
1892 3323 2015 3376 pro-

432 3395 652 3450 missum
704 3402 818 3457 est.
860 3395 1171 3463 dispositum
1217 3403 1300 3450 est
1350 3411 1441 3464 per
1472 3396 1710 3475 Angelos
1754 3397 1805 3450 in
1853 3413 2011 3452 manu

431 3489 762 3553 mediatoris,
790 3491 865 3541 s‘c
881 3491 1055 3542 omnia
1082 3505 1198 3558 qua:
1216 3489 1280 3542 ad
1301 3490 1464 3558 ipsius
1485 3489 1703 3544 seminis
1727 3489 2012 3546 adventum

432 3582 512 3638 vel
531 3581 988 3652 pra‘nuntiandum
1008 3583 1089 3636 vel
1105 3581 1520 3637 annuntiandum
1539 3582 1589 3635 in
1606 3598 1782 3637 rerum
1801 3592 2007 3652 natura,

493 3715 512 3749 ⁸
532 3717 607 3767 sic
625 3722 732 3766 llas.
757 3715 874 3766 Editi
899 3728 1017 3765 vero
1044 3715 1244 3774 habent,
1266 3715 1409 3765 etiam
1431 3727 1668 3765 summum
1687 3719 1810 3765 erat.

1372 337 1459 394 DE
1497 335 1744 394 GENESI
1780 335 1873 392 AD
1909 334 2276 407 LITTERAM,
2315 336 2375 395 S.
2414 337 2778 398 AUGUSTINI

2130 462 2323 522 praeter
2341 453 2592 509 usitatum
2618 464 2820 510 natura:
2839 440 3050 512 cursum
3069 443 3384 515 mirabiliter
3405 458 3540 517 facta
3560 472 3710 522 sunt.

2127 543 2549 599 ministrantibus
2594 547 2806 615 Angelis
2827 562 2946 602 esse
2983 548 3116 605 facta
3151 567 3166 604 :
3200 561 3258 604 ut
3299 558 3474 606 tamen
3513 553 3710 622 ubique

2127 646 2334 691 creator
2363 638 2444 692 vel
2486 649 2762 708 reparator
2802 651 3162 698 creaturarum
3190 659 3296 698 non
3345 645 3434 710 sit,
3479 647 3579 700 nisi
3619 645 3707 716 qui

2127 729 2420 798 plantatore
2444 740 2498 785 et
2522 731 2752 800 rigatore
2775 735 3008 803 quolibet
3035 735 3182 791 solus
3203 735 3587 792 incrementum
3613 737 3702 798 dat

2126 820 2265 876 Deus
2293 821 2347 890 (Ι
2372 820 2488 877 Cor.
2518 838 2595 888 ut,
2629 823 2719 893 7).

2456 911 2681 969 CAPUT
2719 914 2860 970 XIX.
2882 947 2953 959 —
2977 915 3198 972 Ecstaais
3237 916 3382 971 Atla.

2193 1003 2282 1058 36.
2324 1004 2400 1058 Ac
2429 1020 2523 1074 per
2550 1005 2649 1059 hoc
2676 1007 2835 1061 etiam
2866 1007 2951 1060 illa
2996 1007 3214 1062 ecstasis
3241 1023 3400 1078 quam
3432 1010 3572 1065 Deus
3602 1011 3707 1066 im-

2123 1095 2267 1148 misit
2293 1095 2344 1148 in
2371 1096 2561 1162 Adam,
2606 1107 2662 1151 ut
2697 1108 2977 1167 soporatus
3001 1097 3350 1162 obdormiret,
3379 1109 3523 1155 recte
3547 1099 3694 1154 intel-

2123 1187 2303 1256 ligitur
2325 1189 2390 1242 ad
2419 1189 2518 1244 hoc
2539 1191 2794 1256 immissa,
2823 1200 2880 1244 ut
2905 1200 2960 1246 et
2979 1190 3147 1259 ipsius
3167 1207 3317 1245 mens
3336 1207 3430 1260 per
3453 1194 3706 1246 ecstasim

2121 1280 2382 1349 particeps
2428 1281 2575 1335 ﬁeret
2606 1289 2854 1350 tanquam
2900 1281 3154 1352 angelica;
3196 1283 3380 1345 curiae,
3408 1295 3462 1336 et
3502 1285 3710 1338 intrans

2121 1367 2174 1422 in
2202 1370 2558 1424 sanctuarium
2591 1371 2680 1424 Dei
2707 1369 3023 1440 intelligeret
3061 1371 3113 1425 in
3144 1371 3432 1426 novissima
3463 1374 3479 1405 ¹
3509 1373 3527 1441 (
3555 1372 3702 1427 Psal.

2120 1475 2284 1526 uxu,
2341 1461 2468 1534 Π).
2520 1462 2757 1533 Denique
2803 1464 3059 1534 evigilans
3113 1474 3358 1534 tanquam
3415 1466 3710 1536 pmphi-tia:

2121 1552 2329 1622 plenus,
2352 1568 2473 1608 cum
2499 1553 2565 1608 ad
2586 1569 2645 1609 se
2663 1553 2942 1609 adductam
2968 1565 3168 1609 costam
3191 1558 3234 1620 ',
3259 1557 3532 1611 mulierem
3554 1573 3707 1612 suam

2121 1642 2339 1708 videret,
2365 1645 2620 1699 eructavit
2646 1645 2914 1708 continuo,
2939 1647 3077 1716 quod
3108 1663 3356 1717 magnum
3386 1664 3696 1703 sacramen—

2121 1741 2230 1788 tum
2261 1735 2599 1791 commendat
2643 1737 2928 1808 Apostolus
2957 1737 3171 1808 (Epltes.
3205 1753 3260 1802 v,
3291 1739 3381 1806 3i,
3409 1740 3502 1809 δὲ)
3537 1757 3551 1793 :
3585 1739 3703 1794 Hoc

2118 1842 2252 1881 nunc
2279 1843 2336 1882 os
2358 1843 2424 1882 ea:
2445 1828 2635 1882 ossibus
2663 1830 2803 1894 meis,
2831 1839 2876 1882 et
2898 1847 3015 1883 caro
3039 1831 3103 1884 de
3125 1843 3276 1885 carne
3301 1847 3430 1886 mea.
3466 1831 3594 1886 Haec
3618 1849 3709 1888 vo-

2117 1919 2313 1975 cabitur
2348 1921 2548 1985 mulier,
2594 1923 2830 1992 quoniam
2865 1921 2928 1975 de
2969 1922 3076 1976 viro
3116 1939 3209 1977 suo
3238 1933 3442 1995 sumpta
3481 1934 3555 1979 est
3599 1941 3620 1979 :
3657 1936 3710 1981 et

2120 2022 2324 2086 propter
2350 2017 2445 2068 hoc
2470 2013 2716 2086 relinquet
2741 2017 2889 2068 homo
2916 2023 3111 2086 patrem
3147 2033 3295 2070 suum
3322 2027 3368 2072 et
3393 2028 3626 2086 matrem,
3657 2029 3708 2075 et

2119 2104 2390 2160 adhaerebit
2413 2107 2561 2161 uxori
2585 2123 2732 2171 sua;
2769 2117 2817 2160 et
2841 2117 2984 2162 erunt
3027 2109 3128 2163 duo
3151 2109 3204 2163 in
3231 2126 3382 2165 carne
3419 2127 3541 2166 una.
3572 2111 3708 2182 Quae

2119 2197 2276 2252 verba
2307 2213 2425 2253 cum
2458 2197 2609 2267 primi
2641 2199 2870 2253 hominis
2895 2199 3056 2255 fuisse
3081 2200 3351 2272 Scriptura
3393 2203 3503 2274 ipsa
3531 2213 3706 2260 teste-

2121 2296 2224 2354 tur,
2257 2289 2506 2343 Dominus
2527 2297 2704 2345 tamen
2733 2291 2785 2344 in
2809 2290 3096 2362 Evangelio
3113 2293 3278 2348 Deum
3300 2293 3499 2349 dixisse
3524 2293 3710 2350 decla-

2121 2383 2273 2435 ravit.
2309 2383 2396 2436 Ait
2431 2383 2594 2450 enim,
2641 2382 2764 2437 Non
2789 2385 2976 2454 legistis
3000 2385 3118 2453 quia
3145 2387 3229 2456 qui
3257 2387 3374 2458 fecit
3399 2386 3422 2418 ³
3448 2388 3512 2440 ab
3537 2387 3704 2455 initio,

2121 2473 2400 2527 masculum
2429 2483 2474 2527 et
2515 2475 2754 2543 feminam
2793 2476 2907 2547 fecit
2933 2492 3016 2529 eos
3049 2487 3138 2530 :et
3164 2477 3314 2541 dixit,
3359 2475 3575 2547 Pr0pter
3604 2479 3704 2532 hoc

2121 2566 2332 2619 dimittet
2372 2565 2518 2619 homo
2563 2577 2755 2637 patrem
2793 2576 2838 2621 et
2881 2578 3112 2634 matrem,
3158 2577 3202 2621 et
3245 2568 3517 2623 adhcrebit
3554 2570 3707 2624 uxori

2119 2672 2253 2718 suae;
2275 2665 2320 2710 et
2346 2665 2488 2709 erunt
2509 2657 2610 2710 duo
2634 2657 2687 2711 in
2712 2673 2862 2711 carne
2888 2675 2989 2710 una
3007 2656 3218 2730 (Matth.
3246 2675 3363 2725 xu,
3383 2660 3476 2728 4)?
3498 2671 3554 2714 ut
3580 2660 3708 2717 hinc

2121 2747 2536 2817 intelligeremus
2582 2758 2798 2817 pr0pter
2843 2749 3091 2804 ecstasim
3119 2765 3237 2819 qme
3270 2761 3621 2820 praecesserat
3646 2752 3702 2807 in

2119 2837 2306 2902 Adam,
2339 2837 2438 2893 hoc
2465 2854 2586 2893 eum
2611 2839 2862 2894 divinitus
2885 2850 3129 2910 tanquam
3169 2841 3476 2910 prophetam
3520 2843 3705 2899 dicere

2117 2932 2374 3002 potuisse.
2405 2929 2507 2986 Sed
2530 2932 2640 3000 jam
2670 2931 2772 2988 iste
2814 2932 2968 3002 hujus
2997 2933 3116 2988 libri
3141 2935 3402 2990 terminus
3432 2937 3624 3006 placet,
3647 2948 3707 2993 ut

2119 3035 2182 3076 ea
2209 3037 2328 3092 quae
2369 3032 2680 3092 sequuntur,
2709 3024 2778 3080 ab
2799 3025 2904 3079 alio
2929 3025 3146 3080 exordio
3170 3035 3428 3082 renovent
3452 3029 3706 3085 intentio-

2119 3129 2242 3168 nem
2268 3112 2576 3183 legentium.

2182 3225 2199 3256 ι
2223 3223 2362 3289 aditi,
2404 3223 2684 3289 intelligeret
3000 3233 3054 3277 Al.
3077 3235 3202 3287 Mss,
3227 3227 3277 3278 in
3297 3228 3551 3280 novissima
3579 3243 3598 3282 :
3630 3234 3704 3284 uti

2118 3286 2295 3358 passim
2319 3286 2608 3358 Augustinus
2643 3287 2848 3358 in_Psal.
2881 3304 3028 3349 Lxxu,
3055 3291 3130 3351 17,
3148 3286 3289 3354 juxta
3325 3305 3468 3356 srmo.
3494 3293 3702 3358 interpr.

2118 3353 2244 3406 Lxx,
2269 3347 2475 3397 stmo‘cis
2492 3356 2540 3398 ta
2557 3347 2764 3399 eschala.

2180 3411 2200 3440 ³
2223 3409 2439 3479 Nonnulli
2462 3412 2926 3479 cpdicespmittunt,
2963 3418 3157 3479 vastari.
3205 3420 3261 3465 Et
3291 3413 3432 3478 paulo
3453 3423 3561 3479 post
3590 3423 3703 3467 Ms.

2117 3474 2383 3534 pervenisti
2407 3473 2634 3534 scriptum
2658 3472 2856 3531 habent,
2881 3475 3159 3525 eructuavit.

2181 3533 2201 3564 ³
2227 3532 2423 3597 Vulgata
2447 3532 2605 3584 versio
2628 3535 2674 3582 in
2699 3535 2951 3597 Evangelio
2974 3537 3103 3586 addit
3140 3538 3231 3596 hic,
3275 3537 3511 3590 hominem
3539 3553 3556 3590 :
3588 3555 3705 3597 quae

2115 3606 2213 3658 vox_
2233 3595 2374 3658 abest
2395 3608 2424 3643 a
2446 3609 2605 3658 graeco
2631 3603 2789 3656 textu,
2823 3595 2918 3646 imo
2941 3605 2991 3646 et
3011 3611 3038 3646 a
3064 3595 3278 3648 latino'in
3299 3595 3707 3654 Germanensibus

2113 3653 2277 3766 gling
2296 3663 2423 3716 Mss,
2449 3653 2637 3708 necnon
2653 3660 2714 3708 ab
2735 3653 2958 3710 cantibus
2977 3659 3114 3709 hbris
3145 3661 3194 3710 in
3238 3663 3329 3712 hoc
3368 3677 3519 3726 opere
3545 3653 3706 3728 Attqu

2177 3731 2243 3766 ω.

435 3843 3686 3870 -μ--Ἦ

1416 3925 1898 4032 LIBER
1975 3926 2192 4033 DE
2203 3930 2497 4035 CLM
2513 3929 2628 4034 Π
2616 3930 2728 4038 S.

1553 4133 1605 4176 tn
1625 4139 1724 4190 quo
1747 4132 1978 4178 tractatur
1993 4128 2059 4180 de
2074 4133 2340 4183 animarum
2361 4135 2570 4197 origine.

1862 4262 2231 4320 ταοθθᾶ-ο-Β)

425 4381 650 4443 CAPUT
686 4384 1310 4442 PRIMUM.—Animam
1347 4383 1572 4439 mulieris
1615 4401 1678 4440 ea:
1701 4384 1871 4439 anima
1912 4383 2008 4438 viri

783 4481 970 4550 factam
989 4495 1094 4532 esse
1111 4477 1441 4548 quorumdam
1464 4477 1654 4546 Opinio.

499 4571 549 4624 1.
580 4569 696 4624 Jam
727 4571 941 4640 quidem
979 4572 1112 4625 ordo
1140 4573 1254 4641 ipse
1295 4571 1503 4625 videtur
1528 4585 1818 4642 exposcere
1861 4576 1919 4623 ut
1940 4566 2008 4624 de

426 4671 644 4734 peccato
673 4663 824 4731 primi
853 4663 1081 4718 hominis
1107 4665 1465 4730 disseramus;
1493 4665 1586 4720 sed
1617 4665 1738 4734 quia
1759 4663 1828 4719 de
1848 4677 2009 4718 carne

426 4753 666 4809 mulieris
689 4797 705 4820 ,
737 4755 1182 4824 quemadmodum
1221 4756 1352 4810 facta
1381 4756 1482 4821 sit,
1525 4756 1794 4824 Scriptura
1827 4769 2007 4808 narra-

424 4849 517 4906 vit.
544 4847 705 4901 tacuit
724 4855 899 4901 autem
925 4847 992 4902 de
1017 4848 1213 4912 anima,
1258 4849 1425 4902 multo
1451 4849 1618 4917 magis
1640 4863 1736 4902 nos
1765 4847 1889 4902 fecit
1928 4846 2009 4901 in-

424 4947 618 5000 tentos,
669 4947 725 4992 ut
769 4938 838 4994 de
876 4938 977 4993 hoc
1023 4939 1324 5008 diligentius
1362 4939 1722 5010 inquiramus,
1775 4955 2006 5010 quonam

425 5031 585 5086 modo
621 5031 788 5086 refelli
836 5033 1076 5100 possint,
1110 5033 1222 5088 sive
1251 5049 1358 5088 non
1389 5034 1623 5102 possint,
1667 5033 1754 5102 qui
1785 5033 2008 5087 credunt

425 5125 655 5178 animam
697 5123 763 5178 de
789 5125 965 5178 anima
996 5124 1224 5179 hominis
1248 5167 1262 5191 ,
1313 5125 1447 5180 sicut
1489 5140 1702 5180 carnem
1733 5124 1799 5179 de
1843 5140 2003 5181 carne

425 5215 535 5270 ﬁeri
562 5259 578 5282 ,
610 5231 638 5269 a
687 5217 994 5285 parentibus
1025 5218 1074 5271 in
1127 5217 1262 5272 ﬁlios
1308 5219 1578 5287 utriusque
1621 5218 1698 5273 rei
1731 5218 2005 5274 transfusis

424 5309 734 5364 seminibus.
769 5309 902 5364 llinc
926 5311 1065 5365 enim
1093 5311 1338 5380 primitus
1362 5310 1427 5364 ad
1459 5310 1559 5365 hoc
1585 5320 1896 5377 moventur,
1948 5319 2006 5366 ut

421 5396 600 5453 dicant
627 5399 769 5469 quod
799 5416 955 5455 unam
982 5402 1212 5456 animam
1242 5401 1382 5456 Deus
1409 5401 1622 5468 fecerit,
1663 5401 1924 5457 sul'ﬁando
1951 5404 2001 5457 in

423 5491 608 5544 faciem
639 5493 867 5546 hominis
888 5535 900 5555 ,
925 5509 1082 5563 quem
1108 5493 1177 5548 de
1205 5493 1421 5563 pulvere
1452 5494 1708 5560 ﬁnxerat,
1739 5504 1795 5548 ut
1817 5509 1881 5549 ex
1914 5493 2001 5549 illa

419 5581 526 5650 jam
557 5591 763 5638 caetera:
783 5592 1091 5640 crearentur
1119 5585 1310 5639 animae
1350 5585 1619 5640 hominum
1640 5628 1656 5653 ,
1684 5586 1821 5641 sicut
1840 5601 1905 5640 ex
1941 5585 2004 5639 il-

423 5673 524 5728 lius
549 5691 710 5731 carne
730 5677 905 5731 omnis
931 5677 1090 5732 etiam
1117 5693 1243 5732 caro
1283 5679 1579 5733 hominum.
1607 5679 1867 5746 Quoniam
1896 5679 2003 5748 pri-

419 5779 510 5820 mo
531 5766 704 5823 Adam
738 5766 994 5823 formatus
1024 5776 1138 5827 est.
1172 5769 1362 5826 deinde
1403 5770 1509 5824 Eva
1541 5787 1554 5824 :
1588 5777 1642 5824 et
1669 5769 1756 5824 ille
1784 5769 1996 5832 quidem

2120 4386 2262 4440 unde
2304 4385 2548 4441 habuerit
2575 4401 2802 4457 corpus,
2848 4387 2987 4445 unde
3023 4389 3286 4456 animam,
3334 4388 3530 4446 dictum
3577 4399 3697 4455 est;

2117 4491 2312 4546 corpus
2333 4478 2576 4533 videlicet
2599 4479 2880 4555 pulverem
2897 4490 3052 4536 terrae
3071 4522 3086 4546 ,
3113 4482 3342 4536 animam
3368 4497 3495 4538 vero
3512 4481 3700 4540 ﬂatum

2119 4566 2210 4622 Dei
2239 4585 2251 4621 :
2279 4577 2333 4621 at
2373 4567 2462 4622 illa
2487 4567 2554 4624 de
2583 4569 2726 4624 illius
2755 4569 2919 4626 latere
2956 4586 3076 4625 cum
3128 4572 3263 4627 facta
3289 4571 3494 4628 dicatur
3514 4614 3530 4638 ,
3586 4589 3696 4631 non

2118 4659 2313 4714 dicitur
2340 4661 2478 4731 quod
2505 4677 2622 4716 eam
2670 4662 2808 4717 Deus
2836 4661 3015 4718 ﬂando
3058 4664 3300 4720 similiter
3345 4665 3694 4733 animaverit,

2117 4759 2363 4824 tanquam
2394 4765 2675 4824 utrumque
2701 4753 2768 4809 de
2792 4753 2882 4808 illo
2901 4753 3116 4809 ductum
3141 4755 3245 4822 sit,
3275 4756 3364 4826 qui
3386 4755 3494 4825 jam
3523 4755 3697 4813 fuerat

2115 4837 2396 4891 animatus.
2428 4840 2532 4892 Aut
2557 4839 2700 4893 enim
2735 4839 2890 4893 taceri
2917 4840 3182 4909 Oportuit,
3226 4840 3500 4909 inquiunt,
3529 4843 3693 4898 etiam

2115 4929 2183 4986 de
2203 4932 2376 4986 anima
2406 4933 2538 4998 viri,
2571 4943 2626 4987 ut
2654 4948 2771 4987 eam
2791 4975 2804 4998 ,
2836 4933 2972 4987 sicut
3005 4947 3309 5002 possemus,
3334 4932 3510 4988 datam
3552 4933 3694 4990 divi-

2115 5023 2258 5080 nitus
2284 5025 2366 5080 vel
2418 5025 2831 5096 intelligeremus
2853 5066 2869 5092 ,
2914 5025 2999 5079 vel
3023 5036 3167 5081 certe
3191 5025 3528 5082 crederemus
3558 5045 3572 5080 :
3599 5037 3694 5083 aut

2115 5121 2158 5174 si
2187 5120 2288 5174 hoc
2335 5121 2612 5189 proﬂerea
2655 5117 2926 5189 Scriptura
2976 5134 3080 5173 non
3121 5120 3318 5183 tacuit,
3363 5135 3430 5174 ne
3455 5120 3687 5175 animam

2113 5228 2326 5285 quoque
2373 5213 2510 5268 sicut
2549 5227 2766 5267 carnem
2799 5212 3030 5267 hominis
3054 5211 3120 5266 de
3151 5221 3290 5267 terra
3334 5211 3526 5266 factam
3569 5227 3691 5268 esse

2115 5313 2450 5374 putaremus,
2481 5301 2665 5358 debuit
2690 5311 2744 5358 et
2779 5303 2849 5358 de
2877 5303 3109 5358 mulieris
3135 5303 3310 5357 anima
3349 5317 3455 5357 non
3484 5304 3643 5358 taceri
3667 5345 3686 5372 ,

2114 5412 2181 5451 ne
2208 5405 2482 5466 putaretur
2509 5411 2574 5450 ex
2598 5393 2849 5461 traduce,
2879 5395 2921 5450 si
2948 5395 3048 5450 hoc
3077 5410 3258 5449 verum
3283 5409 3385 5449 non
3412 5403 3512 5451 est.
3541 5395 3685 5463 Qua-

2113 5497 2327 5558 propter
2365 5488 2485 5542 ideo
2511 5488 2724 5542 tacitum
2763 5496 2878 5553 est,
2909 5486 3186 5556 inquiunt,
3217 5485 3358 5556 quod
3381 5485 3433 5541 in
3463 5486 3578 5556 ejus
3607 5486 3688 5541 fa-

2110 5581 2243 5635 ciem
2285 5580 2488 5636 ﬁaverit
2536 5581 2710 5648 Deus,
2765 5581 2883 5651 quia
2923 5579 3050 5634 illud
3080 5595 3261 5636 verum
3287 5588 3405 5646 est,
3452 5579 3592 5650 quod
3631 5591 3686 5636 et

2109 5677 2282 5730 anima
2309 5693 2373 5730 ex
2401 5675 2614 5731 homine
2644 5683 2926 5746 pmpagata
2950 5682 3050 5728 est.

2179 5769 2233 5824 2.
2277 5754 2410 5826 lluic
2438 5769 2725 5827 susoicioni
2766 5767 2920 5824 facile
2959 5767 3272 5822 occurritur.
3301 5765 3359 5822 Si
3387 5765 3531 5822 enim
3559 5780 3682 5822 uro-
