4102 6356
287 454 459 515 ptcrea
482 445 677 510 putant
697 434 937 493 animam
960 432 1197 490 mulieris
1218 446 1284 487 ex
1311 431 1486 486 anima
1514 429 1613 485 viri
1636 428 1865 495 factam,

285 538 403 607 quia
422 549 529 588 non
554 537 818 601 scriptum
845 537 929 583 est
950 526 1091 598 quod
1113 528 1164 579 in
1190 524 1425 579 mulieris
1452 522 1636 576 faciem
1665 519 1872 576 ﬂaverit

290 634 458 696 Deus;
528 642 626 681 cur
678 624 905 680 credunt
951 638 1015 676 ex
1080 620 1192 674 viro
1242 618 1524 672 animatum
1581 616 1866 681 feminam,

288 720 496 794 quando
522 734 591 772 ne
639 716 693 771 id
737 714 953 786 quidem
1000 712 1254 781 scriptum
1279 710 1397 765 est?
1442 707 1594 764 Unde
1640 708 1683 762 si
1731 707 1871 760 Deus

290 828 471 870 omnes
494 810 702 866 animas
729 807 1003 862 hominum
1033 804 1361 859 nascentium
1382 842 1397 866 ,
1428 802 1563 854 sicut
1602 799 1824 869 primam
1849 838 1866 865 ,

290 905 443 970 facit,
488 911 775 973 propterea
825 896 1096 966 Scriptum
1126 894 1193 948 de
1234 894 1354 947 aliis
1382 890 1570 957 tacuit,
1618 889 1866 959 quoniam

290 1006 463 1066 posset
491 992 633 1063 quod
655 997 711 1044 in
731 1004 835 1043 una
865 987 1058 1042 factum
1084 993 1551 1040 commemoratum
1575 990 1675 1037 est.
1708 980 1867 1034 etiam

286 1089 349 1142 de
374 1087 588 1142 caeteris
620 1084 914 1153 prudenter
939 1078 1184 1149 intelligi.
1218 1077 1396 1147 Itaque
1422 1076 1468 1129 si
1512 1074 1745 1146 Oportuit
1770 1087 1869 1127 nos

287 1195 378 1251 per
408 1179 547 1231 hanc
571 1176 903 1245 Scripturam
929 1173 997 1227 de
1017 1172 1115 1225 hac
1138 1187 1195 1224 re
1220 1168 1415 1237 aliquid
1437 1165 1731 1229 admoneri,
1762 1180 1868 1219 ma-

287 1273 361 1340 gis
382 1271 426 1323 si
455 1268 655 1337 aliquid
683 1266 826 1320 aliud
867 1265 1024 1319 fiebat
1054 1265 1105 1317 iu
1133 1262 1363 1323 femina,
1397 1260 1537 1330 quod
1571 1260 1621 1312 in
1643 1259 1757 1311 viro
1783 1256 1864 1311 fa-

283 1370 419 1416 ctum
452 1375 559 1412 non
592 1367 727 1421 erat,
753 1365 812 1410 ut
830 1372 896 1410 ex
923 1370 1080 1409 carne
1110 1353 1334 1407 animata
1362 1352 1477 1420 ejus
1504 1351 1678 1404 anima
1704 1349 1867 1404 duce-

283 1462 463 1515 retur,
512 1465 621 1504 non
664 1449 804 1503 sicut
830 1448 927 1501 viri
958 1448 1074 1515 ejus
1121 1445 1333 1499 aliunde
1378 1459 1607 1514 corpus,
1654 1442 1866 1498 aliunde

281 1547 489 1605 anima;
525 1543 628 1596 hoc
656 1541 828 1611 ipsum
854 1540 995 1610 quod
1023 1539 1126 1592 alio
1158 1537 1313 1591 modo
1354 1536 1544 1599 fiebat,
1584 1533 1861 1605 Scriptura

282 1637 451 1706 potius
482 1646 660 1687 tacere
682 1648 785 1686 non
808 1632 1015 1694 debuit,
1048 1645 1116 1685 ne
1141 1629 1241 1683 hoc
1268 1628 1444 1682 itidem
1478 1628 1669 1681 factum
1710 1634 1862 1695 puta-

279 1739 458 1780 remus
484 1723 630 1793 quod
669 1722 779 1790 jam
809 1720 877 1775 de
928 1720 1017 1774 illo
1045 1719 1417 1773 didiceramns.
1466 1717 1695 1771 Proinde
1742 1717 1863 1786 quia

281 1834 379 1872 non
406 1817 545 1871 dixit
573 1832 639 1871 ex
663 1816 838 1868 anima
869 1814 966 1867 viri
993 1814 1180 1867 factam
1205 1828 1325 1866 esse
1353 1811 1581 1865 animam
1606 1810 1860 1876 mulieris,

279 1911 682 1965 convenientius
700 1906 937 1962 creditur
957 1922 1022 1961 eo
1044 1907 1157 1973 ipso
1182 1920 1281 1959 nos
1299 1904 1586 1958 admonere
1611 1904 1861 1968 voluisse,

279 2003 403 2057 nihil
423 2002 511 2055 hic
527 2000 672 2055 aliud
697 2007 904 2070 putare,
924 2013 1083 2068 quam
1109 1996 1176 2051 de
1195 1996 1292 2050 viri
1317 1996 1492 2050 anima
1520 2010 1858 2058 noveramus,

280 2095 331 2150 id
356 2105 463 2161 est,
492 2094 743 2148 similiter
771 2095 947 2146 datam
976 2107 1094 2146 esse
1123 2090 1327 2144 mulieri
1353 2106 1366 2142 :
1394 2104 1515 2144 cum
1571 2090 1862 2157 praesertim

280 2194 418 2239 esset
464 2183 883 2239 evidentissima:
911 2182 1206 2236 occasionis
1234 2180 1380 2234 locus
1399 2221 1414 2244 ,
1446 2188 1502 2234 ut
1529 2180 1573 2236 si
1605 2195 1708 2234 non
1739 2190 1864 2235 tunc

279 2277 490 2348 quando
528 2276 754 2330 formata
781 2284 893 2339 est,
925 2284 1105 2344 postea
1155 2283 1298 2327 certe
1327 2273 1622 2338 diceretur,
1655 2272 1743 2327 ubi
1791 2274 1865 2327 ait

281 2371 443 2424 Adam
462 2412 478 2434 ,
514 2368 627 2422 Hoc
650 2386 782 2422 nunc
803 2385 858 2421 os
880 2384 942 2421 ea:
980 2367 1170 2421 ossibus
1190 2368 1312 2421 meis
1332 2409 1344 2430 ,
1370 2376 1415 2420 et
1453 2384 1572 2420 caro
1606 2368 1669 2419 de
1712 2382 1864 2420 carne

281 2480 385 2517 mea
428 2461 583 2533 (Gen.
632 2477 690 2526 ιι,
715 2460 833 2530 23).
859 2460 1067 2528 Quanto
1092 2460 1231 2513 enim
1260 2458 1471 2513 charins
1497 2460 1862 2528 amantiusque

279 2556 509 2618 diceret,
561 2555 625 2608 Et
653 2555 828 2607 anima
860 2554 926 2606 de
951 2553 1122 2606 anima
1168 2551 1324 2605 mea?
1366 2550 1481 2605 Non
1513 2561 1688 2606 tamen
1737 2550 1861 2606 hinc

280 2656 379 2701 tam
413 2661 605 2716 magna
646 2645 872 2714 qnzestio
897 2644 1005 2714 jam
1036 2644 1205 2698 soluta
1237 2654 1346 2710 est,
1379 2651 1436 2697 ut
1466 2658 1626 2697 unum
1671 2643 1860 2697 horum

277 2738 614 2791 manifestum
642 2747 956 2805 certumque
979 2746 1271 2789 teneamus.

277 2827 500 2884 CAPUT
534 2827 690 2882 ll.—
716 2827 854 2892 Quid
890 2828 944 2880 in
980 2825 1320 2896 superioribus
1346 2825 1485 2879 libris
1512 2825 1860 2895 investigatum

749 2919 885 2972 circa
914 2918 1155 2988 originem
1187 2919 1390 2971 animos.

343 3011 396 3066 5.
426 3010 790 3076 Quamobrem
825 3010 1050 3078 primum
1083 3008 1369 3063 videndum
1389 3017 1501 3077 est,
1535 3017 1707 3063 utrum
1739 3025 1862 3063 san-

278 3111 353 3157 cta
378 3101 656 3171 Scriptura
688 3100 807 3155 libri
838 3101 1013 3170 hujus,
1044 3102 1111 3154 ab
1136 3101 1253 3169 ejus
1273 3101 1491 3155 exordio
1522 3111 1857 3171 pertractata,

280 3194 396 3247 hinc
423 3209 526 3247 nos
554 3193 800 3247 dubitare
838 3191 1144 3261 permittat:
1178 3200 1303 3245 tunc
1344 3200 1492 3246 recte
1520 3192 1742 3247 fortasse
1770 3209 1859 3247 re-

280 3287 549 3357 quiremus
569 3327 583 3350 ,
617 3293 710 3340 aut
734 3300 976 3353 quamam
1004 3285 1264 3339 sententia
1293 3285 1465 3353 potius
1490 3285 1727 3353 eligenda
1756 3286 1855 3351 sit,

276 3380 438 3431 autin
482 3378 561 3431 rei
590 3376 748 3446 hujus
784 3376 984 3430 incerto
1011 3391 1168 3445 quem
1212 3376 1425 3429 modum
1455 3385 1634 3429 tenere
1662 3376 1859 3431 debea-

277 3484 409 3523 mus.
432 3468 597 3522 Certe
618 3468 759 3522 enim
791 3476 940 3521 sexto
967 3466 1055 3521 die
1071 3467 1187 3537 fecit
1220 3466 1352 3520 Deus
1379 3465 1626 3519 hominem
1655 3467 1721 3519 ad
1742 3468 1861 3520 ima.

275 3562 434 3631 ginem
457 3577 642 3625 suam;
667 3558 756 3615 tibi
787 3560 947 3614 etiam
975 3558 1171 3613 dictum
1199 3568 1300 3624 est,
1334 3557 1614 3611 Masculum
1640 3568 1683 3611 et
1712 3560 1861 3628 femi-

278 3672 389 3708 nam
411 3656 532 3725 fecit
553 3669 639 3708 eos
661 3652 817 3725 (Gen.
849 3669 887 3718 ι,
911 3654 1025 3723 27).
1067 3651 1302 3720 Quorum
1332 3653 1457 3706 illud
1480 3655 1740 3722 superius,
1772 3655 1859 3709 ubi

278 3747 446 3816 imago
470 3746 563 3800 Dei
582 3754 995 3800 commemorata
1019 3754 1120 3809 est,
1142 3745 1432 3799 secundum
1460 3744 1689 3799 animam
1713 3765 1727 3811 ;
1761 3747 1861 3802 hoc

276 3850 448 3895 autem
474 3880 491 3905 ,
540 3839 629 3892 ubi
658 3852 820 3893 sexus
845 3836 1142 3891 differentia
1167 3877 1183 3903 ,
1213 3837 1502 3891 secundum
1530 3854 1743 3893 carnem
1771 3854 1862 3895 ac-

277 3931 604 4001 cipiebamus
629 3927 767 4001 (Lib.
800 3928 833 3982 6
853 3938 898 3981 et
929 3928 1004 3998 7).
1054 3929 1120 3982 Et
1150 3930 1398 3998 quoniam
1423 3940 1497 3983 tot
1522 3945 1583 3984 ac
1606 3940 1744 3984 tanta
1778 3941 1860 3987 te-

278 4024 545 4089 stimonia,
566 4038 687 4092 qua:
710 4021 780 4075 ibi
797 4020 1126 4076 considerata
1158 4030 1315 4091 atque
1341 4032 1558 4077 tractata
1590 4033 1730 4089 sunt,
1766 4040 1862 4080 nos

278 4134 379 4172 non
406 4118 655 4173 sinebant
698 4115 887 4170 eodem
921 4115 1033 4184 ipso
1070 4125 1223 4170 sexto
1252 4116 1338 4171 die
1378 4118 1537 4172 etiam
1580 4118 1860 4174 formatum

279 4210 341 4265 de
368 4210 499 4265 limo
539 4209 813 4264 hominem
863 4209 1244 4278 mulieremque
1273 4208 1338 4264 de
1367 4209 1535 4265 latere
1578 4212 1693 4280 ejus
1720 4213 1859 4266 acci-

280 4319 434 4372 pere,
468 4302 567 4358 sed
610 4301 713 4355 hoc
742 4310 922 4370 postea
967 4299 1160 4354 factum
1189 4316 1308 4355 esse
1350 4310 1467 4370 post
1506 4303 1589 4356 illa
1620 4304 1862 4371 primitus

281 4411 433 4465 opera
459 4395 590 4459 Dei,
618 4394 673 4448 in
696 4394 885 4462 quibus
905 4393 1104 4447 creavit
1123 4394 1300 4446 omnia
1321 4393 1475 4447 simul
1500 4392 1686 4464 (Eccli.
1708 4411 1858 4462 xvm,

287 4490 356 4558 ης
389 4488 737 4559 qumsivimus
764 4486 887 4555 quid
920 4484 985 4539 de
1032 4486 1259 4539 hominis
1285 4487 1857 4556 anima'crederemns,

282 4579 638 4648 discussisque
682 4577 928 4631 omnibus
952 4576 1345 4645 disceptationis
1373 4588 1566 4631 nostra:
1590 4580 1819 4646 partibus
1840 4620 1856 4647 ,

285 4672 403 4725 illud
442 4670 756 4741 credibilius
784 4668 866 4722 vel
896 4668 1219 4721 tolerabilius
1245 4670 1344 4724 dici
1373 4670 1541 4723 visum
1574 4680 1653 4724 est
1674 4713 1686 4733 ,
1718 4672 1859 4741 quod

285 4763 386 4831 ipsa
407 4761 647 4816 hominis
669 4762 841 4814 anima
866 4760 917 4814 in
942 4759 1043 4814 illis
1069 4762 1317 4829 operibus
1340 4762 1469 4815 facta
1497 4772 1596 4827 est,
1621 4765 1859 4833 corporis

284 4870 403 4908 vero
432 4855 550 4923 ejus
596 4854 646 4906 in
673 4852 872 4907 mundo
897 4867 1156 4921 corporeo
1187 4861 1433 4922 tanquam
1466 4854 1514 4906 in
1543 4855 1745 4908 semine
1770 4872 1859 4909 ra-

284 4949 386 5001 tio:
415 4963 482 5001 ne
514 4961 829 5016 cogeremur
865 4953 1049 4999 contra
1079 4946 1237 4999 verba
1267 4947 1550 5015 Scriptura:
1577 4956 1667 5000 aut
1705 4959 1859 5003 sexto

285 5040 363 5095 die
390 5051 556 5094 tounn
576 5041 767 5092 factum
792 5038 989 5102 dicere,
1013 5037 1063 5090 id
1088 5049 1190 5103 est,
1210 5046 1261 5091 et
1285 5038 1349 5092 de
1369 5039 1491 5092 litno
1507 5039 1697 5105 virum,
1721 5051 1772 5095 et
1792 5041 1860 5098 de

286 5136 391 5201 ejus
416 5134 586 5188 latere
619 5132 901 5191 feminam;
937 5139 1025 5184 aut
1054 5133 1103 5184 in
1129 5132 1229 5185 illis
1260 5148 1351 5186 sex
1378 5133 1582 5187 dierum
1610 5137 1858 5205 operibus

287 5230 421 5282 nullo
450 5227 614 5281 modo
651 5242 771 5281 esse
821 5224 1015 5279 factum
1048 5225 1351 5294 hominem;
1385 5238 1471 5281 aut
1497 5230 1733 5299 corporis
1762 5230 1858 5285 hu-

286 5324 413 5377 mani
439 5321 709 5377 cansalem
736 5321 997 5375 rationem
1030 5320 1391 5373 tantummodo
1417 5321 1603 5376 factam
1622 5366 1636 5389 ,
1667 5326 1857 5380 animae

287 5428 449 5470 autem
480 5415 699 5477 nullam,
731 5428 851 5465 cum
888 5412 1059 5480 potius
1089 5413 1378 5467 secundum
1411 5413 1575 5484 ipsam
1608 5416 1675 5469 sit
1696 5416 1856 5473 homo

288 5511 344 5560 ad
383 5509 665 5578 imaginem
719 5505 811 5559 Dei
843 5522 854 5554 :
898 5514 987 5560 aut
1010 5514 1152 5559 certe
1181 5506 1282 5560 etsi
1328 5524 1430 5560 non
1469 5519 1652 5563 contra
1695 5511 1855 5565 verba

290 5598 561 5669 Scriptura?
588 5609 777 5671 aperte
806 5598 1006 5666 posita,
1040 5607 1214 5652 tamen
1256 5597 1388 5653 dure
1420 5608 1580 5669 atque
1608 5599 1855 5655 intolera-

292 5692 451 5748 biliter
479 5694 814 5756 diceremus,
849 5690 930 5744 vel
962 5691 1012 5744 in
1047 5704 1108 5744 ea
1135 5699 1374 5745 creatura
1412 5691 1669 5761 spirituali
1692 5732 1706 5755 ,
1737 5707 1854 5763 qua:

291 5786 348 5841 ad
373 5786 471 5844 hoc
513 5783 886 5843 tantummodo
910 5791 1085 5841 creata
1109 5793 1286 5853 esset,
1324 5781 1518 5840 factam
1545 5782 1711 5841 fuisse
1737 5786 1852 5841 ani-

1598 311 1801 369 LIBER
1838 307 2153 370 DECIMUS.

3453 332 3562 394 M0

1978 443 2079 481 nuc
2124 426 2370 483 humanae
2406 429 2699 500 rationem,
2744 448 2863 488 cum
2894 434 3007 509 ipsa
3048 445 3324 505 creatura,
3371 441 3423 496 in
3455 461 3557 514 qua

1976 517 2073 572 ista
2102 521 2236 574 ratio
2279 520 2411 576 facta
2453 522 2750 587 diceretur,
2796 544 2897 581 non
2951 545 3456 590 commemoraretur
3506 540 3556 594 in

1975 613 2222 680 operibus
2243 614 2332 669 Dei
2356 632 2369 679 ;
2396 618 2474 670 vel
2499 618 2548 670 in
2572 619 2744 686 aliqua
2772 632 3168 693 creatura,th
3190 627 3240 679 in
3274 628 3377 681 illis
3409 645 3560 684 com.

1974 712 2643 778 memorareturoperibus,
2678 712 2863 767 factam
2889 717 3145 771 rationein
3170 721 3382 787 anima‘,
3411 727 3551 778 velut

1975 797 2025 851 in
2044 797 2346 855 hominibus
2358 803 2444 871 qui
2456 802 2564 872 jam
2584 816 2725 870 sunt,
2745 805 2877 860 facta
2898 811 3027 861 ratio
3045 811 3056 839 ¹
3080 810 3203 865 latet
3223 816 3556 881 generando-

1972 906 2089 945 rum
2120 892 2345 947 filiorum
2378 911 2391 948 :
2422 910 2483 949 ac
2511 897 2587 949 sic
2609 912 2724 950 eam
2764 899 2841 951 vel
2874 900 3189 969 Angelorum
3217 904 3374 957 filiam
3394 947 3410 971 ,
3444 908 3547 973 vel,

1973 984 2112 1054 quod
2130 994 2213 1040 est
2236 987 2641 1055 intolerabilius,
2673 990 2897 1060 alicujus
2919 992 3420 1065 clementicorporei
3436 1014 3554 1054 cre-

1972 1074 2241 1131 deremus.

2042 1166 2269 1224 CAPUT
2310 1169 2397 1224 111.
2414 1199 2486 1212 —-—
2513 1170 2737 1244 Originis
2759 1174 3044 1229 animarum
3070 1178 3254 1247 triplex
3282 1181 3480 1235 modus.

2039 1263 2095 1316 4.
2138 1262 2242 1318 Sed
2269 1280 2410 1318 nunc
2440 1271 2482 1319 si
2505 1266 2575 1319 ob
2596 1266 2696 1323 hoc
2728 1270 2917 1324 mulier
2947 1287 3049 1325 non
3077 1272 3143 1327 de
3172 1275 3317 1338 viro,
3351 1277 3441 1330 sed
3483 1276 3554 1330 si-

1970 1354 2166 1409 militer
2190 1364 2247 1409 ut
2278 1357 2366 1411 ille
2384 1398 2399 1422 ,
2424 1372 2453 1410 a
2487 1357 2596 1411 Deo
2638 1358 2828 1414 factam
2856 1362 3085 1417 animam
3112 1366 3367 1420 asseritur
3397 1383 3553 1423 acce-

1972 1446 2113 1515 pisse
2134 1489 2149 1511 ,
2182 1449 2303 1517 quia
2331 1450 2565 1519 singulas
2600 1450 2820 1518 singulis
2848 1453 2983 1509 Deus
3014 1455 3159 1522 facit,
3193 1473 3296 1512 non
3332 1468 3447 1513 erat
3477 1459 3555 1514 fa-

1970 1548 2051 1590 cta
2096 1537 2147 1591 in
2190 1538 2293 1592 illis
2341 1541 2524 1609 primis
2553 1543 2803 1609 operibus
2852 1545 3028 1600 anima
3076 1548 3328 1602 feminm:
3374 1558 3464 1603 aut
3508 1551 3553 1606 si

1968 1629 2229 1696 generalis
2254 1632 2489 1684 omnium
2518 1632 2812 1687 animarum
2841 1636 2975 1687 ratio
3005 1634 3139 1690 facta
3164 1637 3335 1693 fuerat
3354 1681 3368 1705 ,
3412 1640 3553 1696 sicut

1969 1717 2020 1771 in
2049 1718 2353 1773 hominibus
2376 1723 2510 1775 ratio
2553 1724 2833 1794 gignendi,
2880 1726 3085 1780 reditur
3113 1727 3176 1781 ad
3208 1729 3330 1782 illud
3356 1730 3547 1785 durum

1968 1827 2029 1865 ac
2055 1811 2333 1865 molestum
2359 1854 2373 1879 ,
2407 1824 2461 1866 ut
2486 1814 2566 1868 vel
2600 1799 2922 1885 Angelorum
2944 1859 2957 1881 ,
2992 1819 3096 1883 vel,
3128 1820 3266 1888 quod
3295 1821 3553 1890 indignis-

1968 1902 2161 1956 simum
2191 1912 2305 1966 est,
2335 1904 2455 1959 cmli
2486 1908 2760 1974 corporei,
2802 1908 2886 1962 vel
2911 1910 3133 1977 alicujus
3159 1911 3317 1964 etiam
3341 1912 3556 1965 inferio-

1966 1993 2041 2047 ris
2062 1994 2310 2048 clementi
2336 1995 2467 2050 filias
2494 1997 2697 2053 animas
2738 1998 3013 2054 hominum
3039 2016 3160 2056 esse
3179 2002 3436 2057 dicamus.
3477 2006 3556 2061 Ac

1968 2102 2061 2154 per
2088 2086 2186 2141 hoc
2210 2086 2493 2142 videndum
2520 2101 2632 2156 est,
2665 2092 2763 2145 etsi
2793 2092 2920 2145 latet
2949 2093 3073 2163 quid
3111 2097 3406 2164 verumsit,
3430 2097 3555 2165 quid

1967 2180 2151 2234 saltem
2181 2181 2512 2237 tolerabilius
2533 2182 2635 2236 dici
2658 2184 2825 2253 possit
2855 2203 2869 2239 :
2902 2195 3076 2239 utrum
3109 2186 3211 2241 hoc
3231 2188 3369 2256 quod
3397 2189 3555 2244 modo

1964 2270 2104 2338 dixi,
2134 2288 2201 2326 an
2230 2272 2283 2326 in
2330 2273 2432 2326 illis
2463 2274 2646 2343 primis
2693 2276 2784 2329 Dei
2812 2278 3065 2345 Operihus
3114 2295 3271 2333 unam
3320 2282 3551 2336 animam

1965 2364 2118 2433 primi
2147 2363 2378 2419 hominis
2399 2364 2588 2419 factam
2606 2409 2621 2433 ,
2649 2367 2715 2421 de
2740 2369 2891 2437 cujus
2919 2372 3208 2440 propagine
3233 2387 3420 2427 omnes
3447 2373 3546 2428 ho-

1967 2455 2167 2509 minum
2194 2457 2383 2510 anima:
2410 2468 2717 2512 crearentur
2741 2477 2756 2523 ;
2809 2476 2874 2514 an
2908 2478 3072 2516 novas
3097 2463 3322 2518 subinde
3349 2467 3551 2524 animas

1966 2545 2078 2601 fieri
2098 2589 2113 2613 ,
2142 2563 2364 2617 quarum
2400 2549 2541 2602 nulla
2562 2550 2643 2603 vel
2676 2552 2810 2604 ratio
2840 2550 2974 2606 facta
2999 2556 3332 2622 praecesserit
3360 2557 3410 2609 in
3444 2558 3550 2627 pri-

1963 2639 2063 2692 mis
2086 2639 2188 2692 illis
2208 2653 2299 2693 sex
2328 2638 2531 2693 dierum
2554 2628 2805 2709 operibus
2828 2643 2940 2697 Dei.
2973 2644 3169 2698 llorum
3190 2655 3365 2700 autem
3391 2649 3549 2703 trium

1963 2729 2068 2784 duo
2110 2730 2286 2799 priora
2315 2746 2421 2784 non
2451 2741 2747 2801 repugnant
2771 2734 2961 2802 primis
2992 2735 3096 2789 illis
3123 2737 3545 2806 conditionibus,

1963 2823 2052 2877 ubi
2105 2823 2263 2877 simul
2290 2824 2467 2878 omnia
2512 2833 2687 2879 creata
2733 2835 2877 2881 sunt.
2930 2825 3053 2882 Sive
3082 2828 3222 2882 enim
3275 2830 3325 2884 in
3372 2830 3548 2898 aliqua

1966 2925 2208 2968 creatura
2242 2923 2487 2984 tanquam
2512 2915 2564 2969 in
2595 2927 2812 2985 parente
2832 2919 2968 2973 ratio
2987 2920 3180 2975 animae
3206 2919 3340 2975 facta
3366 2922 3464 2987 sit,
3492 2931 3551 2978 ut

1963 3021 2149 3061 omnes
2168 3006 2356 3059 animae
2380 3006 2447 3061 ab
2476 3006 2564 3061 illa
2584 3019 2903 3078 generentur
2919 3050 2935 3077 ,
2963 3026 2992 3064 a
3014 3011 3123 3066 Deo
3148 3021 3325 3067 autem
3351 3028 3541 3069 creen-

1964 3106 2075 3163 tur,
2108 3097 2320 3168 quando
2346 3100 2570 3169 singulis
2620 3100 2920 3156 hominibus
2966 3102 3185 3171 dantur,
3232 3104 3369 3159 sicut
3394 3121 3424 3158 a
3458 3120 3551 3175 pa-

1964 3188 2205 3243 rentibus
2242 3204 2466 3258 corpora
2491 3207 2505 3252 ;
2534 3191 2649 3245 sive
2680 3207 2785 3246 non
2819 3194 2952 3246 ratio
2973 3194 3165 3248 animae
3192 3196 3339 3250 velut
3363 3197 3414 3250 in
3458 3212 3551 3266 pa-

1962 3294 2113 3338 rente
2161 3283 2293 3337 ratio
2333 3283 2533 3353 prolis,
2569 3285 2661 3338 sed
2694 3286 2806 3354 ipsa
2836 3288 3052 3340 t'nnnino
3093 3303 3212 3342 cum
3258 3288 3424 3343 factus
3467 3300 3551 3345 est

1963 3373 2078 3428 dies
2118 3372 2251 3427 facta
2281 3374 2348 3428 sit
2374 3374 2546 3427 anima
2566 3414 2582 3439 ,
2632 3374 2769 3430 sicut
2800 3377 2911 3444 ipse
2937 3377 3085 3444 dies,
3114 3379 3247 3433 sicut
3275 3380 3468 3434 caelum
3494 3389 3551 3436 et

1963 3473 2140 3527 terra,
2187 3472 2241 3517 et
2293 3464 2568 3518 luminaria
2599 3466 2755 3528 caeli;
2788 3479 3141 3537 congruenter
3181 3471 3381 3529 dictum
3423 3480 3547 3545 εει,

1963 3554 2107 3609 Fecit
2135 3554 2273 3609 Deus
2301 3555 2551 3611 hominem
2577 3558 2645 3610 ad
2672 3559 2938 3629 imaginem
2958 3577 3124 3615 suam.

2034 3646 2086 3702 5.
2121 3646 2232 3701 Hoc
2249 3662 2374 3702 vero
2402 3649 2611 3702 tertium
2640 3650 2907 3719 quomodo
2935 3668 3038 3706 non
3068 3661 3328 3724 repugnet
3349 3654 3399 3710 ei
3419 3670 3548 3712 sen-

1964 3740 2144 3794 tentiae
2169 3755 2272 3807 qua
2303 3747 2356 3792 ct
2381 3749 2531 3793 sexto
2557 3740 2641 3795 die
2670 3741 2835 3797 factus
2864 3744 3118 3812 accipitur
3146 3746 3306 3801 homo
3323 3746 3389 3801 ad
3410 3746 3548 3803 ima-

1964 3831 2137 3897 ginem
2173 3830 2285 3894 Dei,
2316 3841 2367 3884 et
2394 3840 2510 3899 post
2538 3831 2678 3887 diem
2708 3835 2989 3902 septimum
3013 3836 3292 3892 visibiliter
3313 3848 3546 3908 creatus,

1966 3938 2072 3978 non
2103 3932 2207 3977 tam
2254 3922 2407 3977 facile
2452 3923 2619 3978 vuderi
2650 3935 2841 3994 potest.
2886 3925 3059 3981 Novas
3104 3928 3298 3999 quippe
3343 3931 3549 3987 animas

1966 4014 2079 4069 fieri
2106 4056 2119 4079 ,
2150 4029 2267 4083 quin
2296 4030 2467 4084 neque
2496 4015 2623 4085 ipsae
2646 4058 2659 4081 ,
2684 4032 2859 4086 neque
2885 4018 3023 4072 ratio
3051 4034 3232 4073 earum
3254 4062 3270 4087 ,
3299 4029 3549 4092 tanquam

1966 4106 2019 4160 in
2042 4115 2258 4175 parente.
2283 4107 2464 4174 prolis,
2499 4117 2650 4162 sexto
2680 4108 2771 4162 illo
2805 4109 2890 4163 die
2917 4109 3048 4164 facta
3070 4111 3140 4165 sit
3176 4127 3295 4166 cum
3316 4112 3396 4168 his
3420 4128 3551 4184 ope-

1964 4199 2131 4260 ribus,
2164 4213 2191 4250 a
2222 4199 2411 4265 quibus
2438 4201 2845 4265 consummatis,
2867 4210 2922 4256 et
2950 4202 3205 4257 inchoatis
3226 4205 3363 4259 Deus
3383 4207 3435 4260 in
3462 4207 3550 4264 die

1955 4291 2189 4359 septimo
2218 4292 2505 4357 requievit;
2529 4293 2571 4346 si
2603 4293 2909 4355 dixerimus,
2930 4294 3218 4349 cavendum
3235 4306 3315 4350 est
3339 4313 3408 4352 ne
3433 4297 3547 4353 fru-

1967 4393 2073 4438 stra
2105 4394 2212 4440 tam
2252 4387 2536 4455 diligenter
2573 4388 2841 4456 Scriptura
2872 4388 3210 4441 Commendet
3238 4402 3330 4442 sex
3358 4389 3549 4446 diebus

1966 4490 2362 4531 consummasse
2390 4477 2550 4529 Deum
2581 4478 2756 4529 omnia
2780 4493 2937 4546 opera
2966 4493 3081 4543 sua,
3114 4494 3231 4547 qute
3260 4479 3382 4535 fecit
3409 4481 3549 4539 bona

1967 4567 2142 4632 valde,
2172 4568 2214 4621 si
2244 4567 2448 4636 aliquas
2472 4567 2645 4620 adhuc
2673 4577 2887 4622 naturas
2907 4568 3077 4624 fuerat
3095 4579 3388 4640 creaturus,
3416 4589 3552 4645 quas

1967 4675 2064 4713 nec
2088 4661 2228 4729 ipsas
2272 4674 2368 4713 nec
2398 4674 2579 4713 earum
2633 4661 2701 4715 ibi
2746 4662 2979 4717 rationes
3010 4664 3290 4720 causaliter
3317 4667 3546 4725 fecerit:

1966 4753 2063 4807 nisi
2096 4752 2449 4822 intelligatur,
2475 4754 2732 4809 rationem
2759 4756 2970 4826 quidem
3007 4760 3311 4829 singillatim
3342 4764 3543 4819 facieuo

1964 4843 2148 4897 durum
2189 4844 2482 4897 animarum
2532 4848 2871 4901 nascentibus
2918 4851 3215 4921 quibusque
3252 4852 3546 4911 dandarum

1964 4936 2019 4989 in
2051 4935 2227 5004 seipso
2250 4935 2477 5003 habere,
2510 4952 2613 4991 non
2646 4938 2698 4991 in
2740 4950 2979 4995 creatura
3010 4943 3181 5012 aliqua
3204 4945 3543 5013 condidisse;

1964 5026 2059 5082 sed
2105 5026 2224 5097 quia
2265 5043 2368 5081 non
2401 5029 2617 5083 alterius
2655 5032 2866 5099 generis
2915 5044 3159 5089 creatura
3207 5046 3290 5091 est
3331 5038 3543 5105 anima,

1962 5133 2118 5186 quam
2149 5117 2285 5171 illius
2309 5118 2598 5174 secundum
2623 5137 2781 5188 quam
2802 5133 2951 5176 sexto
2978 5125 3063 5179 die
3085 5126 3253 5181 factus
3273 5137 3355 5182 est
3382 5130 3545 5185 homo

1962 5209 2030 5263 ad
2062 5210 2345 5280 imaginem
2380 5211 2499 5276 Dei,
2532 5228 2634 5266 non
2663 5222 2806 5267 recte
2836 5213 2937 5267 dici
2969 5217 2988 5246 ²
3023 5217 3183 5271 Deum
3212 5234 3326 5271 eam
3375 5222 3546 5277 facere

1962 5319 2134 5364 nunc,
2162 5319 2280 5373 qua:
2322 5314 2445 5359 tunc
2488 5322 2589 5357 non
2637 5308 3045 5361 consummavit.
3079 5308 3196 5362 Jam
3240 5311 3383 5364 enim
3419 5322 3545 5369 tunc

1960 5397 2189 5450 animam
2243 5395 2471 5457 fecerat,
2501 5397 2682 5464 quales
2710 5407 2765 5454 et
2808 5414 2947 5453 nunc
2998 5399 3154 5462 facit;
3210 5408 3264 5453 et
3289 5401 3407 5456 ideo
3437 5419 3544 5461 non

1960 5490 2169 5560 aliquod
2192 5506 2384 5544 novum
2411 5499 2663 5545 creatura:
2695 5508 2866 5561 genus
2897 5508 3034 5546 nunc
3064 5490 3216 5558 facit,
3248 5496 3387 5564 quod
3418 5507 3544 5557 tunc

1961 5584 2015 5638 in
2044 5585 2155 5638 suis
2185 5585 2568 5638 consummatis
2595 5586 2842 5652 operibus
2872 5602 2975 5639 non
3005 5586 3202 5641 creavit
3234 5606 3247 5642 :
3280 5604 3380 5645 nec
3404 5607 3537 5648 eone

2024 5677 2039 5707 ι
2066 5676 2179 5725 editi
2204 5689 2217 5725 :
2263 5674 2394 5743 Ifetut
2424 5674 2475 5743 in
2495 5674 2723 5743 omnibus,
2753 5676 2965 5743 quijam
2995 5684 3103 5729 sum
3124 5680 3258 5743 facti,
3285 5683 3425 5735 ratio.
3448 5692 3545 5742 Io-

1956 5733 2053 5805 lius
2068 5746 2200 5805 uss”
2224 5736 2346 5805 retu:
2367 5736 2417 5787 in
2448 5733 2817 5805 hominibusqqu
2826 5733 2934 5800 jam
2955 5747 3082 5805 sunt,
3096 5733 3407 5805 [πιᾶναιἱᾷ

2021 5799 2200 5862 'Editi,
2239 5798 2884 5863 dicimus;sedooncinnius
