4090 6464
318 524 388 581 id'
404 532 508 593 ex,
534 521 773 581 relate
799 530 868 581 ac
896 534 1175 581 renovare.
1202 525 1491 582 Sed‘etiam
1519 527 1619 582 hoc
1643 529 1685 583 si
1715 544 1819 583 non
1844 527 1912 583 de

318 619 510 690 gratia,
536 616 715 687 ih'qna
746 626 1087 684 renovamur,
1112 614 1297 673 sedd'e
1323 630 1531 682 natura,
1569 620 1620 672 in
1666 635 1766 690 qua
1820 634 1913 674 na-

318 710 542 775 scimur,
574 708 963 780 inteiﬁgamus,
1014 707 1087 763 ad
1126 720 1401 779 utramque
1445 711 1761 765 sententiam
1793 710 1911 765 duci

317 808 507 872 ροηδε
528 812 545 854 :‘
573 802 709 871 quiat
724 801 815 856 vel
838 812 1029 855 citima
1075 798 1164 856 illa
1204 802 1362 871 primi
1404 801 1647 856 hominis
1665 812 1912 873 tanquam

318 905 506 947 semen
536 894 737 947 anima!
752 898 1033 948 attractum
1065 893 1177 962 ipse
1203 893 1348 964 lingit
1375 894 1425 947 in
1452 896 1683 961 homine,
1710 895 1915 956 utvivi-

318 984 451 1039 ficet-
486 993 729 1056 corpus:
748 985 869 1039 sive
902 985 1143 1055 spiritum
1186 982 1336 1054 vitm,
1370 1000 1474 1040 non
1503 1002 1568 1042 ex
1599 982 1683 1042 illa
1722 1001 1913 1056 propa-

316 1079 440 1146 gine
460 1118 477 1144 ,
507 1078 601 1132 sed
631 1077 843 1132 aliunde
871 1079 1080 1149 corpori
1114 1079 1341 1134 infusum
1363 1122 1377 1147 ,
1412 1076 1525 1150 ipse
1555 1079 1736 1134 itidem
1767 1080 1923 1149 ﬁngit

317 1184 419 1242 per
445 1170 700 1227 mortalbs
729 1178 919 1228 sttusus
946 1174 1150 1237 carnis,
1187 1182 1247 1227 ut
1282 1176 1371 1228 tiat
1401 1173 1561 1228 homo
1602 1173 1653 1226 in
1682 1173 1913 1227 animam

315 1266 516 1319 vivam.

318 1354 557 1413 CJPUT'
577 1356 686 1411 VH.
701 1388 770 1397 —
790 1356 911 1412 [ΜΗ
934 1352 1160 1427 opinioni
1180 1350 1351 1427 faveat
1369 1354 1518 1424 illud,
1536 1352 1766 1414 S'ortitus
1795 1371 1910 1411 sum

821 1446 1051 1503 animam
1078 1449 1292 1514 bonum,
1322 1456 1415 1502 ett.

393 1536 482 1595 η’.
525 1538 657 1596 illud
688 1550 816 1596 sane
852 1536 919 1598 d’e
948 1538 1089 1596 libro
1109 1538 1424 1611 Sapientiae,
1449 1542 1537 1598 ubi
1565 1543 1664 1608 ait,
1691 1541 1913 1598 Sortitus

316 1626 431 1685 sum
451 1633 675 1685 animum
706 1634 906 1700 bonum,
929 1636 986 1688 ετ
1004 1644 1114 1686 cum
1142 1649 1297 1686 essent
1326 1635 1483 1704 magis
1509 1634 1686 1700 bonus,
1710 1637 1824 1690 veni
1846 1636 1914 1689 ad

316 1732 504 1792 corpus
538 1724 979 1793 incoinquinatum‘
1008 1722 1162 1796 (sup.
1189 1738 1304 1790 vni,
1340 1726 1427 1790 19‘,
1451 1726 1574 1796 “209;
1607 1727 1911 1798 diligentio-

315 1826 439 1869 rem'
462 1815 954 1871 considerationem
976 1812 1196 1886 ﬂagitat.
1227 1816 1388 1888 M‘agis
1418 1820 1559 1872 enim
1590 1816 1801 1874 videtur
1828 1828 1911 1873 at-

319 1911 509 1963 testari
536 1906 779 1989 epinioni
804 1922 907 1980 qua
936 1920 1051 1965 non
1071 1920 1135 1965 ex
1165 1926 1264 1965 una
1298 1908 1595 1983 propagari,
1626 1913 1725 1967 sed
1749 1912 1909 1967 d‘esu-

315 2015 414 2072 per
433 2001 630 2055 anima
650 2002 834 2056 venire
862 2002 1150 2056 creduntur
1174 2003 1238 2056 ad
1267 2016 1507 2073 corpora.
1531 2003 1908 2059 Verumtamen

317 2092 451 2163 quid
488 2101 602 2161 est,
647 2090 878 2149 Sortitus
903 2110 1015 2148 sum
1058 2095 1287 2148 animum
1315 2095 1547 2150 bonum?
1560 2096 1719 2165 quasi
1738 2106 1824 2150 aut
1857 2097 1908 2150 in

317 2181 410 2241 ilio
450 2178 757 2240 aniinar‘tnnr
792 2184 965 2252 fonte,
1004 2186 1048 2240 si
1095 2186 1241 2240 ullus
1276 2195 1388 2251 est,
1422 2187 1537 2239 alim
1580 2183 1686 2239 sint
1719 2188 1910 2241 ammte

317 2279 508 2347 bona,
544 2272 671 2335 alite
702 2288 806 2336 nun
848 2278 1027 2347 bonae,
1064 2291 1182 2352 quae
1225 2290 1368 2335 sorte
1411 2280 1637 2353 quadam
1684 2293 1906 2349 exeant,

318 2382 571 2445 quanam
597 2376 679 2429 cui
716 2370 919 2429 homini
951 2372 1241 2438 tribuatur;
1272 2380 1363 2428 aut
1387 2375 1517 2429 alias
1550 2371 1687 2429 Deus
1717 2374 1782 2429 ad
1812 2375 1908 2428 ho—

319 2478 441 2520 ram
466 2472 853 2535 conceptornm'
874 2467 955 2521 vel
998 2467 1329 2521 nascentium
1363 2462 1519 2520 faciat
1551 2467 1749 2533 bonas,
1783 2467 1911 2521 alias

318 2573 425 2613 non
452 2559 638 2625 bonas,
666 2575 887 2629 quarum
910 2560 1132 2629 quisque
1153 2559 1344 2613 haheat
1370 2570 1535 2628 sorte,
1560 2576 1678 2631 qua:
1702 2560 1911 2616 accide-

318 2646 408 2705 rit.
430 2646 623 2705 Mirum
647 2650 693 2704 si
720 2642 829 2705 hoc
844 2660 937 2705 eos
959 2650 1153 2705 sa‘ltem‘
1177 2648 1410 2719 adjuvat,
1443 2650 1539 2720 qui
1560 2650 1785 2705 credunt
1804 2652 1911 2705 ani-

318 2758 437 2798 mas
463 2743 589 2797 alibi
616 2742 782 2797 factas
801 2783 820 2811 ,
850 2738 1154 2814 singillatim
1182 2743 1315 2796 mitti
1341 2758 1370 2795 a
1402 2738 1513 2797 Deo
1542 2742 1761 2813 singulis
1788 2743 1910 2813 qui-

318 2835 536 2907 busque
555 2836 869 2906 corporibus
892 2836 1193 2902 hominum,
1225 2850 1287 2891 ac
1315 2850 1422 2889 non
1450 2834 1567 2888 illos
1597 2836 1789 2904 potius,
1822 2836 1908 2904 qui

317 2944 418 3001 pro
446 2931 652 2986 meritis
673 2938 914 3000 Operam,
938 2940 1055 3001 qncc
1086 2939 1209 2983 ante
1232 2942 1425 2999 corpus
1452 2936 1693 2999 egerunt,
1722 2930 1773 2982 in
1801 2941 1909 2982 cor-

319 3036 451 3096 pOra
492 3025 629 3080 mitti
664 3017 873 3079 animas
909 3020 1107 3079 dicunt.
1137 3021 1436 3078 Secundum
1465 3021 1589 3093 quid
1620 3021 1762 3076 enim
1789 3021 1909 3076 alite

319 3116 474 3172 bona
494 3159 508 3181 ,
538 3116 661 3171 alite
687 3128 790 3171 non
818 3112 970 3171 boum
1004 3118 1186 3171 venire
1215 3114 1285 3169 ad
1305 3128 1526 3184 corpora
1559 3123 1779 3184 possunt
1810 3129 1907 3183 pu-

320 3207 439 3271 tari,
461 3208 565 3264 nisi
589 3208 879 3264 secundum
903 3220 1063 3278 opera
1092 3222 1184 3262 sua
1200 3205 1225 3261 ?
1244 3206 1425 3277 Neque
1445 3207 1584 3262 enim
1617 3205 1908 3261 secundum

318 3312 586 3369 naturam,
616 3305 666 3359 in
693 3314 793 3373 qua”
824 3303 955 3357 ﬁunt
978 3304 1045 3356 ab
1072 3300 1164 3356 il'lo
1187 3301 1275 3371 qui
1297 3316 1481 3355 omnes
1507 3308 1721 3354 naturas
1744 3298 1909 3353 bonas

318 3398 466 3453 facit.
488 3396 592 3453 Sed
619 3397 757 3452 absit
786 3403 840 3449 ut
869 3394 1300 3449 contradicamus
1328 3393 1615 3461 Apostolo,
1654 3392 1740 3462 qui
1782 3391 1909 3446 dicit

317 3489 555 3545 nondum
584 3497 735 3542 natos
760 3488 891 3541 nihil
919 3488 1092 3557 egisse
1113 3478 1241 3539 boni
1269 3493 1360 3539 aut
1380 3482 1688 3550 mali,,und’e
1712 3485 1906 3537 contir-

316 3592 429 3637 mat
458 3588 563 3635 non
594 3579 834 3650 potuisse
870 3588 934 3633 ex
975 3578 1225 3648 operibus
1255 3570 1390 3637 diei,
1432 3576 1527 3630 sed
1556 3586 1621 3630 ex
1647 3586 1905 3641 vocante,

319 3666 495 3745 Major
523 3674 699 3727 serviet
725 3671 1083 3735 mimrhenm
1110 3670 1176 3723 de
1202 3669 1429 3740 geminis
1450 3676 1631 3738 ageret
1657 3663 1827 3722 adhuc
1856 3668 1907 3722 in

318 3766 578 3822 Rebeccae
609 3775 761 3820 utero
784 3765 1087 3819 constitutis
1118 3762 1140 3835 (
1166 3756 1315 3816 Rom.
1342 3778 1413 3827 ix,
1447 3759 1611 3816 ~l0-l3
1638 3756 1678 3832 ἲ.
1704 3758 1905 3831 Seque-

319 3862 553 3914 stremns
579 3868 706 3927 ergo
737 3856 1008 3926 paululum
1046 3855 1146 3909 hoc
1176 3855 1242 3908 de
1273 3854 1407 3909 libro
1437 3854 1718 3924 Sapientia:
1759 3852 1905 3907 testi-

317 3950 557 4007 monium
590 3960 805 4020 :neque
851 3950 990 4004 enim
1034 3941 1333 4017 negligele
1378 3955 1521 4011 sunt,
1565 3960 1661 4001 seu
1705 3952 1905 4014 errent,

318 4054 415 4101 seti
443 4054 625 4098 veram
656 4038 885 4112 sapiant,
916 4042 1003 4111 qui
1037 4039 1138 4094 hoc
1167 4036 1466 4109 specialiter
1491 4047 1544 4092 et
1575 4036 1910 4107 singulariter

292 4130 386 4193 “de
424 4138 599 4191 anima
634 4136 721 4189 illa
757 4128 955 4189 dictum
994 4142 1179 4203 putant
1209 4132 1517 4186 mediatoris
1540 4128 1629 4184 Dei
1658 4137 1711 4183 et
1738 4129 1906 4184 homi-

320 4243 448 4286 num
487 4228 724 4283 hominis
761 4226 959 4281 Christi
993 4226 1139 4280 Jesu.
1165 4220 1338 4291 Quod,
1378 4225 1421 4277 si
1462 4237 1681 4278 necesse
1732 4223 1905 4285 luerit,

321 4321 477 4393 quale
512 4321 582 4374 sit
613 4322 793 4389 postea
832 4310 1306 4381 considerabimus,
1332 4322 1386 4368 ut
1415 4317 1457 4368 si
1479 4315 1691 4368 Christo
1716 4329 1931 4387 conveg

322 4414 437 4468 nire
460 4422 567 4466 non
590 4408 850 4479 potuerit,
879 4416 1180 4478 qureramus
1213 4404 1655 4475 quemadmodum
1692 4405 1740 4458 id
1769 4404 1907 4459 acci-

323 4520 455 4578 pere
508 4494 834 4566 debeamus,
886 4513 953 4556 ne
1006 4507 1191 4555 cmttra
1243 4496 1588 4568 apostolicam
1639 4496 1908 4552 veniamus

324 4591 505 4662 ﬁderit,
542 4603 789 4666 putantes
813 4594 1008 4649 habere
1035 4594 1241 4647 animas
1272 4593 1442 4661 aliqua
1476 4594 1659 4647 merita
1686 4604 1911 4662 operum

324 4700 566 4755 suorum,
594 4691 896 4759 priusquam
930 4687 1183 4756 incipiant
1209 4686 1258 4738 in
1282 4684 1596 4754 corporibus
1617 4686 1811 4740 vivere.

326 4781 550 4840 CAPUT
579 4776 711 4838 Vill.
737 4811 809 4822 —
841 4772 1023 4834 Neutrt'
1056 4774 1312 4834 sententia:
1342 4779 1597 4833 adversari
1622 4776 1779 4847 illud,
1804 4776 1911 4833 Au-

838 4870 980 4927 feres
1003 4871 1265 4941 spiritum,
1285 4879 1378 4925 etc.

396 4962 484 5023 i3.
526 4960 677 5021 Nunc
721 4958 849 5019 lllud
892 4962 1188 5027 videamus,
1228 4959 1672 5031 quemadmodum
1710 4957 1909 5016 dictum

327 5059 414 5123 sit,
437 5054 652 5130 Auferes
679 5050 912 5125 spiritum
938 5066 1107 5107 eorum
1128 5096 1140 5116 ,
1165 5062 1213 5106 et
1241 5053 1497 5121 deﬁcient,
1520 5051 1637 5105 etin
1661 5051 1911 5123 pulverem

326 5158 471 5204 suum
501 5156 867 5202 convertentur.
895 5140 1105 5198 Emitte:
1135 5138 1367 5213 spiritum
1397 5148 1563 5208 tuum,
1595 5152 1643 5197 et
1666 5142 1910 5198 creaban-

330 5251 444 5309 tur;
468 5250 515 5295 et
539 5235 801 5294 irinovaln's'
819 5234 1000 5309 faciem
1024 5242 1170 5290 terra:
1193 5230 1371 5309 (Paul.
1401 5249 1511 5301 cm,
1535 5234 1625 5298 29,
1654 5234 1779 5306 30).
1808 5232 1910 5290 Pro

327 5333 430 5390 illis
456 5334 601 5389 enim
630 5335 717 5403 qui
756 5330 1078 5387 arbitrantur
1105 5329 1309 5383 animus
1337 5340 1401 5383 ex
1443 5328 1747 5398 parentibus
1776 5329 1911 5384 sicut

326 5438 548 5499 corpora
578 5424 772 5491 ere-ari,
797 5426 897 5479 hoc
920 5420 1131 5478 videtur
1151 5432 1365 5488 sonare,
1398 5434 1515 5475 cum
1548 5422 1624 5477 sic
1655 5422 1913 5494 intelliga-

329 5533 447 5591 tur,
479 5529 538 5576 ut
575 5521 818 5592 Spiritum
849 5534 1032 5573 eorum
1075 5526 1352 5587 pr0pterea
1384 5516 1595 5581 dixerit,
1618 5518 1762 5586 quod
1790 5533 1909 5572 eum

328 5615 573 5669 homines
620 5622 688 5669 ex
734 5610 1037 5667 hominibus
1084 5604 1425 5678 acceperint:
1457 5605 1543 5675 qui
1572 5622 1691 5661 cum
1719 5610 1911 5663 mortui

327 5707 545 5773 fuerint,
573 5718 677 5761 non
705 5706 783 5759 eis
811 5704 1002 5775 poterit
1027 5696 1096 5757 ab
1124 5694 1425 5755 hominibus
1455 5693 1626 5765 reddi,
1651 5708 1706 5753 ut
1732 5714 1914 5756 resura

326 5810 482 5872 μιῆς
517 5799 637 5870 quia
683 5808 787 5852 non
829 5806 1046 5863 rurstts,
1091 5788 1538 5865 quentadmodum
1570 5786 1778 5861 quando
1805 5790 1913 5849 nati

328 5900 472 5961 sunt,
496 5900 528 5948 ι
556 5890 865 5964 parentibus
889 5886 1121 5957 ducitur,
1150 5880 1250 5943 sed
1274 5876 1418 5942 Deus
1444 5889 1568 5942 eum
1588 5878 1793 5954 reddet,
1817 5882 1912 5958 qui

1610 409 1821 468 [LIBER'
1847 408 2159 473 DECIMUS.

3500 440 3607 497 6M

2017 534 2300 593 resuscitat
2317 547 2559 597 mortuos
2570 541 2641 614 (Il
2652 543 2892 601 Hac/tab.
2902 562 2999 614 .vn,
3013 546 3127 623 2'5).
3141 548 3219 607 Ac
3234 567 3331 623 per
3339 551 3443 610 hoc
3459 569 3608 610 eum-

2021 626 2140 683 dem
2170 632 2413 701 spiritum
2444 635 2583 693 dixit
2609 653 2795 695 eorum
2824 656 2945 698 cum
2973 644 3290 709 moriuntur,
3315 646 3408 702 Dei
3428 657 3604 705 autem

2022 734 2142 775 eum
2175 735 2477 795 resurgunt.
2506 728 2655 794 Quod
2684 743 2908 800 possunt
2936 733 3039 800 illi,
3064 735 3153 807 qui
3181 751 3288 791 non
3313 753 3603 808 creparen-

2022 810 2182 879 tibus,
2212 815 2303 870 sed
2328 816 2436 871 Deo
2466 819 2707 876 mittente
2727 862 2739 885 ,
2764 824 2966 879 animas
2991 827 3172 883 venire
3199 838 3477 895 asserunt,
3507 845 3605 899 pro

2020 916 2113 955 sua
2136 906 2385 974 opinione
2412 909 2487 962 sic
2516 911 2915 981 intelligere,ut
2941 931 3123 970 eorum
3146 918 3339 973 dixerit
3361 918 3602 989 spiritum

2020 1008 2140 1047 cum
2183 998 2510 1065 moriuntur,
2547 1003 2667 1071 quia
2710 1003 2759 1057 in
2791 1005 2868 1059 eis
2898 1015 3030 1073 erat,
3058 1016 3113 1063 et
3143 1010 3209 1062 ab
3237 1010 3315 1066 eis
3339 1012 3480 1075 exit;
3511 1011 3603 1065 Dei

2020 1093 2195 1138 autem
2224 1102 2341 1143 eum
2370 1103 2680 1162 resurgunt,
2709 1096 2849 1166 quod
2879 1098 2947 1151 ab
2978 1098 3093 1169 ipso
3122 1103 3367 1169 mittitur,
3394 1104 3460 1157 ab
3490 1104 3619 1175 ipso,

2018 1175 2258 1233 redditur
2284 1198 2295 1233 :
2323 1184 2543 1251 proinde
2574 1186 2673 1242 hoc
2697 1189 2855 1245 etiam
2890 1192 3249 1247 testimonium
3280 1196 3481 1249 neutris
3514 1210 3605 1251 e0-

2017 1284 2135 1323 rum
2164 1270 2494 1328 adversatur.

2093 1364 2180 1417 T41
2222 1363 2335 1436 Ego
2378 1383 2506 1423 vero
2531 1368 2762 1425 arbitror
2788 1370 2977 1425 melius
3014 1374 3226 1444 intelligi
3268 1375 3367 1428 hor.
3407 1376 3601 1430 dictum

2017 1454 2085 1512 de
2110 1460 2272 1527 gratia
2300 1458 2412 1527 Dei,
2445 1477 2546 1531 qua
2579 1463 2797 1518 interius
2823 1480 3160 1520 renovantur.
3185 1468 3427 1520 Omnium
3460 1468 3600 1522 enim

2018 1552 2363 1623 superborum
2387 1556 2677 1611 secundum
2704 1568 2968 1613 terrenum
3000 1562 3262 1613 hominem
3292 1562 3600 1627 viventium,

2017 1654 2071 1698 et
2100 1644 2165 1698 de
2202 1662 2295 1700 sua
2326 1647 2558 1704 vanitate
2588 1651 3042 1718 prtesumentimn,
3093 1651 3479 1718 quodammodo
3510 1667 3599 1707 au-

2017 1734 2183 1790 fertur
2209 1739 2424 1807 Spiritus
2466 1741 2728 1809 pr0prius,
2770 1758 2889 1795 cum
2918 1753 3115 1795 exuunt
3146 1758 3202 1794 Se
3238 1757 3468 1798 veterem
3504 1744 3599 1795 lto-

2015 1829 2234 1893 minem,
2260 1838 2313 1882 et
2345 1829 2698 1898 inlirmantur,
2727 1841 2779 1885 ut
2809 1834 3145 1901 pCl‘ilCiullllll'
3171 1836 3385 1903 expulsa
3418 1849 3602 1902 super-

2015 1918 2123 1987 hia,
2148 1920 2386 1975 dicentes
2416 1923 2637 1976 Domino
2664 1938 2758 1992 per
2787 1925 3033 1977 humilem
3062 1925 3467 1987 confessionem,
3495 1924 3604 1978 Me-

2015 2014 2218 2066 mento‘
2255 2014 2371 2083 quia
2412 2013 2574 2084 pulvis
2608 2032 2780 2068 sumus
2820 2013 2986 2085 (Paul.
3020 2032 3109 2077 un,
3141 2018 3224 2086 Μ)
3254 2035 3263 2069 :
3293 2018 3484 2087 quibus
3519 2018 3604 2071 di-

2014 2113 2156 2158 ctum
2194 2113 2327 2170 erat,
2367 2106 2501 2169 Quid
2530 2108 2749 2176 superbit
2780 2118 2911 2161 terra
2942 2118 2986 2161 et
3022 2110 3144 2161 cinis
3178 2109 3360 2175 (lfccli.
3402 2127 3457 2175 Χ,
3489 2111 3521 2165 9
3544 2108 3604 2182 )‘l

2015 2196 2120 2252 Per
2148 2198 2359 2252 oculum
2388 2200 2581 2269 quippe
2608 2201 2725 2254 ﬁdei
2759 2211 3074 2255 contuentes
3118 2202 3207 2256 Dei
3236 2203 3512 2271 jttSlitiam,
3552 2215 3606 2257 ιιι

2014 2304 2121 2345 non
2156 2290 2320 2345 velint
2345 2286 2670 2347 constimere
2701 2309 2848 2346 suam
2882 2294 3055 2364 (Rom.
3080 2311 3134 2359 χ,
3165 2294 3255 2366 5).
3290 2299 3606 2367 semetipsos

2015 2380 2333 2452 despiciunt,
2379 2384 2514 2439 sicut
2556 2383 2657 2439 Job
2687 2385 2834 2451 dicit,
2871 2397 2923 2440 et
2952 2385 3334 2449 distabescunt,
3377 2397 3427 2442 et
3464 2390 3607 2442 testi-

2016 2485 2163 2527 tnunt
2192 2490 2249 2529 se
2276 2491 2468 2529 terram
2499 2485 2552 2529 et
2578 2477 2811 2532 cinerem
2844 2495 2854 2530 :
2889 2477 2989 2531 hoc
3019 2490 3102 2532 est
3131 2478 3294 2541 enim,
3331 2476 3395 2531 Et
3416 2480 3468 2532 in
3490 2479 3605 2550 pul-

2014 2580 2175 2619 verem
2205 2584 2350 2620 suum
2385 2577 2751 2623 convertentur.
2796 2569 3027 2638 Accepto
3055 2575 3230 2623 autem
3261 2569 3459 2639 Spiritu
3488 2570 3603 2636 Dei,

2015 2658 2239 2714 dicunt:
2281 2658 2400 2714 Vivo
2431 2670 2596 2715 autem
2633 2662 2746 2732 jam
2782 2678 2880 2714 non
2922 2678 3031 2732 ego,
3078 2663 3193 2714 vivit
3227 2672 3392 2715 autem
3434 2664 3485 2716 in
3529 2679 3608 2716 me

2018 2745 2242 2803 Christus
2269 2748 2465 2818 (Gulht.
2491 2767 2548 2816 ιι,
2568 2751 2679 2821 20).
2710 2750 2797 2807 Sic
2825 2754 3104 2807 innovatur
3126 2751 3285 2808 facies
3314 2763 3488 2818 terrae,
3516 2768 3620 2823 pct-

2015 2840 2146 2896 Novi
2174 2839 2503 2898 Testameuti
2524 2846 2770 2914 gratiam,
2793 2845 3177 2901 numerositate
3204 2855 3531 2900 sanctorum.

2015 2930 2247 2989 CAPUT
2279 2932 2371 2989 IX.
2397 2966 2468 2975 —
2496 2935 2622 2990 Item
2660 2937 2808 2999 illml',
2841 2938 2901 2991 Et
2931 2947 3290 3005 convertatur,
3330 2948 3451 3004 etc.,
3479 2938 3610 2991 inter

2367 3037 2628 3096 utramque
2652 3029 2937 3098 opinionem
2964 3030 3247 3084 consistere.

2088 3119 2176 3174 15.
2219 3118 2348 3173 Illud
2387 3121 2545 3173 etiam
2584 3121 2725 3190 quod
2766 3122 2907 3189 apud
2948 3122 3303 3176 Ecclesiasten
3348 3123 3603 3193 scriptum

2014 3219 2117 3277 est,
2150 3205 2229 3264 Et
2253 3222 2567 3265 convertatur
2589 3214 2751 3283 pulvis
2776 3214 2826 3266 in
2853 3224 3055 3275 terram,
3086 3215 3215 3267 sicut
3237 3215 3351 3285 fuit,
3382 3224 3439 3268 et
3454 3215 3604 3285 spiri-

2015 3313 2093 3357 tus
2121 3314 2399 3358 revertatur
2443 3304 2511 3357 ad
2541 3304 2703 3358 Deum
2732 3306 2816 3375 qui
2854 3304 2991 3358 dedit
3028 3323 3140 3359 eum
3167 3306 3361 3377 (Eccle.
3393 3323 3488 3372 χιι,
3519 3307 3599 3378 7),
3693 3304 3697 3308 λ

2014 3397 2187 3451 neutri
2214 3397 2495 3451 sententiae
2521 3406 2705 3451 contra
2730 3398 2955 3452 alteram
2980 3397 3318 3467 suffragatur,
3349 3398 3449 3465 sed
3465 3399 3603 3452 inter

2013 3496 2297 3559 utramque
2326 3491 2590 3544 consistit.
2621 3490 2752 3544 Com
2782 3491 2923 3545 enim
2951 3491 3037 3544 isti
3068 3489 3297 3544 dixerint
3326 3491 3449 3545 hinc
3479 3506 3604 3561 pro-

2013 3580 2124 3635 bari
2157 3595 2261 3634 non
2288 3595 2317 3633 a
2347 3581 2675 3649 parentibus,
2712 3581 2806 3637 sed
2837 3597 2866 3635 a
2899 3583 3004 3635 Deo
3035 3583 3264 3635 animam
3296 3582 3431 3649 dari,
3463 3583 3613 3652 q‘uod’

2014 3684 2274 3725 converso
2304 3671 2523 3742 pulvere
2553 3672 2603 3725 in
2644 3680 2840 3726 terram
2869 3688 3040 3738 suam,
3073 3672 3123 3726 id
3162 3682 3246 3727 est
3274 3688 3454 3741 carne,
3482 3689 3601 3744 qua:

2013 3766 2079 3820 de
2118 3766 2336 3834 pulvere
2367 3764 2502 3819 facta
2533 3774 2632 3829 est,
2663 3775 2960 3820 revertetur
2988 3766 3205 3835 spiritus
3233 3767 3303 3821 ad
3324 3767 3487 3821 D’eum
3514 3768 3610 3837 qui

2013 3856 2160 3913 dedit
2205 3859 2392 3923 illum;
2442 3858 2767 3929 reSpoudent
2814 3859 2931 3914 illi:
2964 3859 3156 3931 Utique
3196 3861 3263 3916 ita
3302 3870 3401 3917 est.
3446 3863 3606 3918 Redit

2013 3951 2156 4005 euim
2185 3950 2403 4021 spiritus
2431 3950 2496 4003 ad
2525 3950 2712 4019 Deum,
2744 3951 2833 4021 qui
2861 3967 2982 4006 eum
3003 3951 3149 4008 dedit
3177 3954 3376 4008 homini
3407 3956 3601 4026 primo,

2013 4044 2227 4116 quando
2263 4045 2314 4098 in
2340 4044 2455 4115 ejus
2484 4042 2677 4099 faciem
2720 4045 2951 4100 sufﬂavit
2973 4045 3125 4116 (Gen.
3152 4062 3208 4111 ιι,
3238 4045 3314 4120 7),
3346 4062 3605 4103 converso

2014 4138 2257 4207 pulvere,
2282 4136 2333 4190 id
2361 4146 2442 4191 est
2466 4136 2698 4191 humano
2718 4153 2964 4209 corpore,
2998 4140 3048 4192 in
3077 4150 3293 4205 terram,
3326 4141 3465 4195 unde
3495 4143 3603 4211 pri-

2015 4230 2176 4285 mitus
2204 4229 2398 4284 factum
2434 4241 2515 4285 est
2543 4229 2653 4302 (Id.
2685 4247 2761 4295 ιιι,
2793 4230 2902 4302 19).
2933 4231 3115 4303 Neque
3139 4233 3279 4288 enim
3313 4233 3381 4287 ad
3407 4250 3604 4303 paren-

2014 4334 2095 4378 tes
2127 4332 2241 4377 erat
2276 4312 2496 4393 spiritus
2531 4324 2819 4391 rediturus,
2852 4328 3097 4396 quamvis
3129 4326 3251 4379 inde
3289 4326 3357 4380 sit
3394 4336 3605 4382 creatus

2014 4430 2079 4470 ex
2103 4414 2193 4469 illo
2222 4430 2326 4469 uno
2348 4416 2436 4485 qui
2465 4414 2667 4469 homini
2700 4417 2868 4486 primo
2896 4417 3050 4472 datus
3071 4426 3151 4471 est
3174 4433 3189 4481 ;
3216 4418 3352 4471 sicut
3374 4434 3470 4473 nec
3491 4421 3603 4488 ipsa

2013 4520 2137 4560 caro
2188 4512 2305 4576 post
2338 4514 2562 4559 mortem
2603 4504 2674 4559 ad
2710 4516 2956 4575 parentes
2997 4507 3300 4575 revertitur,
3345 4524 3375 4562 a
3414 4509 3606 4578 quibus

2016 4611 2138 4650 eam
2170 4604 2315 4649 certe
2360 4603 2571 4648 constat
2598 4611 2718 4651 esse
2744 4608 3107 4669 prOpagatam.
3147 4597 3605 4664 Quemadmodum

2015 4704 2145 4758 ergo
2175 4700 2303 4741 caro
2322 4703 2426 4741 non
2456 4686 2595 4742 redit
2622 4687 2686 4742 ad
2716 4688 2959 4744 homines
2983 4706 3047 4745 ex
3080 4692 3270 4761 quibus
3299 4702 3473 4748 creata
3500 4704 3603 4764 est,

2015 4778 2111 4835 sed
2138 4778 2205 4834 ad
2236 4788 2429 4833 terram
2465 4778 2601 4833 unde
2632 4782 2800 4849 primo
2830 4780 3029 4835 homini
3061 4780 3285 4838 formata
3309 4795 3416 4847 est;
3448 4787 3518 4839 ita
3548 4794 3604 4841 et

2014 4873 2230 4944 spiritus
2258 4888 2364 4927 non
2387 4873 2526 4927 redit
2550 4871 2614 4926 ad
2640 4871 2882 4928 homines
2907 4889 2935 4926 a
2963 4874 3152 4944 quibus
3174 4877 3467 4931 transfusus
3498 4886 3601 4945 est,

2014 4968 2110 5022 sed
2140 4964 2207 5020 ad
2234 4964 2402 5021 Deum
2429 4981 2456 5019 a
2488 4982 2593 5041 quo
2617 4968 2801 5035 primae
2834 4966 2906 5020 illi
2926 4968 3073 5023 carni
3100 4968 3255 5025 datos
3284 4976 3384 5024 est.

2090 5055 2174 5115 16.
2218 5058 2332 5126 Quo
2360 5060 2664 5113 testimonio
2692 5074 2819 5113 sane
2849 5058 2977 5114 satis
3016 5060 3383 5127 admonemur,
3414 5073 3478 5115 ex
3518 5058 3605 5115 ni-

2016 5149 2125 5204 hilo
2154 5149 2318 5204 Deum
2349 5150 2541 5204 fecisse
2567 5150 2797 5203 animam
2825 5167 2983 5220 quam
3012 5152 3181 5220 primo
3213 5151 3409 5204 homini
3436 5150 3601 5221 dedit,

2015 5257 2122 5295 non
2163 5257 2231 5296 ex
2285 5240 2461 5310 aliqua
2487 5241 2597 5310 jam
2641 5240 2777 5295 facta
2815 5252 3075 5309 creatura,
3129 5244 3268 5297 sicut
3304 5246 3498 5311 corpus
3538 5258 3604 5299 ex

2015 5343 2155 5389 terra
2182 5351 2195 5387 :
2226 5342 2279 5388 et
2303 5333 2424 5387 ideo
2462 5349 2583 5388 cum
2616 5334 2775 5402 redit,
2807 5351 2913 5389 non
2941 5332 3098 5390 habet
3127 5349 3231 5406 quo
3267 5334 3472 5404 redeat,
3503 5336 3609 5393 nisi

2015 5426 2081 5480 ad
2122 5436 2391 5480 auctorem
2427 5426 2516 5495 qui
2562 5440 2677 5480 eam
2711 5424 2888 5493 dedit;
2929 5443 3033 5482 non
3068 5427 3135 5482 ad
3161 5444 3276 5482 eam
3308 5437 3602 5485 creaturam

2016 5534 2077 5573 ex
2114 5534 2214 5589 qua
2254 5519 2385 5573 facta
2431 5526 2533 5587 est,
2575 5517 2712 5575 sicut
2749 5535 2943 5591 corpus
2970 5520 3040 5576 ad
3078 5530 3290 5576 terram.
3335 5521 3487 5577 Nulla
3522 5536 3605 5581 est

2017 5613 2163 5668 enim
2200 5618 2444 5668 creatura
2489 5629 2553 5667 ex
2583 5630 2685 5684 qua
2714 5615 2847 5667 facta
2876 5621 2977 5679 est,
3020 5615 3141 5684 quia
3172 5630 3235 5669 ex
3277 5614 3442 5671 nihilo
3468 5616 3603 5671 facta

2080 5766 3040 5831 imummmdtltiscm
3070 5776 3219 5820 vetus
3247 5771 3611 5826 mu

2012 5838 2293 5947 536133333
2313 5833 2542 5946 gguine
2577 5831 2833 5905 Arabicae
2861 5837 2913 5883 ει
3307 5841 3367 5907 μ
3388 5833 3609 5913 “nam
