4090 6448
431 363 537 424 Al!

368 524 373 527 .
432 486 544 542 est;
572 488 636 532 ac
657 487 759 547 per
776 486 879 530 nec
905 486 973 529 ao
998 478 1254 529 tactorem
1280 468 1419 527 redit
1447 483 1566 539 qme
1585 467 1743 534 redit,
1776 482 1805 522 a
1830 480 1937 538 quo
1956 480 2024 522 ex

433 568 601 624 nihilo
641 567 776 621 facta
816 576 915 619 est.
948 564 1059 619 Non
1098 565 1239 619 enim
1270 576 1455 617 omnes
1498 558 1744 624 redeunt,
1772 560 2021 629 quoniam

434 670 557 715 sunt
593 659 660 714 de
690 659 880 730 quibus
908 657 1120 722 dicitur,
1155 654 1377 720 Spiritus
1414 653 1697 717 ambulans,
1733 663 1779 707 et
1810 670 1909 707 non
1937 669 2021 707 re-

433 761 625 808 uertens
647 751 817 825 (Psal.
849 766 1051 817 Lxxvu,
1084 749 1195 820 50).

433 844 660 902 CAPUT
702 845 772 902 Χ.
793 873 863 885 —-
888 843 1109 911 Qua'stio
1134 842 1197 896 de
1220 842 1392 896 anima
1417 858 1517 896 non
1546 840 1698 912 facile
1731 841 1939 896 solvitur
1962 857 2026 897 ac

1070 935 1369 1005 Scripturis.

509 1032 597 1088 i7.
638 1029 898 1101 Quocirca
923 1027 1136 1082 difﬁcile
1178 1037 1258 1081 est
1286 1025 1499 1098 quidem
1528 1025 1706 1079 omnia
1742 1024 1809 1079 de
1838 1024 1937 1080 hac
1964 1041 2024 1108 re

433 1125 826 1197 Scripturarum
871 1130 1174 1176 sanctarum
1216 1119 1514 1175 testimonia
1564 1119 1842 1190 colligere;
1881 1120 2022 1190 quod

433 1218 533 1274 etsi
568 1217 682 1272 ﬁeri
724 1212 906 1284 possit,
954 1221 1010 1268 ut
1049 1227 1155 1267 non
1200 1212 1372 1267 solum
1413 1220 1901 1268 commemorentur
1930 1212 2023 1269 sed

434 1312 593 1367 etiam
622 1314 1027 1378 pertractentur,
1057 1304 1110 1359 in
1152 1320 1395 1375 magnam
1434 1305 1697 1359 sermonis
1738 1304 2023 1376 longitudi-

433 1417 555 1457 nem
585 1406 842 1470 perguut:
872 1396 963 1451 sed
991 1405 1165 1451 tamen
1193 1397 1293 1450 nisi
1324 1395 1519 1466 aliquid
1545 1405 1648 1449 tam
1675 1403 1876 1450 certum
1900 1411 2024 1465 pro-

433 1491 650 1555 feratur,
696 1506 854 1561 quam
900 1497 1042 1544 certa
1096 1487 1442 1559 proferuntur
1487 1488 1677 1557 quibus
1725 1486 2026 1542 ostenditur

432 1583 572 1654 quod
607 1583 743 1637 Deus
772 1580 1005 1635 animam
1039 1579 1241 1645 fecerit,
1276 1579 1358 1633 vel
1387 1578 1528 1651 quod
1569 1595 1685 1633 eam
1716 1580 1888 1649 primo
1920 1577 2022 1634 ho-

432 1675 562 1730 mini
600 1673 827 1739 dederit,
855 1688 1087 1742 quonam
1120 1671 1280 1726 modo
1311 1686 1407 1740 per
1435 1671 1597 1725 divini
1641 1672 1838 1740 eloquii
1868 1673 2021 1726 testi-

434 1766 671 1822 monium
710 1764 810 1818 ista
841 1763 1066 1833 quiestio
1095 1762 1330 1817 solvatur
1367 1762 1575 1831 ignoro.
1625 1761 1682 1816 Si
1719 1761 1863 1817 enim
1893 1762 2026 1819 scri-

433 1871 581 1933 ptum
621 1867 764 1917 esset
787 1859 929 1929 quod
969 1858 1212 1913 similiter
1252 1855 1544 1910 sufﬁaverit
1575 1856 1714 1911 Deus
1749 1857 1801 1910 in
1833 1855 2025 1911 faciem

434 1954 677 2010 formatae
720 1952 977 2018 mulieris,
1017 1961 1070 2006 et
1098 1950 1231 2004 facta
1262 1949 1422 2005 fuerit
1460 1950 1512 2003 in
1555 1949 1788 2005 animam
1818 1950 2022 2017 vivam;

430 2046 542 2116 jam
582 2043 795 2113 quidem
840 2042 1124 2113 plurimum
1171 2042 1302 2098 lucis
1349 2040 1647 2108 accederet,
1695 2059 1795 2111 qua
1834 2044 2026 2114 cuique

434 2136 677 2192 formatae
714 2135 861 2190 carni
902 2135 1131 2189 hominis
1176 2148 1279 2188 non
1324 2148 1388 2188 ex
1417 2134 1728 2203 parentibus
1758 2134 1871 2188 dari
1912 2136 2028 2189 ani-

437 2243 580 2284 mam
629 2227 971 2283 crederemus
997 2245 1009 2280 :
1035 2225 1210 2280 adhuc
1252 2235 1425 2278 tamen
1467 2234 1864 2295 exspectaretur
1898 2226 2027 2299 quid

435 2322 651 2394 proprie
681 2328 951 2376 teneretur
980 2321 1032 2374 in
1074 2319 1243 2390 prole,
1273 2316 1362 2389 qui
1389 2318 1542 2373 nobis
1583 2319 1773 2373 modus
1802 2321 2026 2375 usitatus

438 2422 521 2468 est
541 2411 768 2467 hominis
794 2427 859 2466 ex
884 2410 1118 2465 homine.
1145 2409 1323 2464 Prima
1345 2424 1472 2464 vero
1498 2409 1691 2465 mulier
1710 2411 1864 2465 aliter
1890 2411 2026 2466 facta

434 2511 539 2567 est,
568 2511 622 2558 et
647 2503 767 2558 ideo
793 2502 967 2557 adhuc
995 2501 1099 2556 dici
1133 2510 1317 2571 posset
1343 2502 1576 2554 animam
1611 2513 1892 2572 propterea
1919 2518 2026 2558 non

434 2612 499 2654 ex
538 2596 708 2652 Adam
733 2596 984 2651 divinitus
1016 2595 1143 2655 Eva:
1168 2594 1368 2662 datam,
1396 2594 1519 2665 quia
1556 2610 1663 2649 non
1692 2611 1755 2648 ex
1785 2596 1875 2650 illo
1905 2605 2026 2651 tan-

434 2705 592 2760 quam
615 2689 792 2760 proles
819 2696 936 2743 orta
964 2695 1067 2742 est.
1091 2685 1145 2742 Si
1176 2695 1355 2742 autem
1386 2685 1590 2741 homini
1611 2686 1702 2756 qui
1732 2688 1933 2757 primus
1960 2704 2029 2744 ex

436 2784 542 2840 illis
569 2792 721 2838 natus
760 2788 862 2846 est,
900 2787 1348 2835 commemoraret
1388 2777 1662 2849 Scriptura
1702 2796 1807 2835 non
1835 2796 1901 2835 ex
1931 2796 2029 2851 pa-

435 2876 677 2932 rentibus
717 2873 954 2940 ductam,
997 2870 1092 2927 sed
1135 2870 1367 2940 desuper
1394 2871 1624 2924 animam
1655 2869 1856 2940 datam,
1900 2870 2029 2927 illud

429 2967 541 3038 jam
564 2967 617 3021 in
641 2964 869 3031 caeteris,
900 2962 1060 3019 etiam
1096 2970 1303 3018 tacente
1330 2960 1929 3039 Scripturaxoporteret
1947 2964 2032 3019 in-

438 3059 622 3132 telligi.

435 3151 662 3210 CAPUT
691 3150 785 3208 XI.
811 3181 884 3193 —
907 3149 988 3205 An
1026 3150 1227 3222 utrique
1262 3149 1523 3205 sententia
1557 3151 1712 3221 possit
1738 3167 2027 3207 accommo-

509 3242 625 3297 dari
661 3242 811 3310 illud,
839 3242 941 3300 Per
961 3257 1123 3297 unum
1150 3240 1419 3295 hominem
1441 3281 1457 3309 ,
1496 3249 1590 3295 etc.
1628 3240 1921 3315 Baptismus
1946 3243 2027 3299 in-

507 3337 745 3408 fantium.
1748 3335 1760 3345 ’

506 3430 594 3485 18.
635 3427 786 3483 Nunc
806 3427 984 3498 itaque
1011 3415 1065 3481 et
1090 3425 1219 3480 illud
1248 3424 1671 3493 consideremus,
1698 3435 1874 3481 utrum
1903 3442 2027 3482 neu.

435 3530 571 3578 tratu
599 3520 879 3576 conﬁrmet
904 3519 1240 3582 sententiam,
1273 3519 1366 3574 sed
1392 3520 1602 3597 utrique
1629 3520 1791 3589 possit
1815 3536 2026 3576 accom-

434 3612 660 3676 modari,
687 3612 827 3683 quod
865 3611 1120 3682 scriptum
1151 3619 1254 3679 est,
1289 3610 1391 3666 Per
1420 3629 1575 3666 unum
1617 3612 1871 3668 hominem
1911 3630 2027 3685 pec-

433 3717 598 3762 catum
621 3709 673 3761 in
699 3705 831 3760 hunc
867 3705 1109 3759 mundum
1132 3705 1355 3769 intravit,
1392 3715 1438 3760 et
1464 3722 1551 3776 per
1577 3715 1837 3774 peccatum
1865 3723 2021 3772 mors,

432 3808 481 3855 et
499 3799 571 3853 ita
592 3797 647 3851 in
667 3813 837 3852 omnes
857 3798 1083 3851 homines
1111 3798 1418 3865 pertransiit,
1447 3798 1501 3850 in
1526 3813 1626 3866 quo
1651 3813 1823 3851 omnes
1848 3815 2028 3868 pecca-

434 3898 731 3946 verunt:et
783 3888 938 3958 paulo
982 3899 1119 3958 post,
1162 3886 1307 3942 Sicut
1362 3905 1451 3957 per
1500 3890 1651 3942 unius
1692 3890 1929 3943 delictum
1971 3891 2026 3945 in

436 3998 611 4037 omnes
630 3979 856 4035 homines
874 3979 942 4033 ad
970 3978 1455 4047 condemnationem,
1483 3980 1552 4032 ita
1575 3990 1622 4035 et
1651 3997 1739 4050 per
1763 3982 1911 4035 unius
1928 3985 2026 4055 ju-

440 4072 795 4141 stiﬁcationcm
810 4069 863 4124 in
880 4087 1049 4125 omnes
1070 4069 1296 4123 homines
1337 4069 1404 4122 ad
1443 4071 1851 4139 iusti/irationem
1889 4074 2021 4129 vitm.

440 4163 587 4218 Sicut
623 4163 757 4216 enim
787 4179 875 4233 per
904 4162 1291 4216 inobedientiam
1320 4163 1471 4216 unius
1499 4162 1715 4216 hominis
1745 4173 2027 4233 peccatores

436 4257 693 4312 constituti
715 4265 831 4310 sunt
868 4255 1034 4318 multi,
1064 4256 1137 4308 ita
1169 4263 1215 4309 et
1245 4271 1336 4324 per
1367 4256 1519 4308 unius
1544 4255 1873 4309 obedientiam
1896 4256 2028 4326 justi

439 4352 807 4406 constituentur
832 4347 979 4403 multi
1000 4348 1171 4417 (Rom.
1193 4364 1247 4412 v,
1279 4346 1367 4413 12,
1399 4346 1486 4415 18,
1519 4348 1627 4418 i9).
1663 4347 1742 4402 Ex
1772 4350 1854 4404 his
1883 4351 2027 4405 enim

438 4442 617 4498 verbis
640 4440 897 4510 Apostoli,
916 4440 1004 4510 qui
1026 4437 1319 4494 defendunt
1344 4439 1639 4494 animarum
1662 4442 2039 4511 propaginem,

438 4534 753 4591 sententiam
789 4548 938 4586 suam
980 4532 1058 4587 sic
1090 4541 1329 4588 astruere
1369 4532 1700 4586 moliuntur:
1732 4530 1786 4588 Si
1832 4547 2027 4587 secun-

441 4629 568 4684 dum
610 4626 776 4683 solum
808 4641 1047 4692 carnem,
1081 4625 1342 4694 inquiunt,
1384 4634 1559 4695 potest
1589 4624 1808 4696 intelligi
1835 4640 2027 4696 pecca-

441 4732 553 4779 tum
586 4719 666 4774 vel
697 4728 961 4789 peccator,
1002 4734 1105 4772 non
1137 4718 1378 4788 cogimur
1418 4718 1467 4770 iu
1501 4717 1585 4772 his
1625 4717 1801 4772 verbis
1841 4733 1905 4772 ex
1939 4734 2030 4787 pa-

442 4814 683 4870 rentibus
705 4813 933 4867 animam
958 4811 1209 4875 credere;
1238 4811 1281 4864 si
1309 4820 1485 4865 autem
1523 4811 1763 4880 quamvis
1788 4826 1883 4880 per
1911 4811 2025 4866 ille-

442 4908 656 4963 cehram
675 4905 874 4971 carnis,
895 4919 997 4958 non
1022 4912 1196 4957 tamen
1217 4910 1400 4972 peccat
1418 4902 1516 4957 nisi
1539 4902 1737 4969 anima,
1760 4903 2028 4972 quomodo

441 4996 808 5067 accipiendum
833 5005 913 5051 est
938 4993 1077 5064 quod
1102 4994 1297 5047 dictum
1327 5001 1428 5057 est,
1456 4993 1508 5046 in
1533 5009 1632 5065 quo
1652 5009 1822 5047 omnes
1850 5011 2027 5064 pecca-

441 5100 635 5159 verunt,
660 5092 703 5146 si
733 5107 838 5145 non
864 5106 929 5145 ex
960 5089 1126 5144 Adam
1156 5089 1314 5142 etiam
1337 5088 1534 5155 anima,
1565 5088 1703 5142 sicut
1729 5104 1872 5153 caro,
1907 5104 2030 5159 pro-

442 5194 626 5257 pagala
662 5184 780 5240 est?
804 5192 895 5237 aut
920 5183 1187 5252 quomodo
1218 5199 1307 5251 per
1340 5181 1478 5235 illius
1504 5180 1889 5236 inobedientiam
1919 5197 2031 5251 pec-

441 5290 633 5333 catores
657 5276 913 5331 constituti
941 5286 1077 5336 sunt,
1105 5275 1148 5329 si
1178 5283 1382 5329 tantum
1410 5273 1702 5328 secundum
1730 5288 1945 5329 carnem
1974 5274 2029 5330 in

444 5371 551 5434 illo,
589 5386 690 5422 non
720 5367 878 5422 etiam
906 5366 1195 5421 secundum
1221 5365 1453 5421 animam
1482 5362 1729 5418 fuerunt?

516 5463 599 5518 19.
643 5459 947 5516 Cavendum
991 5468 1074 5515 est
1103 5460 1244 5514 enim
1276 5474 1345 5514 ne
1381 5457 1468 5513 vel
1508 5457 1645 5513 Deus
1672 5456 1912 5512 videatur
1936 5474 2030 5514 au-

447 5567 562 5611 ctor
600 5569 721 5609 esse
758 5553 980 5622 peccati,
1020 5552 1064 5604 si
1105 5551 1194 5605 dat
1219 5549 1449 5603 animam
1486 5548 1656 5614 carni,
1698 5549 1751 5603 in
1778 5564 1880 5620 qua
1910 5565 2029 5606 eam

447 5661 666 5717 peccare
711 5659 930 5699 necesse
975 5644 1072 5705 sit;
1112 5641 1196 5696 vel
1236 5641 1405 5712 possit
1446 5654 1565 5694 esse
1608 5641 1804 5707 anima,
1837 5651 2029 5711 praeter

449 5740 613 5809 ipsius
637 5735 856 5800 Christi,
897 5737 983 5792 cui
1010 5733 1296 5792 liberanda:
1330 5747 1361 5787 a
1388 5741 1604 5803 peccato
1641 5746 1747 5787 non
1790 5734 1859 5788 sit
1886 5734 2030 5790 chri-

442 5841 617 5891 stiana
645 5833 813 5906 gratia
850 5830 1172 5899 necessaria,
1197 5827 1321 5900 quia
1347 5841 1455 5885 non
1480 5826 1722 5899 peccavit
1751 5826 1807 5885 in
1832 5828 2025 5901 Adam,

1352 351 1445 412 DE
1482 351 1727 411 GENESI
1764 351 1858 407 AD
1895 347 2274 422 LITTERAM,
2308 350 2370 410 S.
2409 354 2782 414 AUGUSTINI

3617 361 3721 420 ΜΒ

2130 468 2175 523 si
2197 483 2383 526 omnes
2404 471 2457 527 in
2479 487 2544 525 eo
2564 487 2818 544 peccasse
2836 477 3128 535 secundum
3143 472 3361 538 carnem
3379 487 3584 539 tantum
3600 497 3722 556 qua

2131 560 2198 615 de
2227 562 2316 617 illo
2349 574 2528 620 creata
2563 576 2666 633 est,
2715 583 2819 623 non
2851 569 3010 624 etiam
3047 572 3340 628 secundum
3384 575 3615 630 animam
3640 575 3723 631 di-

2130 664 2273 709 ctum
2304 667 2385 711 est
2410 676 2422 711 :
2456 659 2597 727 quod
2637 677 2804 730 usque
2829 662 2965 718 adeo
2993 668 3319 722 contrarium
3348 680 3431 725 est
3466 670 3725 725 ecclesia-

2130 749 2279 801 stica:
2302 748 2443 813 ﬁdei,
2478 758 2535 804 ut
2567 763 2810 819 parentes
2837 755 2901 808 ad
2929 758 3321 827 percipiendam
3357 762 3579 831 gratiam
3608 778 3724 817 san-

2129 840 2199 893 cti
2246 840 2498 911 Baptismi
2547 844 2705 898 etiam
2766 863 2886 900 cum
2938 851 3169 917 parvulis
3219 863 3379 922 atque
3426 853 3725 910 infantibus

2130 941 2379 996 currant;
2414 933 2466 987 in
2506 935 2699 1003 quibus
2739 937 2783 991 si
2814 936 2916 993 hoc
2955 939 3224 996 vinculum
3255 945 3454 1013 peccati
3499 945 3725 999 solvitur

2130 1022 2271 1092 quod
2307 1026 2674 1081 tantummodo
2695 1030 2893 1093 carnis,
2926 1047 3030 1085 non
3056 1034 3213 1087 etiam
3237 1035 3378 1104 quod
3403 1037 3594 1090 anima:
3615 1046 3721 1102 est,

2132 1114 2323 1168 merito
2346 1117 2601 1184 quzeritur
2638 1118 2762 1188 quid
2802 1120 2879 1175 eis
2909 1119 3145 1187 obesset,
3180 1124 3223 1177 si
3275 1124 3327 1180 in
3358 1125 3442 1179 illa
3474 1136 3629 1181 :etate
3654 1125 3725 1181 de

2131 1221 2355 1276 corpore
2386 1209 2501 1263 sine
2531 1210 2802 1279 Baptismo
2843 1214 3068 1268 exirent.
3098 1215 3153 1270 Si
3185 1217 3325 1270 enim
3368 1233 3465 1288 per
3495 1217 3597 1273 hoc
3625 1216 3725 1274 Sa-

2130 1310 2459 1354 cramentuni
2486 1303 2696 1371 corpori
2723 1318 2907 1359 eorum
2934 1308 3250 1374 consulitur,
3278 1324 3383 1363 non
3424 1318 3479 1363 et
3503 1314 3723 1373 animae,

2130 1390 2389 1447 deberent
2429 1403 2482 1448 et
2521 1397 2713 1449 mortui
2743 1396 2998 1467 baptizari
3026 1408 3116 1453 :at
3160 1414 3279 1454 cum
3311 1400 3582 1455 videamus
3622 1402 3727 1457 hoc

2131 1485 2502 1540 univcrsaliter
2535 1486 2829 1543 Ecclbsiam
2861 1490 3116 1553 retinere.
3165 1500 3224 1546 ut
3259 1508 3380 1548 cum
3422 1492 3728 1549 viventibus

2130 1586 2395 1644 curratur,
2434 1588 2487 1632 et
2514 1579 2810 1634 viventibus
2856 1593 3217 1650 succurratur,
3266 1602 3333 1641 ne
3359 1602 3477 1640 cum
3525 1586 3731 1642 mortui

2130 1668 2326 1722 fuerint
2369 1670 2497 1725 nihil
2543 1673 2709 1740 possit
2754 1673 2864 1727 ﬁeri
2889 1675 3031 1744 quod
3076 1678 3275 1746 prosit;
3328 1694 3433 1733 non
3476 1679 3725 1734 videmus

2131 1760 2257 1831 quid
2297 1762 2440 1816 aliud
2470 1764 2636 1834 possit
2663 1765 2906 1836 intelligi,
2941 1766 3041 1823 nisi
3071 1784 3498 1840 unumquemque
3523 1787 3727 1841 parvu-

2131 1853 2239 1908 lum
2264 1871 2367 1909 non
2390 1870 2509 1911 esse
2538 1856 2641 1912 nisi
2680 1858 2848 1913 Adam
2876 1868 2931 1915 et
2949 1875 3173 1931 corpore
3203 1871 3256 1915 et
3282 1863 3478 1929 anima,
3519 1872 3573 1918 et
3604 1863 3729 1920 ideo

2132 1945 2206 2000 illi
2246 1943 2443 2002 Christi
2468 1950 2691 2017 gratiam
2720 1952 3097 2007 necesmriam.
3141 1952 3300 2009 ditas
3328 1955 3638 2025 quippeilla
3669 1955 3730 2010 in

2133 2038 2305 2107 seipsa
2331 2039 2464 2094 nihil
2490 2041 2597 2111 egit
2623 2042 2705 2097 vel
2736 2043 2862 2098 boni
2891 2044 2972 2099 vel
3001 2045 3161 2109 mali;
3195 2046 3416 2116 proinde
3447 2046 3518 2100 ibi
3544 2046 3732 2102 anima

2133 2128 2571 2186 innocentissima
2610 2140 2714 2199 est,
2756 2134 2800 2188 si
2832 2150 2898 2189 ex
2936 2134 3105 2189 Adam
3141 2145 3424 2207 propagata
3454 2152 3558 2192 non
3596 2146 3684 2193 est
3708 2155 3727 2194 :

2132 2222 2278 2281 unde
2296 2224 2563 2293 quomodo
2592 2227 2761 2296 possit
2780 2227 2924 2297 juste
2943 2228 3021 2284 ire
3044 2230 3095 2284 in
3118 2230 3642 2299 condemnationem,
3675 2233 3728 2288 si

2133 2312 2197 2368 de
2223 2328 2449 2384 corpore
2473 2316 2588 2371 sine
2618 2318 2888 2389 Baptismo
2912 2320 3122 2389 exierit,
3150 2322 3390 2393 quisquis
3417 2324 3572 2379 istam
3601 2340 3732 2381 sen—

2133 2408 2350 2460 tentiam
2394 2408 2461 2463 de
2494 2407 2670 2464 anima
2713 2420 2902 2467 tenens
2939 2415 3170 2483 potuerit
3199 2415 3591 2486 demonstrare,
3626 2417 3731 2472 mi-

2132 2497 2330 2553 randus
2355 2508 2457 2555 est.
3040 2500 3047 2507 ’

2131 2588 2359 2647 CAPUT
2389 2590 2503 2648 XII.
2527 2623 2600 2634 —
2622 2593 2856 2653 Carnutis
2878 2599 3296 2669 concupiscentia
3318 2617 3526 2656 causam
3550 2618 3656 2657 non
3674 2602 3734 2658 in

2415 2703 2568 2742 carne
2586 2689 2719 2755 sola,
2750 2690 2839 2744 sed
2859 2691 3009 2745 etiam
3038 2692 3091 2747 in
3115 2694 3287 2747 anima
3312 2711 3441 2750 esse.

2203 2776 2291 2832 20.
2337 2776 2623 2835 Verissime
2651 2782 2845 2852 quippe
2872 2798 2937 2839 ac
2963 2786 3306 2843 veracissime
3330 2788 3590 2859 scriptum
3618 2798 3731 2860 est,

2131 2867 2263 2925 Caro
2288 2874 2595 2944 concupiscit
2615 2874 2856 2930 adversus
2876 2878 3132 2950 spiritum,
3164 2889 3211 2933 et
3243 2881 3453 2951 spiritus
3478 2880 3728 2938 adversus

2132 2977 2337 3016 carnem
2365 2960 2560 3036 (Galat.
2597 2980 2653 3032 ν,
2683 2967 2773 3038 17)
2798 2984 2812 3021 :
2835 2968 2930 3023 sed
2963 2978 3139 3025 tamen
3168 2985 3388 3029 carnem
3417 2974 3532 3029 sine
3550 2975 3736 3030 anima

2130 3055 2510 3123 concupiscere
2554 3057 2685 3112 nihil
2727 3073 2904 3129 posse,
2956 3070 3084 3131 puto
3124 3063 3268 3134 quod
3314 3065 3492 3121 omnis
3537 3066 3735 3124 doctus

2130 3144 2483 3217 indoctusque
2518 3164 2622 3204 non
2666 3149 2890 3206 dubitet.
2922 3154 3001 3207 Ac
3043 3169 3137 3224 per
3175 3154 3279 3211 hoc
3307 3153 3482 3227 ipsius
3523 3172 3735 3214 concu-

2131 3237 2405 3306 piscentiae
2442 3240 2671 3295 carnalis
2698 3256 2856 3297 causa
2886 3259 2990 3298 non
3028 3255 3111 3300 est
3149 3246 3200 3301 in
3243 3248 3419 3303 anima
3448 3248 3591 3316 sola,
3633 3250 3737 3306 sed

2131 3331 2298 3384 multo
2349 3332 2525 3387 minus
2575 3342 2657 3388 est
2695 3334 2749 3388 in
2790 3350 2951 3391 carne
2994 3338 3127 3393 sola.
3182 3340 3260 3395 Ex
3305 3348 3532 3412 utroque
3581 3345 3734 3398 enim

2131 3421 2189 3476 ﬁt
2218 3440 2230 3476 :
2258 3439 2325 3479 ex
2352 3425 2529 3479 anima
2563 3427 2786 3493 scilicet,
2828 3428 2971 3499 quod
3010 3431 3125 3485 sine
3151 3431 3241 3487 illa
3267 3432 3552 3489 delectatio
3580 3435 3734 3490 nulla

2131 3516 2387 3584 sentitur;
2409 3533 2475 3574 ex
2501 3534 2661 3575 carne
2688 3529 2887 3586 autem,
2912 3524 3054 3594 quod
3081 3524 3197 3580 sine
3220 3526 3307 3581 illa
3327 3528 3561 3584 carnalis
3581 3529 3736 3585 dele-

2130 3608 2294 3663 ctatio
2331 3624 2436 3664 non
2481 3612 2723 3666 sentitur.
2774 3611 3002 3670 Carnem
3042 3616 3222 3688 itaque
3241 3619 3735 3690 concupiscentem

2129 3699 2389 3754 adversus
2411 3704 2651 3771 spiritum
2678 3703 2806 3759 dicit
2827 3706 3115 3775 Apostolus
3133 3712 3403 3768 carnalem
3432 3715 3616 3783 procul
3636 3713 3734 3769 duo

2133 3791 2221 3846 hio
2249 3791 2677 3861 delectationem,
2707 3813 2865 3866 quam
2893 3799 2960 3855 de
2980 3815 3139 3857 carne
3159 3813 3213 3857 et
3242 3820 3362 3858 cum
3391 3820 3550 3861 carne
3571 3807 3729 3877 spiri-

2130 3890 2217 3936 tus
2252 3884 2409 3939 habet
2448 3886 2703 3942 adversus
2727 3888 3157 3961 delectationem,
3187 3912 3345 3964 quam
3373 3898 3518 3953 solus
3545 3898 3730 3957 habet.

2129 3972 2286 4029 Solus
2312 3978 2506 4047 quippe
2535 3978 2723 4046 habet,
2756 3983 2859 4037 nisi
2890 3983 3064 4050 fallor,
3084 3986 3209 4040 illud
3240 3987 3587 4054 desiderium,
3617 4006 3730 4048 non

2130 4083 2249 4122 cutn
2278 4072 2454 4124 carnis
2476 4072 2766 4142 voluptate,
2799 4076 2883 4130 vel
2914 4076 3202 4132 carnalium
3235 4095 3413 4134 rerum
3438 4081 3732 4152 cupiditate

2130 4160 2498 4229 commixtum,
2543 4179 2647 4232 quo
2676 4163 2945 4221 desiderat
2980 4177 3035 4222 et
3063 4169 3242 4226 deﬁcit
3269 4173 3447 4228 anima
3492 4175 3544 4228 in
3580 4175 3725 4230 atria

2132 4250 2339 4305 Domini
2360 4250 2533 4321 (Psal.
2563 4270 2789 4323 LXXXIII,
2819 4257 2897 4328 5).
2920 4258 3076 4314 Solus
3105 4263 3261 4317 habet
3286 4264 3447 4319 etiam
3482 4266 3628 4327 illud,
3654 4264 3725 4321 de

2129 4356 2235 4411 quo
2262 4343 2309 4395 ei
2334 4342 2547 4407 dicitur,
2574 4344 2862 4417 Concupisti
2882 4352 3213 4421 sapientiam;
3234 4370 3377 4407 serva
3399 4356 3725 4421 mandatum,

2130 4444 2175 4489 et
2199 4432 2455 4490 Dominus
2484 4438 2669 4508 prebet
2710 4441 2851 4495 illam
2881 4444 2969 4496 tibi
2990 4444 3175 4517 (Eccli.
3205 4462 3241 4512 ι,
3273 4448 3387 4519 55).
3427 4448 3560 4503 Nam
3603 4466 3728 4505 cum

2130 4526 2347 4598 spiritus
2383 4529 2607 4597 imperat
2643 4533 2898 4587 membris
2922 4537 3183 4605 corporis,
3212 4548 3269 4592 ut
3298 4540 3418 4595 huic
3455 4540 3726 4598 desiderio

2131 4620 2385 4684 serviant,
2424 4636 2529 4690 quo
2558 4623 2703 4677 solus
2741 4626 3068 4695 accenditur,
3097 4630 3241 4685 velut
3267 4647 3405 4686 cum-
3427 4637 3726 4689 assumitur

2129 4711 2319 4779 codex,
2350 4728 2471 4768 cum
2508 4714 2705 4786 aliquid
2735 4718 3002 4787 scribitur,
3030 4721 3239 4792 legitur,
3267 4724 3586 4793 diSputatur,
3624 4743 3727 4782 au-

2131 4803 2291 4866 ditur,
2327 4820 2447 4860 cum
2479 4807 2708 4879 denique
2751 4812 2900 4880 panis
2929 4812 3187 4885 frangitur
3226 4820 3501 4886 esurienti,
3534 4831 3587 4875 et
3615 4837 3726 4877 ca:-

2135 4906 2245 4951 tera
2278 4898 2618 4955 humanitatis
2658 4916 2722 4958 ac
2760 4905 3134 4961 misericordiae
3160 4918 3478 4978 praestantur
3511 4911 3723 4979 ofﬁcia;

2131 4984 2484 5045 obedientiam
2517 5007 2641 5047 caro
2674 4994 2907 5063 exhibet,
2943 5012 3050 5053 non
3086 5003 3569 5071 Concupiscentiam
3599 5021 3722 5060 mo-

2130 5096 2238 5140 vet.
2266 5086 2357 5141 llis
2382 5096 2543 5158 atque
2575 5090 2878 5159 hujusmodi
2904 5093 3057 5149 bonis
3080 5095 3361 5153 desideriis
3390 5099 3579 5169 quibus
3609 5101 3724 5156 sola

2132 5179 2305 5234 anima
2336 5182 2683 5251 concupiscit,
2705 5198 2825 5239 cum
2852 5186 2953 5239 adv
2988 5199 3170 5244 rsatur
3194 5190 3391 5263 aliquid
3413 5195 3555 5264 quod
3578 5210 3726 5250 eam-

2132 5272 2252 5327 dem
2282 5275 2512 5328 animam
2538 5276 2829 5333 secundum
2856 5294 3070 5336 carnem
3101 5284 3350 5351 delectat,
3383 5296 3505 5343 tunc
3530 5289 3726 5347 dicitur

2132 5379 2258 5418 caro
2284 5365 2667 5435 concupiscere
2701 5369 2959 5428 adversus
2995 5375 3260 5446 spiritum,
3297 5386 3353 5433 et
3379 5380 3597 5449 spiritus
3622 5381 3709 5438 ad-

2131 5473 2319 5513 versus
2344 5472 2580 5515 carnem.

2200 5551 2291 5607 2|.
2330 5551 2418 5610 Sic
2450 5554 2592 5610 enim
2619 5555 2757 5613 dicta
2795 5567 2878 5614 est
2913 5575 3038 5616 caro
3066 5560 3210 5617 ineo
3246 5564 3386 5634 quod
3424 5569 3723 5628 secundum

2133 5644 2302 5715 ipsam
2339 5645 2463 5702 facit
2490 5649 2689 5717 anima,
2722 5666 2842 5707 cum
2872 5654 2965 5720 ait,
2992 5653 3124 5710 Caro
3161 5660 3503 5729 concupiscit;
3531 5680 3721 5736 quem-

2131 5737 2415 5794 admodum
2459 5739 2655 5797 dictum
2701 5754 2803 5809 est,
2851 5745 3008 5800 Auris
3047 5748 3212 5814 audit,
3248 5761 3303 5807 et
3342 5754 3527 5808 oculus
3557 5755 3701 5813 videt

2132 5831 2262 5901 Quis
2287 5833 2431 5891 enim
2456 5836 2627 5892 nescit
2648 5836 2790 5909 quod
2815 5838 2991 5895 anima
3020 5843 3195 5912 potius
3219 5854 3276 5901 et
3296 5862 3391 5915 per
3412 5862 3598 5905 aurem
3625 5865 3697 5905 au
