4090 6460
356 392 463 452 ιη

358 507 484 568 dzat,
517 515 571 560 et
603 521 695 576 per
726 509 936 564 oculum
963 509 1172 566 videat?
1195 508 1272 565 lta
1296 511 1564 582 loquimur
1593 518 1787 564 etcum
1815 510 1950 565 dici-

356 615 498 662 mus,
516 599 701 655 Manus
732 610 818 655 tua
846 602 1093 657 subvenit
1126 602 1361 667 homini;
1386 619 1504 657 cum
1535 602 1730 672 aliquid
1761 619 1947 672 porre-

353 705 440 746 eta
470 708 628 746 manu
665 693 840 756 datur,
873 709 978 764 quo
1018 694 1263 764 cuiquam
1306 695 1673 750 subveniatur.
1709 693 1863 762 Quod
1903 694 1946 748 si

355 783 421 839 de
453 786 572 854 ipso
601 787 760 840 etiam
785 783 913 840 fidei
957 789 1132 853 oculo,
1172 788 1237 842 ad
1276 805 1432 858 quem
1471 789 1702 860 pertinet
1727 787 1946 842 credere

353 893 472 948 quze
505 894 600 948 per
628 895 844 934 carnem
886 897 990 934 non
1038 881 1304 946 videntur,
1345 881 1543 935 dictum
1594 890 1694 944 est,
1745 879 1944 934 Videbit

353 972 518 1026 omnis
546 989 664 1026 caro
699 974 923 1028 salutare
956 973 1053 1028 Dei
1078 974 1226 1047 (Luc.
1253 993 1330 1042 Ill,
1357 975 1448 1049 6);
1479 993 1584 1030 non
1626 977 1806 1046 utique
1843 974 1943 1030 nisi

347 1063 416 1119 de
441 1065 643 1130 anima,
679 1082 782 1136 qua
812 1067 938 1120 vivit
973 1083 1120 1132 caro,
1153 1083 1272 1122 cum
1311 1069 1470 1122 etiam
1501 1084 1595 1137 per
1626 1070 1790 1138 ipsam
1821 1083 1942 1122 car—

346 1172 471 1212 nem
500 1167 735 1212 nostram
758 1158 1029 1212 Christum
1057 1158 1140 1228 pie
1159 1159 1359 1226 videre,
1386 1159 1435 1213 id
1460 1171 1561 1225 est,
1587 1158 1810 1213 formam
1837 1173 1941 1229 qua

352 1249 570 1304 indutus
613 1257 696 1304 est
733 1261 949 1319 prapter
989 1267 1106 1316 nos,
1149 1266 1251 1305 non
1286 1248 1546 1321 pertineat
1587 1251 1653 1304 ad
1692 1251 1942 1320 concupi-

344 1345 627 1406 scentiam.
655 1345 750 1398 sed
775 1345 839 1398 ad
880 1345 1228 1399 ministerium
1258 1346 1452 1411 carnis,
1482 1362 1547 1399 ne
1577 1347 1707 1399 forte
1747 1346 1940 1416 aliquis

343 1436 415 1491 ita
444 1437 575 1491 velit
597 1437 839 1504 accipere
867 1437 1007 1508 quod
1037 1438 1232 1492 dictum
1269 1447 1371 1502 est,
1408 1436 1602 1491 Videbit
1631 1440 1791 1491 omnis
1820 1455 1938 1492 caro

343 1529 569 1584 salutare
604 1527 703 1583 Dei
739 1540 970 1599 :quanto
1001 1531 1378 1600 congruentius
1423 1529 1614 1583 dicitur
1647 1545 1773 1584 caro
1811 1545 1938 1584 C0n-

341 1624 640 1693 cupiscere,
674 1623 885 1694 quando
923 1625 1098 1678 anima
1127 1641 1230 1678 non
1270 1625 1441 1678 solum
1470 1625 1615 1678 carni
1649 1625 1934 1679 animalem

341 1715 502 1770 vitam
531 1717 750 1786 praebet,
780 1733 961 1772 verum
997 1718 1156 1774 etiam
1197 1718 1490 1774 secundum
1522 1719 1688 1788 ipsam
1718 1734 1934 1773 carnem

343 1809 547 1880 aliquid
568 1810 928 1880 concupiscit;
957 1811 1098 1882 quod
1122 1811 1172 1864 in
1194 1821 1454 1880 potestate
1483 1825 1585 1864 non
1617 1817 1698 1864 est
1718 1825 1784 1864 ne
1805 1825 1934 1865 con-

343 1903 604 1972 cupiscat,
626 1903 878 1973 quamdiu
908 1903 1047 1958 inest
1073 1915 1343 1972 peccatum
1375 1904 1425 1958 in
1457 1905 1729 1970 membris,
1761 1903 1811 1958 id
1828 1913 1928 1970 est,

337 1994 571 2050 violenta
601 1994 842 2064 quaadam
887 1996 1064 2050 carnis
1093 1995 1343 2051 illecebra
1392 1997 1442 2048 in
1482 2011 1704 2065 corpore
1743 1998 1931 2052 mortis

338 2087 519 2159 hujus,
551 2089 771 2144 veniens
808 2089 876 2144 de
902 2089 1131 2144 vindicta
1161 2090 1300 2144 illius
1323 2090 1550 2161 peccati,
1580 2091 1719 2144 unde
1741 2106 1930 2159 propa-

333 2181 512 2253 ginem
537 2181 804 2248 ducimus,
836 2182 1125 2237 secundum
1154 2197 1313 2252 quam
1343 2197 1530 2236 omnes
1558 2192 1682 2236 ante
1703 2183 1929 2252 gratiam

333 2274 427 2329 lilii
470 2283 599 2330 sunt
635 2275 728 2330 ira:
771 2276 986 2346 (Ep/tes.
1017 2292 1086 2340 ll,
1118 2276 1196 2345 ὅ).
1248 2275 1446 2329 Contra
1479 2275 1620 2344 quod
1654 2284 1928 2344 peccatum

334 2367 566 2421 militant
589 2367 689 2421 sub
708 2368 876 2436 gratia
900 2367 1194 2431 constituti,
1222 2383 1327 2422 non
1360 2377 1414 2421 ut
1436 2383 1539 2421 non
1569 2369 1636 2420 sit
1663 2369 1712 2421 in
1742 2384 1926 2422 eorum

330 2473 579 2528 corpore,
607 2458 857 2530 quamdiu
883 2461 954 2514 ita
978 2461 1202 2514 mortale
1228 2469 1332 2526 est,
1362 2468 1419 2514 ut
1443 2471 1495 2514 et
1517 2471 1781 2514 mortuum
1805 2461 1926 2530 jure

330 2550 560 2617 dicatur,
604 2550 698 2606 sed
731 2560 786 2604 ut
825 2568 928 2604 non
970 2560 1174 2620 regnet.
1218 2550 1332 2604 Non
1363 2562 1538 2606 autem
1573 2562 1776 2621 regnat,
1804 2561 1926 2607 eum

329 2642 611 2698 desideriis
636 2643 772 2712 ejus,
793 2643 842 2696 id
867 2653 968 2708 est,
994 2642 1076 2697 his
1104 2659 1222 2713 quae
1243 2642 1534 2698 secundum
1559 2658 1773 2697 carnem
1796 2659 1928 2699 con-

329 2744 407 2790 tra
451 2736 702 2806 spiritum
749 2736 1214 2806 concupiscuntur,
1259 2751 1363 2789 non
1396 2735 1660 2789 obeditur.
1697 2735 1925 2790 Proinde

329 2828 622 2899 Apostolus
661 2829 914 2900 numquid
956 2830 1050 2896 ait,
1096 2828 1209 2884 Non
1251 2832 1317 2884 sit
1341 2839 1620 2899 peccatum
1665 2830 1717 2882 in
1745 2838 1924 2884 vestro

327 2922 539 2976 mortali
567 2938 792 2988 corpore
831 2921 1057 2991 (sciebat
1092 2923 1288 2992 quippe
1317 2923 1497 2976 inesse
1544 2922 1742 2990 peccati
1773 2921 1921 2975 dele-

326 3015 636 3079 ctationem,
666 3029 822 3083 quam
870 3024 1141 3083 peccatum
1184 3022 1356 3079 vocat,
1393 3013 1678 3081 depravata
1717 3013 1923 3066 scilicet

324 3123 387 3162 ex
416 3109 583 3176 prima
611 3107 1032 3177 transgressione
1060 3105 1440 3179 natura)?sed,
1464 3105 1600 3172 Non,
1624 3107 1812 3176 inquit,
1837 3123 1920 3162 re-

323 3211 438 3272 gnet
471 3209 731 3270 peccatum
758 3201 810 3253 in
835 3213 995 3254 vestro
1020 3202 1220 3254 mortali
1249 3217 1462 3272 corpore
1489 3201 1556 3254 ad
1587 3200 1922 3258 obedientium

323 3271 586 3346 desideriis
612 3295 758 3364 ejus;
789 3310 880 3346 nec
904 3293 1176 3348 exhibeatis
1205 3271 1615 3348 membraﬂtiestra
1640 3312 1786 3349 arma
1814 3296 1918 3350 ini-

321 3385 528 3455 quitatis
552 3396 755 3456 peccato
779 3386 951 3458 (Rom.
985 3403 1057 3452 vr,
1088 3385 1174 3447 12,
1214 3385 1327 3458 l3).

323 3475 548 3534 CAPUT
587 3475 724 3532 XIII.
750 3508 820 3518 —-
849 3477 955 3531 Illa
989 3479 1233 3532 sententia
1268 3479 1331 3532 de
1358 3480 1767 3548 concupiscentia
1793 3497 1914 3535 car-

500 3569 608 3637 nis,
647 3587 797 3640 quam
824 3571 889 3624 sit
918 3571 1172 3641 expedita.
1204 3569 1423 3624 Peccata
1446 3589 1735 3641 puerorum.

392 3661 485 3716 22.
518 3661 817 3716 Secundum
845 3663 980 3716 hanc
1001 3665 1338 3727 sententiam,
1361 3679 1458 3717 nec
1497 3675 1612 3718 rem
1639 3664 1914 3719 absurdis-

321 3755 510 3810 simam
538 3755 784 3822 dicimus,
798 3757 937 3827 quod
959 3771 1083 3810 caro
1100 3757 1213 3810 sine
1234 3759 1408 3810 anima
1427 3758 1794 3828 concupiscat;
1818 3774 1913 3813 nec

321 3845 628 3902 Manicbmis
657 3849 1047 3914 consentimus,
1077 3847 1165 3918 qui
1193 3863 1311 3902 cum
1343 3848 1584 3903 viderent
1622 3865 1726 3901 non
1756 3864 1913 3918 posse

321 3954 539 3994 carnem
560 3940 674 3993 sine
700 3942 872 3994 anima
895 3941 1290 4008 concupiscere.
1314 3939 1470 3992 aliam
1495 3939 1772 4008 quamdam
1798 3939 1912 3992 ani-

322 4051 463 4089 mam
493 4051 643 4090 suam
674 4052 738 4090 ex
768 4036 868 4089 alia
897 4046 1080 4090 natura
1125 4036 1233 4088 Deo
1271 4043 1532 4088 contraria
1567 4051 1778 4088 rarnem
1813 4035 1909 4088 ha-

323 4129 452 4185 bere
496 4138 847 4200 putaverunt,
897 4130 1036 4184 unde
1078 4129 1419 4197 concupiscat
1455 4128 1709 4182 adversus
1751 4128 1909 4196 spiri-

322 4231 456 4277 tum.
486 4223 594 4278 Nec
619 4223 774 4278 alicui
804 4223 994 4276 anima:
1039 4237 1142 4275 non
1173 4237 1290 4276 esse
1337 4223 1684 4275 necessariam
1717 4221 1910 4274 Christi

321 4319 542 4388 gratiam
575 4317 753 4372 dicere
782 4317 1040 4385 cogimur,
1064 4330 1184 4368 cum
1207 4313 1398 4368 dicitur
1423 4313 1575 4366 nobis
1601 4331 1614 4366 :
1642 4312 1777 4378 Quid
1801 4328 1910 4367 tne-

323 4414 427 4466 ruit
455 4411 633 4465 anima
664 4410 897 4474 infantis,
928 4409 1068 4463 unde
1090 4407 1164 4460 illi
1187 4405 1542 4476 perniciosum
1572 4405 1638 4457 sit
1663 4421 1764 4456 non
1792 4419 1913 4472 per-

322 4513 478 4574 cepto
498 4503 770 4558 christiani
797 4503 1045 4572 Baptismi
1069 4510 1399 4555 sacramento
1416 4499 1560 4553 exire
1581 4499 1646 4552 de
1667 4513 1907 4567 corpore,

323 4601 365 4652 si
393 4613 492 4652 nec
535 4598 802 4667 proprium
833 4594 1040 4663 aliquod
1081 4603 1355 4662 peccatum
1386 4589 1680 4653 commisit,
1713 4605 1811 4644 nec
1839 4603 1907 4644 ex

322 4692 404 4747 illa
435 4703 518 4746 est
544 4708 663 4761 qua:
691 4693 739 4744 in
770 4690 937 4743 Adam
979 4689 1144 4757 prima
1172 4685 1447 4758 peccavit?

392 4788 482 4843 25.
514 4785 628 4840 Non
660 4785 798 4838 enim
826 4783 892 4838 de
920 4783 1094 4852 pueris
1119 4780 1506 4850 grandiusculis
1535 4779 1758 4847 agimus,
1788 4779 1908 4848 qui-

325 4881 418 4935 bus
445 4883 657 4952 quidem
688 4889 958 4950 peccatum
985 4879 1251 4948 proprimn
1284 4876 1466 4929 nolunt
1487 4875 1773 4928 attribuere
1794 4871 1910 4942 qui-

321 4976 476 5038 dam,
513 4977 610 5030 nis:
647 4976 713 5028 ab
742 4975 862 5027 anni
908 4971 1079 5042 quarti
1125 4971 1313 5024 decimi
1360 4970 1610 5030 articulo,
1654 4982 1774 5022 cum
1808 4981 1906 5034 pu-

326 5069 538 5122 bescere
565 5067 840 5134 (‘trperinL
875 5064 1024 5131 Quod
1055 5063 1244 5116 merito
1283 5061 1654 5121 crederemus,
1688 5057 1730 5111 si
1762 5055 1905 5110 nulla

323 5169 498 5212 essent
524 5169 737 5227 pt'('(::tta
764 5199 779 5223 ,
813 5157 911 5209 nisi
942 5172 1058 5226 qua:
1089 5154 1343 5208 membris
1374 5150 1686 5221 genitalibus
1711 5148 1905 5202 admit~

323 5260 502 5304 tnntur
527 5270 540 5304 :
568 5251 684 5318 quis
711 5266 836 5302 vero
863 5249 1052 5302 amicat
1077 5249 1339 5300 allirmare
1357 5289 1368 5305 .
1399 5248 1529 5298 furta
1547 5284 1564 5310 ,
1596 5241 1865 5297 mendacia
1887 5282 1904 5308 ,

322 5344 572 5412 pet-jm-ia,
601 5359 703 5396 non
737 5358 855 5396 esse
885 5351 1118 5410 peccata,
1151 5341 1246 5394 nisi
1278 5340 1364 5408 qui
1397 5339 1516 5391 talia
1548 5337 1659 5391 volt
1689 5337 1906 5405 impune

319 5435 693 5490 conunittere?
722 5437 787 5490 At
820 5435 900 5488 bis
934 5435 1082 5505 plena
1118 5443 1198 5488 est
1232 5433 1446 5502 puerilis
1473 5442 1634 5497 aetas,
1666 5429 1906 5500 quamvis

319 5528 368 5581 in
399 5531 479 5583 eis
512 5544 615 5581 non
663 5529 730 5581 ita
773 5537 821 5580 ut
871 5528 922 5580 in
963 5526 1251 5592 majoribus
1293 5523 1553 5592 punienda
1598 5522 1901 5586 videantur,

318 5622 456 5692 quod
484 5633 766 5690 Sperentur
795 5622 948 5674 annis
968 5620 1361 5679 acet-dentibus.
1395 5618 1584 5686 quibus
1615 5616 1747 5670 ratio
1778 5631 1904 5670 con-

318 5719 571 5784 valescat,
603 5733 758 5787 posse
787 5727 1048 5786 praecepta
1080 5715 1323 5767 salutaria
1359 5713 1545 5766 melius
1574 5710 1899 5778 intelligere,

317 5811 502 5881 eisque
533 5811 780 5865 libentius
806 5808 1042 5864 obedire.
1074 5807 1176 5863 Sed
1203 5821 1341 5860 nunc
1362 5805 1428 5860 de
1455 5803 1629 5876 pueris
1659 5819 1760 5855 non
1791 5799 1903 5872 agi-

318 5917 468 5988 mus,
500 5918 725 5975 quorum
769 5902 1039 5959 carnalem
1075 5912 1138 5956 ac
1165 5897 1424 5972 puerilem
1468 5895 1790 5967 voluptatem
1814 5893 1898 5950 vel
1959 5927 1964 5937 ι

1725 396 1929 454 LIBER
1967 393 2282 454 DECIMUS.

3543 409 3646 466 418

2058 513 2299 581 corporis
2327 513 2408 568 vel
2437 513 2599 570 animi
2641 517 2686 572 si
2724 518 2920 574 veritas
2948 528 3002 576 et
3044 533 3262 594 :rqmtas
3303 537 3645 595 oppugnave-

2057 605 2161 670 rit,
2191 606 2382 675 quibus
2426 622 2646 678 possunt
2672 613 2872 667 viribus
2901 614 3162 671 dictorum
3197 628 3354 688 atque
3382 617 3645 676 factorum

2056 710 2382 768 repugnant;
2418 718 2510 769 pro
2551 719 2651 773 qua
2675 746 2690 770 ,
2723 705 2824 760 nisi
2855 723 2951 776 pro
2995 707 3223 766 falsitate
3249 721 3302 765 et
3333 712 3641 782 iniquitate,

2055 805 2173 858 qua)
2215 793 2489 863 suffragari
2518 796 2785 852 videbitur
2810 800 2920 867 eis,
2953 802 3034 856 vel
3061 803 3125 857 ad
3165 806 3497 875 percipienda
3523 824 3643 878 qua:

2053 879 2315 948 alliciunt,
2344 886 2422 939 vel
2452 887 2516 940 ad
2545 889 2754 944 vitanda
2777 906 2894 960 quae
2915 893 3224 949 oll'endunt?
3255 898 3325 951 De
3356 898 3642 953 infantibus

2054 974 2342 1046 loquimur,
2377 995 2481 1034 non
2510 983 2628 1052 quia
2671 996 2962 1040 nascuntur
2992 989 3300 1058 plerumque
3329 990 3395 1044 de
3433 991 3639 1047 adulte-

2049 1064 2143 1118 riis
2183 1067 2198 1097 ²
2232 1066 2427 1138 (neque
2469 1074 2610 1126 enim
2654 1074 2705 1128 in
2734 1078 2914 1145 pravis
2956 1080 3195 1136 moribus
3251 1091 3454 1138 naturae
3497 1083 3637 1139 dona

2049 1157 2309 1227 culpanda
2343 1172 2497 1229 sunt;
2541 1175 2632 1219 aut
2658 1178 2932 1238 propterea
2974 1187 3078 1226 non
3107 1173 3405 1230 debuerunt
3436 1177 3635 1247 germi-

2047 1263 2177 1305 nare
2203 1250 2500 1322 frumenta,
2543 1257 2682 1326 quod
2709 1275 2771 1314 ea
2813 1263 3010 1315 severit
3038 1262 3258 1319 furantis
3283 1283 3469 1320 manus
3495 1286 3508 1322 :
3542 1281 3631 1322 aut

2047 1357 2176 1397 vero
2208 1346 2334 1414 ipsis
2366 1350 2672 1418 parentibus
2699 1352 2940 1406 obfutura
2969 1355 3036 1408 sit
3069 1357 3316 1426 iniquitas
3342 1376 3436 1414 sua
3456 1403 3470 1427 ,
3505 1362 3546 1415 si
3579 1377 3638 1417 se

2045 1433 2113 1488 ad
2166 1436 2330 1491 Deum
2388 1443 2748 1496 convertenda
2801 1449 3161 1515 correxerint;
3216 1464 3412 1521 quanto
3460 1455 3635 1508 minus

2046 1525 2187 1592 filiis,
2205 1529 2247 1581 si
2272 1541 2413 1585 recte
2433 1532 2659 1588 vixerint
2675 1535 2743 1600 ?).

2043 1619 2270 1677 CAPUT
2311 1624 2448 1678 XIV.
2477 1657 2547 1666 —
2576 1630 2937 1700 Argumentum
2969 1650 3061 1703 pro
3091 1635 3324 1704 Opinione
3349 1654 3630 1691 animarum

2112 1730 2176 1766 ea:
2203 1716 2435 1782 traduce,
2465 1719 2786 1789 desumptum
2815 1740 2878 1777 ea:
2905 1735 3047 1778 reatu
3086 1737 3131 1778 et
3173 1726 3418 1799 baptismo
3444 1745 3629 1799 parvu-

2117 1804 2300 1871 lorum,
2333 1809 2620 1864 discutitur.
2667 1853 2679 1864 .

2113 1894 2218 1951 Sed
2253 1898 2335 1950 illa
2370 1909 2499 1954 setas
2530 1903 2613 1955 hic
2650 1905 3017 1961 vehementem
3044 1909 3387 1978 qumsliouem
3419 1920 3627 1976 movet,

2038 1988 2190 2074 cujus
2217 1991 2389 2044 anima
2413 2007 2534 2045 cum
2571 2005 2840 2062 peccatum
2883 1999 3082 2052 nullum
3113 2000 3300 2055 habeat
3328 2002 3394 2056 de
3418 2005 3630 2072 proprio

2038 2081 2327 2138 voluntatis
2347 2085 2590 2168 arbitrio,
2614 2091 2869 2156 quaeritur
2890 2093 3155 2160 quomodo
3174 2095 3338 2163 pnssit
3353 2097 3626 2164 justificari

2037 2188 2134 2242 per
2159 2175 2300 2231 illius
2331 2182 2486 2232 unius
2514 2180 2742 2235 hominis
2790 2183 3172 2254 obedientiam,
3219 2188 3263 2241 si
3297 2205 3388 2258 per
3415 2191 3628 2246 alterius

2037 2268 2193 2322 unius
2245 2269 2657 2328 inobcdientiam
2711 2292 2801 2331 rea
2843 2293 2946 2332 non
2992 2281 3107 2334 est?
3152 2281 3275 2336 llaec
3303 2298 3402 2336 vox
3445 2300 3626 2339 eorum

2035 2370 2152 2424 est,
2183 2364 2270 2432 qui
2315 2365 2524 2418 animas
2569 2367 2840 2422 hominum
2879 2385 2945 2424 ex
2989 2370 3292 2426 hominibus
3323 2376 3628 2443 parentibus

2033 2463 2244 2508 creatas
2275 2457 2489 2522 volunt,
2524 2475 2629 2512 non
2659 2461 2870 2530 quidem
2908 2463 3008 2518 nisi
3042 2479 3071 2516 a
3103 2475 3343 2520 creatore
3370 2465 3497 2531 Deo,
3530 2467 3623 2521 sed

2032 2545 2171 2602 sicut
2189 2547 2347 2602 etiam
2366 2563 2610 2618 Corpora.
2637 2552 2749 2604 Non
2775 2554 2916 2607 enim
2942 2565 2993 2608 et
3016 2554 3128 2608 hasc
3153 2566 3399 2624 parentes
3419 2569 3619 2624 creant,

2031 2655 2094 2694 ac
2125 2658 2228 2694 non
2258 2643 2344 2696 ille
2382 2644 2470 2713 qui
2505 2645 2616 2699 ait:
2653 2645 2958 2718 Priusquam
2996 2659 3042 2703 te
3071 2651 3342 2718 formarem
3369 2652 3420 2705 in
3450 2662 3618 2721 utero,

2031 2733 2146 2785 novi
2167 2743 2214 2786 te
2239 2733 2448 2804 (Jerem.
2479 2753 2515 2799 ι,
2545 2738 2624 2806 5).

2101 2825 2192 2880 24.
2222 2827 2423 2892 Quibus
2449 2831 2820 2901 respondetur.
2849 2835 3053 2889 animas
3072 2835 3284 2905 quidem
3309 2840 3620 2908 corporibus

2030 2917 2306 2974 hominum
2342 2922 2504 2977 Deum
2538 2941 2701 2980 novas
2723 2926 3032 2994 singillatim
3063 2929 3220 2993 dare,
3256 2931 3320 2984 ad
3349 2931 3450 2986 hoc
3479 2941 3535 2986 ut
3564 2933 3618 2987 in

2029 3025 2188 3067 carne
2218 3014 2418 3081 peccati
2451 3014 2520 3069 de
2561 3017 2799 3087 originali
2842 3031 3058 3089 peccato
3086 3022 3330 3076 veniente
3359 3035 3502 3077 recte
3535 3025 3616 3078 vi-

2028 3107 2218 3168 vendo,
2267 3109 2613 3179 carualesque
2656 3113 3114 3180 concupiscentias
3158 3118 3257 3168 sub
3308 3117 3396 3169 Dei
3449 3116 3616 3185 gratia

2027 3199 2339 3269 subigendo,
2374 3202 2618 3255 meritum
2661 3213 3004 3270 comparent,
3052 3219 3157 3274 quo
3187 3221 3304 3259 cum
3339 3206 3451 3275 ipso
3493 3223 3614 3262 Cor-

2025 3307 2154 3362 pore
2181 3293 2230 3345 iu
2261 3293 2450 3347 melius
2476 3294 2864 3349 transferantur
2892 3305 3130 3364 tempore
3172 3300 3574 3354 resorrectionis
3597 3341 3610 3364 ,

2024 3393 2079 3437 et
2107 3385 2158 3437 in
2203 3385 2412 3439 Christo
2457 3388 2510 3440 in
2545 3397 2802 3441 aaternum
2846 3403 2968 3441 cum
3000 3389 3216 3458 Angelis
3260 3391 3455 3444 vivant.
3502 3392 3606 3446 Sed

2023 3490 2242 3530 necesse
2271 3493 2388 3530 esse
2417 3486 2474 3530 ut
2499 3480 2540 3544 ²,
2571 3494 2689 3532 cum
2733 3479 2985 3532 membris
3013 3483 3238 3535 terrenis
3273 3490 3430 3552 atque
3458 3500 3605 3539 mor.

2025 3567 2234 3632 talibus,
2266 3569 2596 3639 maximeque
2620 3569 2689 3625 de
2716 3572 2914 3639 peccati
2940 3587 3099 3625 carne
3119 3575 3442 3643 pr0pagatis,
3471 3578 3606 3631 miro

2021 3659 2183 3712 modo
2209 3668 2542 3728 coaptantur,
2571 3669 2703 3714 utea
2725 3661 2972 3730 primitus
2997 3663 3282 3726 viviticare.
3308 3673 3426 3734 post
3445 3666 3606 3722 etiam

2021 3751 2192 3802 aetatis
2218 3765 2434 3804 accessu
2459 3767 2642 3820 regere
2665 3752 2888 3820 possint,
2913 3762 3159 3822 tanquam
3183 3754 3447 3810 oblivione
3473 3773 3608 3826 prae-

2019 3852 2324 3912 grareutur.
2357 3845 2486 3908 Qua:
2516 3844 2558 3898 si
2603 3853 2745 3898 esset
2772 3845 3163 3913 quodammodo
3197 3847 3565 3918 indigestibilis
3587 3891 3602 3918 ,

2020 3933 2258 3988 Creatori
2308 3935 2666 3989 tribueretur:
2699 3951 2820 3990 cum
2870 3952 2998 3990 vero
3045 3937 3297 4006 paulatim
3341 3939 3408 3993 ab
3451 3939 3609 4010 hujus

2019 4031 2303 4084 oblivionis
2341 4040 2554 4099 torpore
2582 4030 2758 4084 anima
2798 4030 3122 4102 resipiscens
3164 4034 3331 4102 possit
3367 4035 3606 4089 converti

2018 4124 2084 4176 ad
2130 4124 2290 4177 Deum
2323 4140 2509 4191 suum,
2542 4125 2763 4194 ejusque
2807 4125 3222 4180 misericordiam
3250 4137 3305 4182 et
3331 4129 3606 4184 veritatem

2021 4215 2191 4284 primo
2219 4215 2330 4284 ipsa
2355 4216 2552 4285 pietate
2573 4217 2956 4283 conversionis,
2984 4216 3175 4272 deinde
3202 4218 3447 4273 servandi
3473 4236 3606 4289 prae-

2017 4310 2154 4377 cepti
2184 4308 2298 4378 ejus
2328 4309 2715 4377 perseverantia
2754 4309 3080 4377 promereri;
3108 4308 3232 4378 quid
3259 4311 3308 4363 ei
3335 4311 3485 4365 obest
3511 4312 3603 4366 illo

2019 4401 2160 4454 velut
2188 4417 2377 4455 somno
2404 4399 2671 4468 paululum
2701 4400 2964 4469 immergi,
3001 4399 3139 4453 u:.de
3171 4400 3418 4468 paulatim
3451 4403 3604 4472 evigi-

2017 4493 2132 4547 lans
2160 4494 2208 4546 iu
2241 4493 2410 4547 lucem
2455 4491 2818 4560 intelligentia:
2839 4532 2852 4552 ,
2899 4502 3114 4559 propter
3141 4507 3298 4561 quam
3329 4492 3602 4549 rationalis

2016 4586 2188 4638 anima
2225 4586 2354 4637 facta
2383 4593 2494 4643 est,
2529 4591 2701 4651 potest
2726 4597 2819 4651 per
2840 4582 3161 4636 voluntatem
3191 4582 3381 4638 bonam
3406 4585 3603 4654 eligere

2015 4677 2178 4731 vitam
2216 4675 2446 4729 bonam?
2471 4674 2612 4744 quod
2641 4673 2852 4743 quidem
2881 4690 2983 4727 non
3017 4675 3230 4744 poterit,
3263 4675 3362 4729 nisi
3385 4675 3604 4746 adjuve-

2016 4771 2084 4823 rit
2101 4769 2264 4838 gratia
2288 4767 2376 4821 Dei
2398 4783 2490 4835 per
2507 4765 2869 4820 Mediatorem.
2889 4766 2998 4820 Hoc
3037 4767 3081 4820 si
3113 4767 3401 4837 neglexerit
3419 4767 3598 4836 homo,

2017 4877 2120 4915 non
2149 4868 2350 4913 tantum
2381 4857 2672 4912 secundum
2703 4872 2916 4912 carnem
2937 4899 2953 4925 ,
2998 4873 3180 4912 verum
3211 4859 3369 4913 etiam
3406 4874 3599 4914 secun-

2015 4955 2141 5009 dum
2171 4954 2417 5023 spiritqu
2459 4952 2562 5005 erit
2611 4949 2817 5005 Adam:
2851 4951 2894 5004 si
2939 4959 3113 5004 autem
3158 4951 3452 5014 curaverit,
3497 4951 3600 5006 erit

2014 5047 2183 5101 Adam
2209 5044 2499 5100 secundum
2521 5058 2735 5098 carnem
2760 5042 3155 5108 tantummodo;
3179 5041 3468 5097 secundum
3491 5042 3600 5110 spi-

2014 5143 2172 5198 ritum
2205 5149 2379 5194 autem
2409 5148 2552 5193 recte
2575 5137 2786 5200 vivens,
2819 5134 2946 5190 illud
2976 5135 3134 5189 etiam
3163 5133 3302 5204 quod
3333 5132 3399 5186 de
3424 5132 3594 5187 Adam

2013 5234 2277 5304 culpabile
2308 5238 2528 5286 tractum
2558 5238 2660 5294 est,
2690 5227 2998 5282 mandatum
3029 5241 3061 5280 a
3087 5226 3202 5280 labe
3231 5225 3430 5295 peccati
3461 5223 3598 5278 reci-

2013 5340 2140 5396 pere
2167 5323 2457 5378 merebitur
2495 5321 2582 5374 illa
2622 5319 3034 5374 commutatione
3075 5331 3232 5388 quam
3263 5315 3458 5370 sanctis
3503 5329 3596 5372 rec

2013 5417 2268 5472 surrectio
2294 5415 2588 5485 pollicetur.

2081 5512 2172 5565 25.
2201 5509 2304 5565 Sed
2327 5517 2608 5577 antequam
2638 5519 2732 5575 per
2751 5511 2960 5559 aetatem
2987 5501 3150 5571 possit
3173 5499 3460 5556 secundum
3483 5499 3594 5570 spi-

2010 5607 2168 5662 ritqu
2202 5605 2412 5667 vivere,
2461 5598 2815 5655 necessarium
2860 5595 3017 5649 liabet
3058 5593 3358 5648 Mediatoris
3399 5594 3593 5648 Sacra-

2012 5709 2270 5761 mentum,
2301 5695 2518 5764 utquod
2549 5707 2642 5762 per
2670 5691 2785 5760 ejus
2813 5688 2969 5742 ﬁdem
2997 5686 3230 5741 nondum
3261 5694 3468 5757 potest,
3499 5697 3595 5751 per

2076 5837 2093 5868 ι
2119 5841 2171 5884 tn
2191 5830 2410 5896 plurimis
2429 5835 2558 5896 Mss,
2582 5825 2644 5877 de
2666 5822 2916 5896 adulteris.

2075 5900 2095 5930 '
2118 5887 2227 5947 tov'.
2253 5907 2362 5946 cum
2385 5891 2606 5943 omnibus
2621 5896 2728 5940 Mss.
2755 5887 2999 5950 omittunt,
3022 5887 3091 5937 ut.
3135 5889 3194 5934 tl.
