4090 6474
513 552 657 629 quod
686 554 910 611 fidenter
934 554 1219 611 dicendum
1246 564 1356 621 est,
1386 571 1455 611 ne
1479 555 1563 611 vel
1595 556 1680 610 illa
1710 557 1886 611 anima
1913 557 2101 628 aliqui-

513 649 613 706 bus
628 650 877 720 operibus
895 649 1311 720 praecedentibus
1330 649 1394 705 ad
1414 660 1614 705 tantum
1630 652 1832 720 apicem
1850 652 2100 707 subvecta

516 752 815 813 putaretur,
839 750 895 796 ut
918 756 1040 796 cum
1067 756 1129 797 ea
1151 740 1381 797 Verbum
1406 756 1533 796 caro
1563 743 1733 809 fieret,
1760 753 1814 797 et
1841 743 2100 798 habitaret

512 832 565 888 in
585 834 737 887 nobis
753 831 930 905 (Joan.
947 849 988 900 ι,
1006 832 1120 903 14),
1138 831 1204 887 ad
1225 831 1565 888 auferendam
1588 836 1945 907 suspicionem
1966 849 2102 907 prat-

510 926 813 982 ccdeutium
854 926 1161 982 meritorum
1190 926 1347 981 sortis
1377 942 1568 982 nomen
1599 929 1846 983 accessit.
2024 956 2025 959 η

509 1014 737 1075 CAPUT
769 1015 993 1076 XIL—
1007 1016 1188 1071 Anima
1209 1015 1393 1072 Christi
1415 1036 1514 1073 non
1538 1018 1634 1092 fuit
1658 1019 1711 1073 in
1736 1019 1917 1075 lumbis
1936 1019 2100 1074 Abra-

859 1112 957 1175 Iue,
984 1108 1193 1179 ideoque
1220 1125 1321 1162 non
1343 1119 1416 1165 est
1445 1126 1507 1164 ea;
1533 1110 1756 1163 traduce.
2021 1115 2025 1120 “

591 1203 682 1259 54.
721 1201 817 1257 Est
842 1201 896 1256 in
927 1201 1160 1271 Epistola
1203 1218 1322 1273 quae
1366 1202 1670 1259 inscribitur
1713 1202 1779 1257 ad
1824 1202 2098 1270 Hebraeos,

512 1291 663 1350 locus
706 1291 921 1363 quidam
966 1292 1203 1363 diligenti
1267 1293 1691 1349 consideratione
1738 1293 2098 1365 dignissimus.

511 1393 642 1450 Cum
673 1390 813 1447 enim
842 1406 938 1462 per
967 1390 1381 1458 Melchisedech,
1413 1392 1465 1445 in
1496 1406 1601 1460 quo
1628 1389 1782 1461 hujus
1809 1390 1886 1445 rei
1913 1388 2102 1444 futurae

509 1485 673 1557 llgura
703 1492 1077 1555 praecesserat,
1105 1485 1433 1539 discerneret
1459 1483 1814 1539 sacerdotium
1845 1482 2039 1536 Christi
2068 1496 2100 1535 a

508 1576 807 1634 Sacerdotio
834 1577 985 1642 Levi,
1027 1575 1197 1630 Videte
1218 1592 1357 1647 ergo,
1386 1576 1575 1647 inquit,
1605 1575 1769 1646 qualis
1797 1575 1876 1627 hic
1903 1583 1993 1639 est,
2022 1572 2101 1625 cui

508 1682 555 1728 et
571 1670 816 1726 decimam
833 1680 1027 1743 partem
1040 1669 1296 1723 Abraham
1315 1667 1451 1721 dedit
1472 1669 1533 1721 de
1544 1667 1776 1739 primitiis
1793 1665 2099 1737 patriarcha.

510 1761 578 1818 Et
601 1763 639 1817 ii
683 1761 883 1832 quidem
908 1762 993 1834 qui
1034 1761 1095 1814 de
1134 1760 1254 1828 ﬁliis
1280 1769 1398 1812 sunt
1426 1757 1574 1824 Levi,
1600 1757 1937 1811 sacerdotium
1965 1754 2103 1807 acci-

510 1855 722 1927 pientes,
743 1855 1034 1908 mandatum
1054 1852 1232 1906 habent
1249 1868 1281 1904 a
1300 1851 1503 1905 decimis
1517 1850 1691 1922 papali
1714 1849 1987 1903 secundum
2007 1846 2104 1900 Le-

508 1952 642 2024 genl,
669 1950 762 2003 hoc
785 1958 855 2003 est
880 1964 911 2002 a
946 1945 1185 2016 fratribus
1209 1945 1313 2000 suis
1334 1985 1349 2011 ,
1377 1944 1674 2014 quamvis‘et
1706 1942 1806 2009 ipsi
1830 1957 1892 1995 ea:
1921 1941 2103 1994 lumbis

511 2041 729 2096 Abralue
763 2040 973 2095 exierint
1008 2037 1135 2109 :qui
1160 2047 1327 2091 autem
1353 2052 1455 2090 non
1496 2044 1568 2089 est
1601 2050 1663 2090 ea:
1691 2050 1870 2105 genere
1905 2050 2099 2100 eorum,

511 2132 775 2186 decimauit
790 2129 1065 2192 Abraham,
1084 2138 1130 2181 et
1149 2128 1411 2182 habentem
1427 2125 1806 2197 promissionem
1825 2124 2099 2179 benedixit.

514 2225 640 2281 Sine
669 2222 775 2278 ulla
801 2233 968 2276 autem
1001 2220 1419 2285 contradictione,
1444 2219 1529 2289 qui
1559 2220 1722 2272 minor
1746 2227 1818 2272 est
1843 2233 1877 2271 a
1910 2217 2104 2287 majore

515 2314 826 2372 benedicitur
852 2329 871 2368 :
908 2325 954 2368 et
992 2312 1075 2367 hic
1115 2311 1319 2382 quidem
1345 2310 1564 2364 decimas
1588 2310 1855 2363 morientes
1878 2307 2103 2361 homines

512 2407 797 2478 accipiunt;
843 2404 911 2459 ibi
940 2414 1106 2458 autem
1147 2403 1232 2474 qui
1263 2402 1559 2471 testiﬁcatur
1598 2417 1652 2456 se
1689 2401 1881 2465 vivere,
1903 2409 1949 2453 et
1977 2399 2104 2453 sicut

512 2510 704 2573 oportet
729 2499 895 2553 dicere
912 2540 929 2565 ,
951 2506 1159 2569 propter
1188 2496 1474 2562 Abraham,
1500 2504 1551 2549 et
1578 2493 1697 2549 Levi
1726 2493 1979 2563 accipiens
2010 2491 2100 2545 de-

513 2593 696 2647 cimam
719 2590 996 2645 decimatas
1017 2598 1132 2643 est:
1161 2587 1327 2641 adhuc
1352 2586 1486 2641 enint
1512 2585 1567 2639 in
1606 2581 1788 2638 lambis
1830 2583 1987 2653 patris
2023 2581 2104 2636 sui

512 2684 607 2757 [uit
625 2681 804 2755 (Hebr.
828 2696 921 2747 vn,
945 2678 1125 2747 4-10).
1151 2679 1207 2735 Si
1231 2693 1358 2749 ergo
1382 2678 1542 2733 etiam
1565 2675 1668 2731 hoc
1690 2677 1827 2731 valet
1852 2674 1919 2729 ad
1949 2674 2101 2729 istam

511 2774 847 2841 distantiam,
874 2780 1129 2842 quantum
1173 2770 1519 2840 przeemineat
1543 2767 1842 2824 sacerdotio
1866 2764 2104 2820 Levitico

512 2866 872 2923 sacerdotium
894 2863 1113 2926 Christi,
1137 2851 1278 2932 quod
1302 2861 1552 2916 sacerdos
1576 2859 1819 2915 Christus
1838 2857 2103 2930 penillum

512 2962 881 3034 praefiguratus
908 2967 1026 3024 est,
1055 2955 1145 3027 qui
1176 2955 1460 3010 decimavit
1502 2953 1803 3016 Abraham,
1838 2950 1893 3005 in
1919 2963 2022 3019 quo
2051 2957 2107 3003 et

512 3053 628 3125 ipse
648 3052 773 3108 Levi
801 3051 1094 3107 decimatus
1119 3058 1237 3113 est,
1271 3045 1511 3117 profecto
1536 3045 1782 3100 Christus
1807 3044 1875 3098 ah
1904 3057 1969 3096 eo
1995 3057 2103 3096 non

513 3155 598 3202 est
623 3143 934 3200 decimatas.
977 3143 1047 3195 At
1083 3140 1127 3195 si
1176 3147 1454 3208 prepterea
1494 3136 1785 3191 decimatas
1829 3143 1910 3189 est
1953 3133 2100 3196 Levi,

511 3238 637 3309 quia
666 3246 780 3292 erat
807 3236 860 3290 in
888 3232 1083 3288 lumbis
1108 3231 1337 3285 Abrahae
1363 3247 1378 3295 ;
1411 3240 1687 3299 propterea
1716 3243 1819 3282 non
1850 3234 1932 3281 est
1956 3226 2101 3281 deci-

478 3392 490 3403 ,
513 3339 685 3386 matus
696 3327 961 3390 Christus,
984 3325 1106 3396 quia
1124 3339 1229 3379 non
1248 3331 1361 3378 erat
1378 3322 1432 3376 in
1455 3322 1644 3376 lumbis
1667 3320 1911 3375 Abrahze.
1938 3319 2103 3374 Porro

513 3430 691 3476 autem
725 3420 771 3476 si
800 3434 903 3473 non
937 3414 1227 3472 secundum
1266 3414 1530 3481 animam,
1552 3412 1646 3468 sed
1681 3420 1882 3466 tantum
1915 3425 2103 3467 secun—

514 3511 643 3569 dum
667 3524 880 3566 carnem
923 3506 1211 3579 accipimus
1241 3504 1368 3562 Levi
1413 3503 1579 3558 fuisse
1616 3501 1669 3557 in
1701 3503 2001 3568 Abraham;
2032 3503 2103 3557 ibi

517 3614 633 3663 erat
653 3613 709 3661 et
735 3602 979 3659 Christus
997 3641 1014 3668 ,
1040 3600 1164 3670 quia
1198 3608 1253 3653 et
1277 3597 1521 3652 Christus
1559 3596 1847 3651 secundum
1888 3610 2101 3651 carnem

516 3714 586 3754 ex
618 3696 819 3753 semine
845 3703 928 3750 est
954 3693 1222 3757 Abrahae;
1253 3699 1307 3746 et
1334 3692 1447 3761 ipse
1473 3689 1651 3759 itaque
1679 3688 1970 3744 decimatus
1999 3698 2100 3743 est.

517 3787 654 3856 Quid
684 3797 765 3843 est
790 3801 917 3857 ergo
946 3784 1085 3855 quod
1117 3782 1337 3838 affertur
1357 3798 1452 3852 pro
1479 3797 1668 3851 magna
1698 3781 1992 3835 dill'erentia
2014 3795 2102 3834 sa-

514 3879 735 3936 cerdotii
754 3876 947 3933 Christi
975 3892 1006 3930 a
1033 3873 1332 3930 sacerdotio
1362 3873 1510 3937 Levi,
1538 3872 1677 3943 quod
1708 3871 1834 3926 Levi
1863 3872 2102 3927 decima-

520 3981 605 4026 tus
632 3980 714 4025 est
741 3984 772 4023 a
798 3966 1213 4034 Melchisedech,
1235 3983 1354 4022 cum
1385 3974 1527 4021 esset
1551 3965 1604 4020 in
1633 3964 1825 4019 lumbis
1850 3963 2098 4030 Abrahae,

520 4062 607 4117 ubi
638 4070 693 4117 et
717 4060 955 4115 Christus
981 4068 1115 4121 erat,
1151 4059 1291 4113 unde
1316 4056 1518 4129 pariter
1545 4056 1790 4111 decimati
1823 4066 1973 4121 sunt;
2003 4055 2100 4109 nisi

433 4188 447 4199 ο
522 4153 643 4225 quia
670 4167 886 4209 necesse
906 4161 988 4206 est
1012 4150 1387 4221 intelligamus,
1412 4149 1700 4205 secundum
1729 4149 1956 4218 aliquem
1988 4163 2105 4201 mo-

518 4245 643 4301 dum
674 4244 743 4299 ibi
768 4240 1037 4298 Christum
1066 4259 1169 4296 non
1201 4241 1406 4296 fuisse?
1432 4241 1561 4309 Quis
1584 4252 1762 4296 autem
1795 4249 1950 4311 neget
1976 4255 2101 4296 eum

521 4335 810 4391 secundum
853 4349 1068 4389 carnem
1114 4333 1187 4387 ibi
1232 4331 1444 4388 fuisse?
1482 4333 1621 4403 Ergo
1651 4333 1941 4388 secundum
1984 4332 2104 4387 ani-

517 4444 656 4482 mam
692 4427 763 4481 ibi
810 4442 914 4481 non
963 4424 1077 4480 fuit.
1119 4423 1234 4479 Non
1277 4433 1359 4479 est
1400 4423 1557 4494 igitur
1599 4424 1775 4479 anima
1810 4422 2004 4478 Christi
2032 4424 2100 4480 de

515 4519 731 4573 traduce
758 4516 1208 4588 praevaricationis
1230 4514 1361 4570 Adae
1378 4556 1392 4581 ,
1420 4514 1656 4585 alioquin
1683 4515 1843 4569 etiam
1886 4514 1997 4585 ipsa
2029 4513 2097 4570 ibi

513 4609 720 4665 fuisset.

512 4700 738 4757 CAl‘UT
777 4699 990 4755 XX.—
1016 4699 1095 4753 Ad
1140 4708 1493 4769 argumentum
1545 4714 1678 4752 nunc
1725 4700 1939 4752 allatum
1978 4699 2100 4769 quid

515 4794 917 4865 respondendum
957 4810 1048 4864 pro
1086 4792 1465 4863 defendentibus
1506 4793 1792 4846 animarum
1818 4795 2093 4846 traducem.

585 4889 672 4944 55.
705 4886 1170 4942 llic‘existuntilli
1194 4885 1282 4955 qui
1304 4885 1572 4940 traducem
1590 4885 1885 4940 animarum
1912 4884 2096 4939 defen-

514 4981 667 5049 dunt,
688 4990 743 5035 et
765 4979 953 5035 dicunt
967 4981 1333 5033 conﬁrmatam
1360 4992 1481 5034 esse
1506 4979 1824 5032 sententiam
1850 4980 2027 5041 suam;
2050 4977 2095 5031 si

515 5077 641 5132 Levi
665 5083 875 5131 constat
912 5074 1069 5128 etiam
1105 5070 1396 5127 secundum
1422 5071 1652 5126 animam
1683 5070 1846 5125 fuisse
1875 5072 1925 5124 in
1956 5070 2096 5125 lum-

515 5170 596 5224 bis
627 5166 877 5231 Ahrahze,
900 5169 953 5220 in
980 5179 1087 5235 quo
1113 5179 1235 5219 eum
1276 5163 1558 5219 decimavit
1594 5161 2006 5228 Melchisedech,
2040 5170 2097 5215 ut

513 5262 682 5333 possit
709 5261 775 5314 ab
801 5275 865 5315 eo
896 5256 1136 5314 Christus
1180 5258 1231 5311 in
1278 5256 1376 5309 ista
1423 5254 1775 5310 decimatione
1825 5252 2092 5308 discerni:

512 5356 603 5427 qui
624 5354 873 5425 quoniam
901 5352 1196 5407 decimatus
1223 5356 1328 5404 no‘u
1361 5358 1459 5414 cst,
1490 5357 1543 5404 et
1589 5356 1763 5402 tamen
1805 5347 1858 5401 in
1902 5347 2096 5402 lumbis

512 5445 746 5500 Abrabze
788 5441 1078 5499 secundum
1127 5456 1340 5497 carnem
1386 5439 1503 5504 fuit,
1535 5447 1701 5494 restat
1727 5448 1783 5493 ut
1807 5438 2097 5493 secundum

512 5539 744 5607 animam
776 5535 848 5590 ibi
878 5549 981 5590 non
1012 5532 1198 5598 fuerit,
1228 5541 1283 5586 et
1319 5530 1438 5586 ideo
1478 5530 1546 5584 sit
1589 5545 1919 5598 consequens
1942 5538 1996 5583 ut
2024 5528 2092 5583 ibi

512 5610 642 5684 Levi
672 5628 965 5683 secundum
992 5625 1222 5679 animam
1255 5623 1431 5677 fuerit.
1465 5618 1576 5675 lloc
1601 5621 1666 5676 ad
1706 5638 1790 5675 me
1827 5638 1931 5677 non
1962 5622 2097 5676 mul-

513 5728 625 5775 tum
656 5720 866 5784 attinet,
894 5718 981 5789 qui
1026 5724 1373 5785 utrorumque
1414 5712 1753 5769 collationem
1800 5713 1973 5768 adhuc
2000 5729 2096 5769 au-

512 5810 629 5870 dire
653 5826 770 5866 sum
796 5810 1052 5882 p.ratior,
1078 5823 1238 5880 quam
1261 5804 1754 5877 utrorumlibetjaui
1778 5808 2097 5865 confirmem

573 5924 698 6007 'Vlr.
718 5926 868 5992 Lugd.
890 5933 1009 5979 Ven.
1034 5931 1144 5978 ιον.
1167 5922 1349 5989 ferunt,
1373 5922 1512 5977 Hinc.
1573 5926 1633 5974 Ι.

1437 445 1527 502 ne
1564 444 1815 503 ceassr
1853 445 1946 501 Αι)
1983 414 2357 535 LITTERAM,
2399 445 2458 505 s.
2496 445 2866 506 AUGUSTINI

3681 447 3794 505 ιίι

2209 559 2547 615 sententiam.
2572 559 2787 615 lnterim
2810 557 3006 615 Christi
3039 559 3269 615 animam
3298 559 3366 615 ab
3390 560 3595 631 origine
3632 560 3795 631 hujus

2211 651 2443 707 traducis
2488 668 2583 724 per
2620 654 2721 707 hoc
2752 653 3114 707 testimonium
3140 667 3423 709 secernere
3448 654 3610 708 volui.
3640 652 3794 708 luve-

2209 743 2358 799 nient
2383 743 2471 799 isti
2497 745 2588 815 qui
2614 745 2693 799 eis
2720 759 2817 814 pro
2840 745 3048 800 cat-teris
3075 744 3303 801 fortasse
3332 745 3712 815 respondeant,
3737 755 3798 799 et

2209 834 2409 904 dicant,
2438 836 2577 908 quod
2607 837 2767 893 etiam
2816 853 2901 892 me
2940 852 3045 892 non
3095 853 3283 909 parum
3324 846 3521 904 movet,
3550 836 3796 910 quamvis

2209 929 2407 984 nullius
2454 930 2685 985 hominis
2735 930 2909 984 anima
2955 930 3025 985 sit
3073 931 3123 985 in
3155 930 3349 985 lumbis
3374 932 3538 1000 patris
3565 929 3669 992 sui.
3701 943 3797 985 se-

2209 1021 2440 1077 cundum
2463 1036 2677 1076 carnem
2702 1031 2876 1077 tamen
2905 1021 2956 1075 in
2976 1020 3173 1075 lumbis
3194 1021 3420 1076 Abrahae
3443 1020 3797 1076 constitutum

2209 1113 2339 1170 Levi
2365 1116 2708 1186 decimatum,
2730 1128 2784 1173 et
2798 1117 2871 1173 ibi
2890 1116 3234 1172 constitutum
3257 1116 3545 1172 secundum
3572 1132 3799 1172 carnem

2208 1207 2478 1265 Christum
2498 1228 2602 1266 non
2627 1210 2967 1267 decimatum.
2993 1209 3298 1264 Secundum
3316 1209 3576 1264 rationem
3597 1208 3799 1278 quippe

2211 1303 2351 1358 illam
2378 1304 2689 1360 seminalem
2723 1304 2793 1358 ibi
2821 1303 2917 1358 fuit
2942 1302 3097 1369 Levi,
3118 1318 3219 1374 qua
3243 1303 3448 1359 ratione
3472 1318 3569 1375 per
3592 1317 3800 1358 conca-

2209 1394 2377 1450 hitum
2403 1406 2655 1451 venturus
2679 1405 2794 1451 erat
2833 1397 2883 1449 in
2924 1406 3170 1460 matrem,
3202 1394 3494 1452 secundum
3521 1410 3680 1466 quam
3710 1410 3803 1449 ra-

2211 1488 2408 1544 tionem
2452 1503 2559 1543 non
2594 1488 2665 1543 ibi
2690 1498 2806 1543 erat
2829 1487 3027 1542 Christi
3053 1502 3197 1554 Caro,
3227 1488 3471 1559 quamvis
3498 1487 3801 1543 secundum

2211 1580 2378 1650 ipsam
2429 1580 2501 1635 ibi
2548 1580 2702 1636 fuerit
2750 1580 2928 1636 Mariae
2970 1596 3113 1636 caro.
3149 1581 3482 1652 Quapropter
3517 1597 3615 1638 nec
3642 1580 3797 1648 Levi,

2209 1686 2311 1726 nec
2337 1671 2581 1725 Christus
2612 1674 2664 1726 in
2701 1672 2895 1726 lumbis
2933 1672 3161 1733 Abrahae
3188 1673 3479 1728 secundum
3512 1674 3750 1728 animam
3782 1691 3798 1728 :

2211 1763 2504 1819 secundum
2531 1779 2746 1820 carnem
2772 1780 2902 1819 vero
2929 1774 2982 1819 et
3005 1765 3153 1831 Levi,
3172 1774 3226 1819 et
3246 1765 3519 1829 Christus;
3546 1765 3639 1819 sed
3663 1765 3798 1820 Levi

2209 1857 2501 1913 secundum
2528 1857 3009 1928 concupiscentiam
3040 1858 3329 1922 carnalem,
3352 1856 3595 1911 Christus
3613 1867 3798 1911 autem

2212 1949 2505 2007 secundum
2532 1949 2698 2003 solum
2727 1948 3077 2003 substamiam
3109 1949 3465 2017 corporalem.
3494 1947 3625 2003 Cum
3650 1949 3798 2003 enim

2210 2041 2282 2097 sit
2305 2042 2359 2096 in
2387 2041 2589 2095 semine
2615 2051 2669 2096 et
2692 2040 2918 2095 visibilis
2942 2039 3293 2111 corpulentia,
3324 2049 3379 2097 et
3408 2041 3688 2098 invisibilis
3717 2057 3802 2094 ra-

2211 2132 2305 2197 tio,
2349 2142 2634 2202 utrumque
2673 2132 2904 2186 cucurrit
2950 2147 3013 2185 ex
3064 2130 3366 2198 Abraham,
3395 2131 3477 2185 vel
3522 2133 3682 2186 etiam
3732 2147 3800 2186 ex

2209 2223 2327 2293 ipso
2358 2221 2525 2276 Adam
2558 2238 2721 2291 usque
2754 2221 2821 2276 ad
2857 2236 3049 2291 corpus
3073 2220 3247 2275 Maria:
3268 2238 3280 2283 ;
3305 2221 3428 2291 quia
3451 2234 3499 2276 et
3525 2222 3701 2292 ipsum
3734 2237 3801 2276 eo

2210 2313 2372 2369 modo
2391 2325 2705 2382 conceptum
2722 2322 2776 2369 et
2795 2324 3035 2368 exortum
3058 2324 3139 2369 est
3159 2330 3171 2366 :
3194 2312 3439 2371 Christus
3465 2329 3641 2369 autem
3664 2316 3801 2370 visi-

2209 2404 2371 2461 bilem
2414 2406 2592 2462 carnis
2619 2404 2967 2460 substantiam
2996 2405 3061 2459 de
3089 2420 3249 2461 carne
3277 2404 3506 2476 Virginis
3534 2408 3799 2476 sumpsit;

2210 2498 2348 2553 ratio
2369 2512 2500 2554 vero
2530 2497 2892 2568 conceptionis
2920 2498 3036 2567 cjus
3065 2513 3169 2552 non
3202 2512 3232 2552 a
3278 2499 3482 2553 semine
3510 2497 3673 2565 virili,
3701 2497 3804 2554 sed

2211 2580 2370 2662 longe
2411 2590 2567 2645 aliter
2614 2605 2677 2645 ac
2729 2589 2960 2660 desuper
3008 2591 3163 2644 venit.
3197 2589 3450 2645 'Proinde
3500 2588 3803 2645 secundum

2213 2682 2315 2739 hoc
2336 2681 2479 2754 quod
2518 2683 2586 2739 de
2630 2693 2801 2738 matre
2831 2681 3055 2753 accepit,
3077 2683 3238 2738 etiam
3267 2682 3321 2736 in
3347 2681 3540 2737 lumbis
3565 2679 3805 2736 Abrahae

2213 2774 2329 2830 fuit.

2282 2866 2371 2922 56.
2393 2863 2485 2921 llle
2512 2875 2595 2921 est
2624 2865 2783 2936 igitur
2824 2864 3115 2922 decimatus
3150 2866 3202 2921 in
3242 2865 3531 2933 Abraham,
3554 2865 3644 2935 qui
3673 2863 3806 2920 licet

2212 2958 2501 3015 secundum
2531 2973 2746 3014 carnem
2777 2968 3000 3023 tantum,
3029 2960 3107 3013 sic
3143 2966 3317 3013 tamen
3361 2956 3455 3012 fuit
3500 2956 3555 3011 in
3594 2955 3799 3011 lumbis

2209 3052 2348 3123 ejus,
2376 3052 2818 3122 quemadmodum
2851 3053 2902 3106 in
2945 3052 3027 3108 sui
3071 3054 3237 3123 patris
3277 3053 3436 3109 etiam
3479 3052 3592 3122 ipse
3631 3051 3805 3106 Abra-

2212 3142 2370 3204 ham;
2403 3143 2454 3197 id
2482 3153 2585 3209 est,
2613 3144 2701 3214 qui
2752 3143 2830 3198 sic
2877 3152 2962 3199 est
3004 3153 3159 3198 natus
3197 3143 3265 3199 de
3314 3155 3461 3214 patre
3501 3141 3802 3207 Abraham,

2210 3233 2657 3305 quemadmodum
2687 3235 2753 3289 de
2780 3248 2877 3289 suo
2905 3244 3056 3305 patre
3085 3243 3240 3290 natus
3264 3244 3347 3289 est
3384 3234 3676 3298 Abraham,
3701 3250 3803 3305 per

2211 3326 2379 3397 legem
2403 3327 2607 3384 scilicet
2631 3327 2683 3383 in
2709 3328 2964 3383 membris
2985 3338 3365 3400 repugnantem
3393 3328 3497 3401 legi
3527 3332 3727 3384 mentis
3749 3336 3804 3387 et

2211 3419 2529 3477 invisibilem
2572 3423 3077 3492 concupiscentiam,
3109 3423 3354 3493 quamvis
3397 3438 3513 3478 eam
3552 3433 3702 3477 casta
3750 3431 3805 3478 et

2209 3513 2347 3571 bona
2370 3515 2487 3585 jura
2518 3516 2818 3586 nuptiarum
2852 3533 2955 3572 non
2985 3517 3161 3573 sinant
3188 3518 3381 3582 valere,
3410 3518 3509 3573 nisi
3539 3528 3801 3589 quantum

2209 3622 2275 3663 ex
2309 3624 2371 3663 ea
2422 3616 2643 3678 possunt
2682 3609 2863 3679 generi
2908 3609 3278 3665 substituendo
3324 3611 3801 3681 prospiceremon

2210 3713 2386 3756 autem
2435 3709 2491 3756 et
2530 3701 2619 3755 ille
2656 3702 2725 3757 ibi
2753 3700 3048 3768 decimatas
3075 3710 3177 3770 est,
3205 3705 3357 3772 cujus
3384 3718 3508 3758 caro
3536 3702 3660 3757 inde
3688 3717 3800 3757 non

2212 3791 2474 3847 fervorem
2497 3792 2755 3855 vulneris,
2787 3794 2881 3849 sed
2914 3795 3187 3849 materiam
3216 3794 3584 3851 medicaminis
3612 3795 3797 3850 traxit.

2210 3882 2340 3937 Nam
2370 3898 2490 3938 cum
2528 3885 2636 3952 ipsa
2668 3882 2952 3940 decimatio
2995 3886 3059 3940 ad
3105 3885 3545 3957 praeﬁgurandam
3575 3885 3800 3942 medici—

2212 3991 2337 4030 nam
2366 3975 2700 4045 pertinuerit,
2734 3976 2862 4030 illud
2896 3977 2947 4030 in
2980 3977 3206 4031 Abraluc
3235 3994 3397 4032 carne
3426 3977 3799 4032 decimabatur

2208 4067 2349 4138 quod
2394 4068 2696 4135 curabatur,
2747 4084 2850 4121 non
2901 4068 3025 4122 illud
3079 4068 3221 4124 unde
3252 4069 3556 4124 curabatur.
3590 4067 3797 4122 Eadem

2210 4176 2440 4231 namque
2483 4175 2608 4216 caro
2656 4177 2763 4215 non
2806 4160 3035 4215 Abraha‘
3063 4169 3289 4226 tantum,
3322 4161 3413 4216 sed
3446 4163 3607 4231 ipsius
3637 4160 3796 4231 primi

2211 4252 2517 4321 terrenique
2538 4250 2790 4313 hominis,
2815 4251 2973 4305 simul
3000 4252 3227 4308 habebat
3250 4261 3305 4307 et
3329 4253 3518 4307 vulnus
3540 4252 3797 4321 pum-ari-

2210 4344 2436 4399 cationis
2464 4351 2520 4398 et
2542 4343 2987 4397 medicamentum
3013 4343 3245 4399 vulneris
3269 4362 3282 4398 :
3308 4343 3493 4397 vulnus
3535 4342 3793 4412 praevari-

2209 4437 2432 4492 cationis
2460 4436 2513 4490 in
2538 4436 2657 4506 lege
2685 4436 3048 4490 membrorum
3080 4444 3405 4507 repugnante
3442 4436 3540 4504 legi
3574 4435 3790 4500 mentis,

2206 4544 2325 4599 qua:
2352 4542 2449 4599 per
2478 4542 2692 4583 onmem
2746 4528 2867 4582 inde
2909 4536 3251 4598 propagatam
3293 4542 3505 4583 carnem
3545 4524 3791 4581 seminali

2206 4623 2413 4677 ratione
2454 4621 2606 4692 quasi
2660 4620 3063 4687 transcribitur;
3109 4620 3550 4676 medicamentum
3608 4630 3788 4672 autem

2205 4718 2441 4772 vulneris
2468 4717 2522 4770 in
2543 4730 2630 4778 eo,
2660 4714 2802 4785 quod
2830 4713 2953 4769 inde
2977 4714 3093 4769 sine
3113 4730 3274 4784 opere
3291 4712 3787 4782 ConcupiSrenliali,

2207 4808 2261 4863 in
2308 4807 2419 4863 sola
2461 4806 2679 4862 materia
2722 4805 3004 4876 corporali,
3031 4820 3128 4876 per
3156 4804 3388 4860 divinam
3417 4801 3789 4874 conceptionis

2207 4896 2653 4965 formationisijue
2687 4899 2944 4953 rationem
2972 4896 3038 4953 de
3073 4898 3282 4968 Virgine
3306 4909 3637 4967 assumptum
3680 4906 3786 4960 est,

2207 5002 2423 5064 propter
2471 4991 2655 5046 mortis
2693 4990 2809 5046 sine
2858 4991 3133 5059 iniquitate
3170 4990 3524 5052 consortium.
3570 4998 3622 5044 et
3671 4988 3789 5042 sine

2205 5086 2435 5141 falsitate
2477 5083 2880 5140 resurrectionis
2923 5085 3246 5154 exemplum.
3274 5083 3607 5153 Quapropter
3643 5079 3788 5151 quod

2203 5177 2377 5231 anima
2402 5174 2600 5230 Christi
2629 5189 2733 5228 non
2764 5176 2836 5227 sit
2861 5189 2924 5228 ex
2960 5175 3176 5228 traduce
3209 5174 3399 5228 anima:
3431 5173 3570 5227 illius
3596 5172 3787 5242 prima:

2207 5265 2670 5339 praevaricatricis,
2699 5275 2824 5335 puto
2847 5265 2988 5336 quod
3025 5267 3183 5320 etiam
3226 5267 3323 5336 ipsi
3360 5266 3448 5336 qui
3485 5264 3785 5320 animarum

2206 5359 2480 5416 traducem
2521 5355 2832 5422 defendunt,
2860 5358 3223 5422 consentiant;
3254 5374 3347 5427 per
3376 5371 3558 5412 semen
3589 5357 3788 5426 quippe

2205 5451 2606 5508 concumbentis
2640 5451 2808 5522 patris
2846 5448 3139 5505 transfundi
3179 5446 3338 5509 αιιηι
3380 5465 3563 5506 semen
3590 5448 3785 5504 animai

2205 5545 2413 5611 volunt,
2456 5559 2483 5597 a
2537 5558 2642 5615 quo
2687 5557 2884 5613 genere
2918 5543 3279 5611 conceptionis
3302 5540 3545 5596 Christus
3582 5539 3786 5595 alienus

2205 5647 2324 5695 est:
2347 5646 2403 5692 et
2427 5634 2565 5707 quod
2594 5636 2648 5690 in
2675 5633 2940 5689 Abraham
2981 5634 3025 5690 si
3056 5635 3347 5690 secundum
3384 5634 3613 5688 animam
3650 5633 3786 5688 luis-

2206 5742 2309 5795 set,
2343 5732 2501 5786 etiam
2529 5730 2641 5798 ipse
2664 5728 2957 5784 decimatus
2984 5740 3158 5794 esset;
3192 5744 3295 5789 non
3320 5743 3440 5785 esse
3474 5736 3651 5783 autem
3690 5724 3783 5782 de-
3838 5758 3849 5761 ι

2207 5824 2478 5888 cimatum,
2505 5820 2782 5890 Scriptura
2808 5830 3053 5885 testatur,
3075 5837 3193 5892 quae
3221 5820 3343 5875 hinc
3369 5835 3579 5892 quoque
3597 5831 3780 5876 sacer-

2209 5915 2413 5973 dotium
2434 5912 2552 5986 ejus
2570 5927 2601 5968 a
2622 5906 2862 5970 Levitico
2888 5912 3187 5973 sacerdotio
3213 5909 3506 5985 distinguit.

3794 6057 3827 6071 Δ
