4090 6460
322 348 432 405 895

315 456 548 519 CAPUT
588 455 731 515 XXI.
757 485 827 497 —
854 454 1133 523 Christum,
1172 456 1217 513 si
1233 457 1295 527 ,in
1315 457 1599 515 Abraliatno
1627 462 1902 517 secundum

502 547 728 600 animum
756 546 952 616 fuisset,
974 562 1074 600 non
1095 547 1315 617 potuisse
1333 564 1432 602 non
1455 549 1714 605 decimari.

390 664 480 719 3‘7.
537 663 622 717 An
672 661 806 717 forte
856 661 1037 716 dicent
1074 679 1088 714 :
1128 661 1277 716 Sicut
1326 662 1495 732 potuit
1532 662 1603 721 ibi
1646 677 1769 719 esse
1814 678 1903 720 se-

310 752 551 813 cundum
601 768 817 809 carnem
868 760 926 809 et
972 768 1077 808 non
1134 753 1407 820 decimari,
1444 768 1542 810 cur
1580 769 1688 812 non
1742 756 1902 811 etiam

312 843 611 899 secundum
643 844 876 899 animam
901 843 1019 898 sine
1041 843 1395 900 decimatione
1418 845 1684 914 potuerit:
1707 845 1793 900 hic
1818 861 1905 902 τος

309 934 634 1005 spondetur,
656 933 791 1002 Quia
812 934 996 1005 utique
1019 934 1313 1004 simplicem
1334 935 1528 989 animas
1552 936 1899 991 substantiam

311 1024 663 1081 incrementis
707 1023 891 1095 augeri
923 1023 1309 1093 corporalibus,
1341 1039 1441 1079 nec
1478 1024 1554 1078 illi
1585 1034 1903 1095 putaverunt

310 1118 403 1187 qui
455 1132 577 1172 eam
617 1130 812 1187 corpus
851 1116 1184 1180 existimant,
1226 1131 1451 1187 quorum
1491 1117 1545 1172 in
1586 1126 1737 1187 parte
1776 1128 1903 1174 sunt

310 1208 551 1263 maxime
571 1207 661 1278 qui
685 1221 805 1263 eam
825 1221 893 1262 ex
918 1207 1225 1276 parentibus
1248 1208 1417 1263 creari
1444 1208 1745 1279 opinantur.
1767 1209 1900 1264 Pro-

306 1298 439 1361 inde
485 1300 538 1354 in
586 1299 830 1369 corporis
868 1300 1074 1356 semine
1111 1308 1287 1370 potest
1331 1315 1452 1356 esse
1491 1301 1571 1356 vis
1596 1300 1897 1368 invisibilis,

306 1404 433 1460 qua
474 1389 882 1459 ineorporaliter
922 1404 1174 1446 numeros
1199 1390 1326 1461 agit,
1363 1406 1469 1446 non
1499 1392 1668 1447 oculis
1693 1391 1788 1447 sed
1819 1393 1902 1453 in:

306 1479 527 1534 teilectu
574 1478 926 1534 discernenda
968 1480 1037 1535 ab
1075 1494 1139 1535 ea
1197 1481 1565 1549 corpulentia,
1614 1496 1734 1552 qua:
1780 1483 1897 1541 visu

306 1577 566 1641 tactuque
588 1571 851 1625 sentitur:
875 1578 931 1625 et
956 1570 1072 1641 ipsa
1097 1571 1364 1640 quantitas
1387 1572 1628 1643 corporis
1655 1572 1895 1638 humani,

304 1676 431 1732 qua:
458 1660 645 1731 utique
676 1660 948 1716 modulum
983 1661 1203 1716 seminis
1228 1661 1712 1731 incomparabiliter
1735 1677 1898 1721 exce-

307 1753 410 1817 dit,
449 1753 584 1808 satis
623 1752 857 1806 ostendit
883 1765 1039 1822 posse
1066 1751 1189 1807 inde
1217 1752 1414 1823 aliquid
1438 1752 1596 1817 sumi,
1624 1753 1764 1823 quod
1789 1767 1896 1817 non

322 1842 523 1897 habeat
547 1843 693 1898 illam
719 1844 826 1898 vim
856 1843 1189 1911 seminalem,
1217 1844 1310 1900 sed
1335 1853 1538 1902 tantum
1560 1845 1894 1914 corporalem

305 1930 686 1999 substantiam,
714 1946 834 2002 quae
873 1931 1148 1995 divinitus,
1178 1948 1286 1988 non
1325 1932 1395 1988 de
1435 1934 1722 2003 propagine
1766 1948 1895 1989 con-

304 2022 697 2089 eumhentium,
727 2023 780 2077 in
822 2038 1037 2083 carnem
1068 2024 1263 2078 Christi
1303 2031 1573 2093 assumpta
1598 2032 1755 2095 atque
1781 2025 1893 2081 for-

304 2120 455 2167 mata
482 2122 586 2168 est.
616 2113 732 2171 Hoc
752 2122 930 2171 autem
964 2114 1032 2170 de
1060 2115 1235 2176 anima
1262 2114 1382 2185 quis
1406 2116 1578 2172 valeat
1602 2117 1891 2185 afﬁrmare,

303 2200 452 2271 quod
478 2210 764 2273 utrumque
788 2202 1000 2268 habeat,
1030 2212 1087 2259 et
1111 2204 1386 2263 materiam
1412 2206 1631 2261 seminis
1662 2207 1888 2263 manife-

306 2301 472 2357 stam,
499 2300 556 2347 et
578 2294 840 2348 rationem
874 2293 1095 2352 seminis
1136 2294 1439 2349 occultam?
1465 2294 1569 2351 Sed
1593 2296 1720 2366 quid
1747 2296 1893 2352 labo-

305 2395 425 2435 rem
453 2376 508 2435 in
535 2396 594 2435 re
628 2396 748 2452 qua:
786 2382 1092 2452 persuaderi
1121 2383 1300 2439 verbis
1323 2384 1522 2439 nemini
1553 2384 1773 2441 forsitan
1796 2401 1895 2458 ι)οτ

302 2476 434 2535 test,
469 2470 570 2524 nisi
609 2480 811 2526 tantum
856 2486 920 2527 ac
964 2473 1073 2528 talo
1118 2473 1386 2545 ingenium
1426 2474 1517 2543 sit,
1546 2476 1687 2544 quod
1726 2478 1893 2547 possit

304 2560 576 2631 loquentis
605 2563 897 2631 prmvolare
931 2571 1204 2629 conatum,
1230 2579 1329 2619 nec
1368 2572 1536 2619 totum
1580 2577 1891 2636 exspectare

302 2665 336 2704 a
369 2650 660 2711 sermone?
688 2651 924 2713 Breviter
961 2652 1138 2723 itaque
1168 2652 1414 2722 colligam
1439 2670 1452 2706 :
1476 2654 1522 2709 si
1554 2657 1724 2725 potuit
1745 2664 1800 2710 et
1823 2656 1891 2712 de

300 2740 485 2794 anima
510 2740 624 2795 fieri
650 2740 814 2814 (quod
843 2757 965 2801 cum
1009 2742 1077 2797 de
1116 2757 1280 2803 carne
1312 2743 1636 2811 diceremus,
1666 2744 1888 2805 forsitan

301 2827 636 2884 intellectum
666 2828 783 2901 sit),
810 2830 883 2890 ita
914 2840 995 2887 eSt
1023 2831 1091 2888 de
1120 2832 1336 2888 traduce
1374 2833 1549 2890 anima
1590 2832 1803 2902 Christi,
1832 2846 1892 2897 ut

302 2932 414 2973 non
433 2932 617 2974 secum
643 2919 818 2976 labem
847 2922 1298 2990 praevaricationis
1319 2924 1626 2992 attraxerit,
1648 2928 1693 2980 si
1711 2935 1889 2982 autem

302 3009 423 3066 sine
450 3010 556 3065 isto
594 3021 748 3066 reatu
790 3026 896 3066 non
937 3021 1118 3082 posset
1152 3012 1276 3069 inde
1312 3028 1455 3080 esse,
1486 3029 1592 3072 non
1636 3024 1721 3072 cst
1745 3017 1887 3077 inde.

306 3098 428 3155 1am
460 3099 528 3154 de
553 3109 868 3155 eseterarum
894 3102 1189 3156 animarum
1223 3101 1473 3172 adventu,
1500 3114 1677 3166 utrum
1704 3122 1767 3165 ex
1793 3122 1887 3178 pa.

302 3193 548 3249 rentibus
587 3209 656 3248 an
695 3194 923 3264 desuper
964 3196 1054 3262 sit,
1082 3197 1299 3250 vincant
1332 3199 1423 3267 qui
1456 3199 1759 3269 potuerint;
1790 3216 1890 3271 ego

304 3284 485 3345 adhuc
518 3285 662 3340 inter
698 3295 952 3356 utrosque
974 3288 1223 3358 ambigo,
1254 3297 1309 3345 et
1334 3304 1572 3355 moveor,
1600 3291 1889 3362 aliquando

301 3376 401 3441 sic,
448 3375 732 3447 aliquando
772 3385 949 3432 autem
994 3377 1090 3444 sic,
1131 3378 1279 3441 salvo
1315 3394 1381 3436 eo
1407 3378 1683 3448 duntaxat,
1712 3391 1770 3444 ut
1802 3381 1888 3438 vel

302 3481 502 3537 corpus
525 3479 647 3528 esse
671 3469 926 3534 animam,
956 3469 1039 3523 vel
1063 3468 1294 3541 aliquam
1318 3485 1631 3541 corpoream
1665 3472 1889 3544 qualita-

304 3566 413 3613 tem
442 3557 555 3613 sive
573 3559 986 3628 coaptationem,
1013 3560 1057 3613 si
1080 3560 1150 3614 ita
1171 3560 1391 3617 dicenda
1413 3572 1516 3630 est,
1540 3579 1697 3634 quam
1716 3565 1889 3629 Graeci

300 3652 530 3720 ἁρμονίαν
555 3659 768 3715 vocant,
801 3666 907 3706 non
948 3652 1183 3720 credam,
1210 3670 1310 3709 nec
1348 3656 1586 3726 quolibet
1632 3646 1730 3715 ista
1767 3676 1887 3730 gar-

301 3741 475 3799 riente
521 3756 609 3796 me
648 3742 976 3798 crediturum
1000 3736 1121 3799 esse
1148 3744 1433 3815 conﬁdam,
1465 3746 1751 3817 adjuvante
1775 3750 1886 3809 Deo

299 3846 425 3892 men
431 3843 537 3887 tem
564 3848 759 3887 meam.

297 3937 528 3997 CAPUT
566 3942 735 3998 XXII.
772 3944 1085 4019 q—Utrique
1121 3948 1347 4018 opinioni
1382 3950 1445 4005 de
1480 3951 1663 4007 anima:
1694 3954 1886 4025 origine

332 4033 745 4087 accommodatur
765 4034 906 4093 locus
932 4036 1022 4091 ille
1043 4036 1262 4092 Joannis
1282 4054 1302 4094 :
1330 4039 1480 4106 Quod
1502 4050 1708 4109 natum,
1732 4053 1825 4100 etc.

368 4140 462 4196 38.
482 4140 579 4195 Est
592 4142 737 4197 aliud
756 4145 1111 4207 testimonium
1127 4162 1231 4205 non
1251 4148 1617 4219 negligendum
1633 4151 1776 4222 quod
1787 4167 1883 4222 pro

298 4241 593 4303 sepossnnt
601 4234 860 4303 proferre,
873 4238 962 4306 qui
980 4238 1163 4293 venire
1174 4239 1402 4310 desuper
1416 4242 1620 4297 animus
1635 4244 1878 4313 credunt,

298 4320 509 4377 dicente
526 4323 642 4393 ipso
664 4326 916 4381 Domino:
941 4326 1090 4392 Quod
1109 4338 1282 4383 natum
1298 4340 1368 4385 est
1384 4347 1447 4385 ea:
1461 4349 1629 4399 carne,
1648 4350 1765 4388 caro
1785 4347 1881 4401 est;

298 4420 345 4465 et
368 4412 503 4481 quod
538 4427 712 4467 natum
742 4423 815 4469 est
861 4432 924 4470 ea:
948 4418 1152 4487 spiritu,
1176 4421 1382 4489 spiritus
1416 4432 1487 4475 est
1506 4422 1776 4494 (Joamnt,
1797 4427 1875 4497 6).

295 4501 434 4568 Quid
456 4504 575 4571 hac,
591 4505 849 4576 inquiunt,
868 4511 1126 4565 sententia
1148 4511 1570 4581 determinatius,
1594 4531 1699 4571 non
1721 4533 1878 4587 posse

296 4607 366 4648 ex
410 4608 574 4649 carne
610 4597 840 4661 animam
867 4600 1051 4654 nasci?
1078 4601 1213 4668 Quid
1239 4609 1324 4656 est
1348 4604 1490 4658 enim
1511 4605 1651 4660 aliud
1679 4608 1873 4674 anima,

298 4700 453 4755 quam
481 4687 701 4757 Spiritus
726 4689 869 4757 vitae,
896 4700 1106 4746 creatus
1130 4693 1327 4772 utique,
1352 4710 1455 4757 non
1482 4696 1725 4750 creator?
1744 4697 1879 4753 Con-

299 4784 376 4830 tra
404 4792 543 4847 quos
571 4778 645 4832 illi
669 4780 755 4833 alii
780 4778 947 4857 :Quid
968 4782 1132 4848 enim,
1163 4783 1425 4860 inquiunt,
1447 4799 1543 4838 nos
1555 4785 1694 4841 aliud
1711 4789 1877 4844 senti-

298 4881 435 4934 mus,
462 4867 551 4937 qui
579 4867 807 4923 dicimus
833 4886 1050 4927 carnem
1100 4887 1165 4930 ex
1207 4885 1389 4941 earne,
1419 4874 1648 4929 animam
1670 4891 1734 4931 ex
1761 4878 1876 4932 ani-

299 4957 420 5012 ma?
442 4957 575 5011 Nam
597 4973 663 5012 ex
685 4967 906 5030 utroque
927 4969 1135 5015 constat
1160 4961 1340 5030 homo,
1363 4962 1431 5017 de
1463 4979 1569 5034 quo
1592 4973 1875 5036 utrumque

298 5047 476 5101 venire
501 5048 783 5115 sentimus,
802 5063 1019 5105 carnem
1042 5050 1111 5105 de
1134 5066 1295 5106 carne
1316 5054 1605 5123 operanlis,
1628 5056 1872 5120 spiritum

295 5137 363 5193 de
385 5139 573 5209 spiritu
602 5141 1027 5211 concupiscentia
1050 5160 1063 5196 :
1089 5154 1145 5198 ut
1174 5144 1385 5199 interim
1408 5146 1700 5214 omittatur,
1731 5149 1872 5220 quod

297 5229 419 5284 illud
445 5231 700 5286 Dominus
728 5246 834 5287 non
855 5233 922 5287 de
943 5235 1139 5290 carnali
1167 5237 1527 5307 generatione,
1545 5240 1640 5296 sed
1661 5240 1730 5296 de
1757 5242 1872 5312 spi-

297 5318 470 5375 rituali
489 5324 890 5391 regeneratione
913 5321 1143 5381 dicebat.

296 5445 520 5511 CAPUT
542 5451 731 5510 XXIII.
750 5485 825 5533 -——’
843 5454 928 5516 Ea:
944 5456 1139 5512 duabus
1164 5456 1227 5511 de
1246 5457 1418 5511 anima
1453 5459 1709 5515 sententiis
1733 5477 1871 5531 qua-

363 5558 485 5597 nam
513 5545 880 5615 praeponderet.
903 5547 1220 5607 Consuetudo
1256 5546 1497 5608 Ecclesia:
1515 5550 1567 5604 in
1609 5550 1870 5623 Baptismo

364 5634 713 5688 parauerunt.

364 5746 452 5809 39.
493 5746 589 5804 His
642 5748 801 5818 igitur
853 5759 1108 5819 quantum
1165 5764 1262 5819 pro
1312 5759 1551 5824 tempore
1599 5750 1867 5823 potuimus

556 5840 783 5909 Sacr.
814 5836 1092 5909 ’Auccsr.
1122 5842 1232 5913 ΠΙ.

1667 349 1868 409 LIBER
1907 350 2219 415 DECIMUS.

3484 378 3589 443 426

2014 468 2368 559 pertractatis,
2415 472 2592 528 omnia
2643 476 2788 545 paria
2832 478 2915 536 vel
2955 496 3089 551 pene
3129 486 3298 556 patria
3330 504 3397 546 ex
3435 500 3573 559 utro-

2009 570 2115 624 que
2169 558 2353 626 latere,
2400 562 2663 620 rationum
2719 570 3250 648 testimoniorumque
3312 558 3579 651 momenta

2012 652 2430 719 pronuntiarem,
2473 654 2575 710 nisi
2615 672 2808 715 eorum
2845 667 3106 722 sententia
3145 670 3237 740 qui
3274 674 3480 740 anituas
3518 692 3584 745 ex

2008 740 2317 806 parentibus
2367 746 2540 800 creari
2584 758 2791 819 putant,
2813 752 2882 809 de
2930 754 3195 826 baptismo
3241 740 3585 837 parvulorum

2010 832 2460 931 praeponderaret.
2486 837 2560 893 De
2581 840 2774 931 quibus
2798 844 2924 925 quid
2946 846 3025 915 eis
3053 852 3364 921 responderi
3392 832 3583 931 possit,

2009 920 2243 976 nondum
2278 925 2407 980 mihi
2438 927 2650 985 interim
2675 920 2905 992 occurrit
2926 954 2942 989 :
2966 938 3010 992 si
3049 940 3175 1009 quid
3224 920 3361 1009 forte
3392 920 3581 1017 postea

2005 1007 2145 1066 Deus
2170 1012 2396 1086 dederit,
2419 1016 2469 1083 si
2493 1034 2648 1087 quam
2675 1023 2833 1078 etiam
2859 1007 3125 1085 scribendi
3148 1007 3475 1094 concesserit
3503 1007 3586 1097 fas

2004 1097 2255 1167 cultatem
2280 1105 2529 1169 studiosis
2552 1109 2756 1178 talium,
2784 1130 2888 1169 non
2913 1120 3192 1186 gravabor.
3222 1123 3373 1189 Nunc
3404 1136 3583 1198 tamen

2005 1201 2111 1252 non
2148 1205 2269 1292 esse
2313 1200 2761 1293 cpntemnendum
2809 1207 3172 1264 testimonium
3213 1216 3581 1293 parvulorum,

2002 1284 2061 1377 ut
2088 1280 2239 1377 quasi
2274 1282 2467 1377 refelli,
2491 1287 2536 1377 si
2563 1291 2757 1355 veritas
2782 1304 2966 1361 contra
2987 1308 3090 1367 est,
3117 1280 3427 1373 negligatur,
3456 1280 3582 1377 ante;

2004 1363 2283 1473 denuntio:
2306 1374 2414 1435 Aut
2436 1376 2578 1444 enim
2606 1378 2671 1434 de
2698 1380 2799 1439 hac
2836 1400 2896 1440 re
2934 1363 3316 1461 ιιὶὶιίιήράῷτξη
3321 1363 3446 1453 (1υὼ
3475 1363 3577 1473 έὲι

2003 1464 2060 1520 ut
2099 1459 2327 1526 sufficiat
2374 1465 2493 1529 fidei
2546 1480 2741 1536 nostra:
2786 1475 2926 1532 scire
2968 1494 3064 1533 nos
3111 1459 3217 1552 quo
3246 1486 3330 1556 pie
3354 1459 3581 1559 vivendd

2001 1552 2217 1654 venturi.
2245 1569 2450 1625 sumus,
2481 1561 2581 1621 etsi
2625 1566 2922 1630 nesciamus
2956 1571 3100 1635 unde
3134 1552 3581 1655 venerimuszaui

1999 1642 2045 1699 si
2069 1655 2177 1705 non
2204 1642 2539 1749 impudenter
2565 1662 2755 1710 mstuat
2781 1657 2956 1715 anima
2992 1642 3451 1737 rationalis'etiam

2000 1744 2159 1837 nosse
2192 1734 2262 1789 de
2302 1738 2497 1815 seipsa,
2527 1743 2666 1801 absit
2709 1751 2999 1816 pervicacia
3039 1734 3417 1829 contendendi,
3440 1734 3580 1837 misi;

1997 1821 2269 1928 diligentia
2300 1832 2625 1928 requirendi,
2658 1836 2927 1899 humilitas
2960 1849 3195 1928 petendi,
3226 1821 3576 1924 perseverum;

2099 1918 2377 1988 pulsandi;
2410 1935 2467 1983 ut
2494 1925 2538 1990 si
2568 1929 2721 1996 nobis
2754 1933 2852 1987 hoc
2872 1913 3122 2005 expedire
3146 1913 3314 2009 novit,
3340 1946 3428 2015 qui

1996 2002 2099 2106 lius
2135 2022 2295 2109 quam
2336 2027 2437 2109 nos
2467 2015 2778 2109 quidgnobis
2803 2002 3045 2094 expediat
3080 2032 3262 2102 utique
3290 2002 3456 2106 ito-vit,

1995 2095 2163 2201 etiam
2197 2098 2316 2201 hoc,
2348 2104 2439 2173 qui
2472 2105 2563 2160 dat
2606 2106 2744 2171 bona
2782 2112 2903 2167 data
2945 2116 3063 2172 ﬁliis
3101 2095 3211 2174 suis
3244 2095 3455 2193 (Matt/1:
3481 2095 3572 2201 va;

1998 2182 2054 2255 7,
2080 2185 2189 2289 li).
2221 2188 2561 2260 Consuetudo
2591 2206 2764 2255 tamen
2802 2205 2984 2258 matris
3021 2182 3275 2267 Ecclesia:
3318 2213 3369 2281 in
3406 2182 3578 2289 nupti;

1996 2278 2181 2390 za‘ndis
2219 2284 2856 2390 parvulis‘neq‘uaquam-
2883 2300 3181 2377 spernenda
3235 2278 3351 2371 est,
3399 2278 3573 2390 neun

1995 2367 2102 2468 ullo
2121 2371 2279 2432 modo
2300 2374 2566 2468 superﬂua
2589 2367 3037 2451 deputanda,'nec
3061 2392 3278 2452 omnino
3305 2367 3569 2468 credeiida

1995 2459 2094 2522 nisi
2117 2464 2405 2531 apostolica
2427 2478 2570 2529 esset
2593 2472 2824 2563 traditio.
2856 2476 3183 2536 Habetenim
3215 2493 3269 2539 ct
3298 2486 3381 2547 illa
3411 2459 3571 2563 parva

1992 2557 2122 2607 mtas
2146 2568 2392 2624 magnum
2416 2556 2702 2651 testimonii
2724 2565 2950 2634 pondus,
2974 2585 3093 2640 qum
3117 2572 3282 2642 prima
3304 2556 3573 2653 pro‘Chris

1992 2650 2076 2696 sto
2103 2645 2295 2698 meruit
2322 2648 2631 2718 sanguinem
2660 2645 2900 2711 fundere.

1992 2728 2220 2787 CAPUT
2258 2733 2447 2797 XXIV.
2477 2769 2549 2839 -:-
2586 2739 2724 2806 Quid
2755 2746 3025 2839 cavendum
3064 2750 3143 2805 his
3180 2754 3269 2833 qui
3300 2757 3573 2839 opinantup

2432 2830 2629 2889 animas
2656 2849 2761 2892 esse
2786 2852 2848 2897 ex
2873 2838 3096 2903 traduce.
3196 2830 3202 2833 ⁷
3335 2830 3361 2893 ’.

2061 2912 2153 2971 40.
2201 2914 2478 2977 Admoneo
2532 2935 2693 2990 sane,
2746 2936 3000 2995 quantum
3069 2932 3255 3000 valeo,
3320 2936 3364 2993 sl
3434 2954 3570 3014 quos

1992 3001 2093 3059 ista
2159 3012 2547 3082 praeoccupavit
2602 3016 2812 3093 opinio,
2869 3029 2926 3073 ut
2985 3022 3190 3079 animas
3253 3042 3319 3089 ex
3382 3001 3572 3101 psi-eq;

1993 3094 2404 3194 tibus-credant
2461 3106 2758 3194 propagari,
2802 3117 3055 3188 quantum
3105 3126 3325 3183 possunt
3364 3094 3571 3194 seipsus

1990 3186 2350 3287 considerent,
2404 3193 2703 3287 etinterim
2764 3186 2973 3269 sapiant
3023 3218 3244 3287 corpora
3298 3225 3404 3280 non

1989 3275 2196 3377 animas
2235 3293 2378 3334 suas.
2428 3280 2581 3352 Nulla
2629 3287 2769 3352 enim
2808 3292 3028 3361 propior
3076 3275 3263 3364 natura
3319 3275 3423 3370 est,
3463 3276 3566 3377 qua

1989 3365 2268 3437 diligenter
2308 3371 2578 3444 inspecta,
2629 3380 2794 3446 possit
2842 3382 3001 3436 etiam
3051 3386 3221 3453 Deus,
3269 3365 3566 3467 qui-supra

1988 3471 2202 3559 omnem
2240 3472 2534 3519 creaturam
2578 3482 2727 3536 suam
2781 3470 3225 3544 incommutabilis
3268 3493 3563 3563 permanet,

1990 3546 2393 3619 incorporaliter
2413 3555 2652 3627 cogitari,
2675 3573 2832 3628 quam
2853 3575 2914 3616 ea
2939 3577 3058 3642 qua:
3095 3564 3161 3626 ad
3212 3546 3374 3644 ipsius
3408 3546 3567 3627 ima:

1987 3639 2163 3709 ginem
2210 3640 2345 3702 facta
2399 3653 2524 3707 est:
2555 3655 2610 3705 et
2660 3649 2792 3709 nihil
2824 3639 3067 3720 vicinius,
3094 3663 3184 3722 aut
3212 3639 3437 3723 fortasse
3476 3663 3564 3727 ni-

1988 3729 2063 3796 hil
2096 3740 2199 3786 tam
2229 3747 2579 3808 consequens,
2601 3753 2759 3810 quam
2786 3751 2842 3795 ut
2860 3738 3061 3811 credito
3081 3746 3219 3818 quod
3239 3749 3414 3805 anima
3439 3767 3563 3813 θοι-τ

1988 3834 2086 3903 pus
2123 3822 2213 3889 sit,
2255 3824 2415 3883 etiam
2464 3826 2601 3883 Deus
2645 3843 2839 3909 corpus
2883 3846 3001 3898 esse
3037 3823 3304 3899 credatur.
3334 3839 3564 3912 Pronter

1987 3910 2091 3967 hoc
2116 3914 2258 3978 enim
2288 3918 2649 3993 corporalibus
2672 3921 2955 3987 assuefacti
2997 3935 3050 3981 et
3086 3926 3263 3983 affecti
3292 3910 3562 4008 sensibus,

1987 4003 2176 4063 nolunt
2204 4006 2433 4071 animam
2478 4010 2696 4069 credere
2729 4013 2870 4071 aliud
2911 4030 3031 4075 esse
3064 4033 3220 4089 quam
3247 4036 3462 4101 corpus,
3495 4003 3566 4095 ne

1986 4095 2029 4148 si
2060 4111 2255 4166 corpus
2283 4114 2388 4155 non
2416 4099 2591 4168 fuerit,
2616 4103 2743 4163 nihil
2770 4105 2873 4160 sit:
2897 4121 2959 4162 ac
2979 4123 3075 4179 per
3100 4112 3201 4180 hoc
3223 4095 3368 4179 tanto
3394 4118 3562 4191 magis

1986 4185 2174 4244 timent
2211 4189 2368 4244 etiam
2408 4191 2475 4256 de
2510 4192 2620 4257 Deo
2658 4195 2877 4253 credere
2920 4200 3061 4280 quod
3100 4218 3294 4273 corpus
3337 4222 3441 4261 non
3468 4185 3559 4284 sit,

1983 4288 2183 4344 quanto
2231 4281 2399 4354 magis
2440 4283 2625 4348 timent
2663 4285 2827 4340 Deum
2879 4290 3099 4356 Credere
3144 4294 3274 4357 nihil
3317 4311 3457 4352 esse.
3483 4281 3561 4370 ita

1984 4368 2126 4429 enim
2153 4368 2392 4436 feruntur
2426 4374 2485 4439 in
2516 4375 2821 4446 pltantasias
2846 4380 2927 4436 vel
2958 4380 3325 4451 phantasmata
3370 4368 3557 4461 imagis
3660 4430 3671 4443 .

1983 4475 2131 4526 num,
2171 4477 2290 4537 qua:
2316 4464 2565 4535 cogitatio
2587 4468 2655 4523 de
2680 4470 2989 4540 corporibus
3018 4483 3213 4543 versat,
3244 4487 3301 4532 ut
3328 4479 3408 4545 his
3429 4462 3560 4550 stib-

1983 4555 2165 4608 tractis
2199 4562 2445 4626 tanquam
2490 4573 2584 4627 per
2623 4560 2780 4617 inane
2820 4565 3147 4632 pereundum
3193 4568 3283 4638 sit,
3313 4573 3560 4640 reformi-

1980 4641 2127 4697 dent.
2166 4643 2241 4699 lta
2278 4661 2497 4703 necesse
2532 4659 2615 4704 est
2644 4660 2700 4705 ut
2741 4661 2797 4708 et
2832 4653 3089 4725 justitiam
3139 4667 3194 4714 et
3239 4662 3557 4733 sapientiam

1980 4733 2197 4805 pingant
2219 4735 2610 4805 quodammodo
2650 4741 2700 4795 in
2740 4744 2987 4811 cordibus
3011 4748 3121 4811 suis
3147 4764 3266 4805 cum
3298 4754 3481 4811 formis
3501 4765 3557 4812 et

1979 4823 2266 4890 coloribus,
2295 4841 2427 4896 quas
2471 4844 2579 4892 non
2624 4841 2847 4903 possunt
2891 4833 3231 4908 incorporeas
3280 4845 3551 4915 cogitare;

1981 4930 2080 4975 nec
2107 4925 2279 4981 tamen
2319 4920 2530 4992 dicunt,
2562 4926 2773 4995 quando
2801 4927 3005 5007 iustitia
3036 4932 3121 4986 vel
3146 4935 3405 5004 sapientia
3422 4955 3554 4995 .mo-

1980 5017 2187 5075 ventur,
2218 5019 2275 5064 ut
2300 5012 2382 5067 vel
2414 5012 2627 5081 laudent
2662 5031 2773 5081 eas,
2804 5019 2887 5074 vel
2923 5022 3212 5077 secundum
3242 5041 3332 5079 cas
3356 5028 3552 5103 aliquid

1978 5111 2155 5172 agant,
2177 5120 2332 5175 quem
2355 5107 2610 5175 colorem,
2628 5125 2785 5183 quam
2806 5121 3083 5182 staturam,
3103 5133 3219 5188 qua:
3236 5120 3552 5198 lineamenta

1976 5196 2280 5287 velquales
2305 5199 2504 5266 fortnas
2528 5205 2924 5275 conspexerint.
2952 5206 3057 5265 Sed
3094 5210 3161 5266 de
3201 5212 3284 5267 his
3327 5215 3458 5272 alias
3499 5196 3555 5287 et

1977 5286 2142 5352 multa
2178 5287 2287 5357 jam
2332 5290 2582 5358 diximus,
2630 5304 2685 5350 et
2734 5297 2779 5350 si
2830 5296 2968 5352 Deus
3020 5301 3274 5371 voluerit,
3318 5304 3407 5375 ubi
3464 5323 3553 5372 res

1979 5375 2240 5443 videbitur
2313 5382 2602 5451 postulare,
2658 5384 2915 5441 dicemus.
2966 5388 3119 5445 Nunc
3170 5393 3312 5464 quod
3372 5395 3552 5472 dicere

1975 5480 2341 5537 cmperamus,
2401 5472 2445 5526 si
2506 5473 2573 5529 de
2638 5475 2854 5533 traduce
2908 5479 3201 5551 animarum
3240 5498 3271 5537 a
3312 5489 3549 5555 parenti?

1975 5555 2076 5619 bus
2125 5559 2205 5615 vei
2251 5576 2359 5616 non
2396 5562 2635 5619 dubitant
2667 5566 2881 5637 quidam
2917 5569 3059 5639 quod
3081 5571 3153 5643 ita
3178 5573 3265 5639 sit,
3293 5576 3377 5632 vel
3396 5577 3553 5634 dubi-

1976 5660 2090 5707 tant
2126 5668 2194 5709 an
2251 5656 2320 5710 ita
2374 5658 2461 5723 sit,
2519 5658 2748 5714 animam
2796 5670 2970 5732 tamen
3026 5678 3220 5741 corpus
3274 5682 3391 5724 esse
3443 5686 3549 5747 non

1975 5747 2206 5811 audeant
2251 5748 2470 5806 credere
2512 5759 2602 5806 aut
2638 5751 2850 5819 dicere;
2881 5755 3110 5811 maxime
3162 5770 3379 5831 propter
3404 5763 3551 5836 quod

2858 5850 3268 5939 (Quatorze,)
