4102 6356
492 287 594 342 ΗΠ

490 404 620 470 dixi,
653 392 730 460 ne"
761 404 927 462 Deum
968 379 1388 472 quoqueiipsum
1430 387 1559 456 nihil
1602 399 1745 456 aliud
1787 400 2072 471 epinentur

489 511 610 552 esse
637 492 793 566 quam
811 509 1028 566 corpus,
1051 493 1152 549 etsi
1180 491 1704 557 excellentissimum,
1734 491 1832 545 etsi
1865 500 2066 544 naturae

486 586 760 657 cujusdam
813 586 1042 656 propriae
1093 592 1284 640 cmtera
1339 581 1827 653 supergredicutis,
1878 596 2070 651 corpus

489 688 845 824 “megAPUT
876 765 1044 822 XXV.
1072 795 1141 806 —-
1166 763 1472 818 Tertulliani
1498 779 1637 817 error
1661 762 1723 816 de
1742 762 1931 816 anima.

553 859 583 912 ι
597 859 641 912 1.
685 856 920 927 Denique
940 855 1314 920 Tertullianns,
1342 853 1463 924 quia
1486 867 1680 922 corpus
1699 866 1818 907 esse
1835 851 2065 906 animam

483 948 739 1012 credidit,
764 963 866 1002 non
895 946 963 1001 ob
986 944 1125 1000 aliud
1149 946 1248 1000 nisi
1270 945 1408 1016 quod
1433 960 1547 1000 eam
1577 945 1940 1014 incorpoream
1971 958 2065 998 co-

479 1039 647 1108 gitare
667 1051 771 1092 non
800 1037 988 1107 potuit,
1016 1044 1071 1091 et
1098 1035 1219 1091 ideo
1246 1035 1418 1090 timuit
1441 1051 1506 1090 ne
1531 1035 1660 1090 nihil
1686 1043 1846 1101 esset,
1874 1034 1918 1088 si
1942 1049 2064 1089 cor-

479 1143 582 1199 pus
622 1143 726 1183 non
761 1134 932 1192 esset,
965 1140 1064 1182 nec
1100 1124 1166 1181 de
1191 1125 1302 1180 Deo
1335 1124 1501 1180 valuit
1524 1124 1677 1179 aliter
1713 1139 1902 1194 sapere
1930 1141 1943 1177 :
1975 1123 2064 1193 qui

478 1237 608 1277 sane
635 1220 887 1292 quoniam
916 1227 1102 1274 acutus
1125 1226 1226 1285 est,
1259 1216 1524 1273 interdum
1553 1225 1735 1272 contra
1761 1216 2062 1285 Opinionem

477 1329 626 1369 suam
652 1313 763 1367 visa
794 1312 1014 1366 veritate
1037 1319 1336 1381 superatur.
1359 1309 1494 1378 Quid
1525 1309 1664 1365 enim
1688 1309 1862 1362 verius
1886 1305 2064 1362 dicere

477 1413 667 1475 potuit,
695 1418 852 1474 quam
877 1402 928 1458 id
952 1401 1092 1473 quod
1113 1402 1187 1456 ait
1206 1401 1435 1472 quodam
1457 1401 1597 1468 loco,
1623 1399 1786 1454 Omne
1803 1399 2064 1470 corporale

475 1494 712 1568 possibile
756 1504 826 1549 est
853 1491 1101 1566 (Tertull.
1125 1493 1176 1546 in
1192 1491 1280 1547 lib.
1297 1490 1360 1546 de
1378 1491 1580 1558 Animo,
1603 1507 1718 1560 cap.
1742 1489 1849 1560 7)?
1877 1489 2063 1544 Debuit

472 1601 603 1658 ergo
629 1596 834 1642 mutare
862 1583 1178 1643 sententiam
1198 1626 1214 1652 ,
1247 1599 1346 1655 qua
1377 1583 1532 1654 paulo
1571 1582 1818 1654 superius
1858 1583 2062 1638 dixerat

473 1680 633 1735 etiam
681 1678 848 1733 Deum
890 1689 1086 1746 corpus
1127 1689 1265 1730 esse.
1309 1674 1490 1745 Neque
1515 1675 1655 1729 enim
1683 1675 1911 1729 arbitror
1938 1689 2057 1728 eum

475 1770 546 1824 ita
567 1767 883 1838 desipuisse,
906 1777 964 1821 ut
987 1767 1147 1821 etiam
1171 1764 1263 1820 Dei
1292 1773 1534 1820 naturam
1553 1765 1853 1835 passibilem
1875 1765 2060 1822 crede-

474 1868 576 1928 ret,
596 1856 1020 1928 utjamChristus
1037 1872 1141 1910 non
1160 1855 1210 1910 in
1228 1870 1390 1911 carne
1407 1865 1630 1922 tantum,
1651 1871 1821 1926 neque
1834 1855 1886 1910 in
1898 1870 2058 1912 carne

473 1958 528 2006 et
542 1950 736 2013 anima,
762 1948 855 2004 sed
878 1948 928 2002 in
951 1948 1068 2018 ipso
1084 1945 1262 2002 Verbo
1281 1961 1376 2018 per
1392 1945 1533 2024 quod
1553 1945 1688 2000 facta
1715 1953 1836 2001 sunt
1855 1946 2054 2024 omnia,

476 2029 738 2113 paSsibilis
761 2050 816 2096 et
840 2038 1229 2095 commutabilis
1262 2053 1382 2094 esse
1413 2037 1688 2093 credatur:
1707 2037 1848 2108 quod
1868 2038 2006 2093 absit
2025 2054 2056 2093 a

473 2133 634 2188 corde
647 2132 955 2188 christiano.
967 2129 1099 2185 Item
1127 2145 1248 2184 cum
1265 2129 1454 2183 anima;
1471 2129 1628 2184 etiam
1655 2129 1888 2184 colorem
1906 2129 2057 2184 daret

472 2223 675 2279 aerium
696 2237 759 2278 ac
774 2219 1027 2286 lucidum,
1056 2227 1270 2276 ventum
1296 2229 1379 2274 est
1407 2219 1472 2274 ad
1497 2233 1686 2274 sensus
1715 2218 1908 2290 quibus
1937 2236 2054 2275 eam

474 2313 810 2370 membratim
827 2311 978 2383 quasi
991 2325 1185 2381 corpus
1212 2311 1474 2366 instruere
1499 2319 1721 2366 conatus
1750 2319 1850 2377 est,
1875 2321 1928 2366 et
1947 2312 2051 2366 ait:

473 2402 576 2459 Hic
607 2404 700 2458 erit
725 2403 875 2457 homo
900 2402 1137 2470 interior,
1159 2401 1293 2455 alius
1331 2401 1577 2466 exterior,
1605 2400 1876 2473 dupliciter
1899 2419 2052 2467 unus,

471 2495 659 2550 habens
674 2502 720 2550 et
741 2494 827 2549 ille
845 2494 1015 2549 oculos
1038 2501 1085 2547 et
1112 2509 1260 2548 aures
1284 2509 1420 2558 suos,
1440 2493 1618 2564 quibus
1642 2494 1859 2565 populus
1879 2493 2056 2548 Domi-

470 2605 592 2643 num
615 2587 792 2643 audire
813 2597 858 2642 et
879 2586 1042 2642 videre
1059 2585 1327 2652 debuerat,-
1359 2585 1547 2642 habens
1584 2596 1632 2640 et
1663 2597 1865 2642 crateras
1892 2599 2052 2653 artus,

471 2696 560 2749 per
585 2695 709 2751 quos
733 2688 780 2733 et
803 2679 855 2732 in
877 2677 1258 2749 cogitationibus
1281 2676 1460 2745 utitur,
1482 2677 1598 2730 etin
1623 2678 1812 2732 somnis
1823 2679 2056 2750 fungitur

469 2770 632 2840 (Ibid.
649 2811 664 2837 ,
687 2785 800 2838 cap.
823 2768 902 2837 9).

533 2859 623 2915 42.
644 2861 779 2914 Ecce
790 2858 982 2928 quibus
993 2857 1208 2912 auribus
1221 2865 1274 2912 et
1289 2855 1479 2928 quibus
1490 2856 1656 2912 oculis
1673 2857 1858 2912 debuit
1873 2858 2058 2914 audire

461 2959 526 3007 'et
553 2950 731 3005 videre
763 2950 926 3004 Deum
957 2949 1203 3018 populus,
1235 2948 1428 3017 quibus
1455 2948 1630 3002 anima
1649 2948 1700 3002 in
1718 2949 1918 3003 somnis
1940 2950 2055 3003 lun-

471 3042 641 3112 gitur:
663 3052 782 3094 cum
799 3039 843 3092 si
865 3038 1037 3108 ipsum
1057 3037 1441 3092 Tertullianum
1472 3038 1748 3108 quisquam
1772 3038 1974 3094 videret
2001 3040 2054 3093 in

471 3131 704 3198 somnis,
735 3144 1002 3200 nunquam
1031 3142 1090 3184 se
1121 3127 1325 3183 diceret
1356 3127 1424 3182 ab
1455 3143 1520 3183 eo
1540 3128 1731 3193 visum,
1759 3141 1812 3184 et
1839 3144 1958 3184 cum
1990 3145 2056 3188 eo

470 3209 728 3288 locutum,
753 3236 909 3291 quem
935 3217 1168 3276 vicissim
1205 3219 1318 3290 ipse
1351 3235 1455 3274 non
1489 3219 1725 3275 vidisset.
1755 3221 2052 3291 Postremo,

471 3313 515 3369 si
545 3312 719 3366 anima
749 3310 978 3380 scipsam
1009 3309 1152 3364 videt
1197 3309 1249 3363 in
1289 3308 1490 3364 somnis
1512 3349 1527 3374 ,
1572 3323 1691 3364 cum
1715 3351 1730 3376 ,
1757 3310 2055 3380 jacentibns

459 3407 652 3475 utique
674 3417 780 3464 uno
805 3403 924 3458 loco
953 3401 1207 3457 membris
1231 3401 1470 3472 corporis
1499 3402 1601 3468 sui,
1625 3403 1739 3472 ipsa
1769 3417 1864 3472 per
1884 3404 2056 3458 varias

459 3496 729 3566 imagines
775 3500 1052 3562 evagatur,
1083 3506 1214 3562 quas
1251 3491 1424 3557 videt;
1467 3491 1587 3561 quis
1630 3507 1746 3546 eam
1787 3492 1916 3546 vidit
1955 3492 2053 3546 ali-

457 3583 680 3656 quando
707 3585 758 3636 in
787 3582 988 3638 somnis
1013 3580 1145 3636 aerii
1172 3581 1369 3636 coloris
1396 3596 1459 3636 ac
1489 3581 1646 3637 lucidi
1665 3624 1679 3648 ,
1711 3583 1810 3636 nisi
1840 3581 1972 3662 forte
2000 3590 2057 3638 nt

462 3685 658 3730 (aL-tera
696 3691 814 3744 quae
853 3673 1094 3728 similiter
1123 3673 1252 3728 falso
1280 3673 1459 3728 videt?
1484 3672 1614 3728 Nam
1655 3684 1711 3730 et
1755 3676 1854 3731 hoc
1883 3686 2055 3747 potest

469 3767 682 3822 videre:
712 3765 806 3821 sed
833 3765 971 3820 absit
993 3774 1052 3819 ut
1075 3781 1192 3820 eam
1223 3765 1404 3830 talem,
1427 3780 1546 3821 cum
1575 3767 1918 3837 evigilaverit,
1941 3783 2056 3823 cre-

469 3860 590 3922 dat;
619 3857 853 3927 alioquin
889 3856 1104 3926 quando
1140 3870 1198 3910 se
1241 3855 1395 3913 aliter
1437 3857 1666 3926 viderit,
1711 3858 1852 3929 quod
1889 3861 2055 3932 magis

463 3947 715 4006 crebmm
741 3955 842 4014 cst,
864 3954 956 4003 aut
975 3954 1173 4002 mutata
1195 3947 1296 4003 erit
1322 3947 1497 4002 anima
1527 3947 1662 4018 ejus,
1691 3957 1780 4002 aut
1805 3964 1903 4005 nec
1929 3959 2056 4008 tunc

471 4043 662 4098 animze
691 4041 899 4095 videtur
923 4037 1213 4094 substantia
1233 4079 1250 4104 ,
1293 4036 1389 4093 sed
1418 4038 1591 4108 imago
1613 4040 1854 4109 corporis
1879 4040 2056 4096 incor-

471 4147 653 4204 porca,
684 4147 803 4204 quae
827 4119 964 4185 miro
991 4127 1152 4184 modo
1185 4127 1322 4184 sicut
1349 4129 1402 4184 in
1429 4130 1747 4200 cogitatione
1776 4129 2052 4187 formatur.

470 4224 601 4292 Quis
627 4205 775 4279 enim
803 4219 1052 4291 Ethiops
1077 4234 1184 4274 non
1214 4234 1348 4290 pene
1376 4234 1585 4290 semper
1611 4220 1815 4292 nigrum
1843 4237 1901 4277 se
1927 4223 2056 4278 vidit

472 4317 524 4370 in
551 4314 781 4380 somnis;
811 4320 902 4368 aut
927 4311 975 4367 si
1012 4310 1065 4366 in
1094 4311 1200 4366 alio
1225 4310 1405 4366 colore
1439 4325 1498 4366 se
1533 4311 1698 4379 vidit,
1743 4328 1849 4368 non
1887 4315 2054 4384 magis

472 4407 694 4461 miratus
730 4413 853 4471 est,
881 4403 928 4458 si
972 4400 1071 4458 fuit
1093 4416 1213 4457 cum
1246 4401 1336 4456 illo
1364 4401 1656 4457 memoria?
1681 4401 1843 4458 Aerio
1875 4411 2053 4460 tamen

469 4495 651 4549 colore
677 4507 739 4547 ac
774 4492 948 4547 lucido
977 4491 1157 4547 nescio
1187 4498 1362 4545 utrum
1389 4506 1448 4547 se
1477 4507 1708 4563 unquam
1739 4493 1977 4563 vidisset,
2007 4493 2054 4551 si

473 4600 741 4655 nunquam
772 4583 929 4638 istum
961 4582 1191 4652 legisset,
1223 4583 1308 4637 vel
1334 4582 1588 4638 audisset.

543 4679 631 4734 45.
673 4675 807 4744 Quid
827 4717 842 4742 ,
865 4675 1004 4745 quod
1029 4675 1292 4730 ducuntur
1320 4675 1564 4732 homines
1589 4677 1781 4734 talibus
1813 4680 1961 4748 visis,
2001 4688 2056 4737 et

471 4773 539 4828 de
579 4768 868 4840 Scripturis
898 4767 1052 4822 nobis
1095 4769 1282 4823 volunt
1323 4769 1684 4839 praescribere,
1715 4772 1820 4828 tale
1856 4773 2054 4843 aliquid

470 4878 612 4930 esse,
635 4876 742 4918 non
763 4859 1015 4924 animam,
1043 4857 1136 4914 sed
1163 4859 1332 4929 ipsum
1359 4859 1546 4927 Deum,
1573 4861 1742 4931 qualis
1769 4863 2055 4934 ﬁguraliter

471 4962 775 5009 sanctorum
821 4948 1095 5022 spiritibus
1132 4949 1524 5006 demonstratus
1552 4961 1662 5020 est,
1693 4956 1866 5027 qualis
1894 4957 2053 5012 etiam

471 5048 522 5102 in
551 5058 798 5102 sermone
843 5041 1126 5112 allegorico
1173 5042 1423 5112 ponitur?
1455 5043 1645 5098 similia
1690 5043 1885 5116 quippe
1930 5058 2054 5104 sunt

470 5137 558 5192 illa
588 5137 700 5191 visa
727 5133 918 5190 talibus
941 5131 1118 5188 dictis.
1147 5132 1226 5188 Ac
1249 5132 1326 5189 sic
1353 5141 1561 5202 errant,
1588 5135 1972 5192 constituentes
1998 5139 2051 5195 in

469 5229 632 5286 corde
659 5243 757 5284 suo
777 5227 1057 5283 simulacra
1077 5241 1226 5280 vana:
1248 5225 1512 5296 opinionis
1526 5269 1540 5292 ,
1570 5243 1670 5283 nec
1697 5227 2053 5300 intelligentes

471 5321 540 5375 ita
567 5329 780 5376 sanctos
807 5319 875 5374 de
903 5317 1012 5373 suis
1037 5318 1162 5372 visis
1188 5317 1661 5388 talibusjndicasse
1683 5361 1698 5386 ,
1726 5321 1950 5392 qualiter
1969 5321 2056 5392 ju-

472 5408 710 5464 dicarent
738 5408 785 5465 si
811 5408 931 5464 talia
959 5407 1212 5462 divinitus
1237 5408 1289 5462 in
1312 5407 1489 5477 ﬁguris
1512 5407 1652 5463 dicta
1681 5410 1936 5479 legerent,
1967 5413 2050 5468 vel

471 5501 714 5556 audirent
736 5518 749 5555 :
772 5501 904 5556 sicut
924 5507 1130 5571 septem
1153 5499 1313 5570 spicm
1333 5508 1387 5554 et
1411 5507 1613 5570 septem
1643 5501 1824 5568 boves,
1849 5511 2064 5570 septem-

470 5591 595 5649 auni
622 5600 744 5647 sunt
776 5588 924 5666 (Gen.
952 5607 1062 5660 xu,
1091 5589 1218 5662 26);
1246 5590 1382 5647 sicut
1401 5590 1620 5646 linteum
1646 5600 1870 5661 quatuor
1897 5593 2052 5648 lineis

1420 283 1506 337 os
1546 281 1790 337 GENESI
1829 281 1920 335 AD
1958 249 2324 345 Lmsnin,
2367 278 2426 334 s.
2465 279 2831 338 AUGUSTINI

3653 287 3764 345 ἃς

2183 397 2473 468 alligatum,
2505 401 2648 455 velut
2675 400 2852 456 discus
2883 402 3070 472 plenus
3099 403 3256 459 variis
3296 401 3611 460 animalibus
3631 447 3648 473 ,
3675 422 3764 462 or-

2175 488 2256 542 bis
2289 497 2548 544 terrarum
2595 501 2677 544 est
2694 506 2815 545 cum
2837 492 3084 548 omnibus
3121 493 3366 564 gentibus
3386 495 3520 564 (Act.
3542 511 3600 562 x,
3632 498 3762 568 ll):

2175 592 2253 632 SIC
2289 580 2463 634 omnia
2517 591 2710 636 caetera
2736 621 2750 647 ,
2797 592 2852 636 et
2897 584 3065 638 multo
3107 585 3274 655 magis
3328 601 3446 655 qua:
3489 585 3557 640 de
3597 588 3762 642 rebus

2174 669 2523 742 incorporeis,
2551 674 2914 742 corporalibus
2939 675 3304 746 signiﬁcantur
3331 693 3435 733 non
3460 681 3642 745 rebus,
3658 681 3764 734 sed

2173 758 2507 830 imaginibus.

2172 846 2396 905 CAPUT
2434 849 2624 906 XXVI.
2644 881 2718 893 —
2743 851 2819 907 De
2843 855 3027 908 animos
3050 855 3364 911 incrementis
3401 859 3525 926 quid
3558 857 3764 915 Tertul-

2791 943 2930 998 liano
2957 946 3136 1000 visum.

2238 1032 2327 1086 M.
2389 1031 2568 1088 Noluit
2613 1043 2788 1089 tamen
2835 1035 3188 1092 Tertulliauus
3231 1038 3465 1093 animam
3513 1050 3762 1096 crescere

2168 1121 2462 1177 substantia
2501 1125 2640 1179 sicut
2677 1141 2906 1195 corpus;
2947 1127 3176 1183 aﬂ'erens
3213 1128 3374 1184 ctiam
3423 1129 3630 1184 timoris
3673 1131 3759 1184 sui
3795 1143 3800 1148 '

2168 1229 2381 1270 causam
2409 1234 2421 1271 :
2447 1216 2530 1272 Ne
2548 1219 2697 1272 etiam
2721 1220 2999 1275 decrescere
3021 1221 3298 1274 substantia
3322 1221 3539 1287 dicatur,
3562 1221 3756 1291 inquit,

2166 1316 2316 1377 atque
2337 1309 2408 1362 ita
2431 1318 2477 1362 et
2503 1310 2759 1379 defectura
2787 1311 3042 1366 credatur.
3068 1312 3138 1367 Et
3160 1321 3337 1367 tamen
3360 1312 3484 1382 quia
3513 1327 3606 1382 per
3630 1327 3754 1368 cor-

2167 1414 2264 1470 pus
2293 1415 2409 1455 cam
2441 1401 2679 1456 localiter
2708 1401 2896 1467 tendit,
2938 1417 3044 1456 non
3089 1403 3291 1458 invenit
3331 1404 3529 1458 exitum
3574 1403 3756 1459 incre-

2164 1501 2465 1546 mentorum
2503 1493 2640 1562 ejus,
2683 1507 2841 1562 quam
2882 1493 2992 1548 vult
3017 1493 3086 1548 de
3113 1493 3320 1549 semine
3342 1495 3532 1564 exiguo
3553 1495 3756 1563 aequari

2163 1583 2403 1652 corporis
2430 1583 2736 1652 quantitati;
2764 1592 2819 1639 et
2842 1585 2917 1638 ait
2940 1600 2953 1637 :
2983 1583 3088 1638 Sed
3122 1585 3194 1639 vis
3221 1584 3330 1656 ejus
3357 1585 3408 1638 iu
3437 1601 3536 1655 quo
3559 1585 3575 1616 ⁸
3603 1594 3758 1640 natu-

2163 1672 2295 1725 ralia
2315 1673 2514 1742 peculia
2539 1673 2733 1728 consita
2746 1674 3040 1741 retinentur,
3060 1675 3200 1728 salvo
3216 1675 3509 1729 substantia
3522 1675 3750 1739 modulo,

2163 1777 2261 1832 quo
2285 1780 2316 1815 a
2345 1764 2620 1834 primordio
2646 1765 2825 1834 inﬂata
2853 1775 2944 1830 est,
2969 1765 3214 1836 paulatim
3243 1781 3354 1818 cum
3379 1779 3532 1818 carne
3557 1763 3753 1835 produ-

2161 1853 2359 1908 citur’.
2389 1854 2500 1910 Hoc
2544 1853 2682 1910 forte
2725 1870 2831 1910 non
2871 1856 3317 1926 intelligeremus,
3367 1855 3468 1910 nisi
3509 1854 3750 1910 adhibita

2160 1942 2506 2000 similitudine
2554 1960 2740 2000 eorum
2792 1961 2912 2016 qua:
2953 1946 3230 2012 videmus,
3286 1945 3500 2014 planum
3547 1943 3751 2000 iaceret

2160 2033 2302 2103 quod
2327 2033 2560 2090 dicebat.
2595 2035 2886 2103 Constitue,
2917 2037 3123 2107 inquit,
3167 2045 3356 2090 certum
3399 2035 3599 2106 pondus
3625 2036 3744 2089 auri

2159 2124 2240 2178 uel
2261 2127 2456 2197 argenti
2480 2127 2663 2182 rudem
2687 2128 2855 2182 adhuc
2883 2145 3103 2183 massam
3132 2143 3152 2183 :
3175 2128 3410 2182 collectus
3445 2127 3644 2182 habitus
3671 2137 3748 2182 est

2158 2215 2257 2286 illi,
2279 2229 2325 2272 et
2355 2221 2528 2290 futuro
2555 2219 2754 2273 interim
2791 2219 2955 2273 minor
2973 2259 2989 2284 ,
3019 2227 3184 2272 tamen
3225 2220 3482 2274 continens
3517 2219 3652 2272 intra
3675 2217 3747 2271 li-

2158 2325 2305 2364 neam
2345 2310 2541 2364 moduli
2569 2317 2726 2364 totum
2762 2310 2897 2382 quod
2937 2318 3118 2363 natura
3152 2318 3227 2364 est
3257 2310 3373 2364 auri
3408 2309 3483 2362 vel
3510 2309 3705 2378 argenti
3726 2323 3748 2363 :

2159 2399 2340 2454 dehinc
2362 2415 2476 2453 cum
2502 2400 2556 2453 in
2595 2399 2836 2453 laminam
2873 2415 3039 2454 massa
3073 2398 3303 2465 laxatur,
3331 2399 3495 2470 major
3537 2398 3750 2468 eﬁcitur

2157 2489 2302 2563 initio
2320 2506 2430 2556 suo,
2463 2505 2554 2556 per
2581 2489 2925 2544 dilatationem
2951 2489 3185 2559 ponderis
3221 2489 3363 2554 certi,
3391 2505 3491 2542 non
3531 2504 3620 2558 per
3641 2486 3748 2540 ad-

2150 2581 2452 2650 iectionem,
2483 2582 2604 2636 dum
2627 2581 2911 2636 extenditur
2932 2622 2948 2647 ,
2989 2597 3092 2635 non
3119 2581 3242 2634 dum
3285 2589 3495 2651 augetur
3511 2597 3532 2643 ;
3553 2579 3647 2633 etsi
3665 2579 3750 2633 sic

2157 2690 2351 2744 quoque
2370 2684 2604 2746 augetur,
2631 2675 2753 2728 dum
2776 2675 3078 2729 extenditur.
3097 2672 3234 2726 Licet
3254 2676 3385 2726 enim
3403 2681 3452 2726 ct
3467 2670 3640 2724 habitu
3653 2685 3752 2724 asta

2158 2767 2283 2835 geri,
2315 2781 2428 2818 cum
2459 2773 2594 2819 statu
2627 2781 2727 2818 non
2759 2765 2891 2818 licet.
2923 2763 3062 2818 Tunc
3089 2771 3135 2817 ct
3163 2761 3404 2831 splendor
3429 2761 3540 2831 ipse
3561 2775 3751 2830 proue—

2158 2857 2296 2910 Ititur
2320 2857 2437 2911 auri
2464 2857 2540 2911 uel
2566 2857 2759 2928 argenti
2778 2898 2793 2922 ,
2836 2856 2921 2926 qui
2964 2856 3106 2927 prius
3154 2855 3319 2926 fuerat
3361 2854 3564 2926 quidem
3606 2861 3655 2907 et
3690 2853 3752 2907 iis

2157 2963 2326 3000 massa
2345 2987 2361 3012 ,
2391 2947 2480 3001 sed
2508 2947 2798 3012 obscurior,
2834 2963 2936 3002 non
2969 2957 3133 3001 tamen
3165 2946 3336 3000 nullus
3371 2960 3389 2999 :
3415 2954 3534 2998 tunc
3565 2953 3614 2998 et
3653 2944 3756 2999 alii

2158 3045 2307 3107 atque
2333 3037 2422 3090 alii
2461 3036 2659 3092 habitus
2691 3038 2934 3091 accedunt
2960 3052 3052 3106 pro
3081 3036 3325 3104 facilitate
3358 3036 3614 3100 maleﬁce,
3641 3051 3752 3104 qua

2159 3127 2358 3182 (licuerit
2377 3145 2486 3182 eam
2511 3129 2596 3199 qui
2623 3130 2755 3200 agit,
2796 3130 2925 3184 nihil
2953 3134 3218 3202 conferens
3253 3130 3460 3184 modulo
3498 3130 3596 3184 nisi
3639 3130 3754 3200 ρης.

2156 3220 2307 3292 gicm.
2332 3219 2416 3274 Ita
2443 3230 2488 3274 et
2529 3222 2714 3277 animt:
2730 3222 3036 3276 incrementa
3059 3221 3346 3292 reputando
3371 3237 3473 3276 non
3501 3221 3750 3277 substan-

2159 3313 2280 3381 tiva,
2304 3315 2394 3368 sed
2422 3315 2741 3384 provocatioa
2765 3313 2900 3386 (Lib.
2925 3314 2988 3369 de
3015 3314 3220 3382 Animo,
3245 3329 3359 3385 cap.
3387 3313 3499 3384 57).

2230 3405 2319 3460 45.
2359 3406 2490 3473 Quis
2520 3407 2661 3462 hunc
2685 3407 2948 3472 crederet,
2977 3421 3096 3462 cum
3122 3407 3224 3461 isto
3245 3406 3407 3462 corde
3437 3416 3544 3461 tam
3568 3406 3754 3464 diser-

2161 3503 2274 3552 tum
2316 3512 2436 3554 esse
2481 3498 2756 3569 potuisse?
2799 3499 2894 3553 sed
2922 3496 3194 3553 tremenda
3224 3497 3324 3552 ista
3357 3505 3510 3564 sunt,
3536 3512 3642 3553 non
3677 3500 3758 3554 ri-

2159 3589 2352 3645 denda.
2383 3591 2465 3645 Ad
2504 3591 2608 3646 hoc
2639 3591 2780 3646 enim
2809 3590 3063 3661 numquid
3100 3598 3412 3661 cogeretur,
3457 3590 3504 3646 si
3541 3591 3754 3661 aliquid

2159 3684 2394 3755 cogitare
2419 3692 2633 3752 posset,
2659 3681 2798 3754 quod
2825 3690 2879 3738 et
2905 3685 3008 3749 sit,
3041 3691 3096 3738 et
3127 3697 3321 3752 corpus
3343 3697 3448 3738 non
3476 3683 3582 3738 sit?
3605 3684 3753 3750 Quid

2159 3785 2338 3832 autem
2385 3775 2687 3842 absurdius,
2737 3790 2896 3846 quam
2946 3784 3130 3846 putare
3171 3789 3398 3830 massam
3449 3775 3755 3846 cuiuspiam

2161 3867 2357 3923 metalli
2388 3881 2454 3922 ex
2481 3867 2654 3938 aliqua
2680 3876 2830 3937 parte
2865 3881 3111 3924 crescere
3140 3881 3299 3937 posse
3323 3866 3450 3922 dum
3479 3869 3752 3937 tunditur,

2161 3959 2262 4015 nisi
2299 3958 2574 4014 decrescat
2615 3973 2683 4014 ex
2718 3959 2917 4020 altera;
2946 3957 3032 4014 vel
3066 3958 3245 4028 augeri
3286 3958 3598 4026 latitudine,
3641 3962 3756 4018 nisi

2159 4049 2509 4107 crassitudine
2528 4049 2831 4105 minuatur?
2847 4057 2940 4103 aut
2959 4049 3122 4104 ullum
3146 4062 3265 4105 esse
3283 4063 3476 4120 corpus
3496 4064 3757 4109 manente

2160 4149 2362 4196 naturae
2382 4140 2820 4210 suaquantitate,
2847 4137 2988 4210 quod
3007 4139 3237 4210 undique
3261 4147 3499 4206 crescat,
3525 4141 3626 4196 nisi
3652 4158 3754 4196 ra-

2159 4232 2374 4288 rescat?
2398 4230 2678 4298 Quomodo
2704 4230 2864 4298 igitur
2899 4229 3137 4301 implebit
3162 4231 3337 4286 anima
3379 4247 3448 4287 ex
3484 4231 3573 4286 illa
3603 4233 3752 4289 stilla
3785 4307 3792 4313 .

2160 4322 2382 4379 seminis
2398 4321 2811 4394 magnitudinem
2828 4321 3084 4391 corporis,
3102 4321 3242 4390 quod
3260 4321 3478 4387 animat,
3497 4321 3540 4377 si
3558 4331 3613 4378 et
3627 4322 3754 4393 ipsa

2159 4427 2352 4484 corpus
2389 4422 2511 4480 est,
2541 4411 2692 4483 cujus
2731 4410 3024 4466 substantia
3058 4410 3207 4466 nullo
3247 4425 3468 4466 accessu
3493 4415 3755 4469 crescat?

2159 4501 2457 4569 Quomodo,
2484 4501 2719 4572 inquam,
2744 4501 2986 4570 implebit
3006 4515 3253 4566 carnem,
3281 4515 3458 4571 quam,
3487 4501 3754 4574 viviﬁcat,

2161 4593 2264 4648 nisi
2289 4600 2438 4647 tanto
2461 4583 2634 4647 rarior
2657 4591 2836 4657 fuerit,
2859 4600 3060 4661 quanto
3087 4591 3338 4662 grandius
3365 4591 3508 4662 quod
3531 4593 3753 4649 anima-

2162 4683 2331 4740 verit‘?
2359 4683 2559 4739 Timuit
2585 4683 2829 4738 videlicet
2868 4697 2936 4738 ne
2960 4682 3214 4738 deﬁceret
3237 4681 3397 4738 etiam
3427 4683 3752 4754 minuendo,

2159 4777 2205 4832 si
2243 4784 2540 4841 cresceret;
2568 4782 2624 4830 et
2651 4789 2755 4829 non
2799 4774 2974 4828 timuit
3001 4789 3070 4829 ne
3098 4773 3350 4832 deﬁceret
3385 4776 3715 4832 rarescendo
3735 4819 3758 4849 ,

2158 4881 2279 4924 cum
2303 4874 2589 4924 cresceret.
2619 4864 2722 4921 Sed
2753 4864 2875 4934 quid
2901 4864 3127 4934 amplius
3150 4864 3422 4932 immorer,
3447 4866 3660 4936 quando
3693 4877 3758 4924 et

2157 4972 2338 5014 sermo
2363 4958 2534 5028 pergit
2558 4958 2610 5012 in
2641 4955 2983 5026 prolixiorem
3014 4955 3230 5011 modum
3255 4996 3269 5021 ,
3291 4971 3448 5027 quam
3474 4958 3606 5028 petit
3631 4968 3759 5014 ter-

2157 5053 2396 5108 minandi
2411 5052 2721 5116 necessitas,
2735 5059 2790 5106 et
2812 5050 3070 5105 sententia
3092 5065 3209 5106 mea
3228 5051 3335 5120 jam
3357 5050 3486 5104 satis
3504 5051 3570 5104 sit
3593 5060 3758 5120 nota,

2157 5144 2243 5201 vel
2265 5143 2390 5215 quid
2418 5152 2623 5200 certum
2653 5151 2860 5198 teneam
2879 5182 2894 5209 ,
2925 5141 3006 5196 vel
3031 5140 3170 5196 unde
3192 5141 3366 5196 adhuc
3389 5140 3625 5196 dubitem
3643 5181 3662 5207 ,
3696 5154 3763 5200 et

2158 5250 2322 5307 quare
2349 5233 2624 5290 dubitem?
2649 5233 2878 5291 Proinde
2897 5243 2952 5290 et
2979 5232 3083 5290 hoc
3105 5233 3351 5288 volumen
3377 5231 3490 5302 jam
3513 5233 3761 5291 concin-

2158 5327 2334 5395 datur,
2363 5335 2420 5381 ut
2446 5341 2565 5398 qua:
2593 5335 2885 5395 sequuntur
2911 5324 3102 5381 deinde
3125 5323 3416 5379 videamus.

2221 5481 2240 5544 ε
2265 5480 2779 5544 ApudTertullianum,
2799 5479 2852 5533 in
2874 5495 2986 5544 qua.

2155 5541 2478 5654 lia;
2498 5543 2692 5605 addunt,
2717 5541 2772 5593 in
2788 5541 3044 5605 men'zbris;
3077 5544 3204 5607 quod
3223 5557 3252 5596 a
3284 5551 3391 5594 Mss.
3427 5551 3480 5596 et
3497 5554 3528 5594 a
3546 5545 3757 5601 Temu-

3797 5353 3812 5391 ς

3798 5407 3812 5452 ἶ
