4090 6456
383 357 491 413 £29

1717 357 1918 425 LIBER
1950 369 2332 436 UNDECIMUS

387 475 3418 543 Ἥ

3552 405 3664 463 Αῦῧ

3433 537 3634 548 ...ο-ι..-

441 769 493 813 ιη
516 762 634 813 Illud
655 774 760 827 σενι
785 762 817 812 3
837 770 1101 827 501185003:
1128 779 1258 818 νενε-
1280 768 1373 819 ﬂ:
1399 773 1454 819 ΕΙ
1479 773 1616 819 θναηε
1636 771 1772 834 "Udi.
1802 781 1897 872 εἰδῇ·
1913 783 2257 872 λῃῖξὶἱὲςξῖῗξξη
2278 802 2381 839 can.
2407 793 2454 852 3,
2484 796 2620 858 cujus
2645 796 2907 852 illustrandi
2932 819 3074 858 causa
3098 811 3270 862 dicitur
3292 814 3356 864 de
3382 816 3658 872 conditione

1851 966 2216 1030 GWEEss

383 1059 606 1138 CAPUT
643 1077 926 1138 PRIMUM.
948 1109 1020 1121 —
1045 1071 1273 1135 Recitata
1309 1087 1445 1134 textu
1471 1073 1717 1137 Geneseos
1738 1084 1969 1153 explica-

893 1181 974 1226 tur
997 1188 1127 1227 vers.
1156 1172 1226 1227 25
1255 1188 1370 1243 cap.
1393 1171 1452 1226 2.·

448 1281 504 1337 1.
538 1281 608 1336 Et
634 1292 780 1338 erant
803 1283 929 1338 nudi
954 1284 1100 1338 ambo
1138 1282 1305 1337 Adam
1333 1290 1381 1336 et
1409 1282 1589 1337 mulier
1613 1283 1720 1354 ejus
1741 1324 1755 1350 ,
1787 1293 1834 1340 et
1867 1303 1969 1342 non

377 1373 595 1444 pudebat
611 1375 746 1440 illos.
769 1375 991 1447 Serpens
1009 1385 1175 1430 autem
1185 1384 1290 1430 erat
1310 1375 1726 1448 prudentissimus
1744 1381 1970 1434 omnium

376 1467 647 1522 bestiarum
677 1483 793 1539 qua:
826 1477 944 1522 sunt
971 1485 1123 1538 super
1163 1479 1346 1522 terram
1369 1510 1385 1535 ,
1426 1485 1552 1539 quas
1578 1472 1695 1542 fecit
1721 1469 1967 1528 Dominus

379 1555 535 1612 Deus.
565 1555 633 1611 Et
657 1557 788 1612 dixit
811 1573 1014 1628 serpens
1038 1557 1272 1624 mulieri,
1305 1557 1460 1622 Quid,
1496 1559 1615 1628 quia
1642 1559 1774 1614 dixit
1801 1561 1963 1631 Deus,

378 1646 502 1702 Non
544 1649 704 1704 edetis
737 1649 799 1702 ab
837 1649 974 1704 omni
997 1650 1015 1681 ³
1041 1649 1179 1720 ligno
1217 1650 1488 1720 paradisi?
1513 1649 1582 1704 Et
1619 1651 1748 1705 dixit
1785 1652 1967 1708 mulier

376 1741 614 1811 serpenti,
642 1740 688 1794 A
713 1744 884 1813 fructu
905 1741 1032 1812 ligni
1055 1740 1190 1812 quod
1216 1750 1286 1795 est
1311 1741 1364 1796 in
1393 1743 1632 1812 paradiso
1658 1745 1880 1808 edemus,
1903 1747 1966 1801 de

375 1829 546 1885 fructu
581 1837 748 1884 autent
771 1830 897 1900 ligni
936 1829 1074 1901 quod
1114 1838 1186 1885 est
1224 1831 1277 1884 in
1315 1831 1479 1886 medio
1522 1833 1786 1902 paradisi,
1834 1835 1964 1890 dixit

375 1919 509 1974 Deus
529 1961 546 1986 ,
579 1919 705 1974 Non
731 1921 886 1975 edetis
909 1937 974 1976 ex
994 1937 1072 1988 eo,
1102 1937 1259 1990 neque
1285 1922 1500 1992 tangetis
1521 1922 1669 1986 illud,
1695 1940 1757 1978 ne
1785 1926 1964 1978 moria-

373 2013 517 2066 mini.
545 2010 617 2066 Et
645 2013 774 2067 dixit
803 2029 1007 2082 serpens
1032 2013 1248 2078 mulieri,
1278 2011 1400 2086 on
1431 2023 1589 2067 morte
1627 2014 1906 2069 moriemini
1942 2033 1962 2071 :

369 2103 554 2157 sciebat
587 2105 724 2158 enim
751 2103 920 2170 Deus,
947 2105 1186 2175 quoniam
1212 2120 1312 2175 qua
1348 2104 1432 2158 die
1456 2103 1872 2161 manducaveritis
1900 2108 1963 2162 de

370 2211 448 2262 eo,
479 2195 769 2265 aperientur
789 2197 926 2250 vobis
949 2195 1101 2262 oculi,
1133 2205 1180 2250 et
1207 2196 1344 2251 eritis
1368 2205 1606 2266 tanquam
1632 2197 1724 2264 dii,
1753 2197 1960 2253 scientes

369 2289 555 2342 bonum
573 2298 618 2341 et
643 2287 852 2342 malum.
884 2287 951 2341 Et
973 2288 1101 2342 vidit
1124 2289 1305 2343 mulier
1322 2289 1439 2359 quia
1466 2289 1648 2343 bonum
1675 2289 1866 2360 lignum
1890 2290 1960 2344 ad

367 2395 554 2444 escam,
573 2388 621 2431 et
642 2379 760 2448 quia
779 2379 942 2449 placet
961 2378 1122 2432 oculis
1143 2378 1329 2446 videre,
1352 2388 1397 2433 et
1419 2378 1656 2433 decorum
1676 2389 1746 2433 est
1772 2393 1958 2451 cognoo

365 2484 524 2522 scere.
569 2467 636 2520 Et
664 2484 864 2522 sumens
888 2469 950 2522 de
972 2471 1141 2540 fructu
1165 2469 1276 2540 ejus
1305 2466 1406 2522 edit
1431 2509 1444 2533 ,
1488 2477 1536 2523 et
1563 2468 1700 2522 dedit
1729 2470 1833 2523 viro
1862 2486 1956 2524 suo

363 2574 534 2611 secum
556 2599 573 2625 ,
611 2566 659 2611 et
683 2559 912 2613 ederunt.
946 2557 1014 2612 Et
1047 2559 1212 2627 aperti
1245 2567 1361 2638 sunt
1398 2558 1532 2612 oculi
1561 2558 1821 2613 amborunt
1848 2600 1864 2628 ,
1909 2570 1957 2616 et

363 2657 673 2718 agnoverunt
691 2649 809 2717 quia
825 2649 950 2703 nudi
973 2657 1134 2714 erant,
1157 2657 1204 2702 et
1221 2658 1525 2704 consuerunt
1541 2650 1666 2721 folia
1688 2647 1793 2720 ﬁci,
1818 2661 1864 2705 et
1880 2656 1957 2722 fe-

362 2749 538 2794 cerunt
567 2740 662 2794 sibi
689 2740 1008 2810 campestria.
1041 2739 1111 2794 Et
1135 2740 1401 2794 audierunt
1422 2757 1589 2795 vocem
1611 2738 1820 2796 Domini
1859 2742 1956 2798 Dei

362 2830 736 2885 deambulantis
761 2831 815 2884 in
845 2830 1083 2901 paradiso
1111 2831 1178 2884 ad
1207 2845 1485 2900 vesperam,
1515 2838 1560 2884 et
1584 2829 1954 2887 absconderant

361 2939 416 2977 se
443 2924 612 2977 Adam
646 2931 692 2976 et
716 2924 898 2978 mulier
933 2925 1046 2996 ejus
1082 2939 1114 2976 a
1148 2923 1278 2994 facie
1306 2922 1513 2976 Domini
1542 2922 1640 2977 Dei
1659 2964 1675 2989 ,
1707 2925 1760 2977 in
1789 2926 1952 2980 medio

361 3016 488 3086 ligni
515 3016 760 3084 paradisi.
787 3014 853 3069 Et
881 3017 1071 3069 vocavit
1099 3014 1347 3069 Dominus
1372 3014 1511 3070 Deus
1543 3015 1728 3083 Adam,
1753 3026 1799 3070 et
1823 3016 1952 3071 dixit

358 3106 456 3170 illi,
495 3105 593 3160 Ubi
625 3107 717 3160 es?
745 3105 810 3159 Et
840 3106 967 3159 dixit
1003 3106 1046 3159 ei
1067 3146 1081 3170 ,
1122 3104 1302 3159 Vocem
1341 3114 1478 3160 tuam
1513 3107 1682 3160 audivi
1712 3107 1948 3161 deambu-

331 3198 513 3260 _lantis
539 3198 592 3250 in
617 3198 877 3268 paradiso,
899 3206 945 3251 et
969 3198 1135 3264 timui,
1161 3199 1281 3269 quia
1302 3198 1469 3252 nudus
1489 3215 1623 3266 sum,
1647 3209 1694 3253 et
1713 3199 1952 3256 abscondi

357 3304 458 3342 me.
486 3287 553 3340 Et
579 3289 708 3342 dixit
735 3286 834 3354 illi,
865 3287 990 3353 Quis
1016 3288 1263 3342 nuntiavit
1291 3288 1379 3342 tibi
1402 3289 1520 3358 quia
1548 3291 1713 3343 nudus
1739 3307 1812 3358 es,
1853 3293 1948 3347 nisi

354 3394 387 3431 a
412 3378 550 3449 ligno
577 3379 710 3448 quod
735 3394 1071 3450 prwceperam
1097 3380 1183 3432 tibi
1206 3388 1400 3432 tantum
1421 3397 1482 3433 ne
1509 3396 1572 3434 ex
1595 3396 1651 3434 eo
1672 3382 1948 3436 manduca-

353 3486 436 3524 res
454 3510 469 3533 ,
493 3470 556 3523 ab
586 3487 645 3524 eo
672 3471 821 3525 edisti
845 3472 871 3526 ?
899 3471 966 3525 Et
998 3472 1124 3524 dixit
1151 3471 1344 3536 Adam,
1375 3471 1562 3524 Mulier
1585 3489 1737 3541 quam
1764 3472 1947 3527 dedisti

351 3576 552 3614 mecum
574 3602 590 3627 ,
623 3564 732 3615 hazc
768 3563 892 3615 milii
927 3562 1062 3615 dedit
1085 3562 1146 3615 de
1174 3562 1314 3632 ligno
1333 3601 1348 3626 ,
1375 3571 1420 3614 et
1446 3562 1546 3615 edi.
1580 3553 1654 3614 Et.
1682 3563 1809 3617 dixit
1838 3564 1946 3618 Do-

351 3653 522 3705 minus
549 3651 688 3706 Deus
717 3654 935 3719 mulieri,
972 3652 1104 3718 Quid
1132 3653 1224 3706 Itoc
1251 3649 1450 3722 fecisti?
1477 3651 1546 3706 Et
1573 3653 1700 3706 dixit
1726 3654 1906 3708 mulier
1924 3697 1940 3722 ,

352 3742 576 3811 Serpens
604 3744 802 3806 seduxit
826 3760 938 3810 me,
984 3755 1030 3798 et
1058 3745 1376 3798 manducavi.
1424 3745 1488 3797 Et
1526 3744 1655 3798 dixit
1691 3744 1943 3801 Dominus

348 3833 491 3888 Deus
520 3835 758 3904 serpenti,
789 3835 920 3900 Quia
943 3835 1102 3905 fecisti
1131 3834 1224 3888 hoc
1245 3875 1261 3901 ,
1290 3833 1585 3888 maledictus
1610 3843 1662 3887 tu
1691 3834 1752 3888 ab
1777 3837 1941 3889 omni-

349 3925 443 3978 bus
466 3925 746 3994 pecoribus,
778 3935 824 3978 et
848 3925 911 3978 ab
940 3925 1170 3978 onmibus
1197 3925 1382 3988 bestiis,
1404 3940 1516 3994 quae
1539 3933 1652 3978 sunt
1671 3941 1822 3996 super
1841 3937 1940 3980 ter-

345 4031 482 4068 ram.
514 4014 685 4084 Super
713 4024 881 4085 pectus
907 4024 1047 4068 tuum
1075 4025 1120 4069 et
1149 4001 1365 4069 ventrem
1395 4025 1534 4068 tuum
1563 4013 1860 4082 ambulabis,
1891 4026 1939 4070 et

347 4111 535 4158 terram
563 4105 679 4158 edes
708 4121 879 4158 omnes
904 4105 1008 4158 dies
1041 4105 1154 4158 vitta
1177 4113 1296 4158 tuae.
1325 4102 1391 4157 Et
1427 4103 1716 4158 inimicitias
1751 4123 1937 4175 ponam

344 4195 479 4248 inter
502 4206 550 4248 te
577 4205 622 4248 et
645 4196 775 4255 inter
801 4195 1080 4260 mulierem,
1105 4205 1152 4248 et
1180 4194 1309 4248 inter
1334 4210 1502 4248 semen
1529 4203 1672 4247 tuum
1695 4205 1740 4249 et
1767 4213 1933 4251 semen

345 4286 456 4355 ejus
489 4300 508 4338 :
536 4285 648 4354 ipsa
673 4284 758 4337 tibi
787 4284 998 4338 servabit
1027 4293 1177 4356 caput
1195 4327 1210 4352 ,
1237 4293 1283 4339 et
1311 4294 1365 4338 tu
1381 4284 1600 4339 servabis
1624 4286 1734 4355 ejus
1762 4287 1932 4340 calca-

345 4395 512 4432 neum.
545 4378 607 4431 Et
638 4379 833 4432 mulieri
859 4375 1011 4444 dixit,
1037 4378 1387 4448 Multiplicans
1412 4377 1754 4448 multiplicabo
1773 4380 1935 4453 tristi-

343 4474 441 4526 tias
473 4483 586 4526 tuas
607 4481 652 4526 et
679 4473 916 4543 gemitum
940 4483 1100 4525 tuum.
1141 4470 1207 4525 In
1237 4472 1452 4525 tristitiis
1480 4472 1645 4541 paries
1673 4469 1808 4540 ﬁlios
1833 4513 1846 4535 ,
1886 4481 1932 4525 et

344 4564 411 4614 ad
435 4564 599 4616 virum
621 4574 763 4616 tuum
791 4563 1048 4617 conversio
1074 4571 1160 4614 tua
1183 4602 1198 4627 ,
1237 4571 1285 4616 et
1325 4562 1432 4630 ipse
1459 4561 1531 4614 tui
1571 4560 1928 4614 dominabitur.

341 4654 468 4708 Adae
489 4665 656 4708 autem
681 4656 839 4720 dixit,
886 4654 1018 4719 Quia
1050 4655 1235 4707 audisti
1258 4669 1424 4708 vocem
1461 4654 1683 4708 mulieris
1707 4665 1808 4708 tute
1829 4697 1844 4722 ,
1883 4664 1932 4708 et

345 4746 487 4799 edisti
516 4746 579 4799 de
604 4746 762 4816 ligno,
794 4746 856 4800 de
887 4762 984 4815 quo
1023 4761 1357 4815 prteceperam
1392 4745 1480 4798 tibi
1505 4746 1567 4798 de
1599 4762 1656 4800 eo
1691 4747 1799 4799 solo
1829 4764 1930 4800 non

345 4838 508 4901 edere,
537 4837 804 4890 maledicta
833 4847 963 4889 terra
984 4837 1036 4889 in
1065 4835 1296 4906 operibus
1322 4836 1419 4889 tuis
1447 4851 1466 4888 :
1491 4836 1544 4888 in
1574 4836 1786 4888 tristitiis
1815 4837 1929 4892 edes

341 4929 482 4983 illam
506 4945 679 4982 omnes
705 4928 808 4981 dies
832 4928 946 4982 vita:
980 4937 1079 4980 tua:
1102 4942 1120 4990 ;
1150 4926 1323 4997 spinas
1351 4935 1394 4977 et
1434 4925 1639 4978 tribulos
1667 4926 1925 4996 genuina-

342 5020 408 5073 bit
434 5021 563 5086 tibi,
595 5032 641 5074 et
667 5020 782 5074 edes
805 5020 977 5090 fenum
1001 5018 1131 5090 agri.
1181 5017 1249 5071 In
1275 5017 1458 5072 sudore
1489 5018 1639 5089 {aciei
1683 5027 1781 5070 tute
1812 5018 1927 5073 edes

344 5127 523 5180 panem
544 5121 706 5176 tuum,
731 5110 888 5163 donec
917 5109 1220 5164 convertaris
1246 5108 1298 5161 in
1329 5117 1545 5175 terram,
1573 5124 1636 5162 ex
1663 5124 1762 5178 qua
1789 5124 1927 5162 sum-

345 5212 457 5270 ptus
498 5216 594 5265 es;
635 5201 754 5270 quia
790 5210 924 5253 terra
956 5216 1042 5265 es,
1081 5208 1126 5253 et
1154 5199 1207 5252 in
1245 5208 1430 5252 terram
1466 5197 1579 5252 ibis.
1625 5196 1694 5251 Et
1736 5198 1926 5252 vocavit

342 5290 507 5344 Adam
534 5306 717 5344 nomen
749 5289 972 5342 mulieris
1010 5303 1118 5342 sua:
1139 5329 1154 5353 ,
1203 5286 1319 5340 Vita
1339 5289 1359 5318 ¹
1382 5329 1397 5353 ,
1439 5287 1676 5358 quoniam
1713 5286 1820 5341 luet:
1853 5296 1926 5341 est

342 5393 496 5438 mater
517 5384 743 5438 omnium
769 5382 1054 5436 viventium.
1079 5379 1145 5434 Et
1171 5380 1287 5452 fecit
1319 5377 1567 5433 Dominus
1593 5377 1734 5434 Deus
1762 5379 1926 5434 Adam

403 5609 419 5640 ί
445 5609 584 5666 Edili,
610 5605 709 5656 illo.
754 5612 809 5654 At.
845 5611 951 5666 Mss.
968 5609 1047 5666 _ut
1087 5603 1136 5650 in
1161 5601 1309 5666 sacris
1329 5600 1507 5666 Bibliis,
1531 5599 1674 5650 omni.

399 5673 420 5702 ⁸
444 5662 580 5726 aditi,
596 5679 766 5718 nomen
785 5664 1004 5717 mulieris
1019 5663 1305 5721 sutelsvadd
1322 5671 1409 5724 est,
1433 5662 1554 5726 (ita.
1572 5670 1926 5726 Atuss.omnes

341 5740 506 5781 carent
526 5724 602 5780 bis
624 5730 805 5790 verbis,
830 5737 926 5780 Eva
941 5763 956 5790 ,
978 5726 1032 5779 id
1054 5731 1163 5778 est:
1190 5737 1300 5789 qua:
1322 5739 1416 5777 nec
1449 5724 1679 5789 leguntur
1699 5725 1824 5788 apud
1854 5731 1926 5774 ln-

343 5800 586 5856 terpretes
609 5797 736 5838 LXX.

2075 1102 2124 1188 et
2149 1099 2348 1156 mulieri
2369 1108 2478 1175 eius
2501 1113 2693 1165 tunicas
2715 1121 2982 1188 perimas,
3027 1131 3074 1175 et
3096 1123 3257 1179 induit
3293 1143 3394 1182 eos.
3423 1124 3491 1185 Et
3523 1117 3655 1188 dixit

2072 1185 2322 1290 Dominus
2340 1197 2478 1257 Deus
2495 1245 2512 1271 ,
2547 1205 2678 1264 Ecce
2702 1211 2868 1265 Adam
2895 1217 3058 1284 {actus
3082 1225 3154 1271 est
3177 1226 3412 1290 tanquam
3436 1239 3566 1287 unus
3589 1233 3655 1281 ex:

2073 1280 2213 1337 nobis
2236 1285 2289 1341 in
2314 1297 2656 1362 cognoscendo
2684 1300 2867 1356 bonum
2895 1311 2940 1358 et
2966 1306 3182 1360 malum.
3212 1307 3280 1362 Et
3310 1327 3441 1365 nunc
3466 1329 3529 1368 ne
3549 1286 3653 1370 anu

2070 1375 2271 1473 quando
2295 1383 2529 1438 extendat
2556 1404 2761 1444 manant
2786 1408 2951 1458 suam,
2981 1404 3027 1449 et
3045 1406 3209 1450 sumat
3236 1399 3299 1452 de
3327 1399 3464 1472 ligno
3496 1404 3608 1458 vita:
3629 1442 3646 1473 ,

2070 1468 2118 1517 et
2137 1466 2252 1521 edat
2273 1511 2288 1537 ,
2331 1481 2377 1526 et
2401 1476 2529 1530 vivat
2552 1480 2603 1534 in
2628 1491 2890 1538 aeternum.
2919 1484 2985 1539 Et
3012 1487 3200 1543 dimisit
3232 1466 3384 1546 illuni
3401 1466 3650 1552 Dominus

2069 1554 2208 1614 Deus
2234 1562 2297 1618 de
2319 1570 2558 1635 paradiso
2585 1574 2851 1646 voluptatis
2871 1580 3072 1648 operari
3093 1589 3296 1649 terram,
3321 1600 3494 1655 exqua
3512 1604 3651 1642 sume

2069 1656 2185 1748 plus
2213 1662 2305 1706 est.
2328 1655 2400 1748 Et
2428 1661 2570 1729 ejecit
2597 1663 2780 1732 Adam,
2805 1675 2848 1720 et
2870 1667 3130 1723 collocavit
3152 1688 3264 1725 eum
3287 1685 3462 1728 contra
3492 1695 3649 1748 para-

2067 1736 2234 1835 disum
2256 1743 2526 1817 voluptatis
2555 1768 2574 1806 :
2603 1762 2649 1807 et
2673 1755 2924 1810 ordinavit
2950 1757 3216 1814 Clterubim
3240 1803 3253 1827 ,
3293 1772 3341 1816 et
3361 1736 3649 1835 ﬂammeam

2065 1827 2414 1924 rltompltwam
2439 1855 2551 1904 qua:
2575 1844 2797 1912 vertitur,
2827 1849 3080 1903 custodire
3104 1851 3234 1904 viam
3266 1827 3391 1924 ligni
3416 1856 3547 1910 vitae.

2221 1923 2516 1995 Antequam
2549 1929 2704 2001 hujus
2731 1936 3016 2006 proposita:
3044 1917 3328 2010 Scriptura;
3355 1951 3553 2000 textum
3581 1959 3646 2003 ex

2065 2007 2254 2108 prdine
2293 2025 2711 2089 pertractemus,
2752 2007 3456 2098 admonendum—arbitror,
3503 2036 3647 2105 quod

2213 2117 2299 2157 me
2328 2112 2382 2159 et
2409 2107 2534 2162 alibi
2582 2111 2636 2165 in
2673 2111 2775 2168 hoc
2816 2129 2990 2184 operc‘
3014 2118 3227 2173 memini
3261 2121 3604 2190 prmlocutum
3626 2159 3643 2193 ι

2064 2188 2191 2282 illud
2229 2207 2258 2246 a
2300 2196 2452 2251 nobis
2495 2215 2615 2255 esse
2643 2201 3022 2274 ﬂagitandum,
3063 2217 3120 2261 ut
3158 2209 3225 2264 ad
3262 2188 3644 2282 proprietatem
3727 2198 3732 2203 I

2061 2278 2253 2374 littera:
2283 2283 2595 2344 defendatur
2622 2293 2762 2362 quod
2801 2304 3007 2363 gestum
3035 2307 3214 2353 narrat
3243 2278 3471 2374 ipse—qui
3509 2307 3644 2361 scri-

2062 2371 2184 2439 psit.
2214 2374 2268 2428 Si
2299 2386 2474 2432 autem
2506 2380 2557 2434 in
2599 2383 2774 2438 verbis
2801 2385 2926 2451 Dei,
2953 2388 3036 2443 vel
3063 2390 3374 2462 cuju3quam
3398 2371 3643 2465 personat

2061 2465 2117 2520 in
2160 2466 2393 2524 ofﬁcium
2435 2475 2802 2545 propheticum
2845 2491 3130 2552 assumpta:
3155 2525 3170 2549 ,
3211 2485 3404 2540 dicitur
3445 2488 3642 2558 aliquid

2059 2560 2199 2629 quod
2240 2563 2308 2617 ad
2347 2565 2574 2622 litteram
2616 2571 2714 2625 nisi
2749 2572 2978 2629 absurde
3019 2590 3126 2629 non
3166 2579 3335 2647 possit
3380 2580 3640 2650 intelligi,

2060 2651 2243 2720 procul
2284 2655 2444 2712 dubio
2484 2663 2705 2730 ﬁgurate
2757 2663 2956 2720 dictum
2996 2665 3065 2721 ob
3107 2669 3332 2738 aliquam
3377 2671 3644 2742 significa‘

2060 2743 2255 2801 tionem
2283 2749 2450 2820 accipi
2479 2751 2675 2820 debet;
2713 2754 2912 2811 dictum
2945 2766 3118 2813 tamen
3148 2776 3266 2816 esse
3292 2760 3534 2818 dubitare
3560 2764 3641 2820 ias

2059 2848 2163 2888 non
2194 2847 2272 2893 est
2308 2853 2322 2891 :
2357 2839 2460 2894 hoc
2489 2841 2629 2897 enim
2657 2859 2684 2897 a
2714 2845 2815 2899 ﬁde
2842 2849 3155 2915 narratoris,
3176 2857 3230 2906 et
3260 2852 3640 2921 pollicitatione

2056 2927 2374 2996 expositoris
2399 2932 2627 3003 exigitur
2655 2933 2787 3006 (Lib.
2820 2936 2882 3000 8,
2912 2953 2958 2991 c.
2996 2938 3140 3010 1-7).

2125 3016 2180 3071 5.
2211 3017 2375 3074 Erant
2394 3037 2521 3093 ergo
2541 3024 2686 3078 ambo
2714 3026 2838 3079 nudi
2863 3042 2884 3081 :
2917 3043 3098 3083 verum
3122 3037 3224 3096 est,
3251 3033 3467 3088 omnino
3493 3035 3634 3112 nuda

2053 3119 2205 3163 erant
2233 3125 2455 3182 corpora
2485 3114 2710 3170 duorum
2752 3116 3022 3172 hominum
3052 3119 3103 3173 in
3137 3121 3381 3189 paradiso
3408 3138 3647 3180 convcr»

2053 3201 2301 3288 santium.
2337 3204 2446 3258 Nec
2475 3207 2692 3275 pudebat
2719 3225 2802 3263 eos
2835 3224 2853 3263 :
2879 3212 3002 3280 quid
3031 3214 3170 3267 enim
3197 3213 3440 3283 puderet,
3468 3232 3635 3288 quam

2051 3287 2122 3343 do
2151 3293 2346 3346 nullam
2388 3293 2558 3366 legem
2601 3309 2880 3354 senserant
2920 3301 2976 3356 in
3023 3303 3278 3358 membris
3319 3307 3428 3359 suis
3471 3300 3646 3377 repu?

2049 3393 2296 3451 guantem
2341 3387 2442 3456 legi
2473 3391 2665 3443 mentis
2691 3405 2801 3445 sua:
2833 3393 3004 3464 (Rom.
3034 3410 3138 3461 vn,
3184 3396 3321 3465 25)?
3355 3413 3475 3468 qua:
3513 3400 3632 3455 illos

2051 3487 2202 3540 ptena
2233 3479 2437 3543 peccati
2467 3489 2586 3548 post
2607 3483 3049 3550 perpetrationcm
3080 3487 3526 3553 prmvaricationis
3547 3503 3633 3545 sea

2047 3574 2166 3617 cuta
2193 3577 2294 3633 est,
2329 3579 2616 3638 usurpante
2643 3571 2994 3629 inobedieutia
3026 3576 3369 3644 prohibitum,
3399 3588 3452 3634 et
3475 3582 3634 3650 justi-

2048 3653 2117 3707 tia
2148 3656 2396 3723 puniente
2425 3661 2787 3717 commissum.
2816 3663 2966 3730 Quod
2991 3678 3272 3738 antequam
3300 3668 3468 3737 ﬁeret,
3502 3671 3640 3727 nudi'

2046 3753 2200 3798 erant
2240 3754 2296 3800 ut
2321 3747 2519 3804 dictum
2547 3759 2662 3818 est,
2692 3762 2746 3808 et
2775 3771 2880 3808 non
2908 3755 3369 3814 confundebantur
3403 3777 3415 3813 :
3448 3762 3627 3818 nullus

2044 3843 2158 3890 erat
2202 3847 2376 3893 motus
2417 3840 2469 3894 in
2516 3857 2774 3913 corpore,
2823 3847 2909 3900 cui
2951 3851 3264 3905 verecundia
3311 3852 3624 3923 deberetur;

2043 3925 2175 3980 nihil
2201 3929 2456 3997 putabant
2485 3933 2762 3988 velandum
2781 3975 2798 4003 ,
2831 3938 2950 4007 quia
2995 3940 3122 3993 nihil
3147 3953 3422 3998 senserant
3453 3944 3626 4002 refre-

2042 4020 2296 4075 nandum.
2346 4022 2800 4090 Quemadmodum
2847 4033 3181 4101 propagaturi
3227 4043 3408 4089 essent
3449 4036 3622 4101 filios,

2035 4109 2146 4180 jam
2176 4123 2329 4169 antea
2360 4115 2680 4185 disputatum
2720 4127 2802 4174 est
2842 4121 3040 4191 (Supra
3063 4159 3078 4188 ,
3115 4123 3201 4177 lib.
3231 4125 3265 4180 9
3288 4167 3302 4192 ,
3331 4142 3377 4179 c.
3411 4127 3445 4181 5
3484 4127 3567 4199 ll)
3604 4147 3617 4183 ε

2041 4217 2144 4256 non
2183 4212 2354 4258 tamen
2382 4221 2447 4261 eo
2474 4207 2632 4262 modo
2659 4210 2981 4266 credendum
3008 4222 3122 4280 est,
3162 4231 3267 4285 quo
3295 4231 3621 4289 propagave—

2038 4301 2163 4347 runt
2209 4295 2548 4366 posteaquam
2591 4300 2794 4355 crimen
2842 4303 3132 4359 admissum
3186 4307 3434 4375 praedicta
3493 4311 3622 4364 ultio

2039 4395 2323 4440 consecuta
2361 4396 2471 4455 est;
2515 4405 2635 4444 cum
2673 4393 2978 4464 priusquam
3020 4407 3386 4464 morerentur,
3420 4399 3530 4470 jam
3563 4402 3626 4456 in"

2037 4489 2261 4546 corpore
2303 4478 2716 4535 inobcdientium
2748 4482 3020 4538 hominum
3044 4485 3340 4554 justissimo
3377 4490 3618 4560 recipro-

2036 4574 2156 4619 catu
2220 4567 2636 4623 inobedientium
2701 4571 3060 4627 membrorum
3125 4576 3406 4632 tumultum
3472 4589 3621 4635 mors“

2037 4667 2299 4726 concepta
2348 4669 2604 4714 versaret.
2656 4661 2901 4717 Nondum
2952 4673 3106 4720 erant
3155 4667 3290 4722 tales
3340 4669 3509 4724 Adam
3564 4681 3619 4726 et

2037 4747 2190 4814 Eva,
2244 4764 2368 4804 cum
2413 4752 2572 4806 ambo
2619 4753 2744 4808 nudi
2801 4765 3020 4825 essent,
3072 4767 3127 4812 et
3174 4745 3278 4813 non
3327 4761 3620 4818 confundeo'

2033 4848 2236 4893 I‘Cllllll‘.
3613 4867 3616 4870 '

2093 4927 2321 4986 CAPUT
2357 4929 2422 4986 Il.
2443 4960 2515 4973 -—
2539 4931 2803 5006 Serpentis
2831 4938 3078 5009 sapientia
3105 4941 3288 5010 qualis,
3319 4953 3366 4998 et
3393 4943 3548 4998 unde.

2102 5023 2155 5076 4.
2188 5022 2405 5094 Serpens
2441 5033 2608 5080 autem
2645 5036 2752 5081 erat
2789 5028 2861 5083 ibi
2902 5030 3320 5098 prudentissimus
3361 5034 3608 5104 quidem,

2031 5111 2123 5168 sed
2151 5115 2374 5168 omnium
2399 5115 2664 5172 bestiarum
2687 5134 2801 5191 qua:
2818 5129 2960 5174 erant
2983 5137 3135 5191 super
3155 5131 3359 5189 terram,
3386 5140 3512 5194 quas
3537 5125 3615 5194 fe—
3651 5141 3653 5143 ‘

2031 5216 2166 5261 cerat
2209 5206 2456 5263 Dominus
2500 5208 2660 5265 Deus.
2710 5212 2990 5270 Translata
3028 5215 3171 5270 enim
3209 5216 3372 5271 verbo
3407 5215 3610 5274 dictum

2030 5309 2139 5364 est,
2167 5301 2599 5370 prudentissimus,
2631 5304 2713 5360 vel
2739 5305 2875 5360 sicut
2899 5306 3078 5376 plures
3103 5306 3248 5360 latini
3276 5306 3486 5363 codices
3509 5307 3577 5362 ha
3605 5337 3613 5346 -

2031 5388 2178 5455 bent,
2205 5391 2620 5463 sapientissimus,
2653 5408 2761 5448 non
2788 5394 3003 5464 proprio
3022 5395 3198 5464 quoin
3224 5397 3418 5451 bonum
3440 5399 3612 5469 accipi

2031 5489 2169 5544 solet
2196 5491 2454 5559 sapientia
2483 5491 2566 5545 vel
2607 5491 2734 5556 Dei,
2777 5492 2864 5547 vel
2905 5493 3260 5563 Angelorum,
3298 5493 3380 5548 vel
3418 5495 3610 5550 anima:

2030 5583 2336 5648 rationalis;
2381 5590 2629 5653 tanquam
2670 5584 2715 5637 si
2756 5584 3023 5654 sapientes
3055 5599 3183 5653 apes
3219 5587 3378 5641 etiam
3419 5588 3608 5642 formi-

2029 5691 2226 5747 casque
2250 5676 2508 5741 dicamus,
2537 5682 2754 5746 propter
2772 5690 2933 5746 Opera
2954 5677 3097 5732 velut
3120 5679 3375 5734 imitantia
3397 5681 3608 5752 sapien-

2033 5772 2178 5827 tiam.
2210 5771 2519 5841 Quanquam
2563 5769 2663 5824 iste
2698 5781 2918 5838 serpens
2957 5785 3067 5825 non
3098 5771 3387 5828 irrationali
3432 5777 3608 5828 anima
