4090 6448
458 382 558 442 αι

457 511 576 563 sua,
604 491 700 551 sed
721 492 894 550 alieno
913 491 1024 564 jam
1056 489 1246 562 Spiritu
1268 530 1285 560 ,
1324 489 1376 545 id
1412 497 1494 546 est
1517 488 1779 545 diabolico
1801 528 1817 555 ,
1860 495 2042 558 posset

453 586 885 659 Sapientissimus
907 583 1010 639 dici
1036 582 1274 638 omnium
1303 579 1616 636 bestiarum.
1643 579 2043 648 Quantnmlibet

457 680 602 736 enim
639 675 1073 749 przevaricatores
1109 673 1281 743 angeli
1309 670 1376 728 de
1399 670 1647 741 supernis
1673 669 1893 726 sedibus
1929 683 2040 725 su:e

455 769 821 845 perversitatis
847 777 902 824 et
927 766 1193 838 superbia:
1228 765 1420 821 merito
1458 763 1648 834 dejecti
1686 763 1822 829 sint,
1851 770 2038 817 natura

456 875 635 922 tamen
680 861 1090 920 excellentiores
1132 865 1256 912 sunt
1299 857 1546 912 omnibus
1591 854 1776 910 bestiis
1820 862 2040 924 propter

453 955 675 1012 rationis
697 951 1060 1010 eminentiam.
1081 947 1218 1016 Quid
1241 961 1370 1018 ergo
1389 947 1582 1001 mirum
1604 946 1650 1000 si
1669 960 1766 1000 suo
1786 944 2036 998 instinctu

452 1047 697 1104 diabolus
715 1045 825 1116 jam
846 1042 1074 1111 impleas
1092 1048 1416 1110 serpentem,
1443 1038 1597 1108 eique
1617 1035 1860 1106 spiritum
1881 1048 2034 1089 suum
2076 1102 2078 1105 ι

451 1140 706 1206 miscens,
752 1151 818 1192 eo
864 1148 1013 1190 more
1055 1146 1162 1203 quo
1198 1140 1348 1185 vates
1387 1127 1769 1184 daemoniorum
1813 1125 2035 1196 implere

451 1230 590 1286 solet
611 1229 628 1262 ⁸
649 1271 666 1297 ,
697 1223 1148 1298 sapientissimum
1176 1237 1298 1276 eum
1337 1219 1642 1276 reddiderat
1675 1218 1910 1272 omnium
1941 1217 2035 1272 be-

450 1321 672 1376 stiarum
719 1314 1010 1373 secundum
1065 1314 1294 1367 animam
1345 1310 1516 1364 vivam
1565 1306 2034 1376 irrationalemque

448 1408 780 1466 viventium?
821 1406 1093 1462 Abusione
1139 1405 1336 1474 quippe
1384 1399 1614 1456 nominis
1657 1399 1726 1452 ita
1773 1398 2032 1468 sapientia

447 1502 642 1557 dicitur
668 1499 720 1554 in
743 1498 905 1566 malo,
932 1493 1376 1567 quemadmodum
1405 1492 1456 1545 in
1487 1491 1628 1546 bono
1651 1491 1842 1543 astutia
1866 1504 1882 1555 ;
1911 1503 2031 1543 cum

448 1594 662 1666 proprie
687 1592 960 1662 magisque
981 1590 1174 1646 usitate
1199 1588 1250 1642 in
1273 1587 1433 1640 latina
1458 1583 1714 1638 duntaxat
1743 1581 1920 1652 lingua
1948 1595 2035 1634 sa-

448 1688 656 1755 pientes
694 1682 1029 1739 laudabiliter
1053 1679 1423 1751 appellentur,
1465 1673 1623 1731 astuti
1670 1682 1848 1728 autem
1892 1672 2032 1728 male

445 1775 653 1834 cordati
682 1775 1066 1845 intelligantur.
1098 1770 1251 1828 Unde
1279 1771 1558 1838 nonnulli,
1587 1771 1726 1826 sicut
1761 1770 1814 1825 in
1844 1767 2034 1838 pleris-

444 1882 551 1938 que
579 1865 853 1922 codicibus
881 1863 1203 1928 invenimus,
1235 1860 1300 1916 ad
1329 1876 1482 1915 usum
1512 1860 1689 1916 latina:
1715 1857 2029 1926 locutionis,

445 1973 552 2013 non
581 1955 845 2022 verbum,
889 1953 984 2008 sed
1026 1952 1203 2023 potius
1249 1951 1565 2007 sententiam
1609 1949 2026 2015 transferentes,

443 2047 758 2104 astutiorem
788 2044 1035 2102 omnibus
1073 2043 1258 2099 bestiis
1287 2041 1446 2097 istum
1486 2051 1786 2112 serpentem
1809 2082 1824 2106 ,
1871 2054 2029 2111 quam

443 2138 818 2209 sapientiorem
867 2135 1046 2190 dicere
1076 2133 1395 2188 maluerunt.
1442 2132 1578 2200 Quid
1622 2142 1798 2188 autem
1838 2131 2033 2186 habeat

443 2229 656 2285 hcbrma
682 2226 1000 2298 proprietas,
1028 2232 1208 2280 utrum
1235 2223 1344 2278 illic
1371 2223 1423 2277 in
1453 2222 1614 2290 malo,
1648 2239 1752 2277 non
1778 2221 2027 2290 abusive,

441 2319 538 2376 sed
571 2318 788 2390 proprie
814 2317 1020 2388 possint
1049 2315 1154 2371 dici
1184 2323 1240 2370 et
1278 2314 1499 2385 intelligi
1536 2313 1839 2384 sapientes,
1882 2312 2033 2368 vidc-

441 2411 550 2465 rint
587 2410 675 2482 qui
705 2422 824 2464 eam
853 2407 1018 2476 probe
1053 2413 1336 2461 noverunt.
1378 2403 1485 2460 Nos
1516 2413 1690 2459 tamen
1729 2411 1914 2474 aperte
1950 2403 2029 2458 lc-

440 2503 614 2574 gimus
639 2499 746 2556 alio
773 2497 1172 2569 Scripturarum
1199 2504 1502 2552 sanctarum
1529 2495 1644 2550 loco
1672 2495 1941 2564 sapientes
1961 2493 2028 2550 ad

440 2592 669 2659 malum,
696 2604 803 2646 non
827 2588 896 2644 ad
923 2588 1124 2644 bonum
1147 2585 1359 2658 (Jerem.
1386 2601 1442 2642 IV
1466 2626 1483 2653 ,
1521 2584 1652 2657 22);
1691 2596 1744 2640 et
1771 2585 2029 2641 Dominus

437 2683 568 2739 dicit
592 2681 944 2752 sapientiores
971 2693 1093 2736 esse
1119 2677 1256 2734 filios
1281 2677 1462 2734 smcnli
1492 2677 1614 2733 filiis
1636 2678 1785 2744 lucis,
1809 2676 1876 2732 ad
1895 2692 2026 2732 con-

437 2772 720 2829 sulendum
747 2771 965 2828 sibimet
992 2769 1045 2826 in
1086 2778 1359 2842 posterum
1387 2769 1630 2840 quamvis
1668 2767 1886 2838 fraude,
1920 2785 2026 2824 non

434 2863 556 2934 jure
586 2861 739 2936 (Luc.
763 2876 856 2917 xvt
875 2901 892 2930 ,
917 2861 999 2934 8).

439 2953 668 3010 CAPUT
706 2952 793 3008 Ill.
813 2982 881 2993 —
907 2949 1154 3012 Diabolus
1179 2949 1380 3006 nonnisi
1413 2965 1503 3017 per
1531 2959 1809 3022 serpentem
1839 2958 2029 3006 tentare

1077 3057 1370 3114 permissus.

508 3135 566 3190 5.
606 3133 717 3189 Nec
741 3147 869 3187 sane
894 3131 1150 3187 debemus
1175 3130 1383 3202 opinari
1405 3128 1544 3200 quod
1571 3138 1872 3201 serpentem
1901 3131 2022 3200 sibi,

432 3240 534 3299 per
551 3239 710 3297 quem
731 3231 961 3285 tentaret
990 3221 1436 3294 persuaderetque
1464 3232 1761 3292 peceatum,
1784 3221 2026 3279 diabolus

435 3319 685 3390 elegerit;
716 3316 813 3373 sed
841 3331 965 3372 cum
989 3324 1132 3371 esset
1157 3314 1210 3370 in
1239 3314 1331 3370 illo
1375 3323 1593 3386 propter
1630 3330 1941 3386 perversam
1971 3325 2026 3372 et

435 3409 672 3476 invidam
697 3407 1021 3463 voluntatem
1047 3404 1348 3476 decipiendi
1381 3405 1664 3476 cupiditas,
1693 3406 1904 3462 nonnisi
1931 3422 2027 3477 per

434 3501 566 3558 illud
585 3501 780 3556 animal
802 3498 991 3570 potuit,
1019 3512 1116 3570 per
1133 3497 1273 3568 quod
1299 3511 1456 3568 posse
1476 3498 1767 3568 permissus
1786 3508 1887 3554 est.
1919 3499 2026 3554 No-

433 3593 592 3652 oendi
619 3593 763 3650 enim
791 3581 1038 3648 voluntas
1073 3598 1248 3660 potest
1273 3605 1393 3646 esse
1429 3605 1459 3645 a
1485 3605 1582 3646 suo
1611 3606 1822 3662 quoque
1844 3592 2024 3648 animo

435 3700 632 3757 prava;
665 3699 772 3740 non
801 3693 884 3738 est
908 3691 1085 3738 autem
1116 3689 1353 3753 potestas
1377 3681 1478 3736 nisi
1505 3697 1536 3736 a
1567 3683 1695 3748 Deo,
1724 3693 1777 3738 et
1806 3683 1907 3738 hoc
1930 3684 2024 3737 ah-

435 3777 544 3831 dita
570 3775 782 3845 altaque
801 3772 1027 3844 justitia,
1058 3773 1307 3842 quoniam
1334 3786 1439 3827 non
1484 3781 1567 3828 est
1603 3772 1853 3845 iniquitas
1881 3774 2020 3846 apud

434 3867 624 3924 Detln.

540 3955 768 4014 CAPUT
807 3955 970 4012 lV.—
987 3953 1217 4011 Tentatio
1237 3954 1453 4010 hominis
1476 3971 1634 4028 quare
1649 3957 1912 4027 permissa.

505 4051 561 4106 6.
602 4049 658 4105 Si
675 4062 803 4120 ergo
822 4047 1076 4119 quaeritur
1102 4062 1198 4103 cur
1227 4047 1367 4103 Deus
1393 4047 1583 4102 tentari
1606 4049 2018 4118 permiseritlto-

432 4143 654 4208 minent,
682 4154 840 4212 quem
863 4139 1114 4196 tentatori
1134 4153 1518 4194 consensurum
1541 4154 1662 4194 esse
1683 4140 2016 4209 praesciebat;

429 4231 764 4289 altitudinem
799 4230 1015 4302 quidem
1055 4229 1260 4286 consilii
1298 4227 1413 4300 ejus
1441 4237 1723 4299 penetrare
1752 4246 1856 4286 non
1895 4247 2019 4301 pos-

432 4339 576 4392 sum,
602 4332 656 4380 et
681 4322 839 4394 longe
854 4335 1013 4392 supra
1039 4320 1180 4376 vires
1200 4334 1346 4376 meas
1367 4319 1467 4374 hoc
1490 4335 1610 4376 esse
1629 4321 1905 4376 confiteor.
1924 4323 2020 4379 Est

432 4434 562 4491 ergo
589 4417 766 4489 aliqua
791 4430 955 4473 causa
981 4414 1218 4470 fortassis
1254 4413 1530 4480 occultior,
1561 4430 1680 4484 qua:
1708 4415 2018 4472 melioribus

429 4508 895 4578 sanctioribusque
930 4513 1254 4572 reservatur,
1289 4503 1429 4560 illius
1457 4505 1625 4575 gratia
1655 4505 1831 4574 potius
1857 4521 2016 4573 quam

428 4599 636 4657 meritis
653 4613 838 4655 eorum
860 4615 874 4652 :
897 4595 991 4652 sed
1019 4603 1194 4651 tamen
1221 4604 1477 4666 quantum
1502 4595 1585 4651 vel
1614 4594 1777 4651 donat
1803 4611 2012 4666 sapere,

427 4693 515 4751 vel
537 4693 665 4750 sinit
690 4691 888 4757 dicere,
920 4705 1026 4746 non
1053 4689 1184 4744 mibi
1209 4689 1418 4745 videtur
1441 4704 1645 4760 magnae
1674 4689 1842 4744 laudis
1864 4688 2013 4745 futu-

426 4801 550 4842 rum
573 4782 739 4840 fuisse
763 4781 1055 4846 hominem,
1079 4781 1124 4835 si
1147 4787 1428 4851 propterea
1447 4789 1630 4850 posset
1653 4780 1792 4836 bene
1812 4781 2007 4850 vivere,

426 4877 554 4949 quia
580 4890 739 4933 nemo
767 4873 912 4930 male
931 4873 1112 4929 vivere
1149 4871 1427 4933 suaderet;
1471 4887 1591 4928 cum
1633 4882 1688 4929 et
1725 4873 1777 4929 in
1825 4882 2010 4930 natura

425 4984 609 5042 posse,
647 4975 705 5026 et
743 4967 799 5023 in
840 4973 1101 5038 potestate
1129 4964 1386 5021 haberet“
1413 4966 1546 5022 velle
1575 4981 1678 5021 non
1709 4971 2012 5026 consentire

425 5057 1004 5130 suadenti,-ad;uvante
1041 5066 1219 5114 tamen
1249 5058 1339 5114 illo
1375 5058 1463 5129 qui
1510 5060 1752 5129 superbis
1791 5061 2008 5128 resistit,

425 5150 714 5207 humilibus
731 5159 906 5205 autem
933 5148 1019 5204 dat
1049 5147 1272 5221 gratiam
1297 5147 1499 5220 (Jacobi
1518 5165 1591 5214 tv,
1611 5149 1686 5223 6).
1713 5148 1820 5205 Cur
1835 5151 2011 5222 itaque

425 5245 619 5310 tentari
647 5260 754 5300 non
785 5245 1005 5310 sineret,
1031 5257 1191 5313 quem
1217 5257 1598 5298 consensurum
1625 5256 1743 5298 esse
1761 5243 2013 5314 prtescie-

423 5337 534 5404 bat,
563 5351 685 5392 cum
713 5335 766 5391 id
794 5335 1027 5391 facturus
1051 5340 1197 5390 esset
1224 5333 1435 5403 propria
1465 5333 1734 5388 voluntate
1776 5347 1872 5402 per
1897 5333 2009 5388 eul-

423 5445 568 5501 pain,
599 5437 655 5485 et
678 5425 1007 5484 ordinandus
1035 5435 1180 5480 esset
1204 5425 1344 5480 illius
1377 5425 1625 5494 mquitate
1646 5438 1741 5494 per
1758 5438 2003 5494 poenam;

483 5547 500 5578 ¹
529 5552 576 5595 In
600 5543 997 5607 plerisque_ttss_.,
1227 5540 1410 5607 solent._
1431 5601 1444 5607 _
1481 5550 1484 5554 '

480 5610 503 5639 ¹
526 5601 634 5656 Uss.
667 5601 902 5665 nonnulli,
945 5601 1138 5665 habere.
1171 5611 1290 5651 Tum
1331 5601 1524 5665 quidam
1564 5608 1942 5665 prosequuntur,
1964 5604 2010 5653 si

417 5668 558 5720 uellet
575 5681 671 5718 non
687 5661 967 5719 consentire.
995 5664 1079 5714 Αιίὶ
1101 5661 1536 5727 plerique,'_habeat
1556 5661 1674 5727 uelle
1693 5661 1788 5712 non
1810 5677 2008 5715 comen-

417 5729 538 5843 tigei'
556 5731 630 5781 sic
651 5731 800 5783 etiam
820 5738 920 5780 Ain.
947 5733 1000 5779 et
1019 5723 1174 5777 Erfst
1193 5723 1325 5788 nov,
1347 5723 1515 5775 habeat
1547 5723 1664 5776 velle
1699 5730 1747 5776 ct
1776 5739 1870 5778 non
1892 5740 2006 5779 con-

417 5805 468 5843 se
519 5805 610 5843 tre.
1138 5833 1146 5841 .

417 5805 610 5844 ιιηιινθ.
1138 5833 1146 5841 .

1381 377 1468 434 DE
1505 375 1750 435 GENESI
1787 374 1882 431 AD
1917 374 2289 446 LITTERAM,
2327 375 2387 432 S.
2432 377 2792 436 AUGUSTINI

3621 384 3728 442 ΠΩ

2148 496 2208 544 ut
2228 489 2389 546 etiam
2413 489 2492 547 sic
2514 491 2817 549 ostenderet
2858 492 3052 549 anima:
3092 495 3335 564 superba:
3362 494 3430 552 ad
3468 498 3731 554 eruditio-

2148 593 2269 637 nem
2297 580 2589 639 futurorum
2615 595 2936 654 sanctorum,
2969 603 3127 659 quam
3167 597 3310 646 recte
3350 590 3464 661 ipse
3488 602 3730 650 uteretur

2147 672 2440 728 animarum
2463 674 2823 732 voluntatibus
2838 679 2997 733 etiam
3016 680 3190 748 malis,
3207 695 3328 736 cum
3351 682 3454 739 illae
3473 699 3728 754 perverso

2145 773 2423 820 uterentur
2447 767 2649 822 naturis
2674 767 2861 825 bonis?

2141 853 2369 912 CAPUT
2409 856 2471 911 V.
2486 887 2557 898 --
2579 857 2742 913 Homo
2760 876 2792 913 a
2807 867 3052 917 tentatore
3067 861 3310 934 dejectus,
3326 863 3446 935 quia
3459 866 3724 936 superbus.

2214 946 2267 999 7.
2307 946 2417 1002 Nec
2450 948 2814 1004 arbitrantium
2837 961 2920 1005 est
2939 952 3078 1021 quod
3108 963 3250 1008 esset
3274 953 3544 1010 hominem
3572 955 3728 1026 deje-

2140 1042 2323 1090 cturus
2347 1036 2447 1091 iste
2470 1046 2722 1103 tcntator,
2753 1040 2852 1094 nisi
2880 1041 3240 1110 praecessisset
3267 1043 3318 1098 in
3340 1045 3514 1100 anima
3555 1045 3730 1101 homi-

2141 1125 2224 1180 nis
2239 1125 2480 1195 quaedam
2497 1127 2656 1182 elatio
2681 1131 3105 1200 comprimenda,
3121 1142 3178 1186 ut
3193 1148 3288 1204 per
3303 1135 3725 1192 liumiliationcm

2140 1216 2363 1284 peccati,
2391 1232 2548 1288 quam
2575 1218 2642 1273 de
2669 1234 2728 1274 se
2747 1219 2882 1276 falso
2907 1225 3324 1293 praesumpserit,
3351 1225 3602 1283 disceret.
3621 1227 3724 1284 Vo-

2137 1305 2350 1361 rissime
2377 1311 2571 1379 quippe
2590 1308 2788 1364 dictum
2817 1321 2899 1365 est
2922 1329 2934 1367 :
2958 1314 3088 1368 Ante
3109 1317 3313 1370 ruinam
3337 1311 3590 1373 eraltatur
3613 1336 3724 1388 cor,

2137 1404 2184 1449 ct
2211 1405 2327 1450 ante
2353 1398 2567 1468 gloriam
2611 1400 2906 1455 humiliatur
2932 1401 3110 1476 (Prov.
3144 1420 3259 1472 xvr,
3308 1406 3418 1477 18).
3461 1409 3526 1462 Et
3567 1409 3727 1479 hujus

2136 1485 2275 1543 forte
2321 1489 2550 1545 hominis
2591 1507 2690 1546 vox
2723 1502 2806 1547 est
2842 1493 2894 1547 in
2934 1495 3183 1550 Psalmo:
3214 1497 3322 1569 Ego
3346 1498 3454 1552 dixi
3481 1499 3536 1554 in
3558 1501 3727 1556 abun-

2137 1578 2312 1632 dantia
2337 1596 2466 1646 mea,
2500 1579 2622 1636 Non
2643 1584 2872 1636 movebar
2890 1585 2942 1637 in
2965 1596 3207 1640 (uernum
3224 1587 3262 1640 ¹.
3287 1587 3484 1645 Deinde
3498 1589 3608 1659 jam
3623 1606 3727 1646 ex-

2137 1677 2319 1740 pertus
2343 1670 2468 1740 quid
2495 1671 2620 1726 mali
2649 1673 2840 1728 habeat
2867 1675 3093 1745 superba
3120 1679 3462 1749 priesumptio
3491 1683 3726 1750 propria:

2134 1764 2435 1833 potestatis,
2469 1771 2524 1818 et
2558 1765 2682 1835 quid
2725 1766 2848 1821 boni
2877 1767 3196 1837 adjutorium
3239 1771 3424 1840 gratiae
3454 1772 3582 1828 Dei:
3612 1772 3728 1826 Do-

2134 1855 2286 1918 mine,
2310 1855 2495 1925 inquit,
2525 1855 2578 1908 in
2603 1857 2858 1911 voluntate
2880 1866 2968 1912 tua
2986 1860 3265 1930 praestitisti
3291 1861 3462 1916 decori
3489 1879 3598 1917 meo
3622 1863 3728 1916 vir-

2135 1952 2322 2010 tutem;
2341 1948 2561 2000 avertisti
2585 1956 2753 2001 autem
2781 1949 2960 2018 faciem
2986 1957 3144 2009 tuam.
3168 1959 3215 2004 et
3246 1955 3412 2022 factus
3447 1968 3561 2006 sum
3595 1969 3727 2007 con-

2135 2035 2362 2090 turbatus
2401 2035 2572 2108 (Psal.
2599 2053 2746 2103 XXIX,
2782 2039 2838 2104 7;
2866 2039 2945 2110 8).
2976 2038 3080 2094 Sed
3107 2041 3220 2095 sive
3248 2041 3375 2096 illud
3399 2041 3468 2097 de
3488 2042 3591 2097 hoc
3619 2042 3725 2098 ho-

2134 2126 2298 2191 mine,
2335 2127 2452 2183 sive
2493 2128 2560 2183 de
2602 2129 2708 2183 alio
2749 2129 2949 2184 dictum
2993 2131 3081 2196 sit,
3122 2131 3394 2186 extollenti
3439 2147 3499 2188 se
3540 2141 3724 2189 tamen

2133 2218 2346 2286 animm,
2377 2228 2432 2275 ct
2458 2219 2679 2274 nimium
2715 2229 2962 2292 tanquam
2989 2223 3056 2276 de
3086 2224 3296 2293 propria
3324 2224 3516 2280 virtute
3544 2226 3726 2295 praeli-

2133 2309 2300 2376 denti,
2331 2312 2488 2366 etiam
2527 2313 2894 2381 experimento
2921 2330 3094 2384 penna:
3136 2314 3308 2371 fuerat
3345 2316 3724 2374 demonstran-

2133 2401 2258 2456 dum
2298 2417 2456 2472 quam
2486 2420 2590 2458 non
2620 2404 2758 2460 bene
2785 2419 2845 2460 se
2873 2404 3065 2461 habeat
3093 2408 3225 2461 facta
3259 2417 3464 2475 natura,
3509 2409 3554 2464 si
3580 2424 3610 2463 a
3647 2411 3725 2463 fa-

2132 2494 2306 2552 ciente
2329 2498 2631 2555 recesserit.
2659 2498 2794 2554 llinc
2831 2499 2972 2553 enim
3011 2499 3170 2554 etiam
3199 2501 3426 2555 maxime
3449 2516 3726 2558 commen-

2131 2583 2287 2640 datur
2312 2587 2469 2657 quale
2509 2587 2705 2642 bonum
2733 2589 2804 2643 sit
2841 2589 2999 2656 Deus,
3041 2590 3256 2660 quando
3296 2591 3426 2645 nulli
3453 2591 3520 2646 ab
3543 2607 3611 2647 eo
3637 2608 3728 2648 re-

2131 2679 2341 2736 cedenti
2375 2680 2511 2736 bene
2536 2689 2652 2738 est:
2675 2681 2799 2752 quia
2839 2689 2896 2737 et
2931 2677 3019 2753 qtii
3062 2683 3296 2753 gaudent
3335 2684 3390 2738 in
3432 2684 3724 2741 mortiferis

2130 2772 2508 2842 voluptatibus,
2535 2788 2657 2830 esse
2683 2775 2800 2830 sine
2826 2775 3070 2830 dolorum
3101 2776 3290 2831 timore
3323 2791 3427 2832 non
3453 2787 3718 2848 possunt;

2129 2871 2186 2918 et
2199 2864 2286 2933 qui
2309 2865 2529 2918 omnino
2554 2865 2752 2918 malum
2776 2865 3094 2920 desertionis
3109 2880 3219 2922 sua:
3241 2868 3442 2936 majore
3457 2869 3723 2938 superbiae

2129 2963 2350 3025 stupore
2378 2970 2481 3010 non
2511 2957 2766 3024 sentiunt,
2797 2956 2917 3012 aliis
2953 2958 3042 3028 qui
3074 2957 3186 3013 lucc
3220 2957 3525 3014 discernere
3553 2975 3724 3015 nove-

2128 3055 2275 3114 runt,
2307 3045 2610 3102 miseriores
2636 3061 2857 3117 prorsus
2884 3057 3171 3118 apparent;
3203 3056 3260 3103 ut
3282 3049 3327 3104 si
3358 3049 3545 3112 nolunt
3579 3051 3723 3106 reci-

2127 3151 2257 3208 pere
2270 3137 2586 3192 medicinam
2610 3139 2732 3193 talia
2758 3138 3047 3203 devitaudi,
3071 3140 3281 3194 valeant
3300 3141 3366 3195 ad
3389 3141 3720 3211 exemplum,

2127 3244 2235 3300 quo
2261 3230 2468 3299 possint
2496 3229 2617 3284 talia
2647 3229 2890 3285 devitari.
2913 3229 3058 3286 Sicut
3082 3231 3225 3286 enim
3253 3232 3526 3302 apostolus
3555 3232 3719 3287 Jaco-

2128 3320 2227 3376 bus
2238 3321 2384 3386 dicit,
2406 3321 2760 3393 Unusquisque
2782 3331 3001 3377 tentatur
3018 3340 3049 3376 a
3069 3323 3471 3394 concupiscentia
3489 3340 3583 3377 sua
3595 3324 3720 3377 abs-

2129 3421 2317 3467 tractus
2337 3421 2384 3466 et
2402 3412 2598 3467 illectus
2613 3413 2823 3467 :deinde
2839 3414 3240 3485 concupiscentia
3275 3431 3389 3468 cum
3409 3416 3716 3484 conceperit,

2128 3504 2262 3574 parit
2283 3513 2572 3574 peccatum;
2591 3513 2850 3575 peccatum
2873 3515 3038 3558 autem
3057 3521 3172 3558 cum
3187 3513 3587 3558 consummatum
3605 3503 3718 3573 [ue-

2125 3596 2212 3662 rit,
2237 3603 2441 3666 generat
2460 3605 2670 3648 mortem
2692 3594 2894 3667 (Jacobi
2913 3611 2950 3662 ι,
2975 3595 3062 3661 ii,
3088 3595 3199 3666 i5).
3234 3595 3383 3650 Unde
3411 3604 3596 3649 sanato
3622 3611 3718 3649 su-

2127 3686 2324 3756 perbitn
2347 3695 2555 3740 tumore
2583 3685 2894 3757 resurgitur,
2919 3685 2964 3740 si
2995 3686 3235 3740 voluntas
3261 3701 3380 3756 quae
3403 3694 3530 3741 ante
3547 3701 3716 3756 cxpe-

2127 3777 2412 3833 rimcntum
2450 3775 2635 3844 defuit,
2678 3786 2736 3831 ut
2778 3786 3182 3847 permaneretur
3213 3792 3334 3832 cum
3365 3777 3494 3841 Deo,
3523 3777 3715 3833 saltem

2126 3876 2247 3938 post
2275 3869 2699 3938 experimentum
2727 3867 2886 3935 adsit,
2915 3878 2974 3922 ut
2997 3867 3246 3922 redeatur
3271 3867 3336 3922 ad
3366 3867 3553 3922 Deum.

2125 3959 2350 4016 CAPUT
2388 3959 2478 4014 Vl.
2501 3989 2572 4000 -—
2599 3958 2705 4014 Cur
2729 3957 2864 4012 Deus
2893 3958 3175 4030 permiserit
3214 3958 3464 4012 hominem
3502 3959 3710 4012 tentari.

2195 4050 2249 4106 8.
2290 4052 2376 4106 Sic
2396 4061 2569 4106 autem
2600 4049 2814 4121 quidam
2844 4059 3127 4105 moventur
3152 4050 3220 4104 de
3245 4049 3344 4104 hac
3363 4049 3514 4120 primi
3539 4049 3713 4105 humi.

2123 4141 2208 4197 nis
2237 4142 2545 4207 tentatione,
2576 4140 2716 4211 quod
2743 4155 2862 4196 eam
2889 4140 3001 4195 fieri
3032 4141 3335 4211 permiserit
3361 4141 3521 4207 Deus,
3554 4142 3711 4212 quasi

2123 4248 2264 4288 nunc
2290 4249 2396 4286 non
2422 4231 2634 4287 videant
2661 4232 2964 4286 universum
2992 4246 3160 4302 genus
3191 4231 3482 4286 humanum
3508 4231 3712 4287 diaboli

2123 4322 2327 4378 insidiis
2355 4324 2469 4377 sine
2491 4322 2790 4377 cessatione
2818 4322 3028 4376 tentari.
3067 4320 3176 4376 Cur
3221 4330 3275 4376 et
3316 4321 3418 4376 hoc
3445 4323 3712 4392 permittit

2123 4413 2295 4470 Dens?
2324 4415 2404 4468 An
2432 4419 2552 4484 quia
2599 4414 2850 4483 probatur
2890 4423 2944 4468 et
2983 4422 3262 4469 exercetur
3303 4414 3489 4479 virtus,
3532 4423 3588 4468 et
3624 4421 3710 4469 est

2121 4505 2293 4575 palma
2312 4503 2591 4576 gloriosior
2620 4519 2723 4559 non
2750 4504 3088 4560 consensisse
3116 4512 3395 4569 tentatum,
3423 4519 3582 4575 quam
3601 4520 3706 4559 non

2119 4599 2355 4669 potuisse
2386 4596 2610 4651 tentari:
2634 4611 2754 4651 cum
2776 4595 2934 4650 etiam
2959 4595 3056 4665 ipsi
3087 4595 3176 4664 qui
3209 4595 3424 4650 deserto
3448 4595 3708 4652 Creatore

2117 4699 2240 4743 eunt
2265 4697 2386 4758 post
2412 4695 2749 4751 tentatorem,
2778 4686 2948 4757 magis
2973 4687 3246 4756 magisque
3277 4695 3478 4741 tentent
3497 4701 3592 4740 eos
3609 4686 3702 4757 qui

2119 4779 2170 4833 in
2194 4779 2354 4834 verbo
2381 4777 2474 4834 Dei
2500 4787 2831 4848 permanent,
2860 4776 3240 4848 prtebcantque
3268 4776 3373 4830 illis
3399 4785 3583 4831 contra
3604 4793 3703 4832 cu-

2119 4869 2391 4940 piditatem
2429 4868 2766 4924 devitationis
2794 4867 3120 4937 exemplum,
3149 4876 3200 4921 et
3233 4867 3487 4921 incutiant
3512 4877 3702 4922 contra

2117 4961 2416 5031 superbiam
2446 4961 2689 5015 timorem
2721 4959 2899 5031 pium?
2931 4957 3080 5014 Unde
3106 4957 3237 5012 dicit
3262 4958 3581 5028 Apostolus:
3607 4957 3700 5012 Ino

2115 5051 2322 5105 tendens
2341 5051 2574 5120 teipsum,
2602 5067 2664 5104 ne
2691 5058 2738 5103 et
2761 5059 2811 5103 tu
2835 5049 3034 5104 tenteris
3072 5046 3270 5121 (Galat.
3299 5064 3374 5113 Vt,
3400 5047 3477 5121 1).
3507 5048 3700 5104 Mirum

2115 5151 2199 5198 est
2226 5142 2369 5196 enim
2397 5149 2651 5210 quantum
2682 5140 2782 5194 ista
2807 5139 3097 5206 humilitas,
3126 5153 3226 5211 qua
3248 5139 3524 5194 subdimur
3537 5139 3701 5196 Crea-

2117 5234 2236 5296 tori,
2271 5247 2338 5287 ne
2375 5242 2624 5301 tanquam
2665 5231 2780 5302 ejus
2808 5230 3072 5301 adiutorio
3099 5247 3205 5288 non
3234 5239 3452 5303 egentes
3486 5232 3555 5288 de
3595 5249 3698 5287 nn-
3729 5304 3733 5308 _

2114 5325 2240 5380 stris
2268 5323 2466 5378 viribus
2495 5337 2898 5394 praesumamus,
2944 5339 3041 5395 per
3064 5323 3364 5394 Scripturas
3391 5339 3578 5381 omnes
3615 5325 3701 5380 di-

2113 5415 2265 5470 vinas
2303 5429 2428 5469 cura
2468 5415 2715 5470 continua
2755 5413 3176 5470 commendatur.
3207 5413 3338 5471 Cum
3380 5431 3506 5487 ergo
3535 5417 3696 5472 etiam

2115 5523 2209 5578 per
2234 5506 2456 5578 injustas
2477 5506 2628 5578 justi,
2655 5521 2716 5562 ac
2737 5522 2831 5577 per
2853 5507 3043 5578 impios
3067 5507 3140 5578 pii
3166 5506 3463 5577 proficiant,
3501 5507 3698 5563 frustra

2175 5663 2193 5694 ί
2220 5670 2429 5730 veteres
2443 5663 2653 5730 codices,
2674 5662 2726 5716 in
2743 5663 2991 5730 saculwn.
3015 5666 3089 5716 sic
3109 5665 3352 5730 interdum
3382 5664 3696 5730 Augustinus,

2112 5732 2309 5839 ἕοὰιέειι
2340 5727 2704 5791 ambiguitatem
2741 5727 2962 5779 [cuiauis
2997 5742 3170 5791 graeca:
3208 5729 3332 5790 apud
3363 5727 3492 5791 Uti,
3509 5730 3579 5782 eis
3616 5727 3698 5782 tan
