4090 6454
445 358 546 413 433

441 469 664 524 dicitur:
689 469 806 525 Non
831 482 1039 528 crearet
1064 473 1226 541 Deus,
1255 490 1389 545 quos
1413 476 1724 547 praesciebat
1754 480 1919 535 malos
1939 481 2021 536 fu-

441 570 609 615 turos.
653 559 763 616 Cur
787 563 927 618 enim
956 579 1064 619 non
1107 576 1314 622 crearet
1353 582 1487 637 quos
1525 571 1838 640 prmsciebat
1863 573 2019 629 bonis

439 648 763 720 profuturos,
787 660 844 707 ut
870 654 925 708 et
950 654 1104 710 utiles
1120 669 1302 710 eorum
1322 656 1477 712 bonis
1497 659 1852 717 voluntatibus
1866 677 2019 718 exer-

435 742 621 798 cendis
636 742 1091 815 admonendisque
1108 759 1414 831 nascantur,
1432 759 1486 804 et
1500 750 1642 821 juste
1655 768 1752 823 pro
1768 769 1862 809 sua
1875 756 2015 811 mala

434 836 707 894 voluntate
734 840 1054 908 puniantur?

432 923 658 983 CAPUT
701 928 806 984 νη.
826 958 900 971 —-
921 930 1028 985 Cur
1052 932 1201 986 Itonia
1230 950 1332 988 non
1361 935 1478 991 tatis
1510 944 1703 992 creatus
1732 938 1817 1007 qui
1858 939 2014 994 nollet

1000 1038 1221 1094 unquam
1245 1042 1470 1095 peccare.

501 1110 555 1164 9.
595 1109 799 1177 Talem,
842 1112 1109 1182 inquiunt,
1156 1113 1354 1171 faceret
1394 1118 1684 1185 hominem,
1713 1119 1803 1190 qui
1849 1121 2013 1177 nollet

429 1202 649 1256 omnino
676 1217 914 1272 peccare.
939 1205 1076 1261 Ecce
1102 1220 1199 1261 nos
1221 1210 1563 1266 concedimus
1590 1212 1862 1267 meliorem
1893 1228 2012 1267 esse

429 1303 674 1347 naturam
702 1310 820 1365 quae
846 1297 1064 1352 omnino
1092 1314 1313 1367 peccare
1335 1301 1494 1367 nolit;
1520 1302 1815 1357 concedant
1838 1312 1892 1357 et
1912 1302 2011 1372 ipsi

426 1400 533 1438 non
556 1387 894 1453 essemalam
922 1397 1161 1444 naturam
1191 1406 1307 1461 quae
1338 1393 1416 1447 sie
1440 1392 1577 1448 laeta
1606 1403 1709 1461 est,
1750 1403 1808 1450 ut
1832 1405 2012 1465 posset

426 1493 534 1530 non
568 1492 795 1545 peccare
821 1479 866 1532 si
895 1480 1080 1545 nollet,
1107 1490 1163 1537 et
1186 1482 1382 1551 justam
1412 1499 1529 1539 esse
1557 1486 1873 1541 sententiam
1905 1503 2007 1556 qua

425 1568 609 1636 punita
633 1577 736 1636 est,
763 1585 883 1639 qua:
918 1570 1189 1627 voluntate
1236 1589 1341 1627 non
1388 1577 1706 1632 necessitate
1749 1577 2005 1647 peccavit.

421 1658 573 1713 Sient
608 1673 737 1728 ergo
776 1659 912 1713 ratio
950 1676 1077 1715 vera
1118 1662 1271 1717 docet
1299 1664 1570 1720 meliorem
1612 1681 1731 1722 esse
1763 1677 2005 1723 naturam

420 1762 581 1816 quam
611 1763 829 1817 prorsus
856 1749 986 1805 nihil
1012 1751 1241 1809 delectat
1281 1754 1554 1823 illicitum;
1598 1757 1670 1811 ita
1707 1759 1842 1816 ratio
1883 1778 2004 1817 vera

418 1839 766 1894 nihilominus
794 1841 947 1897 docet
970 1842 1127 1897 etiam
1154 1844 1295 1898 illam
1324 1844 1515 1900 bonam
1540 1862 1662 1903 esse
1701 1865 1820 1920 qua:
1848 1852 2006 1908 habet
2088 1840 2091 1841 ν

419 1928 474 1981 io
508 1939 766 1998 potestate
808 1930 1045 1987 illicitam
1088 1933 1516 2005 delectationem,
1543 1938 1589 1992 si
1617 1941 1898 2010 exstiterit,
1930 1943 2002 1998 ita

418 2020 689 2085 cohibere,
723 2032 780 2076 ut
804 2038 909 2077 non
940 2024 1110 2079 solum
1140 2025 1206 2081 de
1235 2029 1444 2083 eaateris
1468 2029 1626 2085 licitis
1655 2041 1904 2103 recteque
1925 2033 2004 2089 fa-

410 2112 538 2176 ctis,
565 2126 746 2165 verum
769 2112 928 2167 etiam
949 2112 1015 2168 de
1035 2115 1200 2184 ipsius
1224 2132 1398 2186 pravae
1417 2117 1780 2177 delectationis
1798 2123 2003 2178 cohibi-

412 2202 560 2256 tioue
580 2203 807 2258 lmtetur.
831 2204 965 2259 Cum
992 2221 1121 2276 ergo
1145 2206 1260 2262 htec
1287 2216 1472 2263 natura
1500 2210 1641 2266 bona
1665 2213 1752 2280 sit,
1780 2214 1866 2269 illa
1888 2231 2003 2271 me-

416 2293 536 2358 lior,
568 2310 663 2348 cur
691 2294 830 2352 illam
853 2297 1044 2361 solam,
1080 2306 1135 2351 et
1164 2313 1271 2353 non
1302 2309 1576 2371 utramque
1606 2305 1777 2372 potius
1802 2304 2000 2363 faceret

418 2384 592 2438 Deus-‘2
620 2386 695 2440 Ae
716 2402 812 2456 per
840 2386 940 2442 hoc
966 2389 1055 2458 qui
1087 2390 1252 2457 parati
1278 2401 1429 2446 erant
1448 2393 1463 2423 ¹
1491 2393 1557 2448 de
1578 2394 1664 2448 illa
1685 2396 1799 2450 sola
1830 2397 1996 2453 Deum

415 2476 652 2541 laudare,
686 2478 900 2532 uberius
924 2495 1047 2534 eum
1076 2479 1272 2535 debent
1306 2482 1521 2538 laudare
1550 2484 1615 2538 de
1642 2494 1881 2556 utraque.
1906 2486 1994 2541 llla

414 2569 610 2637 quippe
630 2569 783 2623 estin
808 2571 1005 2625 sanctis
1033 2573 1267 2642 Angelis,
1298 2574 1411 2628 haec
1439 2576 1492 2629 in
1530 2577 1726 2631 sanctis
1761 2577 1994 2633 homini-

414 2656 530 2711 bus.
554 2658 655 2725 Qui
684 2672 860 2714 autem
893 2660 994 2715 sibi
1023 2671 1203 2733 partes
1228 2664 1519 2733 iniquitatis
1543 2666 1834 2736 elegerunt,
1880 2669 1994 2723 lau-

412 2748 747 2819 dabilemque
777 2759 1015 2806 naturam
1038 2753 1284 2821 culpabili
1311 2754 1580 2811 voluntate
1617 2757 1990 2827 depravarunt.

412 2854 521 2893 non
546 2841 667 2910 quia
696 2842 923 2911 praesciti
945 2852 1085 2907 sunt,
1105 2844 1226 2900 ideo
1241 2847 1653 2903 crearimiuime
1673 2848 1990 2917 debuerunt,

414 2929 624 2985 Habent
651 2933 791 2986 enim
821 2942 876 2987 et
901 2932 999 3003 ipsi
1028 2934 1200 2989 locqu
1231 2950 1405 2999 suum,
1437 2952 1593 3006 quem
1618 2939 1670 2992 iu
1710 2940 1868 2995 rebus
1889 2940 1991 2995 im-

412 3019 594 3087 pleant
626 3037 722 3091 pro
748 3022 969 3077 utilitate
998 3033 1319 3079 sanctorum.
1345 3026 1474 3080 Nam
1507 3028 1645 3083 Deus
1674 3044 1771 3084 nec
1791 3030 1989 3100 justitia

397 3110 722 3180 cujusquam
742 3114 872 3168 recti
890 3114 1119 3170 hominis
1134 3126 1283 3187 eget;
1300 3126 1498 3188 quanto
1519 3121 1693 3175 minus
1714 3122 1991 3193 iniquitate

408 3203 681 3271 perversi?

396 3294 633 3350 CAPUT
674 3295 892 3351 Vlli.-—
918 3298 1088 3364 Quare
1123 3301 1277 3354 creati
1302 3302 1389 3371 qui
1421 3304 1809 3374 prwscicbantur
1830 3309 1989 3378 futuri

1130 3393 1273 3446 mali.

482 3479 568 3533 l0.
605 3480 739 3548 Quis
758 3489 933 3535 autem
963 3481 1141 3537 sobria
1162 3484 1584 3540 consideratione
1606 3486 1777 3543 dicat:
1802 3488 1990 3545 Melius

405 3588 515 3624 non
561 3579 769 3626 crearet
811 3589 965 3642 quem
1012 3575 1324 3643 pnesciebat
1359 3591 1424 3631 ex
1466 3578 1683 3633 alterius
1714 3579 1988 3650 iniquitate

408 3677 568 3731 posse
608 3664 823 3733 corrigi,
871 3679 1030 3733 quam
1073 3674 1279 3722 crearet
1306 3667 1465 3722 etiam
1495 3685 1649 3739 quem
1678 3672 1990 3740 prtesciebat

408 3770 506 3824 pro
526 3770 620 3810 sun
644 3755 918 3826 iniquitate
940 3756 1135 3813 debere
1174 3758 1446 3813 damnari?
1490 3761 1599 3817 lloc
1627 3773 1707 3817 est
1731 3765 1871 3817 enim
1903 3764 1988 3819 di-

404 3860 555 3911 cere,
586 3846 776 3901 melius
809 3862 913 3901 non
940 3862 1059 3903 esse
1086 3848 1172 3918 qui
1199 3849 1417 3906 alterius
1456 3851 1596 3905 malo
1630 3851 1767 3908 bene
1793 3854 1988 3909 utendo

402 3934 823 3991 misericorditer
847 3948 1218 4007 coronaretur,
1258 3956 1415 4010 quam
1454 3957 1573 3997 esse
1601 3944 1760 3998 etiam
1790 3946 1986 4000 malum

394 4027 498 4097 qui
526 4043 624 4097 pro
651 4043 749 4083 suo
773 4030 961 4084 merito
1000 4031 1143 4101 juste
1170 4033 1464 4102 puniretur.
1496 4034 1628 4090 Cum
1667 4038 1808 4092 enim
1852 4040 1987 4094 ratio

406 4126 555 4173 certa
580 4118 910 4174 demonstrat
930 4120 1039 4176 duo
1068 4123 1306 4192 quaedam
1332 4140 1435 4179 non
1456 4127 1674 4197 mqualia
1709 4127 1864 4194 bona,
1892 4130 1985 4184 sed

409 4226 573 4264 unum
599 4212 860 4281 superius,
886 4213 1109 4268 alterum
1133 4215 1381 4283 inferius;
1410 4233 1515 4272 non
1534 4220 1830 4290 intelligunt
1850 4223 1984 4277 tardi

408 4300 592 4368 corde,
610 4316 730 4356 cum
750 4302 949 4370 dicunt,
971 4304 1266 4376 Utrumque
1290 4308 1390 4362 tale
1414 4318 1583 4376 esset;
1612 4310 1742 4365 nihil
1758 4327 1819 4367 se
1843 4312 1985 4368 aliud

402 4390 586 4446 dicere
616 4407 794 4461 quam,
822 4393 1002 4447 Solum
1034 4396 1157 4450 illud
1187 4406 1349 4453 esset.
1393 4398 1472 4454 Ae
1501 4399 1579 4455 sic
1616 4416 1737 4455 eum
1776 4418 1987 4473 aequare

406 4482 595 4534 volunt
618 4496 812 4550 genera
856 4483 1138 4551 bonorum,
1182 4503 1459 4543 numerum
1501 4493 1775 4558 minuunt;
1807 4502 1860 4547 et
1889 4493 1986 4547 im-

407 4572 683 4629 moderate
708 4576 949 4645 augendo
977 4592 1133 4631 unum
1158 4594 1343 4647 genus,
1369 4582 1589 4637 alterum
1617 4584 1824 4639 tollunt.
1856 4585 1986 4653 Quis

406 4671 583 4716 autem
612 4662 712 4717 hos
740 4664 963 4732 audiret,
997 4667 1039 4721 si
1064 4668 1298 4724 dicerent
1320 4688 1331 4723 :
1356 4671 1613 4738 Quoniam
1643 4675 1986 4731 excellentior

407 4768 598 4807 sensus
625 4764 707 4808 est
735 4755 943 4811 videndi
972 4773 1128 4827 quam
1160 4760 1427 4827 audiendi,
1468 4774 1692 4833 quatuor
1717 4767 1855 4822 oculi
1895 4782 1984 4823 es—

408 4854 549 4909 sent,
579 4855 632 4899 et
651 4861 807 4902 aures
832 4863 936 4902 non
955 4851 1171 4905 essent?
1198 4850 1293 4919 ιω,
1318 4852 1360 4906 si
1377 4855 1719 4911 excellentior
1734 4866 1813 4912 est
1835 4873 1984 4914 crea-

408 4946 525 4990 tura
552 4938 637 4992 illa
667 4939 955 5008 rationalis,
1004 4958 1121 5013 quae
1167 4945 1282 4999 sine
1320 4946 1473 5001 ullius
1509 4963 1679 5018 poma:
1708 4966 1985 5021 compara-

402 5029 576 5092 tione,
604 5030 717 5085 sine
743 5031 845 5086 ulla
876 5035 1123 5103 superbia
1151 5037 1257 5091 Deo
1283 5039 1556 5107 subditur;
1582 5042 1754 5113 aliqua
1785 5060 1908 5101 vero
1930 5046 1980 5102 iu

410 5118 711 5175 hominibus
737 5122 804 5177 ita
826 5133 1002 5180 creata
1031 5136 1132 5192 est,
1162 5138 1218 5183 ut
1240 5130 1295 5183 in
1326 5146 1384 5185 se
1416 5132 1504 5187 Dei
1532 5134 1844 5192 beneﬁcium
1876 5155 1979 5195 non

408 5210 577 5278 possit
602 5226 912 5281 agnoscere,
943 5216 1043 5270 nisi
1074 5218 1290 5273 alterius
1318 5222 1544 5278 videndo
1566 5227 1903 5297 supplicium,
1926 5241 1982 5286 ut

410 5313 516 5354 non
535 5300 700 5354 altum
721 5303 909 5372 sapiat,
939 5306 1032 5360 sed
1066 5307 1244 5363 timeat
1273 5310 1442 5380 (Rom.
1468 5330 1545 5381 xi,
1576 5314 1686 5388 20),
1709 5318 1758 5372 id
1779 5329 1980 5376 estnon

400 5388 475 5444 de
500 5404 559 5445 se
587 5392 840 5461 praelidat,
874 5395 966 5450 sed
1008 5399 1236 5454 conﬁdat
1268 5402 1320 5454 in
1352 5402 1513 5457 Deum
1535 5422 1549 5461 :
1573 5408 1691 5476 quis
1730 5417 1873 5464 recte
1901 5412 1983 5467 in-

408 5481 651 5551 telligens
675 5483 834 5551 dicat,
857 5485 1000 5542 Talis
1038 5498 1181 5545 esset
1222 5491 1318 5545 ista
1345 5494 1512 5562 qualis
1537 5496 1655 5561 illa;
1685 5514 1784 5554 nec
1809 5501 1980 5558 videat

402 5585 466 5626 se
493 5572 623 5626 nihil
660 5573 803 5629 aliud
833 5576 1010 5632 dicere
1036 5595 1213 5649 quam,
1244 5581 1358 5637 Non
1400 5595 1540 5638 esset
1579 5587 1697 5653 ista,
1742 5591 1835 5644 sed
1866 5593 1978 5648 sola

406 5672 552 5718 esset
577 5664 694 5717 illa?
717 5664 869 5731 Quod
894 5669 938 5722 si
969 5670 1229 5728 inerudite
1247 5682 1402 5746 atque
1431 5674 1738 5748 insipienter
1766 5679 1973 5753 dicitur,

478 5775 499 5805 ¹
514 5781 638 5836 ω.
654 5785 961 5840 parauerim.

1752 369 1958 426 LIBER
1997 371 2405 432 UNDECIMUS.

2129 497 2227 538 cur
2253 498 2381 556 ergo
2410 498 2514 539 non
2557 496 2765 544 crearet
2791 489 2928 545 Deus
2956 492 3115 550 etiam
3143 512 3276 567 quos
3308 501 3477 560 malos
3505 503 3711 564 futuros

2128 588 2247 629 esse
2267 576 2598 645 pnesciebat,
2623 579 2805 635 volens
2821 583 3102 642 ostendere
3118 587 3249 645 iram
3270 600 3325 647 et
3343 592 3708 656 demonstrare

2078 680 2081 683 ’
2126 667 2417 734 potentiam
2439 684 2609 736 suam,
2642 680 2695 725 et
2722 671 2792 727 ob
2815 672 2917 729 hoc
2943 678 3210 735 sustinens
3238 681 3290 737 in
3314 686 3480 741 multa
3504 690 3704 759 patien-

2124 754 2196 808 tia
2234 770 2359 809 vasa
2403 756 2516 824 iraa,
2550 775 2666 832 qua:
2698 762 2927 832 perfecta
2972 777 3093 823 sunt
3138 770 3190 825 in
3230 754 3604 846 perditionem,
3651 790 3706 837 ut

2123 853 2278 900 notas
2303 846 2500 903 faceret
2522 849 2731 907 divitias
2752 854 2935 925 gloriae
2961 872 3070 912 sua}
3089 859 3142 915 in
3162 878 3282 917 vasa
3302 866 3701 941 misericordiae,

2121 949 2240 1004 quae
2266 940 2583 1007 praeparavit
2611 941 2665 995 in
2693 943 2917 1013 gloriam
2944 945 3047 1018 (Id.
3084 966 3158 1018 ix,
3186 951 3276 1019 22,
3308 954 3439 1027 25)?
3459 958 3546 1014 Sic
3560 940 3705 1016 enim

2120 1027 2209 1097 qui
2238 1028 2516 1098 gloriatur,
2545 1034 2756 1089 nonnisi
2794 1036 2848 1090 in
2891 1038 3116 1096 Domino
3159 1043 3416 1114 gloriatur
3459 1047 3533 1122 (ll
3578 1048 3699 1107 Cor.

2123 1131 2181 1182 x,
2214 1117 2328 1188 l7),
2355 1133 2476 1173 cum
2506 1124 2778 1191 cognoscit
2808 1141 2912 1181 non
2940 1143 3116 1197 suum,
3146 1134 3241 1188 sed
3269 1135 3409 1193 illius
3429 1117 3569 1207 esse,
3593 1156 3697 1201 non

2118 1208 2289 1263 solum
2318 1218 2375 1263 ut
2399 1210 2488 1278 sit,
2521 1228 2704 1268 verum
2735 1216 2893 1272 etiam
2918 1226 2975 1274 ut
2999 1222 3211 1278 nonnisi
3235 1225 3412 1285 abillo
3439 1228 3576 1289 bene
3596 1232 3699 1293 sibi

2117 1297 2206 1364 sit,
2234 1313 2264 1353 a
2294 1314 2400 1370 quo
2424 1301 2584 1358 habet
2609 1305 2772 1360 utsit.

2188 1391 2275 1444 ll.
2316 1392 2483 1448 Nimis
2519 1394 2695 1464 itaque
2732 1396 3036 1469 importune
3076 1403 3315 1463 dicitur:
3355 1409 3472 1466 Non
3514 1423 3697 1469 essent

2115 1482 2301 1551 quibus
2330 1483 2468 1540 Deus
2500 1495 2698 1543 tantam
2742 1490 3144 1552 beneﬁcentiam
3182 1500 3560 1561 misericordiae
3585 1521 3697 1561 sum

2114 1573 2387 1642 tribueret,
2417 1577 2461 1631 si
2486 1578 2641 1634 aliter
2665 1596 2784 1637 esse
2809 1598 2915 1638 non
2943 1597 3177 1655 possent,
3224 1592 3326 1647 nisi
3356 1604 3535 1652 essent
3559 1605 3611 1654 et
3639 1595 3692 1652 bi

2112 1661 2167 1716 in
2195 1663 2387 1734 quibus
2414 1667 2657 1724 vindicta:
2680 1671 2939 1740 justitiam
2966 1676 3373 1738 demonstraret.

2356 1757 2584 1814 CAPUT
2620 1760 2713 1818 1X.
2732 1794 2803 1803 —
2826 1764 2905 1820 De
2928 1767 3101 1822 eadem
3132 1771 3441 1842 difﬁcultate.

2179 1842 2287 1899 Cur
2314 1847 2453 1901 enim
2476 1864 2580 1903 non
2605 1853 2807 1922 utrique
2824 1856 2996 1924 potius
3012 1869 3209 1928 essent,
3235 1864 3445 1932 quando
3470 1867 3521 1921 in
3538 1867 3695 1924 utris-

2107 1947 2209 2002 que
2238 1942 2292 1988 et
2318 1934 2526 1992 bonitas
2557 1939 2647 1994 Dei
2673 1951 2725 1996 et
2754 1945 2972 2014 aequitas
2992 1947 3115 2018 jure
3131 1951 3481 2020 praedicatur?

2180 2022 2268 2077 12.
2308 2026 2379 2079 At
2419 2026 2560 2081 enim
2590 2029 2632 2082 si
2664 2031 2804 2086 Deus
2830 2035 3006 2103 vellet,
3039 2038 3198 2094 etiam
3225 2040 3311 2096 isti
3338 2043 3463 2099 boni
3487 2056 3687 2103 essent.

2105 2111 2313 2178 Quanto
2339 2116 2529 2172 melius
2573 2118 2677 2176 hoc
2719 2122 2860 2179 Deus
2890 2126 3072 2193 voluit,
3106 2138 3165 2185 ut
3205 2132 3345 2203 quod
3375 2135 3568 2191 vellent
3600 2152 3689 2193 es-

2102 2213 2259 2260 sent:
2287 2205 2381 2260 sed
2424 2207 2552 2263 boni
2583 2209 2929 2282 infructuose,
2960 2220 3083 2274 mali
3113 2230 3288 2278 autem
3320 2224 3536 2295 impune
3576 2244 3681 2286 nou

2102 2303 2301 2361 essent,
2330 2304 2386 2352 et
2414 2298 2467 2353 in
2493 2313 2559 2355 eo
2588 2300 2703 2370 ipso
2730 2304 2849 2359 aliis
2868 2308 3030 2364 utiles
3056 2314 3271 2368 essent?
3298 2314 3403 2371 Sed
3434 2320 3684 2386 prazscie-

2102 2386 2190 2441 bat
2206 2388 2344 2458 quod
2373 2404 2557 2446 eorum
2585 2392 2761 2450 futura
2784 2401 2959 2454 esset‘
2983 2403 3225 2460 voluntas
3251 2407 3410 2461 mala.
3428 2409 3689 2468 Praescia-

2101 2474 2191 2530 bat
2210 2491 2360 2545 sane,
2385 2489 2440 2535 et
2462 2474 2584 2551 quia
2603 2482 2712 2539 falli
2736 2502 2839 2542 non
2863 2498 3033 2559 potest
3053 2493 3168 2563 ejus
3189 2497 3541 2566 prmscientia,
3565 2500 3686 2557 ideo

2100 2583 2203 2621 non
2233 2569 2416 2639 ipsius,
2448 2572 2543 2628 sed
2572 2590 2754 2631 eorum
2795 2588 2876 2634 est
2913 2582 3155 2640 voluntas
3200 2588 3357 2641 mala.
3403 2588 3512 2644 Cur
3558 2607 3687 2662 ergo

2099 2670 2193 2711 eos
2218 2661 2435 2728 ereavit,
2469 2678 2601 2733 quos
2623 2666 2756 2720 tales
2778 2665 2986 2726 futuros
3022 2687 3142 2729 esse
3168 2678 3513 2745 praesciebat?
3549 2661 3683 2749 Quia

2097 2746 2233 2801 sicut
2263 2749 2502 2817 prtevidit
2522 2753 2647 2825 quid
2672 2756 2793 2811 mali
2824 2769 3005 2815 essent
3032 2762 3236 2829 facturi,
3265 2766 3341 2822 sic
3362 2769 3519 2823 etiam
3549 2746 3687 2840 pra:-

2097 2835 2227 2891 vidit
2248 2837 2315 2893 de
2335 2840 2489 2921 malis
2511 2839 2662 2898 factis
2684 2859 2869 2901 eorum
2895 2851 3021 2919 quid
3052 2848 3173 2909 boni
3200 2866 3348 2912 esset
3372 2858 3485 2929 ipse
3515 2835 3682 2916 factu-

2095 2941 2207 2981 rus.
2238 2927 2325 2984 Sic
2352 2918 2495 2985 enim
2524 2947 2616 2989 eos
2642 2934 2785 3001 fecit,
2811 2948 2866 2991 ut
2891 2918 2969 2994 eis
2990 2942 3311 3014 relinqueret
3335 2918 3476 3006 unde
3500 2961 3558 3005 et
3579 2950 3679 3021 ipsi

2094 3015 2290 3086 aliquid
2320 3019 2573 3088 lacerent,
2609 3039 2715 3094 quo
2739 3028 2992 3098 quidquid
3021 3032 3182 3103 etiam
3212 3036 3546 3106 culpabiliter
3577 3015 3679 3096 eli-

2092 3116 2296 3176 gerent,
2323 3109 2466 3164 illum
2492 3112 2559 3167 de
2587 3128 2646 3168 se
2675 3116 3009 3175 laudabiliter
3027 3134 3336 3192 Operantem
3358 3127 3677 3185 invenirent.

2094 3198 2137 3252 A
2166 3213 2225 3253 se
2246 3201 2448 3270 quippe
2468 3202 2667 3259 habent
2696 3207 3019 3265 voluntatem
3055 3214 3269 3283 malam,
3297 3217 3365 3272 ab
3389 3218 3476 3273 illo
3500 3229 3679 3276 autem

2093 3295 2149 3341 et
2199 3296 2441 3344 naturam
2484 3292 2698 3360 bonam,
2725 3305 2778 3350 et
2803 3297 3000 3367 justam
3042 3316 3281 3373 poenam;
3314 3307 3414 3363 sibi
3442 3309 3681 3366 debitum

2095 3379 2299 3444 locum,
2345 3383 2466 3438 aliis
2508 3387 2899 3445 exercitationis
2941 3392 3318 3453 adminiculum
3371 3406 3426 3454 et
3472 3401 3678 3458 timoris

2092 3473 2413 3542 exemplum.

2091 3555 2316 3617 CAPUT
2343 3564 2409 3619 Χ.
2432 3595 2503 3607 --
2522 3565 2777 3625 Malorum
2803 3574 3105 3632 voluntatem
3125 3579 3176 3634 in
3197 3581 3379 3636 bonum
3394 3594 3682 3644 convertere

2446 3668 2606 3728 potest
2637 3660 2774 3717 Deus
2802 3678 2823 3717 :
2845 3682 2999 3735 quare
3024 3685 3124 3723 non
3149 3671 3322 3739 faciat.

2164 3744 2250 3799 l3.
2292 3744 2396 3800 Sed
2438 3760 2649 3818 posset,
2679 3753 2954 3823 inquiunt,
2981 3758 3140 3813 etiam
3170 3760 3402 3831 ipsorum
3429 3766 3677 3821 volunta-

2093 3842 2200 3889 tem
2243 3836 2294 3890 in
2336 3837 2529 3894 bonum
2560 3852 2869 3900 convertere
2889 3888 2904 3913 ,
2937 3851 3184 3917 quoniam
3213 3855 3547 3925 omnipotens
3570 3869 3675 3916 est.

2091 3926 2277 3983 Posset
2321 3920 2494 3999 plane.
2544 3932 2653 3987 Cur
2688 3950 2815 4006 ergo
2855 3954 2959 3994 non
2999 3940 3167 3997 fecit?
3195 3945 3325 4013 Quia
3358 3920 3542 4004 noluit.
3572 3951 3680 4011 Cur

2090 4017 2355 4085 noluerit,
2402 4036 2566 4090 penes
2606 4023 2775 4093 ipsum
2816 4037 2916 4083 est.
2966 4030 3231 4090 Debemus
3257 4038 3396 4092 enim
3428 4055 3529 4095 non
3562 4043 3678 4111 plus

2088 4122 2276 4178 sapere
2314 4126 2469 4181 quam
2509 4124 2720 4184 oportet
2747 4133 2935 4190 sapere
2966 4121 3139 4195 (Rom.
3172 4143 3244 4182 xu
3265 4171 3278 4191 .
3312 4129 3389 4200 5).
3418 4131 3552 4189 Ρυῑο
3578 4150 3678 4190 au-

2084 4205 2194 4252 tem
2241 4200 2400 4268 paulo
2442 4206 2735 4261 ante‘satis
2777 4225 2876 4265 nos
2915 4214 3210 4271 ostendisse
3238 4233 3342 4271 non
3377 4223 3517 4289 parvi
3544 4223 3677 4280 boni

2087 4302 2208 4343 esse
2237 4289 2544 4347 rationalem
2569 4303 2888 4365 creaturam,
2917 4302 3075 4355 etiam
3103 4303 3253 4358 istam
3276 4322 3394 4376 qua:
3416 4312 3676 4369 malarum

2086 4380 2482 4447 comparatione
2521 4393 2675 4439 cavet
2712 4387 2909 4444 malum
2942 4407 2956 4442 :
2986 4392 3125 4461 quod
3154 4408 3319 4463 genus
3345 4395 3499 4453 bona:
3527 4416 3678 4457 crea-

2089 4477 2221 4524 tura:
2253 4471 2431 4539 utique
2455 4487 2558 4527 non
2579 4484 2757 4542 esset,
2784 4478 2826 4531 si
2849 4480 3083 4535 omnium
3112 4484 3277 4538 malas
3302 4487 3598 4546 voluntates
3619 4491 3677 4548 in

2089 4557 2285 4613 bonum
2333 4560 2473 4616 Deus
2504 4567 2890 4633 convertisset,
2932 4579 2984 4624 et
3008 4571 3139 4629 nulli
3165 4573 3430 4645 iniquitati
3461 4594 3674 4649 pteuam

2086 4648 2316 4705 debitam
2361 4652 2658 4723 indigeret;
2702 4672 2764 4712 ae
2805 4659 2883 4714 sic
2906 4676 3017 4716 non
3035 4675 3177 4720 esset
3207 4667 3306 4722 nisi
3334 4648 3505 4727 solum
3535 4674 3669 4734 illud

2086 4756 2287 4808 genus,
2329 4743 2469 4813 quod
2506 4746 2648 4801 nulla
2684 4749 2767 4804 vel
2797 4752 2997 4820 peccati
3030 4754 3111 4809 vel
3140 4759 3385 4831 supplicii
3413 4763 3676 4821 malorum

2086 4833 2479 4903 comparatione
2513 4838 2812 4905 proliceret.
2842 4841 2915 4896 Ita
2944 4843 3086 4899 velut
3110 4856 3262 4902 aucta
3291 4854 3673 4910 numerositate

2084 4923 2473 4997 excellentioris
2498 4929 2727 4997 generis,
2756 4929 2991 5001 ipsorum
3011 4949 3265 5006 generum
3282 4939 3544 4996 bonorum
3565 4959 3673 4999 nn-

2087 5028 2264 5067 merus
2294 5013 2638 5071 minueretur.

2084 5103 2310 5159 CAPUT
2341 5103 2429 5159 Xl.
2454 5136 2527 5146 ——
2560 5107 2818 5165 Malorum
2847 5115 3005 5183 panis
3030 5133 3133 5171 non
3161 5119 3350 5189 indiget
3376 5119 3548 5190 Deus,
3580 5124 3671 5181 sed

2438 5212 2502 5250 ea:
2522 5198 2595 5253 eis
2619 5203 2832 5256 consulit
2858 5204 3103 5262 bonorum
3125 5210 3302 5263 saluti.

2158 5284 2241 5337 M.
2289 5285 2460 5354 Ergo,
2507 5287 2782 5358 inquiunt,
2831 5304 2914 5351 est
2952 5298 3149 5368 aliquid
3175 5300 3226 5353 in
3248 5301 3499 5370 operibus
3533 5304 3663 5371 Dei,

2084 5376 2223 5445 quod
2246 5377 2463 5434 alterius
2488 5383 2628 5437 malo
2649 5383 2915 5454 indigeat,
2945 5405 3049 5459 quo
3076 5391 3314 5460 proﬁciat
3338 5394 3402 5447 ad
3424 5394 3619 5450 bonum
3641 5397 3667 5451 τ

2086 5466 2231 5521 Itane
2256 5468 2649 5528 obsurduerunt
2674 5485 2728 5529 et
2747 5481 2994 5534 excreeati
3022 5491 3147 5535 sunt
3174 5481 3417 5540 homines
3435 5527 3451 5553 ,
3482 5489 3665 5545 nescio

2084 5570 2189 5624 quo
2224 5555 2399 5611 studio
2428 5563 2814 5633 contentionis,
2845 5576 2901 5622 ut
2925 5584 3029 5623 non
3060 5570 3278 5635 audiant
3304 5575 3388 5631 vel
3410 5577 3662 5648 videant,

2082 5644 2395 5715 quibusdam
2440 5651 2637 5719 punitis
2656 5694 2671 5718 ,
2712 5670 2868 5725 quam
2899 5659 3110 5727 plurimi
3138 5663 3511 5735 corrigantur?
3533 5644 3661 5739 Quis

2147 5799 2165 5832 ³
2190 5799 2263 5850 Sic
2282 5805 2389 5852 Mss.
2403 5807 2464 5854 ut
2488 5805 2623 5867 editi,
2647 5806 2765 5870 quid
2782 5821 2944 5861 eorum
2964 5814 3152 5875 [actura
3169 5823 3305 5871 esset.
