4090 6474
419 399 526 465 ιω

417 513 559 573 enim
586 525 821 585 paganus
839 512 1001 587 ,"quis
1026 514 1240 574 Iudaeus
1287 560 1304 586 ,
1330 520 1448 593 quis
1468 519 1750 577 hirreticus
1772 537 1877 578 non
1899 522 2001 580 hoc

417 605 471 663 in
502 605 662 662 domo
689 622 785 663 sua
814 609 1047 680 quotidie
1072 610 1301 682 probet?
1325 610 1525 667 Verum
1551 628 1671 669 cum
1700 615 1910 672 venitur
1932 615 1999 671 ad

416 697 825 768 disputationem
863 700 1359 775 inquisitionemqne
1385 705 1625 762 veritatis
1646 747 1661 774 ,
1693 708 1880 763 nolunt
1907 718 2001 765 au-

384 810 391 815 -
418 799 626 848 vertere
675 806 863 849 sensus
905 809 1032 850 suos
1068 793 1345 862 homines,
1375 812 1442 854 ex
1476 814 1581 869 quo
1611 814 1775 871 opere
1806 799 2000 856 divinae

413 882 758 961 providentim
788 884 839 940 in
865 900 960 942 eos
982 886 1159 942 veniat
1178 874 1514 957 imponendae
1534 892 1820 948 commotio
1841 893 2000 949 disci-

414 972 609 1040 plinae;
655 984 711 1031 ut
751 976 796 1032 si
836 990 946 1032 non
972 977 1311 1049 corriguntur
1337 981 1427 1053 qui
1453 983 1776 1053 puniuntur,
1808 1000 1996 1041 eorum

412 1069 589 1123 tamen
629 1067 874 1137 exemplo
900 1068 1079 1123 czeteri
1110 1080 1380 1138 metuant,
1412 1066 1688 1145 valeatque
1714 1074 1781 1130 ad
1809 1090 2012 1132 eorum-

409 1154 634 1211 salutem
670 1155 812 1227 justa
854 1158 1119 1228 pernicies
1155 1160 1400 1217 aliorum.
1444 1163 1579 1220 Num
1609 1166 1751 1221 enim
1781 1166 1997 1224 malitiae

385 1257 594 1301 "eorum
626 1246 709 1303 vel
737 1247 986 1317 nequitiae
1008 1249 1149 1308 Deus
1169 1261 1353 1308 auctor
1376 1261 1461 1309 est
1477 1297 1490 1320 ,
1521 1254 1589 1311 de
1611 1271 1835 1325 quorum
1850 1258 1996 1327 jusla

407 1349 565 1413 pinna
607 1338 871 1419 consulit,
909 1340 1103 1411 quibus
1141 1343 1244 1399 lioc
1279 1330 1438 1401 modo
1465 1348 1848 1407 consulendum
1873 1365 1995 1409 esse

406 1425 723 1482 constituit?
760 1427 877 1485 Non
917 1431 1099 1503 utique
1137 1453 1151 1491 :
1195 1435 1287 1491 sed
1327 1450 1449 1491 cum
1479 1452 1571 1493 eos
1598 1439 1740 1495 vitiis
1768 1440 1996 1511 propriis

406 1518 576 1573 malos
613 1508 820 1575 futuros
859 1535 980 1580 esse
1014 1525 1320 1595 praesciret,
1349 1541 1454 1583 non
1480 1542 1574 1584 eos
1602 1536 1782 1585 tamen
1810 1545 1995 1588 creare

390 1607 648 1678 destitit;
671 1611 886 1669 utilitati
910 1613 1172 1685 deputans
1196 1632 1381 1673 eorum
1399 1660 1414 1684 ,
1445 1634 1581 1691 quos
1601 1620 1652 1674 in
1676 1620 1777 1676 hoc
1797 1636 1996 1692 genere

403 1703 624 1770 ereavit,
652 1713 709 1761 ut
725 1705 793 1761 ad
806 1706 1002 1763 bonum
1022 1709 1298 1778 proﬁcere,
1316 1711 1419 1767 nisi
1439 1713 1696 1768 malorum
1714 1728 1993 1784 compara-

408 1795 555 1850 tione
569 1796 610 1864 ί,
629 1811 733 1851 non
747 1810 960 1869 possent
973 1840 987 1855 .
1008 1799 1064 1856 Si
1080 1802 1222 1856 enim
1235 1817 1340 1858 non
1352 1811 1550 1872 essent,
1571 1805 1701 1859 nulli
1721 1806 1794 1861 rei
1812 1805 1995 1876 utique

403 1886 739 1957 prodessent.
759 1891 1021 1950 Parumne
1036 1894 1159 1952 boni
1182 1905 1263 1952 est
1288 1905 1463 1953 actum
1489 1907 1549 1954 ut
1576 1899 1685 1954 sint
1700 1940 1717 1968 ,
1739 1898 1828 1970 qui
1849 1904 1994 1955 certe

402 1979 479 2039 illi
516 1982 699 2053 generi
739 1983 896 2063 utiles
931 1993 1094 2051 sunt;
1127 1987 1265 2057 quod
1290 2003 1460 2059 genus
1486 1989 1725 2062 quisquis
1750 2005 1854 2063 non
1880 1990 1994 2046 vult

402 2077 463 2128 ιιι
484 2069 569 2135 sit,
600 2059 896 2130 nihil'aliud
925 2076 1051 2146 agit,
1079 2077 1178 2154 nisi
1210 2088 1267 2134 ut
1292 2080 1404 2150 ipse
1424 2059 1557 2136 ineo
1573 2059 1675 2137 non
1699 2059 1810 2138 sit?

474 2160 562 2217 15.
584 2160 767 2234 Magna
789 2178 951 2235 opera
974 2167 1177 2227 Domini
1200 2185 1214 2233 ;
1236 2171 1496 2240 exquisita
1524 2171 1577 2229 in
1598 2186 1786 2229 omnes
1805 2169 1992 2227 volun-

404 2258 544 2310 tatcs
588 2251 703 2326 ejus
732 2253 903 2327 (Psal.
940 2271 1027 2324 cx,
1068 2256 1148 2330 2):
1196 2261 1453 2330 praevidet
1476 2262 1647 2317 bonos
1675 2261 1901 2330 futuros,
1938 2271 1993 2321 et

403 2350 552 2397 creat
581 2358 597 2409 ;
637 2346 890 2413 prievidet
921 2349 1091 2407 malos
1118 2348 1345 2417 futuros,
1371 2361 1426 2408 et
1452 2362 1639 2408 creat:
1667 2354 1900 2424 seipsum
1924 2354 1992 2410 ad

403 2426 683 2491 fruendum
715 2439 957 2508 praabens
981 2440 1152 2507 bonis,
1174 2443 1338 2499 multa
1356 2460 1635 2521 munerum
1653 2460 1869 2501 suorum
1888 2446 1993 2502 lar-

388 2518 553 2597 giens
603 2536 658 2582 et
682 2529 834 2585 malis
857 2571 873 2599 ,
906 2532 1320 2589 misericorditer
1346 2518 1624 2606 iguoscens
1652 2556 1666 2591 :
1694 2537 1838 2607 juste
1864 2538 1993 2596 ulci-

390 2608 568 2676 'scens
592 2632 608 2684 ;
658 2617 891 2690 itemque
914 2622 1330 2680 misericorditer
1354 2625 1613 2687 ulciscens
1632 2668 1647 2694 ,
1666 2627 1821 2698 juste'
1840 2628 1985 2699 ignos-

403 2715 561 2763 scens
592 2706 759 2762 :niltil
821 2719 1063 2768 metuens
1101 2712 1168 2769 de
1209 2715 1520 2787 cujusquam
1567 2716 1768 2773 malitia
1794 2759 1812 2786 ,
1862 2718 1991 2774 nihil

388 2792 649 2868 indigens
689 2798 759 2856 de
801 2801 1109 2874 cujusquam
1147 2806 1391 2876 jnstitia;
1422 2808 1553 2865 nihil
1583 2811 1681 2866 sibi
1707 2811 1994 2875 consulens

394 2879 507 2948 'nec
546 2886 616 2943 de
651 2891 900 2960 operibus
937 2893 1195 2952 honorum
1219 2939 1235 2962 ,
1271 2907 1325 2954 et
1350 2899 1505 2959 bonis
1522 2903 1809 2967 consulens
1832 2906 1991 2962 etiam

406 2976 476 3061 de
516 2980 688 3050 poenis
715 2984 995 3041 malorum.
1028 2986 1134 3043 Cur
1157 3004 1284 3060 ergo
1312 3008 1418 3048 non
1445 2997 1774 3064 permitteret
1800 2999 1994 3059 tentari

399 3057 679 3131 hominem
723 3073 811 3131 illa
856 3078 1146 3134 tentatione
1194 3057 1523 3150 probandum
1563 3087 1621 3154 ⁸,
1668 3090 1991 3148 convincen-

399 3156 534 3224 dum
554 3202 572 3230 ,
617 3164 935 3234 puniendum
955 3209 971 3235 ,
1014 3184 1134 3227 cum
1163 3174 1389 3242 superba
1412 3179 1838 3247 concupiscentia
1865 3198 1991 3252 pro.

396 3250 542 3342 gprize
572 3247 850 3325 potestatis
877 3259 1019 3329 quod
1047 3273 1362 3333 conceperat
1384 3278 1632 3336 pareret,
1660 3247 1992 3342 suoque'l'etu

394 3328 822 3429 iconl'underetur
843 3389 859 3416 ,
896 3328 1148 3422 iustoque
1184 3328 1442 3426 supplicio
1480 3372 1513 3416 a
1542 3328 1807 3429 superbiae
1834 3328 1994 3434 atque

396 3422 782 3497 'inohedientite
805 3441 944 3494 man
967 3450 1212 3511 posteros
1231 3422 1547 3513 deterreret,
1568 3422 1757 3520 quibus
1776 3467 1838 3509 ea
1858 3422 1990 3511 con-

406 3524 686 3583 scribenda
715 3533 770 3587 et
796 3531 1155 3589 annuntianda
1185 3534 1547 3604 parabantur?
1768 3600 1771 3605 ,
1870 3594 1877 3605 κ
1962 3588 1969 3593 .

406 3612 634 3673 CAPUT
659 3616 850 3704 Xll.—
866 3619 967 3676 Cur
980 3624 1186 3681 tentatio
1204 3642 1294 3697 per
1310 3638 1588 3699 serpentem
1603 3631 1716 3701 ﬁeri
1728 3636 1990 3704 permissa.

481 3708 570 3765 16.
602 3709 659 3767 Si
683 3700 862 3767 autem
891 3716 1144 3784 quaeritur
1168 3732 1263 3773 cur
1288 3700 1622 3791 potissimum
1652 3700 1747 3794 per
1768 3740 1990 3798 serpen-

407 3807 514 3857 tem
552 3799 796 3857 diabolus
833 3813 1037 3868 tentare
1082 3809 1371 3876 permissus
1392 3812 1499 3879 sit;
1524 3813 1635 3883 jam
1661 3816 1764 3872 hoc
1785 3817 1992 3889 signiti-

409 3887 563 3949 candi
591 3889 756 3959 gratia
786 3890 981 3949 factum
1011 3909 1131 3953 esse
1148 3937 1164 3965 ,
1192 3912 1351 3968 quem
1401 3916 1506 3958 non
1533 3903 1819 3966 admoneat
1842 3887 1992 3965 Scri-

407 3988 562 4050 ptura
593 3989 751 4037 tanta:
775 3985 1102 4045 auctoritatis
1120 4029 1136 4055 ,
1166 3990 1327 4047 tantis
1351 3991 1639 4052 divinitatis
1656 3997 1991 4061 documentis

406 4084 569 4141 agens
607 4070 660 4131 in
704 4075 1103 4146 prophetando,
1146 4080 1360 4156 quantis
1397 4082 1603 4140 eﬂ'ectis
1622 4085 1734 4157 jam
1760 4091 1990 4151 mundus

407 4160 655 4232 impletus
677 4172 759 4219 est
777 4164 801 4217 ?
824 4164 938 4222 Non
962 4168 1102 4238 quod
1123 4169 1365 4227 diabolus
1386 4174 1584 4245 aliquid
1599 4177 1987 4240 adinstructio.

406 4270 530 4318 nem
568 4265 802 4315 nostram
843 4261 1138 4332 signiﬁcare
1173 4266 1430 4335 voluerit,
1461 4271 1553 4328 sed
1582 4289 1703 4330 cum
1730 4279 1988 4336 accedere

405 4345 472 4405 ad
502 4348 810 4404 tentandum
833 4365 938 4406 non
968 4356 1260 4422 possetnisi
1281 4362 1726 4432 permissus,num
1740 4370 1986 4438 peraliud

405 4446 603 4512 posset,
627 4438 727 4496 nisi
748 4455 841 4510 per
855 4442 994 4512 quod
1014 4446 1413 4514 permittebatur
1426 4454 1708 4513 accedere?
1721 4457 1984 4531 Quidquid

404 4529 563 4598 igitur
580 4546 800 4601 serpens
829 4533 920 4594 ille
946 4536 1280 4609 signiﬁcavit,
1311 4542 1361 4597 ei
1386 4546 1730 4613 providentiae
1752 4529 1986 4611 tribuen—

404 4620 530 4712 dum
549 4629 659 4712 ~est,
690 4624 789 4684 sub
813 4641 913 4696 qua
939 4636 993 4683 et
1017 4629 1132 4699 ipse
1158 4630 1572 4697 diabolussuatn
1596 4643 1811 4712 quidem
1824 4646 1986 4706 habet

396 4698 746 4810 “cupiditatem
784 4717 1046 4810 nocendi;
1086 4719 1386 4781 facultatem
1417 4738 1596 4787 autem
1612 4698 1986 4810 meumst—qua;

406 4798 579 4868 datur,
629 4801 714 4863 vel
751 4803 819 4895 ad
840 4805 1192 4871 subvertenda
1214 4826 1278 4867 ac
1298 4816 1566 4884 perdenda
1597 4814 1721 4877 vasa
1749 4825 1863 4895 ire,
1881 4798 1982 4885 .vel

403 4889 472 4951 ad
497 4892 822 4953 ltumilianda
853 4897 966 4954 sive
994 4901 1264 4970 probanda
1286 4921 1413 4966 vasa
1446 4889 1982 4977 misericordianNa-

406 4990 522 5038 tura
564 4983 738 5056 itaque
775 4991 1035 5057 serpentis
1074 4995 1213 5051 unde
1250 4998 1353 5066 sit,
1399 5004 1642 5062 novimus
1684 5026 1698 5062 :
1738 5012 1984 5080 produxit

402 5072 544 5129 enim
576 5082 715 5131 terra
744 5079 797 5140 in
824 5080 986 5137 verbo
1014 5082 1109 5140 Dei
1136 5089 1313 5143 omnia
1338 5106 1528 5160 pecora
1548 5136 1564 5159 ,
1591 5105 1647 5153 et
1672 5072 1868 5157 bestias
1885 5146 1900 5170 ,
1927 5113 1983 5162 et

404 5173 698 5236 serpentes;
719 5184 835 5239 qum
855 5174 1098 5232 universa
1113 5187 1357 5237 creatura
1374 5182 1575 5242 habens
1596 5189 1649 5244 in
1676 5206 1734 5248 se
1749 5195 1979 5252 animam

404 5253 579 5310 vivam
620 5257 978 5320 irrationalem
993 5304 1011 5332 ,
1039 5267 1301 5327 universae
1323 5275 1566 5332 rationali
1593 5288 1850 5339 creatura:
1869 5287 1980 5344 sive

399 5341 557 5408 bonae
592 5347 706 5403 sive
731 5351 885 5406 mala:
900 5356 1206 5428 voluntatis,
1231 5361 1520 5433 legedivini
1543 5370 1747 5429 ordinis
1771 5341 1981 5437 subdita

401 5437 647 5538 eti-talen.
668 5458 705 5507 ι,
722 5442 930 5517 20-26).
958 5448 1095 5517 Quid
1112 5468 1241 5525 ergo
1265 5457 1457 5514 mirum
1481 5461 1526 5517 si
1553 5477 1650 5533 per
1678 5478 1979 5538 serpentem

400 5527 597 5599 aliquid
623 5546 781 5603 agere
810 5540 1097 5606 permissus
1119 5553 1205 5601 est
1227 5545 1489 5617 diabolus,
1507 5527 1626 5608 cum
1642 5527 1977 5619 dmin-oniain

398 5633 592 5703 porcos
608 5623 805 5681 intrare
815 5627 1054 5686 Christus
1069 5634 1181 5703 ipse
1199 5638 1710 5714 permiseritwattlt.
1732 5663 1842 5715 vni,
1862 5652 1981 5725 52)?

462 5712 1111 5805 :Etthiimvzcaaﬁme
1124 5712 1581 5805 constante,
1609 5712 1972 5805 οοηιραναιίωιὲ-

402 5848 406 5852 .
462 5776 483 5819 ’
505 5781 553 5837 ἠ
576 5783 680 5837 δεδε-
706 5776 867 5855 ιέτοιλεέ
890 5792 1033 5850 notae.
1056 5776 1581 5857 ρι·οάιέιεάιίιίιῖ“““”

1932 5865 1975 5885 τ.

1316 405 1405 464 DE
1439 405 1685 464 GENESI
1720 405 1813 463 AD
1850 405 2222 477 LITTERAM,
2264 412 2322 469 S.
2365 413 2734 474 AUGUSTINI

3588 425 3693 482 456

2105 524 2331 581 CAPUT
2373 525 2510 584 Xlll.
2533 559 2604 569 —
2632 528 2700 585 In
2740 530 3051 598 Martialium
3073 533 3159 606 qui
3186 533 3441 590 diabolum
3466 537 3519 594 in
3547 554 3695 596 crea-

2564 621 2688 675 turis
2712 619 2810 676 Dei
2831 623 3020 678 censeri
3036 624 3239 680 nolunt.

2178 704 2265 762 Π.
2294 706 2458 780 Magis
2482 709 2550 766 de
2570 710 2682 781 ipsa
2703 721 2890 768 natura
2917 713 3114 770 diaboli
3133 718 3498 787 scrupulosius
3520 724 3695 792 quieti

2103 797 2273 867 solet,
2300 814 2456 870 quam
2489 810 2651 857 totam
2683 802 2894 875 quidam
2926 804 3195 876 haeretici,
3226 808 3415 866 oll‘ensi
3442 812 3698 869 molestia

2102 891 2257 946 malae
2299 892 2585 949 voluntatis
2627 895 2769 967 ejus,
2816 897 3050 953 alienare
3091 910 3352 957 conantur
3391 919 3421 958 a
3449 916 3695 964 creatura

2102 979 2295 1035 summi
2316 990 2370 1037 et
2389 982 2499 1037 veri
2525 982 2639 1053 Dei,
2658 993 2712 1041 et
2726 985 2951 1041 alterum
2973 987 3022 1043 ei
3039 988 3165 1044 dare
3182 991 3519 1063 principium,
3540 997 3685 1067 quod

2101 1069 2171 1124 sit
2210 1079 2397 1127 contra
2441 1072 2629 1129 Deum.
2656 1075 2773 1131 Non
2801 1078 2941 1132 enim
2968 1079 3146 1136 valent
3173 1081 3496 1161 intelligere,
3528 1101 3694 1146 omne

2101 1161 2242 1231 quod
2273 1171 2375 1230 est,
2408 1163 2463 1219 in
2487 1176 2742 1236 quantum
2770 1168 2940 1239 aliqua
2969 1170 3260 1227 substantia
3288 1182 3391 1241 est,
3417 1185 3473 1233 et
3486 1176 3689 1235 bonum

2099 1266 2241 1320 esse,
2275 1260 2331 1308 et
2347 1254 2459 1332 nisi
2481 1255 2548 1311 ab
2575 1257 2667 1311 illo
2694 1273 2820 1314 vero
2849 1259 2979 1327 Deo,
3004 1275 3035 1315 a
3057 1276 3163 1333 quo
3187 1277 3346 1320 omne
3366 1266 3564 1328 bonum
3585 1278 3692 1339 est,

2099 1356 2219 1397 esse
2263 1360 2368 1398 non
2397 1360 2592 1415 posse:
2621 1348 2815 1404 malam
2865 1365 2994 1406 vero
3039 1351 3364 1410 voluntatem
3392 1357 3694 1416 inordinate

2098 1434 2323 1501 moveri,
2337 1434 2474 1490 bona
2493 1435 2741 1493 inferiora
2759 1440 3121 1510 superioribus
3134 1447 3512 1517 praeponendo;
3530 1457 3695 1521 atque

2098 1522 2170 1577 ita
2211 1523 2403 1579 factum
2447 1542 2567 1583 esse
2608 1537 2663 1583 ut
2702 1530 2973 1591 rationalis
3016 1544 3275 1591 creatura:
3317 1539 3565 1608 spiritus,
3595 1557 3693 1598 sua

2099 1621 2365 1683 potestate
2401 1627 2620 1693 propter
2645 1621 3014 1678 excellentiam
3039 1624 3354 1696 delectatus,
3375 1639 3697 1688 tumesceret

2096 1708 2345 1779 superbia
2363 1751 2378 1777 ,
2420 1725 2519 1782 per
2552 1728 2710 1783 quam
2751 1713 2969 1771 caderet
2994 1734 3023 1770 a
3050 1716 3375 1777 beatitudine
3400 1722 3694 1792 spiritualis

2099 1797 2362 1867 paradisi,
2403 1810 2458 1856 et
2498 1801 2786 1859 invidentia
2829 1805 3248 1863 contabesceret.
3289 1809 3344 1864 lu
3375 1826 3480 1881 quo
3510 1820 3694 1871 tamen

2095 1886 2294 1944 bonum
2319 1900 2400 1946 est
2428 1891 2531 1965 hoc
2559 1893 2731 1963 ipsum
2759 1894 2897 1964 quod
2927 1897 3092 1965 vivit,
3125 1908 3180 1953 et
3204 1900 3436 1958 viviﬁcat
3454 1920 3650 1975 corpus
3672 1948 3689 1973 ,

2095 1978 2208 2035 sive
2229 1983 2432 2037 aerium
2457 2026 2472 2052 ,
2505 1984 2639 2041 sicut
2670 1985 2833 2056 ipsius
2857 1987 3053 2047 diaboli
3083 1991 3165 2046 vel
3190 1991 3494 2051 diemonum
3521 2000 3686 2068 spiri-

2097 2078 2215 2137 tus,
2264 2074 2376 2130 sive
2420 2084 2721 2145 terrenum,
2769 2080 2907 2136 sicut
2946 2081 3175 2153 hominis
3211 2086 3418 2153 anima,
3453 2090 3691 2160 cujusvis

2094 2161 2253 2217 etiam
2283 2166 2496 2236 maligni
2518 2176 2674 2239 atque
2701 2171 2959 2240 perversi.
2988 2172 3067 2231 Ita
3091 2173 3217 2229 dum
3248 2178 3435 2233 nolunt
3456 2180 3686 2251 aliquid,

2095 2253 2237 2322 quod
2270 2254 2406 2311 Deus
2436 2256 2619 2313 fecerit
2640 2300 2655 2323 ,
2692 2262 2900 2330 propria
2932 2263 3200 2324 voluntate
3228 2282 3487 2339 peccare,
3521 2271 3689 2341 ipsius

2100 2343 2190 2398 Dei
2213 2345 2560 2406 substantiam
2585 2348 2764 2406 dicunt
2784 2354 2956 2423 primo
2978 2357 3316 2424 necessitate,
3335 2368 3389 2414 et
3401 2361 3687 2429 postinex-

2094 2435 2357 2506 piabiliter
2374 2438 2639 2496 voluntate
2652 2453 2954 2512 corruptam
2976 2457 3132 2517 atque
3158 2452 3597 2520 perversam.Sed
3619 2454 3689 2512 de

2095 2524 2317 2582 istorum
2340 2528 2740 2587 dementissimo
2762 2551 2945 2591 errore
2965 2537 3097 2593 alias
3111 2534 3222 2609 jam
3241 2541 3472 2601 diximus
3492 2546 3684 2606 multa.

2165 2616 2392 2676 CAPUT
2415 2620 2554 2679 XIV.
2576 2654 2648 2665 —
2672 2623 2839 2682 Causa
2861 2629 3025 2684 ruina:
3042 2631 3305 2703 angelt'cw.
3327 2636 3616 2707 Superbia;

2792 2719 3005 2776 inuidia.

2169 2798 2255 2855 18.
2298 2799 2358 2856 In
2386 2802 2490 2860 hoc
2515 2814 2692 2862 autem
2722 2823 2885 2880 opere
2911 2813 3256 2882 quaerendum
3286 2829 3368 2873 cst
3394 2821 3690 2881 secundum

2093 2905 2333 2951 sanctam
2374 2897 2741 2971 Scripturam,
2784 2905 2908 2973 quid
2946 2905 3013 2963 de
3052 2907 3262 2967 diabolo
3286 2909 3568 2969 dicendum
3595 2917 3687 2975 sit.

2098 2983 2296 3050 Primo,
2328 2999 2501 3043 utrum
2528 2990 2596 3045 ab
2623 2991 2775 3047 initio
2800 2993 2965 3063 ipsius
2993 2998 3174 3054 mundi
3197 3015 3291 3056 sua
3308 3012 3575 3074 potestate
3593 3006 3690 3065 de-

2095 3072 2318 3131 lectatus
2362 3077 2626 3136 abstiterit
2663 3082 2731 3136 ab
2772 3084 2856 3139 illa
2896 3088 3148 3146 societate
3175 3100 3229 3146 et
3255 3072 3550 3165 cbaritate,
3579 3114 3685 3170 qua

2093 3164 2236 3223 beati
2280 3177 2406 3223 sunt
2446 3170 2633 3242 Angeli
2677 3175 2764 3244 qui
2806 3174 3053 3236 fruuntur
3077 3181 3226 3248 Deo;
3254 3197 3321 3239 an
3351 3164 3691 3258 aliquaitem.

2094 3270 2225 3326 pore
2253 3257 2304 3312 in
2331 3270 2516 3318 sancto
2535 3273 2677 3323 cuitu
2707 3265 2863 3321 fuerit
2887 3267 3211 3341 Angelorum
3231 3313 3247 3341 ,
3277 3257 3574 3348 etiamipse
3594 3296 3690 3350 pa-

2096 3346 2226 3402 riter
2262 3348 2469 3419 justus,
2513 3361 2568 3408 et
2603 3355 2804 3425 pariter
2826 3357 3031 3416 beatus.
3058 3360 3308 3419 Nonnulli
3336 3346 3691 3430 enimidicunt

2096 3438 2266 3507 ipsum
2309 3440 2359 3495 ei
2401 3440 2563 3499 fuisse
2604 3459 2784 3500 casum
2822 3463 2852 3502 a
2878 3451 3123 3517 supernis
3146 3454 3393 3523 sedibus,
3432 3458 3574 3527 quod
3601 3461 3687 3516 in.

2095 3526 2289 3585 viderit
2330 3529 2531 3587 homini
2570 3532 2710 3589 facto
2748 3535 2814 3593 ad
2860 3538 3144 3611 imaginem
3172 3543 3284 3598 Dei.
3314 3526 3481 3604 Porro
3505 3560 3687 3607 autem

2096 3616 2290 3674 invidia
2318 3621 2560 3691 sequitur
2584 3626 2885 3694 superbiam
2908 3670 2923 3695 ,
2953 3646 3058 3684 non
3080 3634 3335 3701 praecedit
3362 3654 3377 3691 :
3402 3652 3510 3694 non
3538 3641 3684 3698 enim

2094 3722 2253 3763 causa
2273 3711 2614 3780 superbiendi
2639 3725 2721 3770 est
2752 3715 2944 3774 invidia
2962 3761 2977 3785 ,
3003 3720 3098 3780 sed
3118 3737 3275 3779 causa
3300 3724 3570 3785 invidendi
3588 3747 3684 3788 suo

2096 3798 2297 3877 perbia.
2323 3798 2454 3855 Cum
2484 3801 2639 3874 igitur
2667 3809 2911 3876 superbia
2936 3809 3006 3865 sit
3023 3826 3175 3868 amor
3196 3816 3532 3877 excellentiae
3555 3837 3682 3892 pro,

2094 3889 2260 3960 prim,
2305 3890 2501 3948 invidia
2542 3910 2668 3950 vero
2706 3897 2775 3952 sit
2809 3898 2987 3957 odium
3014 3901 3282 3962 felicitatis
3308 3908 3525 3979 alienae,
3554 3889 3684 3983 quid

2094 3981 2237 4037 unde
2281 3993 2530 4041 nascatur
2572 3988 2701 4043 satis
2744 3989 2797 4043 in
2841 4002 3083 4063 promptu
3126 4005 3226 4051 est.
3269 4000 3512 4058 Amando
3537 3981 3681 4065 enim

2092 4066 2316 4138 quisque
2356 4069 2725 4129 excellentiam
2767 4088 2916 4129 suam
2939 4118 2954 4144 ,
3003 4079 3085 4135 vel
3130 4081 3344 4150 paribus
3384 4078 3680 4169 ill/dividet,

2091 4157 2231 4228 quod
2273 4158 2323 4213 ei
2367 4163 2761 4232 coasquentur;
2792 4166 2874 4221 vel
2920 4167 3292 4241 inferioribus,
3337 4192 3405 4234 ne
3430 4157 3543 4235 sibi
3584 4157 3682 4238 eo;

2091 4258 2367 4320 aequentur
2387 4269 2402 4319 ;
2426 4254 2509 4309 vel
2538 4257 2899 4326 superioribus
2922 4302 2937 4326 ,
2967 4263 3108 4333 quod
3129 4265 3206 4321 eis
3226 4281 3331 4323 non
3351 4282 3679 4342 eamquetur.

2090 4340 2454 4413 Superbiendo
2498 4347 2657 4419 igitur
2696 4350 2937 4420 invidus,
2983 4370 3089 4411 non
3134 4357 3421 4418 invidendo
3456 4340 3684 4439 quisque

2091 4434 2354 4504 superbus
2381 4447 2484 4493 est.

2088 4524 2314 4584 CAPUT
2342 4528 2542 4584 XV.—
2574 4530 2825 4604 Superbia
2867 4546 2912 4591 et
2955 4554 3099 4593 amor
3133 4542 3357 4609 privatus
3383 4548 3682 4616 fontesmao

2159 4617 2342 4674 lorum.
2386 4620 2592 4677 Amores
2626 4623 2746 4683 duo.
2791 4624 3022 4683 Civitates
3051 4629 3184 4685 dum.
3218 4630 3358 4702 Opus
3387 4635 3449 4693 de
3470 4635 3683 4696 Civilate

2161 4707 2261 4764 Dei
2286 4710 2568 4780 pollicetur.

2162 4799 2247 4857 l9.
2292 4800 2479 4857 Merito
2522 4803 2728 4860 initium
2768 4810 2942 4864 omnis
2982 4814 3178 4880 peccati
3207 4816 3505 4889 superbiant
3535 4818 3681 4891 Seri.

2091 4897 2241 4958 plura
2270 4890 2544 4963 deﬁnivit,
2571 4893 2757 4952 dicens
2780 4913 2793 4950 :
2822 4895 3035 4965 Initium
3054 4905 3215 4958 omnis
3236 4908 3425 4975 peccati
3443 4909 3680 4979 superbia

2090 4979 2275 5049 (Eccli.
2324 4998 2399 5050 x,
2454 4983 2566 5056 15).
2616 4984 2711 5041 Cui
2766 4989 3070 5049 testimonio
3108 5009 3214 5049 non
3244 4995 3679 5061 inconvenienter

2087 5079 2296 5140 aptatur
2321 5073 2479 5128 etiam
2501 5073 2627 5129 illud
2654 5077 2795 5146 quod
2821 5078 3108 5149 Apostolus
3136 5084 3242 5153 ait,
3265 5082 3437 5159 Radix
3451 5091 3678 5147 outnium

2087 5163 2332 5218 malorum
2357 5174 2430 5219 est
2456 5168 2667 5221 avaritia
2697 5168 2717 5241 (
2749 5170 2764 5223 l
2794 5169 2927 5225 Tim.
2960 5190 3046 5241 vt,
3072 5177 3158 5245 10)
3187 5180 3269 5243 ;si
3291 5182 3563 5237 avaritiam
3580 5198 3678 5254 ge-

2086 5256 2321 5311 neralem
2344 5255 2713 5328 intelligamus,
2731 5278 2831 5331 qua
2861 5265 3085 5337 quisque
3107 5271 3308 5340 appetit
3331 5272 3527 5343 aliquid
3559 5290 3677 5329 ain-

2089 5348 2222 5416 plius
2259 5363 2416 5418 quam
2460 5360 2702 5420 Oportet,
2747 5364 2961 5426 propter
2992 5361 3354 5420 excellentiam
3392 5379 3579 5433 suam,
3618 5378 3676 5425 ct

2085 5438 2365 5507 quemdam
2385 5442 2619 5523 proprias
2649 5445 2728 5500 rei
2753 5461 2991 5504 amorem
3027 5468 3040 5504 :
3070 5454 3155 5507 cui
3180 5457 3445 5525 sapienter
3475 5473 3673 5523 nomen

2085 5531 2248 5585 latina
2279 5516 2454 5604 lingua
2484 5534 2707 5603 indidit,
2745 5554 2864 5593 cum
2891 5543 3174 5611 appellavit
3202 5516 3499 5616 privatum,
3530 5516 3675 5621 quod

2085 5624 2258 5693 potius
2285 5623 2322 5677 ‘a
2363 5624 2683 5682 detrimento
2712 5646 2870 5701 quam
2897 5633 2963 5686 ab
2986 5634 3309 5692 incremento
3333 5639 3532 5695 dictum
3558 5641 3674 5699 eiu-

2084 5725 2188 5770 cet.
2237 5717 2423 5771 Omnis
2470 5718 2612 5773 enim
2656 5723 2878 5790 privatio
2920 5726 3126 5780 minuit.
3173 5728 3323 5786 Unde
3353 5732 3530 5802 itaque
3556 5733 3670 5789 vult

2085 5807 2321 5869 emittere
2364 5807 2629 5895 superbia.
2663 5811 2818 5898 ’inde
2858 5813 2910 5868 in
2959 5819 3228 5888 angustias
3270 5832 3668 5904 egestatemqne
