4090 6458
373 381 472 438 ιδ’]

373 491 731 556 contruditur,
773 503 892 544 cum
918 501 983 543 ex
1009 485 1278 542 communi
1309 484 1375 540 ad
1403 485 1673 557 proprium
1701 486 1964 543 damnoso

371 587 449 641 sui
471 599 659 640 amore
688 582 961 652 redigitur.
992 579 1250 650 Specialis
1271 587 1351 633 est
1376 587 1551 633 autem
1570 580 1786 634 avaritia
1810 620 1826 644 ,
1844 596 1963 650 qua:

371 678 614 734 usitatius
635 673 932 745 appellatur
955 685 1106 726 amor
1128 670 1384 740 pecuniae.
1407 668 1571 739 Cujus
1592 669 1805 723 nomine
1821 670 1965 739 Apo-

368 767 538 823 stolus
580 782 678 836 per
719 764 950 834 speciem
993 777 1162 833 genus
1209 759 1551 830 signiﬁcans,
1605 759 1960 815 universalem

366 859 644 914 avaritiam
698 855 908 911 volebat
951 853 1170 922 intelligi
1214 850 1482 918 dicendo,
1526 848 1698 904 Radix
1738 851 1963 905 omnium

366 952 620 1006 malorum
646 958 718 1005 est
745 948 980 1002 avaritia.
1012 946 1119 1000 Ilac
1146 947 1287 1000 enim
1318 953 1370 1000 et
1390 943 1631 999 diabolus
1648 943 1962 1014 cecidit,qui

367 1043 552 1112 utique
595 1056 701 1094 non
739 1038 935 1093 amavit
961 1035 1241 1108 pecuniam
1266 1076 1281 1102 ,
1314 1033 1406 1089 sed
1436 1033 1701 1103 propriam
1727 1040 1962 1102 potesta-

367 1145 501 1190 tem.
534 1131 765 1188 Proinde
797 1144 1080 1200 pervorsus
1101 1127 1181 1182 sui
1206 1139 1367 1191 amor,
1387 1124 1560 1195 privat
1583 1133 1762 1179 sancta
1789 1124 1962 1178 socie-

367 1236 479 1282 tate
535 1224 802 1295 turgidum
851 1220 1093 1292 Spiritum
1128 1261 1142 1284 ,
1189 1233 1414 1288 eumque
1465 1223 1702 1272 coarctat
1749 1215 1962 1270 miseria

334 1335 338 1338 -
361 1321 475 1389 jam
505 1334 604 1390 per
632 1316 963 1387 iniquitatem
989 1311 1169 1368 satiari
1200 1311 1523 1382 cupientem.
1552 1309 1687 1364 Hinc
1711 1308 1816 1362 alio
1842 1309 1961 1363 loco

364 1424 493 1465 cum
532 1408 787 1470 dixisset,
835 1404 999 1458 Erunt
1031 1401 1164 1456 enim
1203 1401 1430 1456 homines
1467 1401 1660 1469 seipse:
1693 1408 1963 1466 amantes;

363 1501 623 1556 continuo
663 1498 918 1568 subjecit,
963 1505 1212 1549 amatores
1244 1493 1470 1561 pecuniae
1495 1489 1559 1563 (Il
1585 1490 1716 1544 Tim.
1751 1507 1837 1557 nt,
1864 1489 1920 1562 Ξ)
1945 1533 1959 1556 ,

362 1592 434 1646 ab
472 1590 559 1645 illa
600 1588 832 1660 generali
868 1586 1086 1642 avaritia
1109 1586 1261 1652 cujus
1292 1582 1536 1652 superbia
1565 1592 1721 1652 caput
1749 1591 1867 1648 est,
1897 1582 1963 1636 ad

364 1682 506 1736 hanc
525 1680 811 1751 specialem
834 1676 1161 1732 descendens
1189 1690 1306 1744 qum
1329 1674 1540 1743 propria
1565 1674 1838 1727 hominum
1861 1681 1960 1727 est.

365 1771 550 1841 Neque
577 1771 718 1824 enim
745 1776 926 1823 essent
950 1767 1109 1821 etiam
1140 1766 1384 1820 homines
1412 1773 1679 1818 amatores
1702 1765 1960 1834 pecuniae,

369 1864 471 1918 nisi
518 1877 586 1917 eo
629 1876 687 1916 se
725 1869 972 1931 putarent
1000 1857 1445 1923 excellentiores,
1474 1872 1580 1926 quo
1608 1857 1842 1911 ditiores.
1869 1857 1963 1912 Cui

367 1953 556 2008 morbo
580 1951 846 2007 contraria
869 1949 1099 2003 Charitas
1132 1963 1233 2002 non
1261 1947 1451 2017 qumril
1474 1963 1592 2017 que
1623 1962 1718 2001 sua
1745 1955 1892 2013 sunt,
1911 1947 1961 2015 id

367 2055 450 2100 est
494 2059 601 2098 non
647 2042 846 2112 privata
885 2041 1197 2096 excellentia
1236 2039 1486 2092 laetatur:
1522 2039 1714 2094 merito
1745 2033 1872 2110 ergo
1907 2048 1961 2093 ct

369 2151 476 2188 non
502 2135 716 2188 inﬂatur
743 2134 784 2208 (ι
813 2132 928 2188 Cor.
965 2147 1057 2186 xui
1077 2173 1091 2197 ,
1122 2131 1155 2186 5
1175 2171 1188 2196 ,
1219 2131 1298 2200 4).

435 2224 530 2280 20.
562 2225 623 2278 IIi
647 2224 754 2279 duo
778 2237 987 2278 amores
1009 2263 1024 2286 ,
1057 2236 1282 2289 quorum
1311 2221 1444 2274 alter
1465 2228 1681 2275 sanctus
1700 2227 1802 2285 est,
1827 2221 1966 2275 alter

371 2314 680 2370 immundus
710 2332 724 2380 ;
757 2314 892 2368 alter
915 2313 1124 2366 socialis
1144 2353 1157 2371 .
1187 2312 1324 2366 alter
1352 2311 1619 2379 privatus;
1651 2310 1785 2365 alter
1812 2325 1963 2364 com-

371 2408 517 2463 muni
551 2407 758 2460 utilitati
779 2391 1063 2461 consulens
1086 2411 1302 2473 pr0pter
1321 2417 1608 2472 supernam
1631 2401 1961 2467 societatem,

367 2500 505 2553 alter
542 2497 700 2553 etiam
740 2511 855 2552 rem
883 2509 1222 2551 communem
1254 2495 1304 2547 in
1335 2499 1650 2562 potestatem
1681 2492 1951 2562 propriam

371 2589 623 2658 redigens
671 2596 887 2658 prepter
933 2592 1269 2655 arrogantem
1314 2583 1779 2650 dominationem;
1830 2583 1966 2638 alter

368 2681 618 2736 subditus
640 2721 654 2744 ,
699 2681 836 2734 alter
879 2677 1103 2732 tumulus
1125 2744 1129 2748 ζ
1151 2677 1297 2742 Deo;
1347 2677 1482 2730 alter
1509 2674 1856 2744 tranquillus,
1885 2673 1963 2727 al-

369 2783 449 2827 ter
475 2773 811 2842 turbulentus
839 2787 852 2836 ;
883 2771 1021 2824 alter
1049 2767 1298 2840 paciﬁcus
1319 2809 1333 2833 ,
1368 2767 1504 2821 alter
1533 2766 1852 2832 seditiosus;
1882 2765 1965 2820 al-

370 2874 453 2918 ter
494 2864 772 2918 veritatem
819 2860 1061 2915 laudnbus
1105 2858 1396 2913 errantium
1449 2855 1741 2927 priel'erens
1767 2898 1782 2923 ,
1827 2856 1966 2910 alter

367 2968 583 3023 quoquo
629 2951 788 3006 modo
831 2949 1001 3004 laudis
1045 2949 1266 3013 avidus;
1310 2948 1446 3001 alter
1477 2945 1718 3001 amicalis
1740 2947 1756 2977 ¹
1787 2987 1802 3012 ,
1825 2946 1962 3001 alter

368 3043 618 3109 invidus;
656 3042 790 3096 alter
832 3041 933 3096 hoc
980 3040 1164 3095 volens
1205 3039 1454 3109 proximo
1493 3036 1633 3107 quod
1664 3036 1799 3105 sibi,
1831 3036 1967 3093 alter

365 3134 663 3203 subjicere
698 3133 996 3202 proximum
1065 3130 1203 3196 sibi;
1260 3129 1397 3184 alter
1461 3137 1676 3199 propter
1732 3128 1960 3198 proximi

367 3227 648 3282 utilitatem
688 3241 877 3296 regens
916 3225 1213 3295 proximum
1237 3263 1251 3287 ,
1290 3223 1427 3277 alter
1487 3231 1704 3292 promer
1757 3235 1907 3276 suam
1944 3238 1959 3276 :

369 3329 756 3388 lmecesseruut
826 3318 879 3371 in
947 3315 1202 3386 Angelis;
1274 3315 1410 3368 alter
1471 3313 1525 3369 in
1579 3313 1780 3381 bonis,
1831 3312 1968 3368 alter

374 3414 427 3464 in
492 3411 683 3473 malis;
737 3417 790 3463 et
836 3409 1192 3463 distinxerunt
1240 3405 1481 3460 conditas
1533 3405 1589 3460 in
1635 3417 1831 3474 genere
1868 3403 1967 3457 hu-

370 3517 532 3556 mano
592 3501 835 3554 civitates
899 3498 1070 3565 duas,
1141 3496 1240 3551 sub
1293 3493 1592 3550 admirabili
1627 3502 1682 3549 et
1716 3493 1966 3550 inell‘abili

367 3593 696 3664 providentia
723 3593 851 3660 Dei,
882 3598 1071 3646 cuncta
1093 3604 1210 3659 qum
1232 3597 1408 3642 creata
1430 3594 1554 3640 sunt
1571 3585 1954 3641 administranu

367 3685 436 3740 tis
473 3693 527 3741 et
565 3683 863 3739 ordinantis
883 3725 898 3750 ,
926 3682 1145 3737 alteram
1174 3679 1440 3751 justorum
1461 3720 1476 3744 ,
1505 3678 1727 3732 alteram
1756 3678 1965 3748 iniquo-

365 3791 506 3830 rum.
552 3775 785 3842 Quarum
829 3774 987 3827 etiam
1019 3771 1247 3842 quadam
1279 3767 1562 3838 temporali
1585 3767 1966 3822 commixtione

368 3867 638 3936 peragitur
665 3865 914 3920 Saeculum
933 3906 948 3931 ,
977 3863 1148 3918 donec
1177 3861 1363 3915 ultimo
1382 3859 1584 3930 judicio
1610 3866 1924 3927 separentur
1946 3899 1961 3925 ,

364 3971 419 4014 et
446 3960 609 4013 altera
650 3958 931 4028 conjuncta
977 3956 1198 4026 Angelis
1239 3954 1395 4010 bonis
1435 3954 1489 4007 in
1525 3968 1651 4022 rege
1676 3966 1773 4006 suo
1803 3950 1964 4006 vitam

365 4063 728 4124 consequatur
766 4063 1018 4108 aeternam
1037 4095 1051 4118 ,
1075 4051 1244 4105 altera
1271 4048 1552 4118 conjuncta
1582 4047 1785 4118 angelis
1811 4046 1963 4101 malis

367 4144 423 4198 in
468 4145 642 4214 ignem
673 4159 792 4198 cum
824 4157 947 4214 rege
973 4157 1072 4197 suo
1097 4142 1338 4195 mittatur
1362 4147 1640 4194 arternum.
1673 4139 1746 4191 De
1772 4137 1963 4207 quibus

363 4234 574 4289 duabus
598 4234 902 4289 civitatibus
925 4234 1085 4289 latius
1105 4234 1330 4288 fortasse
1354 4231 1458 4286 alio
1480 4231 1618 4296 loco,
1642 4230 1685 4285 si
1710 4229 1964 4285 Dominus

364 4326 630 4392 voluerit,
657 4325 1004 4381 disseremus.

437 4416 666 4472 CAPUT
695 4417 834 4471 XVI.
860 4448 932 4457 —
962 4413 1207 4472 Diabolus
1245 4416 1571 4488 quandonam
1600 4415 1773 4486 lapsus
1801 4417 1886 4470 sit.

438 4508 529 4563 2|.
574 4509 798 4576 Quando
841 4525 971 4580 ergo
1015 4509 1271 4579 dejecerit
1299 4508 1546 4578 superbia
1576 4507 1871 4574 diabolum,
1905 4518 1962 4564 ut

365 4609 613 4656 naturam
660 4617 809 4656 suam
858 4602 1051 4656 bonam
1099 4615 1258 4672 prava
1303 4600 1570 4655 voluntate
1597 4609 1955 4671 perverteret,

364 4693 640 4763 Scriptura
668 4711 772 4749 non
803 4693 932 4749 dicit
963 4713 976 4749 :
1009 4703 1133 4749 ante
1165 4703 1340 4748 tamen
1371 4692 1564 4747 factum
1591 4692 1782 4759 fuisse,
1813 4701 1866 4750 et
1893 4708 1958 4749 ex

339 4783 470 4837 hac
517 4799 638 4838 eum
677 4784 876 4839 homini
907 4785 1162 4840 invidisse
1182 4825 1195 4850 ,
1229 4783 1363 4838 ratio
1392 4781 1672 4837 manifesta
1703 4783 1955 4838 declarat.

368 4875 426 4930 In
472 4887 721 4947 promptu
761 4888 842 4932 est
878 4878 1019 4932 enim
1050 4877 1297 4931 omnibus
1324 4877 1436 4929 haec
1462 4875 1824 4943 intuentibus,
1853 4890 1957 4930 non

364 4981 432 5020 ex
461 4965 746 5020 invidentia
770 4967 1072 5035 superbiam
1096 4967 1268 5030 nasci,
1300 4965 1391 5019 sed
1425 4981 1487 5021 ex
1517 4964 1762 5034 superbia
1785 4965 1958 5034 potius

365 5057 728 5113 invidentiam.
755 5057 871 5113 Non
894 5068 1072 5114 autem
1099 5058 1290 5112 frustra
1314 5057 1483 5127 putari
1508 5065 1697 5127 potest,
1723 5056 1790 5111 ab
1808 5056 1978 5111 initio

365 5149 623 5218 temporis
658 5149 929 5204 diabolum
957 5150 1202 5218 superbia
1229 5149 1485 5203 cecidisse
1505 5190 1520 5215 ,
1553 5163 1650 5202 nec
1681 5148 1843 5202 fuisse
1874 5148 1955 5202 ul-

365 5242 476 5296 lum
523 5253 676 5298 antea
716 5252 924 5313 tempus
961 5259 1068 5314 quo
1107 5259 1228 5297 cum
1277 5242 1493 5314 Angelis
1520 5242 1718 5296 sanctis
1743 5250 1956 5312 pacatus

363 5334 557 5388 vixerit
580 5343 634 5389 et
653 5336 860 5398 beatus,
891 5334 984 5390 sed
1005 5334 1073 5389 ab
1091 5335 1206 5405 ipso
1227 5333 1516 5404 primordio
1543 5343 1800 5388 creatura:
1814 5349 1843 5387 a
1859 5348 1957 5388 suo

364 5437 608 5480 creatore
633 5435 964 5496 apostatasse
988 5444 1002 5494 ;
1035 5436 1090 5481 ut
1119 5427 1246 5482 illud
1273 5427 1413 5498 quod
1439 5427 1694 5482 Dominus
1720 5429 1792 5481 ait
1810 5468 1824 5489 ,
1855 5426 1958 5480 Ille

363 5517 623 5569 homicida
661 5527 769 5572 erat
809 5517 871 5571 ab
901 5518 1042 5572 initio
1062 5560 1076 5583 ,
1105 5528 1150 5572 et
1178 5519 1233 5572 in
1258 5519 1462 5573 veritate
1489 5535 1588 5573 non
1616 5519 1746 5572 stetit
1777 5517 1955 5582 (Joan.

363 5622 450 5660 vin
473 5646 489 5672 ,
535 5607 664 5678 44),
706 5615 995 5678 utrumque
1031 5609 1099 5662 ab
1132 5609 1280 5663 initio
1321 5609 1710 5680 intelligamus,
1744 5624 1848 5663 non
1872 5626 1962 5665 so-

368 5697 481 5752 ium
526 5697 666 5767 quod
711 5699 976 5754 homicida
1017 5699 1148 5767 luit,
1194 5701 1287 5756 sed
1322 5703 1480 5756 etiam
1517 5703 1638 5772 quia
1666 5701 1717 5754 in
1739 5703 1959 5759 veritate

438 5836 454 5865 '
483 5838 556 5881 Er.
594 5842 642 5886 et
663 5843 793 5898 t.ov.,
819 5837 989 5887 amicat
1006 5834 1081 5886 i553
1098 5851 1115 5898 ;
1135 5851 1221 5900 pro
1243 5852 1339 5899 quo
1364 5848 1458 5887 Am.
1487 5847 1537 5882 et
1569 5844 1695 5884 Mssa.
1721 5835 1954 5887 amicalis.

1669 374 1872 430 LIBER
1909 374 2316 435 UNDECIMUS.

3555 383 3658 440 4³58

2065 505 2172 544 non
2214 491 2378 544 stetit.
2425 487 2492 544 Et
2531 488 2792 544 homicida
2817 490 3029 561 quidem
3057 492 3123 546 ab
3149 492 3239 548 illo
3268 493 3416 550 initio
3441 509 3511 548 ex
3541 512 3649 564 quo

2067 577 2226 632 homo
2270 578 2438 647 potuit
2475 579 2684 646 occidi;
2728 594 2834 634 non
2873 590 3051 637 autem
3080 582 3252 651 potuit
3272 583 3472 650 occidi,
3500 596 3654 640 ante-

2065 683 2221 738 quam
2259 678 2400 725 esset
2441 669 2532 740 qui
2559 670 2907 726 occideretur.
2941 672 3022 726 Ab
3052 673 3201 727 initio
3229 689 3356 744 ergo
3383 675 3650 733 homicida

2065 758 2342 827 diabolus,
2386 761 2507 829 quia
2555 761 2668 832 ipse
2711 761 2904 817 occidit
2946 762 3214 818 hominem
3242 763 3504 834 primum,
3529 775 3667 825 ante.-

2065 866 2223 921 quem
2269 852 2442 906 nullus
2486 851 2758 906 hominum
2799 851 2917 907 i'uit.
2965 851 3019 907 In
3067 854 3288 909 veritate
3328 864 3506 910 autem
3546 871 3654 912 non

2065 941 2246 1007 stetit,
2291 952 2345 996 et
2381 941 2482 996 hoc
2524 943 2592 998 ab
2636 942 2786 997 initio
2811 959 2877 998 ex
2901 959 3006 1015 quo
3032 943 3145 1015 ipse
3173 935 3383 1002 creatus
3411 955 3532 1014 est,
3563 948 3656 1020 qui

2067 1041 2234 1087 staret
2261 1033 2305 1087 si
2333 1042 2474 1088 stare
2503 1033 2770 1090 voluisset.

2066 1124 2289 1180 CAPUT
2313 1124 2454 1180 XVII
2462 1124 2630 1179 .—An
2652 1127 2821 1182 bentur
2840 1127 2991 1196 fuerit
3004 1127 3231 1184 diabolus
3247 1138 3362 1184 ante
3372 1139 3654 1203 peccatum.

2136 1217 2226 1272 2?...
2267 1218 2546 1285 Quomodo
2590 1220 2733 1276 enim
2779 1219 2996 1277 duxisse
3042 1222 3200 1277 etiam
3242 1223 3404 1279 vitam
3443 1225 3655 1282 beatam

2068 1309 2207 1365 inter
2231 1311 2416 1368 beatos
2443 1313 2674 1382 Angelos
2700 1313 2843 1368 credi
2871 1322 3074 1383 potest,
3107 1317 3193 1387 qui
3229 1314 3391 1372 futuri
3421 1317 3502 1373 sui
3533 1333 3657 1388 pec-

2067 1401 2169 1456 cati
2191 1410 2351 1472 atque
2382 1403 2652 1474 supplicii,
2682 1403 2732 1458 id
2759 1413 2839 1459 est
2864 1403 3182 1460 desertionis
3207 1416 3262 1462 et
3288 1408 3422 1477 ignis
3444 1411 3652 1478 aeterni,

2069 1496 2320 1564 praescius
2347 1511 2453 1551 non
2484 1496 2622 1551 fuit?
2648 1497 2704 1553 Si
2737 1498 2988 1567 praescius
3012 1515 3118 1555 non
3143 1499 3260 1568 fuit,
3294 1501 3484 1557 merito
3511 1518 3654 1574 qua:-

2068 1587 2202 1640 ritur
2244 1603 2340 1644 cur
2388 1604 2493 1642 non
2544 1588 2701 1644 fuerit
2745 1591 2782 1644 ⁸.
2831 1589 3015 1662 Neque
3066 1592 3209 1646 enim
3258 1593 3428 1648 sancti
3467 1594 3655 1665 Angeli

2067 1687 2280 1732 aeterna:
2310 1694 2421 1733 sua:
2453 1680 2574 1733 vit:e
2611 1695 2677 1734 ac
2717 1679 3056 1736 beatitudinis
3099 1682 3283 1737 incerti
3333 1691 3475 1738 sunt.
3521 1683 3656 1740 Nam

2067 1769 2335 1837 quomodo
2361 1769 2521 1837 beati,
2551 1769 2596 1826 si
2624 1771 2846 1825 incerti?
2877 1771 2958 1826 An
2979 1770 3216 1827 dicemus
3239 1774 3338 1828 hoc
3357 1773 3522 1842 Deum
3545 1775 3658 1829 dia-

2070 1859 2192 1914 bolo
2234 1860 2475 1916 revelare
2544 1863 2814 1928 noluisse,
2856 1878 2978 1918 cum
3039 1855 3211 1919 adhuc
3253 1875 3396 1921 esset
3432 1866 3656 1936 angelus

2069 1949 2240 2004 bonus
2264 1993 2278 2015 ,
2326 1951 2410 2006 vel
2453 1952 2577 2021 quid
2617 1952 2885 2018 facturus,
2931 1956 3013 2010 vel
3051 1956 3174 2025 quid
3203 1972 3455 2027 passurus
3480 1968 3653 2023 esset;

2069 2043 2278 2096 carioris
2310 2059 2436 2098 vero
2467 2043 2567 2098 hoc
2597 2045 2870 2100 revelasse
2887 2046 3025 2116 quod
3048 2057 3225 2102 essent
3252 2049 3306 2102 in
3330 2057 3587 2105 aeternum
3605 2051 3655 2105 in

2069 2131 2186 2200 ejus
2213 2131 2440 2187 veritate
2469 2133 2738 2188 mansuri?
2764 2135 2914 2202 Quod
2945 2135 2988 2190 si
3019 2136 3090 2191 ita
3122 2146 3225 2205 est,
3267 2137 3387 2193 ideo
3410 2139 3519 2208 jam
3551 2156 3660 2196 non

2067 2221 2343 2290 aequaliter
2392 2221 2607 2288 beatus,
2659 2223 2766 2278 imo
2805 2224 2914 2294 jam
2962 2242 3059 2281 nec
3103 2227 3258 2296 plane
3299 2228 3487 2285 beatus
3532 2229 3656 2296 fuit,

2070 2313 2497 2384 quandoquidem
2543 2315 2696 2385 plane
2739 2316 2879 2372 beati
2919 2317 2986 2373 de
3024 2333 3121 2374 sua
3166 2319 3489 2377 beatitudine
3527 2323 3659 2377 certi

2070 2415 2213 2471 sunt,
2241 2413 2298 2460 ut
2318 2420 2434 2460 eam
2464 2407 2642 2463 nullus
2668 2409 2942 2478 perturbet
2961 2422 3153 2466 metus.
3184 2413 3298 2480 Quo
3319 2422 3494 2469 autem
3517 2415 3660 2470 malo

2071 2495 2262 2550 merito
2289 2495 2357 2549 ita
2385 2495 2790 2554 discernebatur
2815 2515 2843 2553 a
2869 2502 3078 2556 eieteris
3096 2544 3108 2566 ,
3137 2511 3193 2557 ιιι
3223 2503 3271 2558 ei
3300 2504 3439 2559 Deus
3470 2520 3568 2560 nec
3596 2522 3660 2560 ea

2069 2601 2187 2655 qum
2208 2585 2272 2639 ad
2295 2587 2466 2655 ipsum
2495 2589 2837 2657 pertinerent,
2867 2590 3041 2650 futura
3067 2595 3366 2650 revelaret?
3393 2597 3658 2667 Numquid

2069 2677 2160 2734 ille
2200 2681 2347 2751 prius
2386 2683 2561 2751 ultor,
2607 2698 2763 2754 quam
2810 2685 2909 2741 iste
2944 2689 3226 2757 peccator?
3259 2689 3448 2746 Absit:
3479 2706 3653 2761 neque

2068 2770 2210 2825 enim
2234 2771 2371 2826 Deus
2393 2771 2603 2828 damnat
2627 2773 2955 2832 innocentes.
2979 2778 3060 2831 An
3083 2777 3221 2854 forte
3247 2795 3310 2835 ex
3338 2779 3441 2834 alio
3456 2789 3669 2851 genere"

2067 2863 2374 2934 angelorum
2405 2865 2531 2930 l'uit,
2561 2867 2754 2937 quibus
2785 2869 2920 2923 Deus
2947 2885 3050 2924 non
3083 2871 3227 2927 dedit
3255 2871 3338 2927 vel
3364 2872 3430 2929 de
3462 2873 3656 2943 seipsis

2067 2954 2458 3026 przescientiam
2508 2956 2843 3013 futurorum?
2889 2959 2980 3029 qui
3027 2977 3257 3031 quonam
3307 2964 3467 3016 modo
3515 2964 3658 3018 beati

2069 3044 2276 3114 possint
2315 3061 2433 3102 esse
2478 3061 2582 3101 non
2629 3047 2783 3103 video
2804 3091 2817 3115 ,
2863 3049 3053 3119 quibus
3084 3051 3281 3107 incerta
3307 3061 3389 3108 est
3420 3055 3531 3124 ipsa
3561 3071 3656 3111 sua

2067 3133 2361 3192 beatitudo.
2395 3137 2523 3192 Nam
2558 3146 2611 3194 et
2653 3140 2752 3194 hoc
2787 3140 3000 3210 quidam
3029 3153 3330 3213 senserunt,
3360 3161 3464 3199 non
3496 3147 3659 3205 fuisse

2069 3225 2338 3282 diabolum
2371 3228 2423 3283 in
2455 3229 2541 3283 illa
2568 3229 2780 3284 sublimi
2809 3240 2993 3286 natura
3020 3233 3341 3304 Angelorum
3361 3277 3377 3302 ,
3417 3253 3535 3307 qua:
3563 3253 3658 3293 su-

2070 3319 2398 3388 percaalestis
2440 3330 2554 3386 est;
2601 3321 2694 3377 sed
2724 3323 2775 3376 in
2804 3338 2990 3378 eorum
3020 3325 3108 3395 qui
3139 3326 3412 3396 aliquanto
3439 3329 3658 3386 inferius

2069 3410 2119 3463 in
2151 3412 2350 3467 mundo
2375 3412 2498 3468 facti
2528 3424 2671 3480 sunt,
2695 3425 2747 3470 et
2779 3431 2875 3487 per
2901 3431 2996 3472 sua
3027 3417 3200 3473 ol'licia
3225 3420 3516 3476 distributi.
3549 3422 3657 3477 Τει-

2068 3501 2147 3557 les
2179 3503 2321 3557 enitn
2353 3503 2580 3560 fortasse
2611 3517 2790 3575 posset
2814 3508 3012 3578 aliquid
3039 3510 3197 3564 etiam
3237 3511 3479 3566 illicitum
3506 3513 3655 3569 dele-

2070 3601 2252 3648 ctare:
2280 3609 2436 3664 quam
2465 3603 2643 3650 tamen
2673 3596 3082 3654 delectationem
3109 3601 3152 3655 si
3180 3616 3402 3670 peccare
3428 3604 3654 3672 nollent,

2067 3682 2235 3738 libero
2261 3685 2483 3741 arbitrio
2508 3686 2854 3755 cohiberent;
2896 3689 3028 3746 sicut
3070 3690 3232 3747 homo
3255 3736 3270 3759 ,
3313 3695 3544 3751 maxime
3569 3695 3658 3751 ille

2068 3776 2290 3845 primus,
2321 3779 2409 3849 qui
2440 3780 2643 3849 peccati
2667 3795 2876 3850 pmnam
2904 3782 3138 3836 nondum
3163 3783 3386 3839 habebat
3411 3785 3465 3839 in
3487 3801 3658 3840 mem-

2066 3867 2198 3937 bris,
2231 3870 2661 3940 quandoquidem
2687 3882 2740 3927 et
2765 3873 2878 3943 ipsa
2907 3890 2935 3927 a
2965 3875 3162 3930 sanctis
3189 3875 3317 3930 viris
3345 3877 3454 3932 Deo
3477 3877 3660 3933 subdi-

2069 3957 2135 4012 tis
2161 3973 2256 4028 per
2283 3959 2398 4029 ejus
2422 3959 2644 4031 gratiam
2675 3963 2873 4034 pietate
2897 3973 3196 4034 superatur.

2137 4047 2360 4106 CAPUT
2387 4049 2574 4106 XVIII.
2605 4082 2676 4093 --
2703 4051 2871 4108 Homo
2901 4065 3017 4110 ante
3055 4067 3306 4127 peccatum
3332 4059 3582 4130 quomodo

2667 4144 2837 4200 beatus
2877 4145 3047 4216 fuerit.

2134 4230 2225 4285 25.
2267 4230 2432 4286 Porro
2459 4231 2557 4288 ista
2587 4236 2808 4304 qumstio
2833 4234 2901 4291 de
2932 4235 3085 4291 beata
3133 4237 3269 4304 vita,
3317 4246 3492 4292 utrum
3532 4253 3650 4295 eam

2064 4322 2344 4393 quisquam
2367 4324 2477 4394 jam
2510 4327 2704 4382 habere
2730 4327 2984 4382 dicendus
3013 4329 3099 4396 sit,
3130 4329 3215 4384 cui
3243 4330 3502 4385 incertum
3528 4341 3610 4387 est
3632 4333 3653 4365 ⁸

2065 4423 2241 4470 utrum
2272 4430 2451 4470 secum
2480 4431 2826 4486 permansura
2856 4419 2956 4483 sit,
2987 4433 3052 4472 an
3084 4419 3132 4474 ei
3167 4419 3381 4474 miseria
3409 4421 3652 4491 quando—

2064 4522 2169 4577 que
2210 4507 2488 4573 succedat,
2532 4518 2708 4578 potest
2741 4520 2794 4563 et
2819 4509 2885 4564 de
2910 4511 3026 4580 ipso
3058 4512 3227 4581 primo
3254 4511 3470 4568 homine
3500 4513 3649 4567 oriri.

2063 4596 2194 4652 Nam
2223 4597 2264 4651 si
2291 4597 2448 4652 futuri
2479 4599 2561 4653 sui
2588 4600 2789 4669 peccati
2812 4603 3064 4669 praescius
3083 4611 3198 4657 erat
3223 4603 3518 4674 divinreque
3537 4603 3654 4658 vin-

2063 4689 2240 4755 dictae,
2270 4689 2460 4744 beatus
2488 4704 2608 4745 esse
2636 4691 2777 4746 unde
2805 4692 3052 4762 poterat?
3089 4693 3230 4764 Ergo
3260 4703 3375 4750 erat
3410 4695 3462 4749 in
3494 4710 3650 4764 para-

2063 4781 2180 4837 diso
2203 4797 2305 4836 non
2337 4783 2542 4836 beatus.
2575 4781 2678 4838 Sed
2707 4785 2846 4838 enim
2879 4800 2982 4840 non
3010 4795 3124 4840 erat
3151 4785 3309 4840 futuri
3335 4787 3536 4856 peccati
3567 4788 3652 4842 sui

2061 4875 2354 4946 pra'scius?
2402 4877 2540 4946 Ergo
2583 4892 2678 4947 per
2715 4876 2851 4933 hanc
2888 4879 3234 4950 ignorantiam
3279 4887 3369 4934 aut
3407 4879 3648 4950 ejusdem

2064 4968 2405 5023 beatitudinis
2432 4970 2706 5036 incertus;
2737 4980 2790 5025 et
2821 4971 3086 5042 quomodo
3115 4972 3224 5041 jam
3261 4986 3386 5026 vere
3416 4971 3650 5025 beatus?

2061 5073 2151 5116 ant
2189 5061 2326 5142 falsa
2365 5077 2460 5133 spe
2491 5074 2666 5119 certus
2686 5107 2699 5130 ,
2743 5081 2847 5120 non
2878 5065 3132 5131 scientia;
3163 5073 3214 5120 ct
3243 5062 3509 5134 quomodo
3541 5081 3646 5118 non

2062 5154 2292 5209 stultus?
3060 5156 3066 5160 ’

2133 5242 2222 5297 24.
2266 5241 2371 5298 Sed
2399 5253 2572 5299 tamen
2603 5245 2832 5300 hominis
2858 5245 3031 5300 adhuc
3069 5245 3122 5300 in
3165 5260 3391 5316 corpore
3428 5246 3646 5301 animali

2061 5333 2357 5400 constituti,
2390 5335 2473 5389 cui
2499 5335 2811 5391 obedienter
2831 5337 3024 5392 viventi
3053 5337 3282 5391 dandum
3309 5338 3480 5393 adhuc
3503 5350 3648 5394 esset

2064 5425 2386 5494 Angelorum
2415 5427 2740 5480 consortium
2764 5469 2777 5492 ,
2825 5435 2877 5481 et
2917 5427 3139 5482 mutatio
3168 5429 3407 5499 corporis
3434 5445 3498 5484 ex
3525 5431 3643 5483 ani-

2063 5515 2185 5569 mali
2211 5515 2263 5569 in
2291 5515 2582 5584 spirituale,
2611 5530 2895 5586 possumus
2923 5516 3216 5588 intelligere
3243 5517 3450 5574 beatam
3481 5519 3644 5574 vitam

2061 5604 2350 5659 secundum
2378 5605 2660 5674 quemdam
2701 5607 2916 5662 modum
2936 5651 2950 5673 ,
2995 5609 3203 5664 etiamsi
3229 5625 3334 5665 non
3359 5622 3473 5666 erat
3505 5627 3642 5681 pra:-

2093 5777 2102 5785 .
2125 5719 2139 5748 ι
2167 5723 2240 5764 tr.
2264 5716 2410 5786 Lugd.
2427 5716 2762 5789 Vennlegunt,
2786 5717 2839 5770 id
2860 5725 2928 5770 est
2947 5719 3230 5789 desertionis
3257 5722 3445 5789 et_ign_is
3475 5723 3644 5774 (etet-ui

2059 5780 2102 5828 si
2120 5780 2350 5849 pnescius
2373 5780 2598 5849 nonfuit,
2615 5780 2783 5831 nutrito
2801 5783 3036 5844 (nueritu—r
3060 5798 3146 5833 cur
3167 5797 3260 5836 non
3283 5780 3441 5848 fuant.
3511 5796 3566 5835 δι.
3591 5824 3593 5826 -

2125 5843 2143 5870 ³
2171 5849 2294 5899 3:55.,
2319 5843 2455 5900 cujus
2472 5843 2680 5894 incertus
2702 5851 2770 5893 est
2793 5843 2970 5907 utrum,
2993 5853 3086 5896 etc.
