4090 6470
471 396 576 451 439

469 516 613 569 scius
648 512 807 569 futuri
849 513 931 568 sui
977 514 1197 585 peccati.
1246 512 1427 583 Neque
1461 513 1603 569 enim
1649 522 1705 571 et
1740 513 1815 569 illi
1847 511 2052 584 prmscii

468 602 716 670 fuerunt,
758 602 950 674 quibus
995 603 1277 674 Apostolus
1306 602 1467 671 dicit,
1516 600 1617 658 Vas
1652 604 1736 674 qui
1762 603 2052 673 spirituales

467 697 616 761 estis,
648 696 879 751 instruite
904 695 1193 767 hujusmodi
1220 696 1273 749 in
1300 697 1482 766 spiritu
1511 695 1750 762 lenitatis,
1787 695 2052 750 intendens

467 799 516 842 te
540 790 728 860 ipsum,
743 800 805 843 ne
826 788 873 842 et
899 799 953 842 tu
981 790 1181 843 tente'ris
1208 778 1399 859 (Calai.
1436 794 1490 843 'v't
1509 831 1524 855 ,
1558 787 1648 861 l);
1688 799 1795 843 non
1823 776 2050 844 absurde

467 886 646 934 tamen
678 888 778 934 nec
800 878 1042 948 improbe
1069 875 1329 945 dicimus,
1376 879 1559 935 beatos
1592 879 1701 949 jam
1738 879 1906 935 fuisse
1948 880 2050 935 hoc

468 976 583 1041 ipso
607 971 745 1041 quod
771 969 1073 1039 Spirituaies
1094 979 1293 1035 essent,
1323 986 1425 1026 non
1450 978 1696 1041 corpore,
1726 971 1821 1028 sed
1845 964 2048 1042 justitia

466 1061 588 1117 lidei
607 1102 624 1129 ,
655 1077 750 1131 spe
774 1060 1096 1132 gaudentes,
1126 1061 1181 1117 in
1208 1060 1547 1117 tribulatione
1573 1063 1833 1133 patientes
1866 1062 2044 1136 (Rom.

466 1154 564 1218 in,
590 1146 703 1225 12).
733 1153 942 1218 Quanto
966 1154 1134 1224 magis
1152 1169 1300 1224 ergo,
1328 1164 1380 1209 et
1399 1156 1656 1225 ampliore
1682 1154 1841 1211 modo
1862 1156 2047 1213 beatos

459 1252 580 1302 erat
603 1239 766 1301 liom'o
793 1247 843 1303 in
873 1242 1119 1316 paradiso
1142 1256 1267 1304 ante
1294 1257 1586 1318 peccatum,
1609 1249 1850 1319 quamvis
1874 1249 2048 1304 incer-

459 1339 550 1395 tus
594 1338 753 1393 futuri
792 1338 879 1393 ‘stri
915 1347 1106 1405 casus,
1149 1341 1239 1411 qui
1280 1354 1376 1411 spe
1418 1339 1490 1395 ita
1530 1339 1794 1411 gaudebat
1827 1346 2046 1410 propter

460 1432 739 1500 praemium
759 1426 955 1488 'fut'urzs
981 1431 1430 1500 commu'tationis,
1462 1441 1521 1487 ut
1546 1432 1687 1486 nulla
1708 1440 1851 1488 esset
1873 1431 2044 1487 tribu-

459 1522 589 1578 latio
610 1524 693 1578 cui
718 1523 1005 1579 toleranda:
1033 1525 1282 1594 patientia
1311 1524 1598 1579 militaret?
1626 1523 1880 1592 Quamvis
1900 1524 2043 1580 enim

459 1624 566 1670 non
595 1630 728 1671 vana
760 1616 1171 1687 praesumptione
1203 1616 1270 1672 de
1306 1615 1509 1671 incerto
1534 1622 1712 1671 certus
1736 1616 1881 1671 velut
1903 1615 2043 1670 stui-

457 1704 577 1772 tus,
610 1706 704 1762 sed
744 1723 840 1779 spe
868 1724 973 1763 non
1003 1707 1263 1774 inﬁdelis;
1305 1712 1589 1783 antequam
1618 1707 2044 1779 apprehenderet

459 1797 603 1852 illam
633 1798 794 1853 vitam
819 1840 834 1865 ,
876 1796 1319 1855 ubi.cerlissimus
1344 1798 1509 1868 ipsius
1536 1807 1750 1853 mternaa
1781 1799 1901 1853 vitae
1931 1815 2043 1854 sua:

456 1876 670 1945 iuturus
702 1898 864 1957 esset,
905 1900 1083 1961 posset
1106 1892 1388 1956 exsultare,
1423 1890 1867 1960 quemadmodum
1906 1890 2042 1946 seri-

456 1982 607 2050 ‘ptuut
637 1990 738 2048 est,
770 1999 884 2036 cum
911 1992 1123 2038 tremere
1155 1981 1324 2053 (Psal.
1346 1990 1407 2051 'Il,
1442 1982 1565 2054 ll);
1597 1992 1649 2039 et
1677 1982 1776 2038 hac
1807 1983 2043 2038 eisulta-

461 2064 624 2137 tione,
652 2073 822 2132 multo
842 2068 1197 2131 abundantius
1217 2075 1269 2130 in
1297 2073 1563 2147 paradiso,
1597 2082 1754 2146 quam
1780 2077 1950 2134 san‘eti
1985 2072 2041 2133 in

456 2156 544 2221 bis
572 2152 748 2230 terris,
773 2154 963 2222 beatus
987 2169 1127 2232 esse,
1155 2166 1314 2221 modo
1340 2166 1569 2237 quodam
1600 2166 1849 2224 inferiore
1879 2180 2038 2240 quam

458 2254 512 2327 in
539 2255 627 2309 illa
654 2256 761 2311 vita
787 2261 985 2312 aeterna
1004 2262 1310 2313 sanctorum
1333 2255 1900 2332 su‘pc‘rcmlestiumque
1929 2261 2040 2315 An-

450 2336 715 2415 gelorum,
745 2356 849 2403 non
877 2354 1050 2403 tamen
1077 2347 1240 2405 nullo.

703 2457 929 2516 CAPUT
957 2456 1099 2516 XIX.
1121 2491 1192 2502 -—
1213 2462 1521 2533 Angelorum
1547 2464 1787 2519 conditio.

524 2534 618 2606 95.
662 2550 851 2607 Dicere
875 2561 1053 2607 autem
1083 2552 1150 2607 de
1173 2553 1438 2624 aliquibus
1462 2554 1665 2623 angelis
1689 2554 1830 2625 quod
1861 2554 1911 2610 in
1939 2570 2039 2611 suo

452 2640 683 2710 quodam
705 2657 901 2712 genere
926 2644 1068 2700 beati
1091 2658 1210 2700 esse
1237 2645 1458 2714 possint,
1491 2644 1678 2701 futura:
1705 2661 1817 2701 sua:
1846 2646 2039 2716 iniqui-

450 2722 578 2785 bitis
614 2740 668 2786 et
695 2721 1069 2800 damnationis,
1114 2732 1200 2789 vel
1226 2743 1372 2789 certe
1414 2744 1682 2804 perpetuas
1728 2735 1915 2791 salutis
1951 2736 2037 2791 in-

448 2822 608 2885 certi,
629 2811 822 2893 quibus
846 2839 946 2879 nec
969 2838 1093 2894 spes
1116 2825 1360 2881 subesset
1385 2825 1525 2896 quod
1547 2825 1831 2897 aliquando
1853 2837 1907 2881 et
1934 2826 2036 2896 ipsi

448 2902 629 2983 aliqua
652 2902 711 2969 in
746 2905 935 2970 melius
964 2916 1256 2972 mutatione
1278 2917 1413 2972 certi
1446 2912 1515 2972 de
1553 2917 1653 2973 hac
1679 2934 1739 2973 re
1765 2917 1925 2973 futuri
1946 2933 2033 2973 es-

447 3011 597 3072 ‘sent,
633 3006 721 3061 vix
762 2996 978 3061 ferenda
1010 2997 1350 3078 prmsumptio
1382 3017 1502 3064 est:
1526 3009 1628 3064 nisi
1660 3000 1800 3066 forte
1840 3020 1895 3066 et
1935 3010 2037 3066 hoc

450 3082 680 3161 dicatur,
705 3093 773 3152 ita
793 3096 1003 3153 creatos
1024 3098 1155 3153 istos
1181 3094 1398 3169 angelos
1422 3100 1705 3157 mundanis
1727 3103 2038 3159 ministeriis

449 3172 769 3244 distributos
809 3178 908 3244 sub
934 3178 1054 3244 aliis
1079 3189 1476 3247 sublimioribus
1520 3201 1576 3248 et
1601 3192 1947 3261 beatioribus,
1976 3203 2039 3249 ut

453 3288 555 3349 pro
593 3290 737 3336 recte
764 3281 932 3351 gestis
962 3270 1327 3352 praepoSituris
1364 3283 1475 3338 suis
1498 3285 1761 3356 accipiant
1786 3286 1930 3341 illam
1960 3287 2040 3342 vi-

460 3384 562 3428 tam
585 3374 793 3429 beatam
812 3390 881 3430 ac
904 3364 1292 3445 sublimiorem,
1322 3370 1393 3435 de
1410 3393 1514 3449 qua
1538 3379 1742 3448 possint
1766 3395 1886 3436 esse
1913 3395 2035 3435 cer-

446 3459 665 3531 tissimi,
695 3456 845 3537 cujus
868 3468 1045 3539 utique
1063 3483 1161 3540 spe
1178 3456 1466 3542 gaudentes
1486 3472 1693 3542 possint
1718 3487 1822 3527 non
1849 3476 2037 3529 incon-

450 3572 583 3626 grue
619 3554 724 3613 dici
748 3558 858 3628 jam
898 3559 1058 3615 beati.
1099 3561 1178 3616 Ex
1203 3576 1428 3632 quorum
1457 3578 1682 3620 numero
1720 3562 1767 3619 si
1792 3563 2037 3620 diabolus

448 3648 646 3704 eecidit
684 3664 805 3705 cum
838 3651 997 3707 sociis
1034 3651 1323 3722 iniquitatis
1350 3668 1483 3721 sum,
1526 3654 1700 3712 simile
1724 3663 1820 3712 est
1859 3655 1960 3712 hoc
1985 3656 2034 3713 ei

446 3729 593 3811 ‘quod
614 3743 817 3799 cadunt
839 3759 869 3798 a
893 3744 1097 3812 justitia
1122 3744 1244 3801 ﬁdei
1264 3746 1424 3801 etiam
1454 3745 1718 3814 homines,
1748 3746 1910 3802 simili
1941 3764 2034 3803 su-

454 3831 635 3902 perbia
663 3835 1010 3904 praevaricati,
1030 3837 1114 3893 vel
1133 3836 1342 3910 seipsos
1367 3837 1710 3910 seducentes,
1738 3839 1823 3897 vel
1848 3839 1925 3896 illi
1949 3854 2038 3896 se-

444 3912 657 3978 ‘ductori
675 3922 1092 3981 consentientes.

524 4014 612 4069 26.
642 4013 750 4071 Sed
768 4025 1012 4072 asserunt
1035 4010 1155 4073 haec
1178 4017 1286 4075 dno
1302 4034 1501 4091 genera
1520 4021 1781 4078 bonorum
1808 4022 2036 4093 Angelo-

448 4108 571 4160 rnm
598 4100 686 4176 qui
718 4105 1005 4175 potuerint,
1047 4124 1209 4164 unum
1246 4112 1726 4181 superemie'stium,
1764 4113 1818 4168 in
1844 4114 2036 4184 quibus

447 4211 722 4268 nunquam
751 4194 849 4252 fuit
874 4198 963 4269 qui
998 4198 1240 4255 cadendo
1275 4201 1519 4258 diabolus
1555 4201 1726 4259 factus
1754 4211 1875 4271 est;
1898 4205 2037 4260 alte-

448 4295 570 4342 ’rum
590 4297 766 4343 autem
789 4288 1199 4358 mundanorum,
1223 4292 1277 4347 in
1298 4292 1489 4361 quibus
1514 4292 1613 4349 fuit
1640 4312 1654 4348 :
1680 4294 1810 4349 mihi
1831 4305 2033 4363 autem,

454 4377 643 4445 lateor,
675 4378 827 4434 ainde
854 4378 957 4435 hoc
992 4381 1284 4436 secundum
1313 4382 1614 4453 Scripturas
1637 4399 1896 4450 asseram,
1931 4400 2035 4440 non

444 4455 663 4525 interim
693 4470 959 4538 occurrit;
1004 4471 1098 4527 sed
1132 4482 1434 4528 coarctatus
1461 4475 1759 4545 qumstione
1787 4475 1896 4543 illa,
1927 4492 2034 4547 qua

451 4561 705 4628 qumritur
730 4569 908 4616 utrum
938 4561 1021 4616 sui
1054 4570 1217 4618 casus
1245 4564 1518 4633 praescius,
1558 4574 1841 4636 antequam
1869 4566 2037 4623 cade-

448 4659 554 4716 ret,
585 4651 766 4717 fuerit,
805 4669 873 4708 ne
900 4667 1013 4709 sum
1034 4644 1379 4712 beatitudinis
1418 4657 1648 4714 incertos
1678 4674 1798 4715 esse
1821 4660 1904 4716 vel
1933 4660 2033 4716 ali-

445 4740 663 4811 quando
692 4740 856 4799 fuisse
878 4744 1111 4813 Angelos
1126 4734 1385 4814 dicerem,
1414 4763 1518 4803 non
1544 4750 1659 4805 sine
1679 4764 1840 4806 causa
1861 4752 2034 4821 putari

450 4849 610 4904 posse
637 4822 765 4902 disi,
811 4824 1079 4892 diabolum
1121 4839 1189 4894 ab
1228 4839 1346 4909 ipso
1382 4851 1663 4909 creaturas,
1707 4843 1809 4898 hoc
1840 4853 1930 4899 est
1967 4844 2037 4899 ab

452 4928 568 4996 ipso
597 4926 679 4982 vel
710 4929 964 4999 temporis
990 4920 1074 4985 vel
1103 4945 1215 4987 suae
1232 4922 1558 4990 conditionis
1572 4924 1727 4991 initio
1751 4937 2031 5007 cecidisse,

448 5034 550 5074 nec
576 5019 862 5090 aliquando
880 5008 941 5076 in
968 5021 1192 5077 veritate
1219 5025 1451 5079 stetisse.

483 5110 711 5168 CAPUT
740 5109 859 5167 XX.
881 5142 954 5153 —
976 5101 1161 5185 Opinio
1190 5115 1252 5172 de
1280 5112 1480 5173 diabolo
1507 5128 1674 5175 creato
1698 5120 1756 5175 in
1779 5123 1995 5176 malitia.

517 5202 608 5257 27.
650 5202 802 5260 Unde
826 5205 1068 5261 nonnulli
1106 5221 1227 5262 eum
1254 5224 1365 5263 non
1406 5209 1457 5264 in
1499 5210 1636 5267 hanc
1672 5212 1927 5267 malitiam
1964 5214 2031 5268 li-

448 5293 580 5351 bero
617 5294 907 5351 voluntatis
948 5297 1169 5353 arbitrio
1211 5314 1331 5355 esse
1373 5299 1663 5367 deﬂexum,
1707 5302 1800 5358 sed
1832 5303 1891 5358 in
1930 5303 2033 5359 hac

441 5384 667 5440 omnino
677 5396 914 5442 creatum
925 5390 1137 5458 putant,
1156 5391 1443 5460 quamvis-a
1460 5392 1683 5448 Domino
1700 5393 1807 5449 Deo
1821 5408 2031 5449 summo

444 5485 500 5530 et
520 5491 649 5532 vero
674 5486 983 5535 naturarum
1002 5482 1239 5537 omnium
1264 5492 1506 5540 creatore
1530 5503 1542 5538 :
1575 5485 1933 5557 adhibentque
1955 5496 2035 5543 te-

447 5568 755 5625 Stimonium
781 5569 850 5627 de
886 5566 1024 5628 libro
1050 5573 1173 5640 Job,
1214 5576 1463 5644 quoniam
1509 5576 1580 5631 ibi
1626 5577 1879 5647 scriptum
1923 5588 2026 5646 est,

436 5668 571 5715 ‘cum
596 5659 663 5715 de
693 5661 784 5717 illo
811 5677 991 5721 sermo
1020 5676 1184 5732 esset,
1214 5665 1330 5720 Hoc
1362 5676 1435 5720 est
1455 5667 1650 5721 initium
1672 5669 1899 5739 ﬁgmenti
1923 5670 2030 5725 Do-

441 5757 597 5825 hini,
627 5756 762 5828 quod
795 5759 911 5827 fecit
939 5767 992 5813 ut
1014 5758 1261 5813 illudatur
1290 5758 1353 5812 ab
1379 5757 1583 5829 Angelis
1614 5760 1725 5828 ejus
1761 5759 1900 5829 (Job.
1938 5776 2025 5826 XL,

456 5852 543 5919 ιιι,
570 5868 665 5908 see.
689 5849 861 5925 LXX)
884 5851 1001 5935 :qui
1025 5852 1302 5909 sententitc
1314 5852 1563 5924 congruit
1582 5851 1722 5913 quod
1745 5852 1796 5909 in
1818 5852 2029 5911 Psalnio

1388 398 1476 455 DE
1497 395 1743 456 CENESI
1781 396 1873 454 AD
1910 393 2279 466 LiTTERAM,
2319 401 2376 457 S.
2416 401 2802 461 AUGUSTINI.

3617 415 3725 476 410

2160 512 2415 582 scriptum
2443 521 2544 582 est,
2572 514 2741 572 Draco
2762 518 2844 571 hic
2865 534 3010 590 quem
3042 520 3233 589 [ἔιιεὶΜί
3252 527 3321 578 ad
3339 524 3656 585 illudendum
3684 536 3733 588 ei

2159 603 2329 671 (Ptol.
2370 616 2482 675 'cn't,
2511 607 2639 682 26);
2670 611 2769 665 uisi
2806 611 2946 680 quod
2988 612 3094 679 hic,
3130 624 3276 685 quem
3311 619 3524 688 tinxisti,
3566 624 3739 695 dixit;

2156 707 2261 749 non
2291 705 2464 752 autem
2492 700 2627 753 sicut
2652 699 2741 766 ibi,
2779 699 2890 755 Hoc
2914 707 2986 756 est
3008 703 3205 760 initium
3236 708 3464 779 ﬁgmenti
3486 713 3701 772 Dontini
3718 734 3738 775 :

2158 792 2405 855 tanquam
2441 787 2495 842 in
2525 788 2675 844 initio
2708 805 2828 845 eum
2868 791 2939 845 ita
2966 792 3223 860 ﬁnxisset,
3254 808 3313 852 ut
3340 801 3531 872 maius,
3566 810 3621 860 ut
3648 806 3739 862 in-

2154 874 2325 940 vidus,
2358 885 2414 931 ut
2442 877 2707 945 seductor,
2732 888 2793 935 ut
2815 882 3032 937 omnino
3057 885 3301 943 diabolus
3329 900 3488 961 esset,
3511 902 3619 951 non
3640 904 3741 953 vo-

2151 962 2352 1022 luntate
2379 966 2718 1037 depravatus,
2749 971 2844 1027 sed
2871 973 2941 1027 ita
2970 983 3200 1033 creatus.

2372 1074 2599 1139 CAPUT
2626 1074 2768 1139 XXI.
2789 1115 2862 1125 —
2883 1086 3151 1157 Refellitur
3176 1091 3284 1146 [uec
3309 1086 3502 1164 Opinio.

2220 1164 2310 1226 28.
2351 1163 2475 1228 [iam
2502 1166 2680 1260 opinio
2708 1179 2976 1261 quomodo
3009 1196 3119 1236 non
3147 1184 3218 1237 sit
3239 1163 3461 1241 adversa
3488 1190 3558 1255 ei,
3586 1186 3735 1261 quod

2149 1263 2402 1334 scriptum
2422 1276 2523 1335 est,
2546 1255 2690 1324 Fecit
2710 1260 2849 1326 Deus
2868 1275 3037 1329 omnia
3050 1275 3180 1330 bona
3194 1278 3357 1333 valde‘
3378 1279 3532 1352 (Gen.
3556 1299 3592 1349 I,
3605 1255 3678 1339 '5!
3690 1285 3733 1354 ),

2148 1357 2389 1424 quamvis
2431 1369 2692 1415 conentur
2726 1364 3045 1433 ostendere;
3077 1382 3178 1423 nec
3217 1369 3418 1427 insulse
3452 1372 3615 1429 etiam
3650 1378 3735 1433 vel

2148 1438 2412 1536 inerudite
2450 1460 2743 1519 asseratu'r,
2792 1466 2896 1510 non
2945 1464 3148 1513 tantum
3188 1461 3495 1520 conditione
3535 1466 3731 1536 prima,

2146 1530 2242 1589 sed
2264 1536 2422 1591 etiam
2445 1549 2591 1595 nunc
2610 1541 2910 1612 depravatis
2934 1554 3012 1601 tot
3036 1547 3419 1618 voluntatibus,
3441 1553 3492 1607 in

2146 1630 2327 1685 tamen
2371 1632 2550 1687 omnia
2599 1647 2721 1704 qua:
2765 1646 2941 1692 creata
2995 1647 3139 1705 sunt,
3189 1641 3244 1696 id
3298 1652 3381 1697 est
3426 1646 3735 1703 universam

2147 1720 2365 1774 omnino
2388 1730 2685 1778 ereatura'm
2710 1725 2906 1782 bonam
2934 1742 3056 1783 esse
3090 1729 3268 1797 valde,
3300 1748 3405 1787 non
3435 1735 3578 1804 quod
3606 1735 3734 1792 boni

2145 1809 2254 1865 sint
2276 1812 2329 1865 in
2357 1827 2419 1867 ea
2444 1814 2587 1881 mali,
2626 1815 2719 1871 sed
2742 1817 2886 1886 quod
2915 1834 3022 1874 non
3051 1819 3285 1877 efﬁciant
3308 1824 3508 1878 malitia
3547 1841 3642 1880 sua
3677 1836 3736 1883 ut

2144 1901 2247 1957 sub
2287 1902 2384 1959 Dei
2417 1904 2861 1963 admi’nistratoris
2902 1910 3147 1980 imperio,
3194 1912 3407 1980 virtute,
3444 1916 3729 1985 sapientia,

2144 1986 2308 2048 decus
2345 2001 2401 2049 et
2432 1994 2564 2049 ordo
2600 1995 2958 2054 universitatis
2982 2000 3154 2071 aliqua
3183 2014 3250 2057 ex
3289 2015 3440 2073 parte
3484 2015 3733 2076 turpetur

2143 2085 2257 2141 sive
2278 2087 2552 2155 turbetur;
2575 2103 2695 2144 cum
2717 2090 2828 2145 suis
2848 2090 3145 2163 quibusnt
3165 2094 3541 2164 voluntatibus,
3565 2098 3732 2153 etiam

2144 2178 2321 2248 malis,
2354 2180 2656 2237 tribuantur
2681 2183 2813 2237 certi
2838 2192 2894 2238 et
2930 2186 3149 2256 cengrui
3179 2185 3376 2242 limites
3404 2196 3731 2257 potestatum

2142 2278 2197 2325 et
2220 2259 2456 2341 pondera
2482 2274 2817 2341 meritorum,
2842 2284 2899 2330 ut
2925 2276 3083 2331 etiam
3107 2292 3228 2333 cum
3256 2278 3386 2350 ipsis
3404 2280 3733 2336 convenien-

2140 2360 2224 2416 ter
2244 2361 2493 2431 justeque
2520 2363 2781 2419 ordinatis
2804 2356 3123 2423 universitas
3153 2369 3372 2438 pulchra
3399 2369 3471 2425 sit
3499 2388 3514 2425 :
3544 2380 3729 2427 tamen

2142 2452 2261 2519 quia
2282 2443 2503 2522 quilibet
2521 2454 2772 2519 occurrit,
2797 2462 2852 2510 et
2875 2470 3057 2511 verum
3079 2465 3162 2513 est
3178 2467 3337 2529 atque
3358 2460 3724 2529 manifestum,

2135 2532 2355 2610 justitia:
2379 2542 2480 2612 ipsi
2502 2555 2624 2600 esse
2643 2546 2969 2601 centrarium
2998 2556 3055 2602 ut
3080 2549 3225 2604 nullo
3246 2550 3582 2620 praecedente
3606 2567 3727 2609 me-

2141 2630 2263 2698 rito,
2292 2629 2393 2686 hoc
2420 2631 2593 2703 ipsum
2622 2633 2676 2688 in
2703 2650 2969 2705 quoquam
2995 2636 3135 2692 Deus
3158 2637 3376 2694 damnet
3401 2640 3543 2711 quod
3570 2640 3625 2696 in
3658 2654 3728 2697 eo

2140 2720 2257 2791 ipse
2281 2724 2559 2792 creaverit,
2609 2734 2865 2797 certaque
2897 2737 2956 2782 et
2984 2728 3204 2784 evidens
3230 2729 3501 2787 damnatio
3526 2731 3727 2789 diaboli

2140 2821 2198 2868 et
2222 2814 2532 2885 angelorum
2558 2815 2674 2887 ejus
2697 2832 2764 2872 ex
2799 2818 3089 2890 Evangelio
3113 2822 3386 2891 recitatur,
3417 2822 3507 2878 ubi
3543 2838 3605 2879 se
3636 2824 3724 2880 di-

2140 2910 2348 2958 cturum
2373 2904 2628 2960 Dominus
2649 2908 3023 2977 prmnuntiavit
3045 2908 3124 2964 eis
3149 2910 3239 2981 qui
3266 2926 3297 2964 a
3318 2911 3547 2967 sinistris
3575 2922 3723 2982 sunt,

2139 2995 2223 3050 Ite
2242 2997 2294 3050 in
2318 2998 2483 3068 ignem
2510 3008 2772 3065 ueternum,
2795 3000 2882 3071 qui
2902 3011 3219 3071 preparatus
3242 3012 3317 3057 est
3337 3003 3536 3059 diabolo
3554 3013 3604 3059 et
3629 3020 3725 3059 atr-

2118 3074 2266 3159 Igelis
2297 3087 2408 3159 ejus
2429 3086 2637 3159 (Matth.
2669 3104 2783 3144 xxv
2807 3091 2902 3154 ,41
2928 3091 2984 3161 );
3015 3090 3161 3146 nullo
3196 3092 3355 3148 modo
3382 3093 3435 3147 in
3468 3089 3535 3150 eo
3562 3103 3723 3149 natu-

2137 3194 2251 3233 ram
2281 3185 2440 3250 quam
2471 3180 2609 3236 Deus
2632 3181 2853 3249 creavit,
2883 3183 2978 3238 sed
3014 3184 3205 3238 malam
3237 3186 3505 3255 propriam
3533 3186 3726 3241 volun.

2141 3274 2304 3327 tatem
2338 3286 2498 3342 poena
2546 3271 2682 3344 ignis
2723 3274 2910 3330 azterni
2954 3275 3286 3345 plectendum
3334 3291 3453 3333 esse
3493 3277 3725 3334 creden-

2138 3362 2263 3419 dum
2290 3372 2391 3419 est.

2227 3452 2456 3511 CAPUT
2486 3453 2651 3509 XXII.
2676 3484 2749 3495 -—-
2775 3446 3041 3527 Opinionis
3070 3450 3295 3529 qiusdem
3318 3458 3648 3530 fundamenta

2752 3548 3117 3603 convellunlur.

2210 3623 2302 3690 99.
2341 3634 2450 3691 Nec
2487 3635 2602 3706 ejus
2627 3645 2874 3691 naturam
2912 3651 3033 3692 esse
3079 3637 3427 3707 signiﬁcat-am
3469 3638 3612 3709 quod
3640 3633 3728 3695 di-

2138 3734 2285 3780 ctum
2312 3734 2416 3793 est,
2448 3724 2562 3779 Hoc
2593 3734 2665 3780 est
2699 3726 2899 3780 initium
2921 3726 3144 3797 ﬁgmenti
3177 3727 3406 3794 Domini,
3443 3726 3579 3799 quod
3605 3721 3728 3800 fecit

2140 3826 2194 3870 ut
2228 3806 2474 3871 illudatur
2509 3818 2574 3871 ab
2611 3817 2816 3888 Angelis
2853 3820 2961 3889 ejus
2983 3834 3003 3873 :
3027 3818 3122 3874 sed
3152 3819 3235 3874 vel
3268 3836 3461 3891 corpus
3497 3822 3725 3889 aerium,

2137 3906 2282 3977 quod
2321 3907 2411 3963 tali
2458 3906 2714 3962 voluntati
2756 3918 3117 3979 congruenter
3156 3911 3389 3980 aptavit;
3433 3912 3516 3967 vel
3553 3912 3728 3982 ipsam

2136 3998 2550 4067 ordinationem,
2571 3990 2628 4054 in
2649 4015 2749 4071 qua
2774 4015 2896 4056 eum
2921 4002 3044 4057 fecit
3063 4003 3220 4057 etiam
3250 4003 3521 4060 nolentem
3542 4005 3729 4061 utilem

2135 4084 2329 4157 bonis;
2360 4091 2447 4146 vel
2467 4088 2607 4162 quod
2628 4091 2915 4161 praesciens
2937 4107 3059 4147 eum
3085 4094 3299 4164 propria
3320 4096 3591 4152 voluntate
3612 4112 3730 4152 tua»

2067 4194 2080 4203 ’
2136 4180 2247 4235 lum
2273 4179 2530 4249 futurum,
2563 4182 2684 4236 iecit
2703 4197 2824 4237 eum
2845 4180 3051 4249 tamen,
3080 4200 3185 4238 non
3213 4185 3490 4241 abstinens
3520 4186 3729 4242 bonita-

2095 4303 2102 4309 -
2135 4270 2252 4326 tem
2295 4287 2443 4327 suam
2481 4266 2538 4325 in
2568 4268 2853 4343 praebenda
2878 4274 2987 4327 vita
3024 4277 3184 4345 atque
3212 4276 3503 4331 substantia
3532 4275 3726 4333 futura:

2137 4363 2301 4419 etiam
2344 4364 2517 4418 noxiae
2550 4364 2861 4429 Voluntati”,
2906 4364 3061 4420 simul
3084 4365 3387 4435 prmvideus
3427 4376 3625 4438 quanta
3653 4368 3724 4425 de

2140 4450 2230 4509 iﬂo
2256 4454 2393 4509 bona
2421 4465 2559 4509 esset
2598 4469 2691 4509 sua
2728 4450 2955 4510 mirabili
2982 4456 3220 4512 bonitate
3260 4473 3321 4511 ac
3353 4467 3615 4527 poteState
3643 4460 3723 4514 ia-

2139 4556 2342 4601 cturus.
2381 4544 2593 4600 Initium
2637 4557 2813 4601 autem
2854 4548 3077 4618 ﬁgmenti
3123 4544 3333 4601 Domini
3373 4548 3546 4604 dictus
3592 4558 3713 4618 est,

2136 4636 2273 4709 quod
2300 4636 2415 4708 fecit
2438 4646 2495 4691 ut
2522 4632 2764 4691 illudatur
2790 4636 2851 4689 ab
2873 4636 3077 4709 Angelis
3103 4639 3231 4709 ejus,
3261 4653 3368 4693 non
3396 4640 3515 4709 quia
3547 4639 3721 4710 ipsum

2140 4720 2383 4798 primitus
2408 4727 2663 4795 condidit,
2686 4728 2770 4784 vel
2792 4727 2942 4782 initio
2963 4728 3159 4781 malum
3181 4729 3447 4795 condidit;
3476 4729 3571 4785 sed
3597 4731 3721 4801 quia

2139 4836 2260 4876 cum
2288 4820 2450 4876 sciret
2487 4836 2610 4877 eum
2637 4820 2703 4876 ad
2725 4820 2832 4875 hoc
2852 4821 3069 4891 propria
3094 4821 3368 4876 Voluntate
3403 4821 3604 4876 malum
3635 4823 3723 4877 iu-

2136 4922 2318 4969 turum
2341 4923 2398 4969 ut
2421 4912 2575 4968 bonis
2598 4921 2832 4977 noceret,
2856 4913 3056 4967 creavit
3075 4926 3199 4966 eum
3225 4911 3292 4966 ad
3324 4911 3426 4967 ho‘c
3448 4922 3506 4967 ut
3533 4912 3602 4969 de
3628 4914 3723 4969 illo

2133 5004 2293 5060 bonis
2330 5006 2445 5076 ipse
2481 5005 2779 5074 prodesset».
2811 5003 2923 5058 lloc
2961 5011 3045 5057 est
3085 5003 3251 5069 enim,
3290 5013 3349 5057 ut
3374 5003 3621 5058 illudatur
3658 5005 3723 5059 ab

2136 5096 2345 5167 Angelis
2378 5096 2520 5166 ejus;
2557 5095 2807 5166 quoniam
2831 5094 2909 5149 sic
2937 5093 3195 5159 illuditur,
3223 5108 3345 5147 cum
3371 5094 3571 5148 sanctis
3596 5110 3723 5165 pro-

2138 5196 2261 5241 sunt
2289 5188 2604 5241 tentationes
2637 5186 2770 5255 ejus,
2801 5185 2994 5255 quibus
3020 5199 3120 5239 eos
3147 5185 3440 5256 depravare
3466 5195 3716 5255 conatur,

2140 5288 2195 5334 ut
2225 5279 2447 5345 malitia,
2480 5279 2532 5334 in
2560 5284 2661 5349 qua
2682 5278 2804 5348 ipse
2833 5292 2951 5334 esse
2973 5278 3157 5345 voluit,
3183 5289 3250 5333 eo
3277 5279 3493 5334 nolente
3517 5280 3588 5335 sit
3612 5280 3721 5336 uti-

2134 5366 2206 5426 lis
2247 5369 2416 5425 servis
2442 5368 2570 5435 Dei;
2612 5371 2733 5440 quia
2765 5369 2865 5425 hoc
2892 5369 3187 5440 praevidens
3227 5386 3350 5425 eum
3393 5371 3565 5435 ﬁnxit.
3595 5372 3723 5429 Ideo

2201 5486 2217 5517 ¹
2242 5482 2442 5533 codices
2473 5482 2591 5544 editi
2633 5489 2685 5533 et
2717 5490 2821 5532 Mss.
2859 5488 2989 5544 post,
3026 5480 3151 5544 lima
3186 5481 3345 5543 valde,
3373 5483 3597 5535 addunt:
3631 5484 3723 5535 [Λή

2135 5546 2371 5598 inmmitur
2391 5541 2609 5608 diabolus
2629 5557 2721 5608 non
2742 5541 2940 5608 propitia
2961 5542 3195 5608 voluntate
3210 5541 3515 5608 deprauatus,
3543 5545 3629 5596 sed
3660 5546 3725 5595 ab

2134 5609 2239 5673 ipso
2263 5607 2461 5673 sentina
2482 5615 2577 5655 Deo
2607 5604 2762 5669 factus
2794 5604 2949 5673 malus
2971 5604 3142 5666 valde;
3173 5604 3305 5668 quod
3342 5605 3586 5673 glossema
3608 5620 3725 5673 esse

2130 5668 2308 5722 censor
2329 5671 2522 5732 quidam
2542 5668 2634 5717 nec
2654 5668 2933 5728 imprudens
2951 5680 3043 5716 nec
3068 5680 3245 5718 recens
3278 5668 3521 5719 annotavit
3542 5670 3591 5718 in
3621 5670 3725 5719 Col-

2134 5734 2327 5782 bertino
2343 5741 2420 5780 us.
2436 5739 2541 5780 Mox
2560 5731 2609 5778 in
2626 5728 2769 5778 editis
2787 5728 3042 5791 legebatur
3061 5730 3308 5789 :Quamt'is
3319 5737 3545 5784 conentur
3562 5736 3722 5783 osten-

2364 5752 2420 5779 Ιδ.
2438 5752 2541 5779 Μυι
2560 5752 2609 5778 ιιι
2626 5752 2769 5778 cuius
2787 5752 3042 5779 ιυκυικιυῐ
3061 5752 3308 5779 ;υιια11ιιίδ
3319 5752 3431 5779 CUI“

2134 5798 2250 5848 dere
2272 5800 2321 5843 ut
2338 5792 2513 5844 insulse
2536 5804 2553 5839 :
2573 5798 2622 5839 at
2645 5792 2691 5838 in
2711 5797 2840 5847 Mssa,
2862 5803 2948 5841 nec
2970 5791 3163 5843 insulse.

2198 5864 2215 5891 ²
2253 5866 2359 5910 Mss.
2380 5854 2585 5917 aliquot,
2610 5852 2876 5906 voluntatis.
2903 5928 2911 5932 _
