4090 6450
371 366 471 421 ul

374 479 582 535 initium
627 473 694 530 ad
724 471 1070 538 illudendum,
1113 470 1234 540 quia
1277 477 1332 524 et
1379 467 1504 523 mali
1550 465 1794 521 homines
1831 478 1962 518 vasa

374 567 617 638 ejusdem
641 564 860 630 diaboli,
890 571 944 619 et
969 571 1216 630 tanquam
1251 560 1439 630 capitis
1467 571 1685 627 corpus,
1713 569 1850 625 quos
1875 555 1962 609 ni-

375 661 667 716 hilominus
693 659 834 712 Deus
872 656 1043 711 malos
1070 654 1278 709 futuros
1306 651 1624 723 przevidens,
1652 648 1852 705 creavit
1879 659 1961 703 ta-

376 767 501 806 men
545 750 613 803 ad
664 749 942 803 utilitatem
990 755 1315 809 sanctorum,
1364 743 1607 798 similiter
1651 740 1956 805 illuduntur,

376 857 501 896 cum
528 849 585 894 et
621 839 748 909 ipsis
783 851 976 891 nocere
1003 835 1318 898 volentibus,
1353 841 1632 903 praestatur
1659 833 1857 887 sanctis
1896 847 1962 886 ex

372 947 564 988 eorum
588 928 985 1000 comparatione
1010 926 1234 991 cautela,
1257 934 1312 980 et
1331 926 1415 995 pia
1441 924 1540 979 sub
1562 925 1670 979 Deo
1694 922 1962 977 humilitas

374 1033 434 1078 et
471 1019 814 1090 intelligentia
843 1018 1085 1088 gratitu',
1115 1027 1169 1071 et
1212 1015 1523 1071 exercitatio
1560 1014 1626 1069 ad
1658 1012 1963 1068 tolerandos

375 1113 572 1176 malos,
601 1120 656 1164 et
682 1108 922 1179 probatio
940 1107 1007 1162 ad
1026 1106 1326 1176 diligendos
1347 1106 1610 1160 inimicos.
1642 1104 1746 1160 Sed
1777 1104 1863 1157 ille
1882 1111 1965 1157 est

375 1202 591 1256 initium
640 1199 894 1270 figmenti,
935 1197 1076 1268 quod
1121 1196 1198 1251 sic
1233 1195 1494 1260 illuditur,
1544 1195 1666 1263 quia
1712 1192 1966 1263 przecedit

375 1293 514 1346 istos
552 1299 608 1344 et
645 1290 902 1358 temporis
942 1287 1276 1356 antiquitate,
1307 1295 1360 1340 et
1391 1285 1685 1354 principatu
1727 1283 1960 1337 malitia}.

382 1384 498 1438 lloc
535 1394 714 1437 autem
759 1381 831 1434 illi
875 1380 1014 1434 Deus
1049 1394 1142 1448 per
1180 1386 1391 1432 sanctos
1432 1378 1665 1446 Angelos
1692 1375 1838 1442 facit,
1871 1375 1964 1428 illo

377 1488 546 1543 opere
586 1471 950 1543 providentize,
989 1485 1096 1540 quo
1123 1478 1328 1524 creatas
1357 1477 1576 1523 naturas
1604 1467 1962 1532 administrat,

380 1565 617 1619 eubdens
663 1563 910 1617 videlicet
952 1561 1170 1631 angelos
1217 1561 1386 1614 malos
1424 1559 1642 1628 Angelis
1688 1559 1864 1625 bonis,
1907 1567 1966 1613 ut

379 1656 644 1709 nullorum
667 1652 1002 1722 improbitas,
1028 1666 1130 1706 non
1162 1661 1416 1721 quantum
1440 1652 1644 1717 nititur,
1669 1650 1764 1706 sed
1791 1666 1963 1720 quan-

382 1755 494 1800 tum
520 1745 714 1799 sinitur
739 1744 906 1814 possit
937 1761 952 1798 :
984 1758 1083 1797 nec
1110 1750 1312 1797 tantum
1341 1742 1649 1812 angelorum
1681 1741 1962 1809 malorum,

381 1851 568 1890 verum
597 1846 650 1890 et
684 1835 975 1898 hominum,
1007 1833 1180 1888 donec
1201 1833 1360 1888 etiam
1387 1832 1485 1886 ista
1506 1832 1730 1902 justitia,
1753 1847 1856 1902 qua
1882 1833 1964 1885 vi-

382 1930 523 1983 vitur
547 1944 611 1983 ex
636 1927 740 1982 [ide
768 1927 941 1999 (Rom.
973 1943 1012 1993 ι,
1046 1927 1158 1996 l7),
1189 1941 1310 1995 qua:
1331 1941 1471 1980 nunc
1499 1927 1756 1994 patienter
1787 1926 1840 1979 in
1871 1926 1967 1979 lto-

382 2019 616 2074 minibus
627 2028 926 2082 exercetur,
944 2025 1282 2071 convertatur
1296 2017 1348 2069 in
1359 2015 1614 2085 judicium
1628 2015 1796 2088 (Psal.
1813 2031 1963 2083 xcm,

383 2111 495 2179 l5),
547 2118 606 2163 ut
648 2109 850 2177 possint
881 2117 936 2162 et
975 2107 1075 2176 ipsi
1115 2122 1218 2160 non
1260 2107 1434 2161 solum
1475 2106 1758 2161 duodecim
1800 2107 1966 2162 tribus

381 2195 547 2255 lsrael
577 2198 810 2271 (Matth.
843 2213 961 2264 xtx,
1001 2197 1120 2268 28),
1163 2197 1258 2253 sed
1295 2198 1454 2252 etiam
1489 2197 1705 2268 angelos
1727 2197 1967 2268 judicare

382 2289 427 2360 (Ι
456 2284 574 2342 Cor.
599 2305 670 2354 VI,
702 2290 778 2358 5).

381 2373 609 2437 CAPUT
655 2374 845 2435 XXIII.
883 2409 955 2420 -—
997 2379 1064 2434 Ut
1105 2380 1483 2450 intelligendum
1523 2388 1595 2433 est
1622 2379 1877 2433 diabolum
1913 2380 1967 2433 in

811 2470 1012 2523 veritate
1041 2486 1298 2539 nunquam
1336 2471 1543 2524 stetisse.

458 2560 548 2615 30.
577 2559 728 2627 Quod
753 2575 879 2630 ergo
907 2569 1119 2629 putatur
1160 2575 1430 2630 nunquam
1462 2560 1703 2615 diabolus
1742 2560 1795 2614 in
1826 2560 1965 2614 veri-

379 2656 494 2707 tate
517 2654 760 2718 stetisse,
791 2667 1058 2723 nunquam
1093 2667 1212 2707 eum
1249 2652 1465 2722 Angelis
1505 2653 1712 2706 beatam
1750 2651 1968 2707 duxisse

384 2746 572 2807 vitam,
603 2744 697 2798 sed
725 2745 794 2798 ab
835 2745 948 2814 ipso
987 2760 1097 2798 sua:
1135 2743 1454 2798 conditionis
1493 2743 1643 2797 initio
1669 2742 1963 2809 cecidisse,

385 2852 495 2890 non
532 2836 609 2890 sic
638 2835 1000 2906 accipiendum
1042 2845 1159 2900 est,
1208 2843 1265 2888 ut
1299 2849 1404 2888 non
1447 2834 1658 2903 propria
1696 2834 1967 2888 voluntate

385 2927 729 2995 depravatus,
772 2924 866 2978 sed
907 2924 1074 2980 malus
1104 2939 1134 2976 a
1175 2924 1313 2978 bono
1339 2924 1450 2977 Deo
1477 2934 1683 2977 creatus
1711 2931 1923 2992 putetur
1950 2939 1964 2988 ;

381 3019 618 3086 alioquin
644 3032 748 3070 non
772 3016 838 3070 ab
860 3016 1008 3069 initio
1030 3015 1284 3070 cecidisse
1305 3014 1569 3069 diceretur
1593 3030 1605 3066 :
1634 3029 1806 3082 neque
1825 3015 1966 3067 enim

385 3107 599 3171 cecidit,
630 3107 675 3160 si
715 3107 832 3160 talis
869 3115 952 3160 est
989 3106 1175 3160 factus.
1223 3104 1328 3159 Sed
1368 3103 1538 3159 factus
1574 3105 1826 3159 continuo
1849 3119 1910 3158 se
1937 3119 1967 3157 a

386 3198 509 3253 luce
539 3199 774 3251 veritatis
814 3197 1022 3263 avertit,
1070 3196 1316 3267 superbia
1366 3196 1624 3261 tumidus,
1657 3204 1712 3250 et
1741 3196 1968 3266 propria:

382 3293 663 3362 potestatis
690 3291 1042 3345 delectatione
1075 3297 1356 3359 Corruptus
1395 3306 1410 3342 ;
1444 3289 1583 3343 unde
1611 3289 1782 3344 beata:
1809 3298 1969 3357 atque

381 3384 639 3452 angelicae
673 3382 790 3436 vitte
833 3382 1165 3436 dulcedinem
1211 3397 1315 3436 non
1360 3383 1624 3451 gustavit,
1672 3395 1829 3450 quam
1862 3395 1967 3433 non

389 3478 569 3545 utique
596 3482 868 3543 acceptam
897 3473 1168 3538 lastidivit,
1189 3473 1282 3526 sed
1299 3473 1529 3526 nolendo
1551 3471 1793 3540 accipere
1812 3470 1969 3525 dese-

383 3569 515 3633 ruit,
544 3577 600 3621 et
641 3567 837 3620 amisit.
871 3566 1098 3621 Proinde
1139 3581 1236 3620 nec
1269 3565 1350 3619 sui
1381 3581 1541 3620 casus
1573 3567 1823 3634 pneseius
1851 3580 1970 3620 esse

387 3658 590 3726 potuit;
636 3657 886 3726 quoniam
933 3657 1189 3726 sapientia
1224 3657 1438 3726 pietatis
1482 3665 1566 3711 est
1610 3656 1831 3712 fructus.
1875 3657 1969 3712 Ille

387 3759 565 3803 autem
582 3749 834 3802 continuo
853 3748 1066 3818 impius,
1091 3757 1479 3818 consequenter
1497 3757 1552 3802 et
1573 3758 1750 3803 mente
1773 3764 1965 3816 czecus,

387 3857 499 3895 non
521 3857 583 3895 ex
608 3856 674 3895 eo
698 3841 837 3909 quod
867 3850 1146 3910 acceperat
1163 3841 1374 3908 cecidit,
1401 3842 1495 3897 sed
1525 3857 1588 3897 ex
1617 3856 1682 3896 eo
1710 3842 1849 3912 quod
1877 3858 1968 3898 ac-

387 3933 626 4001 ciperet,
659 3932 704 3986 si
747 3932 900 3986 subdi
938 3932 1192 3986 voluisset
1223 3933 1331 3987 Deo
1368 3950 1380 3986 :
1411 3931 1549 4001 quod
1587 3931 1825 4000 profecto
1849 3933 1970 4002 quia

387 4024 583 4087 noluit,
600 4031 653 4077 et
673 4023 739 4078 ab
760 4038 823 4076 eo
839 4021 977 4092 quod
989 4031 1301 4091 acceptorus
1317 4034 1428 4076 a-at
1443 4021 1654 4087 cecidit,
1673 4031 1728 4076 et
1744 4031 1972 4091 potesta-

392 4124 499 4168 tem
533 4115 672 4168 illius
703 4115 804 4168 sub
828 4130 931 4182 quo
958 4128 1078 4168 esse
1103 4114 1291 4180 noluit,
1319 4128 1422 4167 non
1449 4113 1641 4178 evasit;
1670 4112 1972 4184 factumque

362 4205 447 4258 ’in
475 4206 564 4258 illo
587 4215 670 4260 est
697 4205 926 4274 pondere
953 4205 1284 4270 meritorum,
1313 4213 1369 4258 ut
1418 4219 1515 4258 nec
1555 4204 1776 4273 justitia:
1806 4207 1973 4275 possit

391 4297 592 4350 lumine
633 4295 904 4361 delectari,
938 4310 1036 4350 nec
1063 4295 1130 4350 ab
1158 4295 1274 4364 ejus
1309 4295 1569 4350 sententia
1598 4295 1832 4351 liberari.

392 4387 622 4443 CAPUT
653 4386 841 4441 XXIV.
869 4415 942 4426 -
982 4385 1060 4440 De
1100 4402 1311 4456 corpore
1334 4389 1542 4456 mystico
1565 4387 1755 4441 diaboli
1782 4387 1972 4442 intelli-

568 4480 790 4550 gendum
812 4495 915 4532 esse
934 4478 1082 4544 illud,
1115 4476 1398 4543 Quomodo
1420 4477 1629 4541 cecidit,
1659 4489 1757 4532 etc.

464 4570 553 4623 51.
583 4567 732 4634 Quod
758 4583 884 4638 ergo
914 4582 1007 4636 per
1028 4568 1214 4621 Isaiam
1253 4567 1565 4636 prophetam
1595 4568 1648 4622 in
1680 4583 1801 4622 eum
1836 4568 1971 4623 dici-

392 4668 500 4723 tur,
529 4658 788 4725 Quomodo
807 4659 983 4713 cecidit
1003 4659 1066 4710 de
1081 4659 1209 4711 caelo
1236 4657 1439 4727 Lucifer
1465 4674 1611 4712 mane
1630 4659 1796 4713 oriens
1812 4661 1837 4713 ?
1855 4677 1976 4714 con-

394 4753 543 4806 tritus
566 4761 636 4805 est
671 4753 720 4803 in
746 4760 951 4814 terram,
989 4751 1075 4819 qui
1114 4750 1336 4802 mittebat
1370 4749 1438 4802 ad
1467 4765 1636 4803 omnes
1655 4751 1872 4819 gentes?
1900 4750 1976 4805 Tu

392 4854 563 4898 autem
589 4845 757 4896 dixisti
776 4859 925 4896 sensu
954 4851 1059 4907 tuo,
1091 4840 1158 4894 In
1177 4842 1356 4895 caelum
1381 4842 1683 4909 ascendam,
1718 4859 1871 4913 super
1900 4845 1974 4898 si-

395 4936 518 4989 dera
537 4934 648 4988 caeli
669 4951 851 5006 ponam
867 4934 1110 4986 thronum
1137 4949 1319 4997 meum,
1337 4931 1512 4984 sedebo
1529 4932 1583 4985 iu
1599 4942 1763 4986 monte
1775 4935 1976 4988 excelso

393 5045 546 5098 super
573 5038 762 5081 montes
790 5025 1009 5081 excelsos
1035 5026 1120 5095 qui
1145 5034 1261 5078 sunt
1285 5025 1353 5076 ad
1377 5025 1680 5094 aquilonem,
1709 5027 1977 5081 ascendant

393 5137 548 5190 super
577 5120 748 5182 nubes,
779 5134 866 5170 ero
893 5117 1070 5170 similis
1096 5117 1352 5168 Altissimo
1382 5131 1401 5169 :
1427 5133 1560 5169 nunc
1592 5127 1754 5170 autem
1782 5117 1854 5170 ad
1894 5119 1975 5171 in-

387 5215 531 5285 .feros
565 5212 830 5266 descendes
871 5209 1019 5277 (lsai.
1057 5225 1165 5271 xiv,
1196 5207 1416 5279 lS—M);
1453 5219 1506 5264 et
1532 5221 1746 5275 caetera,
1775 5227 1893 5280 qua:
1924 5211 1975 5266 in

398 5307 566 5376 ﬁgura
613 5305 754 5373 regis
787 5303 931 5356 velut
961 5300 1238 5372 Babylonis
1274 5302 1325 5354 in
1353 5300 1615 5355 diabolum
1655 5302 1793 5356 dicta
1824 5303 1978 5356 intel-

398 5399 654 5468 liguntur,
688 5396 836 5464 plura
865 5395 916 5448 in
945 5393 1060 5464 ejus
1079 5406 1273 5462 corpus
1289 5392 1629 5455 con-veniunt,
1659 5393 1798 5461 quod
1819 5394 1976 5448 etiattt

398 5490 465 5543 de
496 5488 728 5542 humano
763 5503 957 5557 genere
995 5494 1309 5555 congregat;
1347 5484 1479 5538 etin
1505 5498 1599 5536 eos
1626 5485 1860 5539 maxime
1887 5487 1978 5555 qui

394 5583 450 5637 ei
498 5598 590 5651 per
627 5581 934 5650 superbiam
960 5579 1250 5643 cohaerent,
1282 5576 1630 5645 apostataudo
1656 5592 1686 5630 a
1715 5578 1979 5632 mandatis

461 5688 902 5759 [siepleriqueuet
923 5689 1112 5759 eptimze
1135 5697 1261 5759 notae
1280 5697 1386 5740 Mss.
1413 5696 1466 5741 At
1489 5690 1658 5744 excusi
1675 5689 1879 5754 habent,
1895 5690 1981 5742 hu-

631 5762 679 5807 et
699 5753 1021 5819 malagmate
1042 5753 1218 5818 gratia.

1677 345 1880 405 LIBER
1918 347 2010 406 UN
2017 347 2325 405 DECIMUS.

3537 354 3644 413 με

2075 463 2192 518 Dei.
2231 463 2379 520 Sicut
2422 467 2564 522 enim
2593 469 2680 537 qui
2708 478 2820 524 erat
2843 470 3105 538 diabolus,
3135 471 3296 526 homo
3319 473 3492 531 dictus
3527 487 3647 546 est,

2070 564 2126 608 ut
2161 557 2212 610 in
2243 555 2557 627 Evangelio,
2588 558 2834 614 Inimicus
2860 562 3009 616 homo
3033 563 3128 616 hoc
3147 564 3262 632 fecit
3282 563 3492 635 (Matth.
3521 582 3643 634 xm,

2067 646 2194 715 28);
2229 647 2300 700 ita
2329 649 2416 717 qui
2442 648 2603 704 homo
2627 660 2764 717 erat,
2797 652 3036 707 diabolus
3057 654 3230 708 dictus
3256 666 3358 720 est,
3383 665 3441 710 ut
3466 672 3650 713 rursus

2070 735 2124 790 in
2151 737 2455 808 Evangelio,
2485 739 2672 796 Nonne
2692 760 2782 814 ego
2801 761 2886 798 vos
2909 745 3171 799 duodecim
3201 747 3345 818 elegi,
3377 758 3423 802 et
3445 766 3572 804 unus
3589 765 3652 804 ea:

2072 828 2207 881 vobis
2233 829 2463 884 diabolus
2491 841 2560 886 est
2580 831 2756 904 (Joan.
2771 850 2843 899 vx,
2859 835 2983 904 7i)?
3002 837 3064 889 Et
3084 838 3220 890 sicut
3243 852 3434 907 corpus
3454 839 3651 894 Christi

2067 919 2210 987 quod
2251 930 2334 974 est
2377 921 2649 990 Ecclesia,
2696 924 2890 979 dicitur
2932 925 3196 992 Christus,
3229 928 3366 982 sicut
3392 927 3518 982 illud
3545 940 3648 997 est,

2085 1006 2181 1061 Vos
2204 1009 2420 1064 Abrahc
2447 1028 2610 1066 semen
2637 1015 2772 1078 estis,
2801 1031 2920 1069 cum
2944 1017 3099 1085 paulo
3119 1018 3361 1086 superius
3389 1018 3650 1085 dixisset,

2069 1099 2289 1154 Abi-alie
2333 1101 2480 1156 dictae
2517 1113 2630 1158 sunt
2673 1108 3030 1176 promissiones
3066 1116 3112 1162 et
3139 1109 3317 1162 semini
3344 1111 3453 1179 ejus
3495 1126 3513 1163 :
3550 1127 3652 1164 non

2069 1190 2212 1256 dicit,
2241 1191 2311 1245 Et
2333 1195 2619 1261 seminibus,
2648 1206 2885 1266 tanquam
2910 1199 2963 1252 in
2988 1201 3158 1254 multis
3175 1217 3194 1265 ;
3219 1202 3307 1254 sed
3328 1211 3567 1272 tanquam
3597 1203 3652 1256 in

2071 1298 2192 1347 uno,
2227 1283 2294 1338 Et
2334 1287 2510 1340 semini
2549 1296 2655 1354 tuo,
2687 1290 2820 1357 quod
2861 1299 2933 1344 est
2971 1291 3199 1347 Christus
3227 1292 3420 1367 Galat.
3450 1310 3528 1358 ut,
3556 1295 3648 1360 ‘29,

2074 1375 2162 1446 16)
2185 1392 2200 1440 ;
2228 1386 2282 1431 et
2310 1377 2520 1442 iterum,
2541 1378 2686 1434 Sicut
2703 1385 2834 1435 enim
2856 1399 3038 1454 corpus
3061 1401 3217 1437 unum
3245 1394 3334 1448 est,
3363 1397 3410 1439 et
3433 1387 3654 1440 membra

2071 1466 2218 1521 habet
2261 1469 2438 1535 multa,
2480 1471 2652 1523 omnia
2694 1482 2862 1525 autem
2905 1473 3123 1527 membra
3152 1476 3376 1544 corporis
3413 1493 3526 1530 cum
3555 1477 3654 1530 sint

2073 1557 2254 1622 multa,
2281 1574 2432 1612 unum
2449 1569 2521 1614 est
2541 1578 2721 1631 corpus
2738 1579 2756 1626 ;
2778 1563 2847 1615 ita
2873 1573 2917 1617 et
2939 1563 3232 1639 Christus(l
3253 1567 3369 1622 Cor.
3403 1585 3498 1629 xu.
3531 1569 3652 1639 li):

2069 1663 2138 1702 eo
2166 1648 2327 1702 modo
2352 1650 2510 1704 etiam
2541 1667 2735 1721 corpus
2763 1653 2979 1722 diaboli,
3004 1657 3088 1710 cui
3115 1666 3273 1727 caput
3297 1667 3378 1712 est
3392 1658 3650 1724 diabolus,

2074 1741 2126 1795 id
2151 1751 2235 1796 est
2261 1743 2371 1812 ipsa
2405 1744 2686 1814 impiorum
2731 1748 3048 1816 multitudo,
3095 1752 3430 1821 maximeque
3468 1767 3654 1806 eorum

2073 1833 2161 1901 qui
2193 1850 2220 1885 a
2248 1834 2458 1888 Christo
2487 1837 2568 1890 vel
2596 1836 2663 1891 de
2691 1837 2930 1893 Ecclesia
2958 1839 3096 1894 sicut
3123 1839 3190 1895 de
3218 1841 3356 1896 cmlo
3381 1840 3652 1908 decidunt,

2071 1922 2265 1976 dicitur
2290 1923 2531 1978 diabolus
2551 1967 2566 1992 ,
2616 1936 2670 1980 et
2716 1927 2766 1980 in
2812 1927 2982 1997 ipsum
3021 1943 3216 1999 corpus
3243 1929 3464 2000 ﬁgurate
3492 1932 3656 1985 multa

2071 2013 2340 2081 dicuntur,
2358 2031 2477 2085 quae
2501 2031 2609 2071 non
2637 2026 2743 2072 tam
2767 2020 2927 2089 capiti
2957 2035 3112 2089 quam
3139 2021 3349 2090 corpori
3375 2023 3657 2076 membris-

2073 2119 2178 2172 que
2202 2105 2543 2160 conveniant.
2572 2107 2752 2177 Itaque
2780 2108 2994 2164 Lucifer
3019 2110 3107 2180 qui
3136 2125 3292 2164 mane
3311 2110 3584 2165 oriebatur
3599 2123 3658 2166 et

2073 2196 2286 2262 cecidit,
2320 2207 2490 2266 potest
2520 2199 2742 2269 intelligi
2763 2209 3123 2269 apostatarum
3139 2216 3306 2272 genus
3328 2202 3412 2257 vel
3441 2217 3471 2256 a
3497 2202 3656 2258 Chri-

2072 2297 2156 2342 sto
2184 2289 2263 2343 vel
2296 2290 2364 2344 ab
2389 2290 2659 2358 Ecclesia;
2690 2293 2830 2362 quod
2861 2294 2930 2348 ita
2958 2295 3286 2349 convertitur
3311 2294 3379 2348 ad
3411 2295 3656 2351 tenebras

2072 2379 2266 2433 amissa
2293 2379 2430 2446 luce,
2458 2396 2616 2450 quam
2643 2384 2905 2452 portabat,
2928 2385 3372 2453 quemadmodum
3406 2385 3497 2456 qui
3529 2401 3658 2441 eon-

2073 2477 2352 2524 vertuntur
2379 2471 2445 2525 ad
2477 2472 2664 2539 Deum,
2693 2488 2722 2526 a
2754 2474 2984 2529 tenebris
3021 2475 3088 2530 ad
3130 2477 3303 2532 lucem
3342 2485 3654 2543 transeunt,

2074 2557 2126 2612 id
2155 2567 2254 2622 est,
2279 2561 2367 2629 qui
2397 2560 2610 2616 fuerunt
2635 2565 2871 2620 tenebrae
2900 2565 2986 2619 lux
3015 2567 3165 2621 liunt.

2073 2649 2298 2705 CAPUT
2331 2651 2496 2706 XXV.
2519 2683 2587 2694 ~—
2608 2652 2687 2708 De
2705 2655 2879 2710 eodem
2905 2673 3114 2726 corpore
3135 2657 3325 2712 diaboli
3339 2659 3532 2712 dictum
3549 2671 3656 2714 esse

2143 2741 2294 2807 illud,
2322 2741 2402 2796 Tu
2424 2758 2487 2798 es
2512 2744 2860 2814 signaculum,
2891 2756 2984 2803 etc.
3015 2745 3295 2804 Paradisus
3321 2749 3567 2804 Ecclesia.

2144 2831 2234 2886 5‘2.
2273 2832 2402 2888 Item
2453 2835 2506 2888 in
2548 2835 2711 2905 ﬁgura
2749 2837 3000 2906 principis
3037 2838 3160 2909 'I‘yri
3197 2855 3292 2909 per
3320 2839 3656 2895 Ezecltieletn

2076 2923 2387 2993 prophetam
2416 2925 2466 2978 itt
2493 2925 2765 2981 diabolum
2788 2928 2928 2982 dicta
2970 2929 3350 2998 intelliguntur,
3385 2929 3466 2982 Tu
3493 2946 3546 2984 es
3577 2931 3655 2984 si-

2074 3015 2342 3084 gnaculum
2369 3015 2714 3071 similitudinis
2733 3027 2780 3071 et
2802 3035 2989 3072 corona
3017 3019 3246 3084 decoris;
3271 3021 3324 3072 in
3350 3020 3542 3074 deliciis
3568 3038 3660 3091 pa-

2074 3105 2235 3160 radisi
2259 3105 2351 3159 Dei
2373 3107 2534 3177 fuisti,
2556 3110 2691 3162 omni
2713 3109 2884 3179 lapide
2912 3112 3125 3179 pretioso
3148 3121 3356 3165 ornatus
3373 3128 3423 3165 es
3443 3110 3655 3180 (Esech.

2076 3212 2255 3262 xxvm,
2302 3198 2387 3264 1‘2,
2433 3199 2554 3268 l3);
2602 3208 2656 3253 et
2700 3208 2914 3266 canere,
2955 3217 3072 3271 quae.
3102 3218 3207 3256 non
3240 3213 3342 3257 tam
3384 3203 3436 3258 in
3485 3204 3660 3273 ipsum

2079 3287 2370 3358 principem
2383 3289 2624 3356 spiritum
2648 3289 2916 3359 nequitiae,
2929 3307 3086 3360 quam
3104 3292 3156 3346 in
3179 3307 3373 3362 corpus
3387 3292 3502 3361 ejus
3517 3292 3660 3348 dicta

2076 3379 2418 3432 conveniunt.
2452 3379 2735 3434 Paradisus
2762 3381 2902 3434 enim
2932 3380 3072 3434 dicta
3106 3392 3189 3436 est
3226 3382 3482 3448 Ecclesia,
3523 3382 3662 3437 sicut

2078 3469 2273 3540 legitur
2303 3469 2353 3524 itt
2383 3469 2600 3525 Cantico
2622 3472 2971 3536 canticorum,
3008 3471 3198 3528 Hortus
3228 3475 3513 3538 conclusus,
3545 3478 3660 3545 fons

2074 3563 2324 3630 signatus,
2342 3571 2516 3629 puteus
2540 3577 2686 3631 aqua:
2701 3562 2844 3625 victe,
2871 3564 3137 3631 paradisus
3160 3581 3276 3617 cum
3295 3569 3462 3635 fructu
3484 3581 3663 3635 pomo-

2074 3668 2190 3705 rum
2217 3650 2385 3721 (Cant.
2419 3668 2489 3716 tv,
2517 3652 2601 3717 12,
2629 3651 2736 3722 l5).
2765 3651 2894 3707 lude
2916 3654 3228 3709 ceciderunt
3259 3657 3344 3710 vel
3378 3665 3565 3724 aperta
3599 3663 3662 3711 et

2077 3743 2342 3815 corporali
2371 3744 2706 3813 separatione
2731 3759 2917 3800 omnes
2943 3744 3207 3811 haeretici;
3253 3747 3332 3801 vel
3363 3747 3566 3800 occulta
3607 3755 3663 3801 et

2077 3836 2359 3907 spirituali,
2391 3836 2633 3906 quamvis
2662 3836 2714 3889 in
2742 3851 2804 3890 ea
2832 3837 3178 3906 corporaliter
3205 3852 3326 3892 esse
3353 3836 3655 3900 videantur,

2076 3944 2266 3984 omnes
2283 3928 2526 3983 conversi
2547 3927 2612 3981 ad
2630 3927 2884 3981 vomitum
2913 3943 3091 3994 suum,
3115 3943 3234 3982 cum
3258 3937 3373 3996 post
3389 3927 3660 3982 remissio-

2079 4035 2199 4072 nem
2217 4018 2452 4072 omnium
2471 4025 2808 4087 peccatorum
2831 4017 3101 4086 paululum
3125 4017 3480 4072 ambulassem
3502 4018 3554 4071 in
3577 4017 3662 4072 via

2073 4110 2386 4182 justitite,.iu
2403 4110 2594 4181 quibus
2618 4109 2752 4164 facta
2771 4118 2893 4164 sunt
2915 4111 3206 4180 posteriora
3225 4110 3487 4164 deteriora
3515 4110 3662 4179 prio-

2080 4201 2225 4255 ribus
2250 4241 2268 4266 ,
2319 4213 2374 4255 et
2415 4201 2608 4270 quibus
2661 4199 2980 4270 expediebat
3019 4216 3126 4254 non
3162 4215 3485 4270 cognoscere
3523 4201 3662 4255 via-rt

2073 4290 2317 4359 justitizn,
2352 4305 2510 4359 quam
2557 4290 3001 4360 cognoscentibus
3049 4302 3341 4344 retrorsum
3383 4289 3586 4345 reﬂecti
3630 4305 3662 4345 a

2080 4382 2274 4437 tradito
2299 4382 2402 4436 sibi
2430 4391 2614 4437 sancto
2640 4381 2891 4436 mandato
2914 4381 3098 4452 (Prw.
3115 4397 3262 4447 xxvi,
3284 4383 3371 4447 ll;
3387 4391 3431 4436 et
3454 4381 3497 4436 ll
3515 4381 3660 4437 Petr.

2079 4491 2140 4540 tt,
2176 4475 2266 4538 21,
2306 4474 2420 4545 22).
2468 4475 2615 4528 llanc
2658 4473 2942 4543 pessimam
2981 4473 3376 4543 generationem
3409 4473 3663 4528 Dominus

2079 4566 2352 4630 describit,
2379 4580 2497 4619 cum
2525 4565 2653 4620 dicit
2673 4566 2912 4633 spiritum
2925 4580 3156 4634 nequam
3172 4566 3318 4620 exire
3338 4566 3405 4620 ab
3424 4566 3658 4633 homine,

2085 4666 2138 4713 et
2163 4673 2282 4712 cum
2308 4657 2427 4711 aliis
2454 4666 2658 4726 septem
2676 4656 2872 4722 redire,
2897 4665 2957 4711 et
2983 4657 3034 4710 in
3061 4656 3222 4711 domo
3249 4673 3406 4726 quam
3437 4658 3664 4712 munda-

2084 4757 2190 4801 tam
2220 4747 2324 4816 jam
2356 4747 2653 4814 invenerat,
2692 4746 3009 4811 inhabitare,
3041 4755 3097 4802 ut
3122 4746 3228 4802 sint
3257 4749 3542 4803 novissima
3568 4748 3665 4803 ho-

2083 4837 2240 4891 minis
2268 4837 2406 4890 illius
2435 4837 2616 4906 pejora
2639 4837 2906 4908 prioribus
2934 4837 3144 4908 (Matth.
3189 4855 3287 4905 xit,
3317 4837 3526 4911 $345,).
3551 4839 3663 4893 Tali

2082 4927 2225 4982 enim
2267 4928 2445 4996 generi
2493 4928 2766 4982 hominum
2787 4969 2803 4995 ,
2845 4929 2984 5000 quod
3006 4929 3116 5001 jam
3145 4929 3338 4986 factum
3360 4940 3446 4985 est
3472 4945 3664 5000 corpus

2083 5017 2299 5083 diaboli,
2354 5028 2576 5088 possunt
2625 5019 2740 5074 huic
2786 5022 2945 5074 verba
3000 5036 3323 5090 congruere,
3365 5020 3408 5072 Α
3447 5019 3530 5073 die
3563 5037 3664 5088 qua

2083 5118 2276 5162 creatus
2318 5125 2369 5161 es
2407 5119 2460 5161 tu
2495 5126 2611 5162 cum
2651 5110 2868 5176 cherub,
2902 5110 2956 5164 id
2985 5121 3069 5166 est
3089 5127 3210 5166 cum
3239 5111 3364 5165 sede
3395 5110 3506 5174 Dei,
3546 5126 3664 5179 qua:

2083 5197 2492 5266 interpretatur,
2547 5199 2887 5268 Multiplicata
2926 5202 3182 5268 scientia,
3227 5211 3274 5254 et
3313 5191 3570 5270 posuitte
3611 5202 3665 5254 in

2086 5300 2253 5344 monte
2297 5302 2470 5343 sancto
2502 5289 2618 5354 Dei,
2653 5291 2753 5346 hoc
2783 5302 2864 5347 est
2893 5293 2943 5346 in
2975 5294 3242 5356 Ecclesia;
3284 5293 3422 5347 unde
3461 5303 3564 5358 est,
3600 5290 3666 5345 Et

2082 5382 2337 5435 exaudivit
2369 5398 2445 5434 me
2476 5383 2538 5434 de
2561 5394 2729 5436 monte
2757 5393 2930 5438 sancto
2968 5401 3058 5438 suo
3089 5384 3258 5456 (Psal.
3285 5401 3363 5449 ιιι,
3394 5386 3472 5456 5).
3502 5385 3663 5440 Fuisti

2087 5471 2138 5524 in
2170 5471 2330 5524 medio
2361 5471 2588 5542 lapidth
2625 5475 2992 5543 ﬂaminem-um,
3039 5474 3088 5528 id
3119 5485 3199 5527 est
3229 5486 3528 5530 sanctorum
3552 5479 3662 5546 spi-

2089 5562 2192 5615 ritu
2236 5564 2588 5630 l'ervcntium,
2632 5565 2863 5634 lapidum
2905 5566 3142 5620 vivorum
3186 5585 3198 5619 :
3245 5570 3513 5623 ambulasti
3559 5574 3667 5624 sine

2089 5656 2206 5706 vitio
2237 5664 2290 5708 tu
2338 5657 2388 5709 in
2430 5657 2600 5710 diebus
2640 5660 2758 5726 tuis,
2801 5675 2864 5713 ex
2890 5676 2988 5729 quo
3019 5661 3099 5714 die
3128 5672 3323 5716 creatus
3349 5681 3398 5717 es
3433 5675 3483 5717 tu
3510 5665 3667 5720 donec

2094 5748 2291 5802 itwcnta
2330 5757 2447 5802 sunt
2475 5749 2658 5804 delicta
2687 5761 2774 5804 tua
2803 5752 2854 5806 in
2893 5761 2939 5807 te
2975 5751 3186 5825 (Ezech.
3216 5771 3399 5826 xxvm,
3440 5758 3522 5825 I4,
3555 5760 3666 5829 l5).
