4090 6478
455 361 552 415 443

449 473 680 528 Possunt
720 470 1024 542 diligentius
1057 471 1158 526 ista
1203 470 1414 525 tractari
1435 511 1450 535 ,
1482 478 1541 524 ut
1571 467 1814 522 fortassis
1843 475 2024 519 osten-

449 566 606 621 datur
633 579 738 620 non
761 564 930 618 solum
947 573 1002 620 et
1028 563 1168 618 hunc
1191 563 1513 617 intellectum
1535 575 1652 616 esse
1674 561 1726 614 in
1748 559 1831 614 his
1851 558 2028 613 verbis

449 672 629 728 posse,
655 655 750 711 sed
780 656 997 710 omnino
1015 644 1184 709 alium
1215 667 1332 708 csse
1359 667 1465 706 non
1495 665 1670 720 posse.

449 746 674 802 CAPUT
710 744 898 800 XXVI.
929 775 998 785 —
1034 743 1296 798 Conclusio
1334 743 1397 796 de
1437 741 1626 795 diaboli
1667 740 1950 795 conditione
1984 746 2030 792 et

1154 833 1319 902 lapsu.

520 929 610 982 33.
642 926 836 981 Verum
879 925 1000 993 quia
1043 923 1260 992 longum
1307 932 1423 988 est,
1454 930 1511 977 et
1536 921 1698 974 alium
1728 934 2028 974 sermonem

448 1018 613 1088 exigit
637 1016 809 1071 eidem
844 1025 1040 1068 tantum
1072 1013 1348 1083 qtnestioni
1377 1012 1720 1081 deputatum;
1754 1026 1892 1064 nunc
1915 1010 2028 1064 suf-

450 1107 593 1161 ficiat
636 1106 734 1162 iSta
779 1103 1105 1172 eoutplexio,
1146 1111 1238 1156 aut
1271 1103 1338 1157 ab
1378 1101 1528 1155 initio
1564 1100 1881 1155 condilionis
1919 1105 2028 1154 sua:

447 1198 717 1254 diabolum
753 1213 783 1250 a
815 1196 1137 1250 beatitudine
1161 1236 1177 1262 ,
1209 1211 1364 1264 quam
1393 1196 1438 1249 si
1465 1195 1720 1249 voluisset
1749 1205 2028 1264 perceptu-

450 1307 539 1345 rus
577 1289 782 1354 fuerat,
826 1288 984 1356 impia
1025 1288 1272 1357 superbia
1317 1286 1593 1350 cecidisse,
1631 1294 1721 1339 aut
1750 1286 1881 1340 alios
1911 1300 2029 1341 esse

449 1381 668 1452 angelos
697 1377 959 1435 inferioris
989 1380 1264 1434 ministerii
1293 1380 1343 1433 in
1376 1378 1478 1432 huc
1493 1378 1710 1444 mundo,
1741 1379 1878 1433 inter
1897 1394 2029 1447 quos

447 1473 736 1529 secundum
766 1486 951 1526 eorum
982 1471 1263 1542 quamdam
1302 1487 1411 1525 non
1441 1472 1715 1540 pra‘sciam
1742 1471 2028 1526 beatitudi-

446 1580 569 1620 nem
594 1565 818 1630 vixerat,
842 1574 898 1620 et
917 1579 946 1617 a
975 1578 1200 1634 quorum
1229 1564 1486 1617 societate
1513 1577 1635 1617 cum
1675 1562 1775 1616 sibi
1803 1562 2030 1617 subditis

445 1655 649 1725 angelis
693 1655 803 1709 suis
833 1666 1081 1723 tanquam
1125 1653 1470 1722 archangelus
1499 1651 1692 1707 cecidit
1718 1668 1813 1722 per
1837 1667 2026 1722 super-

447 1748 569 1803 bam
597 1746 954 1816 impietatem;
984 1745 1027 1798 si
1053 1745 1153 1798 hoc
1175 1743 1282 1797 ullo
1305 1742 1462 1797 modo
1483 1743 1650 1798 asseri
1673 1751 1865 1812 potest,
1887 1743 2030 1813 quod

450 1837 642 1891 mirum
670 1837 714 1890 si
749 1844 923 1904 potest
955 1835 969 1866 ¹
999 1852 1014 1889 :
1041 1845 1130 1887 aut
1153 1843 1299 1888 certe
1322 1833 1581 1888 rationem
1611 1833 1981 1903 requirendam
2010 1875 2027 1900 ,

446 1926 895 1998 quemadmodum
919 1939 1106 1980 omnes
1127 1925 1296 1980 sancti
1324 1925 1533 1994 Angeli,
1563 1923 1610 1977 si
1636 1925 1773 1978 inter
1797 1924 1916 1978 illos
1937 1924 2031 1978 ali-

447 2019 660 2090 quando
692 2019 888 2088 pariter
913 2018 1099 2072 beatus
1123 2032 1243 2072 cum
1269 2017 1380 2071 suis
1401 2017 1602 2087 angelis
1618 2016 1858 2072 diabolus
1877 2016 2027 2084 vixit,

450 2109 684 2164 nondum
743 2109 1025 2163 habuerint
1062 2109 1219 2162 etiam
1260 2108 1358 2176 ipsi
1399 2117 1598 2162 certam
1643 2107 2031 2176 praiscientiam

451 2211 718 2271 perpetuae
739 2199 1002 2255 felicitatis
1029 2214 1157 2261 sure,
1187 2199 1282 2254 sed
1304 2213 1422 2254 eam
1449 2207 1570 2267 post
1595 2213 1775 2252 casum
1795 2199 1910 2268 ejus
1937 2213 2030 2253 ac-

449 2293 710 2364 ceperint;
739 2302 830 2347 aut
855 2307 960 2362 quo
987 2292 1180 2346 merito
1208 2300 1331 2346 ante
1356 2306 1510 2345 suum
1543 2300 1813 2359 peccatum
1841 2289 2030 2345 diabo-

451 2385 532 2440 lus
553 2397 673 2448 curn
695 2383 856 2438 sociis
877 2381 989 2438 suis
1015 2397 1044 2435 a
1069 2381 1283 2436 caeteris
1311 2381 1526 2450 Angelis
1553 2381 1812 2435 discretus
1835 2379 2027 2447 fuerit,

452 2485 508 2531 ut
533 2477 650 2546 ipse
675 2476 756 2531 sui
784 2489 940 2530 casus
968 2475 1126 2529 futuri
1153 2483 1294 2528 esset
1322 2475 1553 2544 ignarus,
1591 2474 1666 2527 illi
1699 2477 1882 2528 autem
1898 2473 2032 2528 certi

451 2564 841 2636 permansionis
871 2579 982 2619 suae
1013 2579 1028 2620 :
1051 2563 1174 2618 dum
1202 2571 1377 2618 tamen
1407 2571 1462 2618 et
1489 2571 1793 2632 peccatores
1815 2563 2031 2632 angelos

448 2656 669 2710 minime
697 2654 998 2710 dubitemus
1032 2653 1279 2709 detrusos
1305 2662 1552 2724 tanquam
1576 2655 1628 2707 in
1649 2667 1919 2709 carcerem
1942 2668 2033 2707 ca-

450 2746 625 2816 liginis
645 2744 803 2815 hujus
823 2745 982 2800 aeriae
1001 2745 1143 2799 circa
1168 2755 1358 2812 terras,
1372 2744 1664 2799 secundum
1683 2743 2028 2812 apostolicam

451 2839 607 2895 fidem
632 2880 648 2905 ,
695 2839 751 2893 in
783 2838 984 2909 judicio
1011 2838 1306 2908 puniendos
1329 2838 1528 2894 servari
1553 2837 1627 2909 (ll
1657 2837 1798 2892 Petr.
1831 2853 1888 2904 ιι,
1928 2837 1983 2909 4)
2011 2853 2027 2904 ;

449 2940 505 2986 et
531 2931 585 2984 in
614 2930 700 2984 illa
728 2945 958 3000 superna
1000 2929 1327 2985 beatitudine
1372 2940 1676 2986 sanctorum
1707 2931 2029 3001 Angelorum

451 3037 556 3076 non
572 3035 692 3076 esse
713 3021 966 3076 incertam
983 3021 1142 3075 vitam
1161 3031 1436 3086 mternam,
1451 3037 1549 3076 nec
1570 3022 1719 3078 nobis
1737 3022 2028 3077 secundmn

453 3113 546 3166 Dei
575 3111 992 3166 misericordiam
1019 3120 1072 3166 et
1097 3113 1318 3182 gratiam
1340 3121 1394 3167 et
1420 3112 1778 3167 fidelissimam
1821 3113 2028 3183 pollici-

451 3202 705 3256 tationem
752 3203 1006 3257 incertam
1041 3202 1291 3268 futuram,
1337 3217 1457 3255 cum
1496 3201 1750 3257 fuerimus
1789 3204 1868 3257 eis
1914 3213 2032 3274 post

450 3294 891 3349 resurrectionem
915 3302 974 3348 et
1002 3294 1222 3349 istorum
1251 3295 1594 3348 mutationem
1625 3309 1906 3366 corporum
1935 3311 2030 3350 co-

454 3388 639 3460 pulati.
681 3387 762 3442 Ad
794 3387 930 3441 hanc
954 3387 1095 3440 enim
1123 3401 1270 3457 spem
1302 3387 1543 3452 vivimus,
1575 3395 1629 3440 et
1655 3386 1771 3456 ejus
1802 3388 2028 3456 promis-

450 3481 618 3534 sionis
655 3480 820 3549 gratia
863 3494 1189 3534 recreatnur.
1239 3478 1504 3548 Quidquid
1549 3488 1723 3533 autem
1768 3481 1926 3535 etiam
1963 3483 2029 3537 de

449 3570 663 3625 diabolo
689 3570 791 3625 dici
813 3578 1008 3639 potest,
1041 3584 1138 3624 cur
1165 3584 1285 3625 eum
1315 3569 1454 3624 Deus
1479 3570 1767 3633 creaverit,
1795 3585 1914 3625 cum
1952 3580 2031 3625 ta-

449 3663 553 3718 lem
605 3663 875 3730 praaseiret
911 3661 1168 3728 futurum,
1191 3671 1252 3716 et
1286 3677 1384 3716 cur
1419 3663 1754 3731 omnipotens
1797 3664 1912 3733 ejus
1938 3677 2028 3718 vo-

449 3751 706 3809 luntatem
736 3766 841 3805 non
865 3761 1140 3806 convertat
1165 3753 1217 3805 in
1245 3752 1464 3815 bonum,
1496 3753 1786 3806 secundum
1813 3769 1872 3807 ea
1909 3769 2028 3824 qua:

449 3842 798 3897 disseruimus
837 3857 958 3896 cum
985 3843 1052 3896 de
1079 3842 1235 3896 malis
1265 3841 1567 3895 hominibus
1604 3844 1846 3898 similiter
1877 3860 2027 3913 qum-

417 3967 420 3969 λ
451 3946 709 3998 reremus,
744 3933 858 3987 sive
895 3933 1235 4002 intelligatur,
1281 3935 1392 3986 sive
1430 3931 1677 3987 credatur
1700 3974 1714 3997 ,
1761 3935 1872 3988 sive
1901 3935 2025 4006 quid

449 4024 641 4080 melius
664 4023 891 4077 inveniri
921 4033 1112 4093 potest,
1137 4025 1451 4079 inveniatur.

447 4113 679 4170 CAPUT
707 4112 920 4168 XXVII.
940 4143 1014 4154 —
1035 4113 1112 4168 De
1129 4115 1396 4168 tentatioue
1414 4114 1601 4169 diaboli
1622 4131 1711 4187 per
1728 4126 2022 4185 serpentem.

524 4207 616 4262 34.
648 4206 731 4262 Ab
771 4207 860 4260 illo
888 4220 1017 4276 ergo
1041 4206 1190 4276 cujus
1219 4221 1378 4276 super
1413 4208 1588 4260 omnia
1630 4223 1748 4277 quae
1791 4209 2024 4276 creavit,

452 4311 661 4358 summa
689 4304 922 4366 potestas
947 4304 1048 4358 est,
1068 4310 1162 4364 per
1191 4296 1424 4366 Angelos
1443 4306 1654 4351 sanctos
1679 4313 1707 4350 a
1733 4299 1924 4367 quibus
1953 4300 2016 4352 il-

450 4386 652 4446 luditur
675 4385 938 4451 diabolus,
957 4401 1077 4440 eum
1095 4397 1146 4441 et
1163 4385 1410 4456 deipsius
1438 4387 1805 4442 malevolentia
1831 4403 2026 4444 consu-

450 4477 578 4535 litur
588 4479 609 4509 ³
621 4476 874 4532 Ecclesiae
886 4477 1001 4544 Dei,
1018 4491 1123 4532 non
1145 4487 1227 4532 est
1247 4479 1535 4547 permissus
1557 4487 1760 4533 tentare
1777 4479 2024 4535 feminam

449 4570 552 4626 nisi
567 4584 660 4639 per
672 4578 1001 4640 serpentem,
1021 4584 1120 4623 nec
1138 4569 1310 4624 virum
1329 4570 1427 4623 nisi
1451 4575 1546 4639 per
1572 4569 1816 4624 feminam
1837 4571 1953 4625 :sed
1972 4573 2026 4626 in

454 4669 701 4731 serpente
730 4663 844 4730 ipse
874 4661 1077 4715 locutus
1105 4669 1205 4724 cst,
1229 4669 1382 4715 utens
1402 4675 1468 4715 eo
1489 4661 1633 4715 velut
1653 4675 1852 4730 organo
1870 4705 1883 4726 ,
1913 4677 2029 4717 mo-

456 4767 694 4822 vensque
715 4753 830 4821 ejus
842 4761 1080 4808 naturam
1093 4768 1158 4807 eo
1175 4753 1334 4807 modo
1349 4767 1455 4823 quo
1476 4769 1691 4809 movere
1707 4755 1814 4821 ille,
1837 4765 1892 4809 et
1912 4771 2026 4810 mo-

449 4845 564 4900 veri
595 4844 681 4898 illa
713 4845 900 4914 potuit,
950 4844 1014 4899 ad
1063 4844 1438 4914 eXprimendos
1481 4845 1760 4900 verborum
1788 4861 1948 4902 sonos
1972 4857 2026 4903 et

451 4936 600 5008 signa
618 4937 931 5007 corporalia,
951 4952 1045 5006 per
1059 4953 1178 5007 qua:
1204 4939 1395 4993 mulier
1417 4937 1690 4993 suadentis
1711 4939 2025 5010 intelligeret

448 5029 794 5084 voluntatem.
825 5028 880 5083 In
913 5028 1024 5098 ipsa
1052 5041 1180 5083 vero
1207 5029 1454 5094 muliere,
1488 5029 1610 5099 quia
1637 5029 1722 5084 illa
1751 5031 2023 5086 rationalis

448 5127 692 5174 creatura
733 5127 869 5186 erat,
912 5133 1031 5188 quae
1069 5126 1214 5177 motu
1243 5135 1338 5174 suo
1363 5128 1545 5190 posset
1571 5121 1644 5174 uti
1671 5119 1738 5174 ad
1765 5121 1923 5175 verba
1947 5123 2024 5177 fa-

443 5209 654 5274 cienda,
683 5225 789 5264 non
816 5210 927 5279 ipse
951 5209 1160 5264 locutus
1187 5218 1266 5264 est
1291 5251 1306 5277 ,
1338 5209 1431 5264 sed
1459 5209 1574 5279 ejus
1596 5211 1836 5280 operatio
1867 5219 2023 5282 atque

445 5299 740 5369 persuasio;
753 5301 994 5370 quamvis
1014 5300 1221 5354 occulto
1233 5300 1480 5354 instinctu
1493 5301 1558 5354 ad
1559 5302 1680 5369 juva
1688 5311 1768 5356 ret
1779 5302 2019 5371 interius,

446 5391 591 5460 quod
619 5393 852 5448 exterius
877 5400 1058 5463 egerat
1088 5407 1182 5462 per
1206 5401 1527 5461 serpentem.
1559 5391 1710 5460 Quod
1736 5394 1948 5463 quidem
1977 5395 2022 5450 si

509 5506 623 5582 'JEr.
651 5512 875 5582 etrt..ov.‘,
911 5504 1277 5582 perusttperpice
1306 5503 1742 5582 impietqtentjsed
1773 5505 1862 5582 hoc
1895 5507 2026 5582 nullo

445 5567 586 5616 modo
605 5567 756 5632 uastati
776 5567 941 5632 potest,
979 5567 1104 5620 illud
1123 5567 1301 5619 mirum
1334 5567 1383 5618 si
1412 5574 1577 5630 potest.
1600 5571 1759 5619 visum
1782 5576 1859 5620 est
1879 5573 2025 5622 resti-

446 5637 587 5677 tuere
613 5627 870 5680 lectionem
894 5627 996 5681 Mss.

441 5750 477 5805 Γ
511 5693 525 5719 ¹
552 5699 679 5752 t.ov.,
704 5692 1020 5746 consolantur.
1057 5691 1142 5743 Alii
1163 5695 1372 5753 codices,
1395 5692 1700 5754 consulatur;
1734 5691 1832 5755 vel,
1857 5707 2024 5746 consu-

459 5762 572 5804 cur.

459 5762 572 5804 εζητ.

1401 357 1486 410 DE
1518 353 1763 411 GENESI
1803 353 1892 407 AI)
1930 351 2299 422 LITTERAM,
2339 355 2398 412 S.
2439 358 2801 415 AUGUSTINI

3613 374 3723 432 ιιι

2135 467 2251 522 solo
2278 469 2529 524 instinctu
2552 474 2811 528 occultius
2843 485 3053 544 ageret,
3082 477 3219 533 sicut
3248 481 3354 552 egit
3388 482 3444 538 in
3486 483 3620 540 Juda
3661 498 3724 543 ut

2138 557 2370 614 traderet
2409 560 2675 618 Christum
2707 564 2885 635 (Joan.
2916 583 3030 636 xm,
3058 569 3114 642 2)
3139 612 3152 636 ,
3186 582 3368 642 posset
3405 575 3617 633 efficere
3663 580 3723 634 in

2133 649 2309 704 anima
2357 653 2587 721 superbo
2623 670 2807 712 amore
2844 673 2956 714 sum
2997 665 3271 730 potestatis
3299 665 3510 722 inducta
3539 685 3554 723 ε
3583 670 3678 726 sed
3701 713 3718 738 ,

2134 740 2270 795 sicut
2293 741 2402 810 jam
2431 744 2536 798 dixi
2558 787 2572 811 ,
2605 747 2840 804 tentandi
2886 751 3209 809 voluntatem
3244 756 3403 814 habet
3433 759 3676 818 diabolus
3699 805 3718 830 ,

2137 829 2189 882 in
2239 841 2503 900 potestate
2544 844 2720 892 autem
2767 853 2868 895 nec
2905 849 2962 895 ut
3007 840 3161 898 faciat
3202 844 3396 915 habet,
3433 865 3534 905 nec
3581 829 3714 921 quo?

2135 919 2294 975 modo
2331 919 2508 978 faciat.
2546 926 2679 994 Quia
2721 930 3008 997 permissus
3038 942 3121 987 est
3157 949 3318 1005 ergo,
3366 919 3622 1006 tentavit;
3662 951 3722 997 et

2132 1013 2402 1080 quomodo
2433 1018 2721 1084 permissus
2745 1027 2846 1087 est,
2879 1021 2949 1075 ita
2991 1025 3210 1079 tentavit
3244 1045 3257 1081 :
3285 1029 3369 1082 cui
3408 1039 3583 1086 autem
3619 1047 3720 1103 ge-

2133 1102 2250 1156 neri
2290 1103 2562 1160 hominum
2595 1109 2868 1177 prodesset
2893 1114 3036 1183 quod
3063 1117 3324 1184 faciebat,
3371 1137 3543 1193 neque
3579 1102 3724 1180 scie—

2132 1189 2241 1257 bat,
2273 1208 2445 1261 neque
2470 1197 2698 1264 volebat,
2727 1209 2781 1254 et
2805 1216 2870 1255 eo
2899 1203 3014 1272 ipso
3045 1204 3364 1263 illudebatur
3382 1189 3716 1282 ab-Angelis.

2131 1280 2362 1345 CAPUT
2391 1284 2626 1340 XXVIII.
2656 1319 2726 1329 -—
2763 1291 2842 1344 An
2885 1308 3090 1363 serpens
3136 1296 3285 1350 verba
3329 1301 3529 1355 prolata
3563 1280 3721 1358 intel-

2823 1381 3020 1436 (exerit.

2203 1461 2292 1518 35.
2337 1462 2454 1518 Non
2485 1465 2663 1536 itaque
2692 1483 2913 1539 serpens
2942 1474 3225 1531 verborum
3257 1493 3417 1534 sonos
3457 1481 3722 1553 intellige-

2132 1550 2256 1618 bat,
2303 1553 2392 1622 qui
2435 1570 2500 1610 ex
2545 1557 2635 1612 illo
2677 1559 2872 1615 fiebant
2907 1563 2973 1616 ad
3013 1565 3313 1622 mulierem.
3356 1570 3540 1640 Neque
3574 1550 3720 1627 enim

2132 1661 2392 1704 conversa
2421 1651 2685 1708 credenda
2714 1665 2797 1710 est
2822 1658 2998 1713 anima
3027 1661 3144 1730 ejus
3184 1664 3238 1716 in
3280 1672 3521 1719 naturam
3550 1667 3723 1721 ratio-

2132 1740 2338 1806 nalem;
2389 1746 2816 1816 quandoquidem
2869 1765 2970 1806 nec
3019 1752 3120 1822 ipsi
3174 1754 3449 1822 homines,
3491 1774 3722 1828 quorum

2131 1833 2407 1888 rationalis
2437 1844 2622 1890 natura
2653 1847 2768 1904 est,
2799 1855 2920 1896 eum
2950 1842 3160 1898 darmon
3191 1846 3242 1899 in
3273 1849 3352 1902 eis
3394 1848 3628 1919 loquitur
3656 1865 3722 1906 ea

2133 1922 2382 1990 passione
2407 1926 2492 1978 cui
2519 1929 2780 1983 exorcista
2810 1933 3115 2002 requiritur,
3145 1937 3318 1990 sciunt
3343 1940 3469 2008 quid
3499 1941 3725 2010 loquan-

2135 2022 2256 2079 tur;
2290 2026 2490 2086 quanto
2529 2020 2706 2075 minus
2735 2022 2826 2077 ille
2855 2024 3172 2096 intelligeret
3204 2029 3487 2085 verborum
3518 2046 3719 2099 sonos,

2133 2119 2267 2172 quos
2295 2120 2389 2174 per
2413 2122 2534 2160 eum
2561 2117 2617 2163 et
2644 2125 2711 2164 cx
2748 2126 2814 2166 eo
2851 2111 3092 2170 diabolus
3127 2116 3220 2170 illo
3251 2118 3410 2174 modo
3454 2118 3719 2188 faciebat,

2133 2193 2223 2262 qui
2269 2193 2539 2252 hominem
2582 2198 2885 2269 loquentem
2915 2218 3020 2257 non
3049 2204 3395 2276 intelligeret,
3445 2209 3489 2263 si
3529 2224 3652 2264 eum
3688 2225 3721 2264 a

2134 2284 2394 2340 diabolica
2424 2289 2670 2356 passione
2694 2291 2944 2348 immunis
2965 2295 3209 2350 audiret?
3234 2297 3363 2351 Nam
3385 2307 3438 2354 et
3461 2301 3600 2370 quod
3625 2315 3726 2370 pu-

2133 2382 2313 2429 tantur
2336 2377 2520 2431 audire
2535 2387 2590 2432 et
2616 2380 2911 2451 intelligere
2930 2396 3204 2454 serpentes
3220 2388 3378 2441 verba
3400 2389 3716 2457 Marsorum,

2134 2472 2192 2517 ut
2218 2465 2296 2518 eis
2329 2465 2719 2524 incantantibus
2747 2474 3026 2540 prosiliant
3051 2477 3366 2548 plerumque
3389 2479 3454 2534 de
3479 2481 3720 2548 latebris,

2131 2556 2293 2611 etiam
2341 2557 2450 2613 illic
2478 2559 2738 2616 diabolica
2767 2563 2844 2617 vis
2887 2576 3170 2634 operatur,
3200 2568 3266 2622 ad
3291 2571 3718 2640 cognoscendam

2135 2647 2330 2716 ubique
2358 2651 2765 2719 providentiam,
2798 2669 2956 2724 quam
2997 2672 3108 2712 rem
3145 2660 3229 2713 cui
3265 2661 3341 2714 rei
3377 2662 3600 2715 naturali
3627 2679 3720 2717 or-

2132 2735 2256 2793 dine
2282 2741 2543 2811 subjiciat,
2576 2753 2630 2799 et
2666 2747 2791 2815 quid
2827 2749 2986 2802 etiam
3026 2751 3386 2808 voluntatibus
3426 2755 3580 2809 malis
3627 2771 3718 2810 sa-

2133 2833 2460 2903 pientissima
2487 2847 2748 2906 potestate
2773 2843 3062 2910 permittat,
3094 2852 3150 2898 ut
3194 2845 3296 2899 hoc
3321 2849 3488 2918 magis
3523 2849 3722 2903 habeat

2134 2938 2280 2988 usus,
2309 2937 2584 2994 serpentes
2613 2933 2810 2985 moveri
2839 2933 3164 2989 carminibus
3200 2935 3476 2992 hominum
3501 2978 3516 3004 ,
3558 2955 3720 3008 quam

2135 3014 2298 3068 ullum
2323 3016 2462 3070 aliud
2493 3033 2658 3087 genus
2683 3021 3048 3075 animantium.
3099 3025 3269 3078 Etiam
3300 3026 3413 3081 han
3434 3027 3577 3081 enim
3605 3043 3713 3082 non

2140 3120 2299 3174 parva
2327 3109 2538 3162 testatio
2563 3119 2663 3175 est,
2697 3119 2940 3166 naturam
2977 3114 3221 3182 primitus
3273 3115 3558 3171 humanam
3601 3133 3718 3172 scr-

2133 3196 2308 3263 pentis
2349 3197 2618 3251 seductam
2667 3214 2787 3254 esse
2834 3202 3121 3271 colloquio.
3169 3203 3414 3260 Gaudent
3437 3206 3579 3260 enim
3607 3207 3721 3262 die-

2133 3301 2318 3339 moues
2344 3285 2483 3341 hanc
2508 3289 2605 3342 sibi
2637 3299 2949 3358 potestatem
2974 3293 3109 3360 dari,
3135 3305 3190 3349 ut
3212 3297 3275 3350 ad
3303 3297 3715 3355 incantationem

2133 3375 2406 3431 hominum
2433 3389 2708 3448 serpentes
2743 3393 3010 3446 moveant,
3056 3393 3113 3438 ut
3145 3387 3380 3455 quolibet
3413 3389 3572 3443 modo
3615 3391 3717 3445 fal-

2133 3467 2252 3540 lant.
2278 3483 2412 3537 quos
2440 3480 2679 3538 possunt.
2710 3471 2821 3525 Hoc
2843 3482 3018 3528 autem
3051 3476 3428 3544 permittuntur
3457 3479 3522 3533 ad
3559 3480 3716 3548 primi

2132 3558 2258 3613 facti
2304 3560 2614 3614 memoriam
2658 3564 3155 3630 commendandam,
3185 3567 3324 3636 quod
3360 3569 3428 3622 sit
3456 3569 3536 3624 eis
3573 3586 3720 3640 quae-

2130 3648 2252 3701 dam
2297 3664 2416 3703 cum
2459 3649 2559 3705 hoc
2589 3665 2786 3721 genere
2817 3652 3169 3712 familiaritas.
3207 3657 3374 3713 Porro
3411 3660 3579 3730 ipsum
3611 3663 3720 3730 pri-

2131 3754 2274 3792 mum
2304 3738 2497 3794 factum
2533 3742 2598 3794 ad
2637 3742 2736 3796 hoc
2765 3745 3080 3813 permissum
3111 3756 3223 3814 est,
3258 3759 3314 3802 ut
3347 3764 3442 3819 per
3471 3761 3712 3806 naturam

2130 3831 2396 3898 serpentis
2431 3832 2818 3901 significaretur
2864 3838 3049 3905 generi
3103 3837 3412 3904 hominum,
3461 3842 3545 3896 cui
3586 3857 3714 3896 eru-

2129 3923 2324 3977 diendo
2345 3922 2460 3979 haec
2473 3933 2618 3994 gesta
2637 3928 2901 3984 conscribi
2925 3932 3224 4000 oportebat,
3248 3933 3422 3990 omnis
3438 3934 3717 3990 diabolicae

2131 4016 2438 4072 tentationis
2478 4017 2768 4075 similitudo
2801 4037 2816 4075 :
2845 4022 2986 4091 quod
3029 4025 3321 4092 apparebit,
3353 4041 3472 4081 cum
3505 4027 3556 4081 iu
3596 4043 3717 4082 ser-

2133 4114 2343 4171 pentem
2373 4106 2597 4173 proferri
2625 4111 2848 4180 coeperit
2872 4110 3048 4165 divina
3075 4113 3355 4168 sententia.

2129 4193 2351 4250 CAPUT
2389 4196 2671 4252 XXIX.—
2691 4200 2911 4271 Serpens
2947 4219 3036 4255 cur
3072 4204 3232 4259 dictus
3278 4207 3714 4276 prudentissimus.

2199 4285 2288 4340 36.
2317 4287 2549 4343 Proinde
2593 4291 3010 4358 prudentissimus
3040 4297 3263 4349 omnium
3292 4297 3580 4367 bestiarum,
3614 4300 3717 4356 hoc

2127 4384 2230 4441 est,
2251 4377 2622 4444 astutissimos,
2647 4379 2717 4436 ita
2760 4381 2931 4438 dictus
2961 4395 3042 4439 est
3077 4401 3297 4455 serpens
3321 4397 3540 4459 propter
3567 4401 3715 4446 astu.

2129 4471 2256 4524 tiam
2283 4471 2498 4539 diaboli,
2534 4488 2652 4543 quae
2677 4476 2728 4528 in
2770 4477 2863 4530 illo
2915 4487 2969 4532 et
3012 4479 3077 4533 de
3120 4479 3210 4533 illo
3258 4483 3446 4551 agebat
3496 4484 3714 4550 dolum;

2127 4561 2569 4630 quemadmodum
2591 4564 2781 4619 dicitur
2796 4566 3028 4635 prudens
3049 4570 3130 4623 vel
3151 4580 3320 4625 astuta
3340 4572 3536 4642 lingua,
3554 4587 3715 4644 quam

2128 4651 2362 4719 prudens
2385 4653 2467 4707 vel
2495 4662 2700 4709 astutus
2730 4666 2906 4710 movet
2931 4657 2996 4711 ad
3025 4658 3226 4729 aliquid
3247 4663 3532 4728 prudenter
3568 4674 3716 4718 astu-

2129 4747 2287 4810 teque
2333 4742 2680 4798 suadendum.
2720 4745 2834 4799 Non
2874 4748 3015 4801 enim
3046 4759 3128 4804 est
3155 4749 3270 4806 haec
3304 4754 3382 4806 vis
3425 4769 3518 4808 seu
3546 4756 3716 4811 virtus

2128 4831 2356 4888 membri
2405 4836 2697 4903 corporalis
2726 4837 2864 4906 quod
2896 4850 3116 4893 vocatur
3149 4841 3343 4911 lingua,
3395 4843 3487 4899 sed
3535 4845 3716 4915 utique

2126 4925 2322 4980 mentis
2344 4943 2462 4996 quae
2490 4929 2651 4982 utitur
2672 4944 2754 4983 ea.
2787 4930 2862 4985 Ita
2888 4931 3047 4986 etiam
3075 4932 3244 4989 dictus
3273 4945 3353 4989 est
3383 4936 3533 4990 stilus
3559 4953 3714 4992 men-

2126 5015 2229 5071 dax
2259 5019 2546 5074 scribarum
2582 5039 2595 5075 :
2624 5036 2796 5091 neque
2815 5024 2956 5078 enim
2983 5040 3106 5080 esse
3131 5027 3438 5082 mendacem
3462 5031 3711 5099 pertinet,

2129 5110 2233 5164 nisi
2257 5111 2322 5165 ad
2353 5112 2614 5167 viventem
2637 5122 2792 5183 atque
2816 5115 3158 5184 sentientem;
3187 5119 3281 5174 scd
3312 5121 3465 5176 stilus
3487 5121 3711 5176 mendax

2123 5199 2297 5256 dictus
2324 5210 2426 5266 est,
2455 5203 2592 5272 quod
2623 5219 2716 5272 per
2745 5220 2863 5260 eum
2909 5208 3134 5262 mendax
3168 5210 3496 5265 mendaciter
3520 5227 3713 5280 opere-

2127 5301 2244 5359 tur;
2274 5294 2716 5362 quemadmodum
2745 5298 2787 5351 si
2815 5308 2869 5353 et
2893 5298 2990 5353 iste
3013 5315 3232 5370 serpens
3254 5303 3480 5358 mendax
3508 5304 3715 5359 dicere—

2127 5391 2229 5451 tur,
2259 5384 2398 5454 quod
2423 5400 2488 5440 eo
2526 5386 2764 5444 diabolus
2796 5401 3042 5461 tanquam
3069 5394 3204 5449 stilo.
3236 5395 3564 5451 mendaciter
3591 5409 3712 5451 ute-

2126 5482 2289 5529 retur.

2197 5566 2285 5620 37.
2316 5565 2429 5622 Hoc
2465 5567 2585 5622 ideo
2603 5570 3080 5628 commendandum
3109 5575 3305 5643 putavi,
3333 5591 3402 5631 ne
3430 5576 3708 5647 quisquam

2127 5658 2437 5714 existimans
2458 5663 2741 5718 animantia
2766 5665 2984 5719 rationis
3004 5667 3237 5736 expertia
3272 5668 3560 5724 humanum
3610 5669 3710 5723 ha-

2129 5751 2254 5806 bere
2277 5752 2622 5820 intellectum,
2650 5756 2732 5810 vel
2762 5756 2815 5810 in
2844 5757 3038 5816 animal
3058 5759 3311 5815 rationale
3337 5769 3554 5819 repente
3583 5776 3708 5818 mu-
