4090 6470
314 401 423 457 445

317 513 440 579 tari,
466 508 750 567 seducatur
769 507 821 561 in
842 505 985 560 illam
999 502 1299 572 opinionem
1316 498 1591 555 ridiculam
1613 506 1665 552 et
1686 496 1898 552 noxiam

317 601 664 659 molutionis
685 599 981 654 animarum
1009 596 1090 650 vel
1118 594 1390 648 hominum
1419 592 1473 644 in
1493 590 1709 655 bestias,
1738 589 1818 643 vel
1848 588 1899 642 in

318 692 570 747 homines
592 690 899 745 bestiarum.
937 685 1025 741 Sic
1045 697 1173 753 ergo
1218 682 1421 735 locutus
1440 688 1523 734 est
1550 691 1769 747 serpens
1805 677 1901 731 ho-

319 783 473 848 mini,
505 782 640 835 sieut
664 780 812 834 asina
862 778 916 831 in
954 790 1054 844 qua
1096 774 1316 829 sedebat
1363 771 1593 835 Balaam,
1624 771 1795 823 locuta
1820 777 1901 823 est

284 900 293 906 -
318 872 525 926 homini
559 869 725 942 (Num
753 883 886 931 xxu,
911 866 1025 936 28),
1058 865 1158 918 nisi
1187 862 1327 934 quod
1350 854 1473 916 illud
1498 860 1592 914 fuit
1614 873 1747 928 opus
1786 858 1900 911 dia-

292 964 571 1028 »boiicum,
594 964 692 1015 hoc
712 960 1025 1031 angelicum.
1052 957 1255 1010 [labent
1275 955 1415 1009 enim
1434 952 1675 1023 qucetlam
1705 950 1825 1004 boni
1849 958 1902 1004 et

318 1055 445 1111 mali
476 1053 645 1124 angeli
684 1066 845 1120 opera
874 1049 1083 1112 similia,
1117 1048 1249 1101 sicut
1280 1047 1484 1115 Moyses
1516 1051 1569 1097 et
1607 1042 1741 1111 magi
1766 1042 1902 1095 Pha-

315 1144 501 1201 raonis
534 1143 725 1214 (Exod.
754 1157 850 1205 vn,
874 1139 957 1203 ‘10,
994 1138 1105 1208 ii).
1142 1136 1333 1190 Verum
1369 1136 1420 1188 in
1462 1134 1543 1187 his
1575 1133 1731 1187 etiam
1776 1130 1899 1184 boni

316 1232 511 1305 Angeli
536 1232 858 1302 potentiores
886 1236 1027 1294 sunt,
1060 1242 1159 1281 nec
1180 1226 1304 1280 mali
1337 1224 1506 1294 angeli
1534 1224 1691 1278 etiam
1719 1222 1899 1275 talium

316 1320 543 1394 operum
570 1321 853 1392 quidquam
885 1325 1124 1388 possunt,
1166 1315 1268 1369 nisi
1309 1314 1448 1384 quod
1476 1329 1569 1382 per
1595 1312 1761 1366 bonos
1788 1312 1900 1364 An-

318 1416 472 1485 gelos
501 1408 799 1484 permiserit
841 1410 999 1473 Deus,
1037 1417 1093 1461 ut
1127 1406 1447 1461 retribuatur
1488 1402 1767 1471 unicuique
1808 1415 1899 1456 sea

313 1503 548 1559 cundum
578 1518 672 1558 cor
692 1501 826 1570 ejus,
858 1499 944 1554 vel
977 1498 1263 1553 secundum
1296 1495 1517 1564 gratiam
1546 1493 1666 1557 Dei;
1697 1502 1900 1545 utrum-

312 1609 421 1666 que
454 1594 597 1663 jusle
622 1608 686 1647 ac
710 1592 939 1661 benigne
982 1604 1076 1659 per
1117 1586 1447 1642 altitudinem
1468 1584 1767 1639 divitiarum
1808 1595 1893 1635 sa-

315 1686 537 1755 pientiae
567 1685 657 1739 Dei
688 1684 863 1753 (Rom.
890 1698 967 1744 XI,
996 1679 1109 1751 55).

352 1774 581 1829 CAPUT
602 1772 854 1828 XXX.-—
878 1771 1195 1839 Colloquium
1220 1767 1460 1837 serpentis
1483 1781 1599 1819 cum
1638 1765 1861 1818 muliere.

386 1865 478 1920 38.
500 1864 643 1917 Dixit
666 1878 791 1933 ergo
809 1877 1011 1931 serpens
1027 1859 1243 1925 mulieri,
1276 1857 1408 1923 Quid
1416 1857 1561 1926 ,quia
1584 1855 1709 1909 dixit
1738 1854 1895 1920 Deus,

320 1954 376 2009 Ν
381 1972 446 2009 οη
476 1953 631 2008 edelis
654 1953 716 2006 ab
745 1953 880 2006 omni
906 1951 1043 2021 ligno
1065 1949 1325 2021 paradisi?
1352 1947 1416 2000 Et
1443 1947 1570 1999 dixit
1595 1945 1778 1998 mulier
1803 1960 1901 1998 ser-

313 2049 473 2119 penti,
497 2047 539 2099 Α
567 2050 733 2116 [ructu
774 2044 898 2115 ligni
936 2043 1068 2111 quod
1095 2050 1166 2095 est
1208 2041 1258 2093 in
1292 2039 1526 2108 paradiso
1562 2037 1764 2091 edemus
1795 2052 1814 2089 :
1838 2034 1901 2089 de

317 2143 491 2211 fructu
505 2148 671 2193 autem
691 2138 833 2207 ligni,
850 2136 983 2205 quod
1000 2144 1071 2189 est
1087 2135 1137 2187 in
1155 2132 1315 2186 medio
1336 2129 1579 2201 paradisi,
1598 2129 1724 2182 dixit
1743 2127 1893 2192 Deus,

290 2231 446 2287 —Non
473 2231 626 2286 edetis
651 2246 712 2284 ex
740 2246 819 2295 eo,
862 2243 1015 2296 neque
1050 2226 1262 2296 tangetis
1303 2222 1453 2289 illud,
1495 2238 1557 2275 ne
1596 2220 1895 2274 moriamini.

318 2326 444 2381 Ideo
466 2324 610 2394 prius
639 2319 981 2390 interrogavit
1004 2330 1244 2386 serpens,
1272 2324 1326 2370 et
1353 2313 1622 2382 respondit
1659 2316 1757 2367 hoc
1784 2326 1902 2365 mu-

316 2414 438 2479 lier,
481 2421 539 2467 ut
568 2410 928 2482 prmvarieatio
958 2415 1099 2462 esset
1144 2403 1536 2468 inexcusabilis,
1584 2416 1753 2470 neque
1793 2401 1900 2455 ullo

317 2504 479 2558 modo
502 2502 605 2558 dici
635 2507 847 2570 posset.
889 2498 940 2552 id
977 2495 1116 2566 quod
1148 2501 1473 2565 praeceperat
1515 2493 1651 2547 Deus
1679 2491 1899 2546 oblitam

315 2593 480 2651 fuisse
504 2591 800 2647 mulierem.
830 2590 1137 2657 Quanquam
1167 2593 1220 2639 et
1239 2582 1437 2637 oblivio
1454 2580 1723 2651 praacepti,
1744 2579 1901 2635 maxi'

316 2700 406 2740 me
450 2684 607 2738 unius
655 2691 709 2737 et
754 2689 862 2735 tam
906 2676 1214 2739 necessarii,
1262 2673 1329 2728 ad
1373 2673 1655 2727 maximam
1694 2670 1899 2740 culpam

316 2776 633 2835 damnabilis
673 2770 1001 2842 negligentiae
1037 2767 1365 2839 pertineret:
1394 2771 1755 2817 verumtamen
1793 2761 1903 2816 evi-

317 2868 532 2926 dentior
558 2867 674 2937 ejus
712 2862 1057 2932 transgressio
1086 2868 1186 2924 est,
1209 2873 1328 2913 cum
1350 2855 1602 2911 memoria
1624 2855 1897 2921 retinetur,

319 2971 377 3016 et
402 2970 652 3030 tanquam
678 2958 729 3012 in
751 2957 842 3013 illo
873 2956 1011 3009 Deus
1050 2951 1305 3006 assistens
1350 2961 1686 3018 praesensque
1722 2954 1904 3001 conte-

318 3055 540 3110 mnitur.
560 3050 708 3109 Unde
730 3047 1081 3104 necessarium
1111 3044 1224 3108 fuit,
1249 3057 1367 3097 cum
1391 3042 1442 3097 in
1472 3041 1680 3094 Psalmo
1700 3039 1902 3093 dicere-

320 3154 428 3211 tur,
462 3143 525 3197 Et
552 3142 790 3197 memoria
826 3125 1149 3193 retinentibus
1172 3133 1412 3188 mandata
1450 3132 1575 3201 ejus,
1604 3129 1816 3193 addere,
1848 3135 1903 3182 ut

319 3236 509 3305 faciant
536 3250 594 3287 ea
612 3231 785 3301 (Psal.
805 3247 894 3297 cu,
914 3230 1024 3300 18).
1044 3227 1185 3281 Multi
1204 3226 1345 3280 enim
1375 3224 1604 3277 retinent
1624 3221 1897 3287 memoria,

322 3336 378 3381 ut
409 3331 751 3380 contemnant
800 3337 884 3387 ea,
910 3316 1353 3390 praevaricationis
1401 3313 1607 3383 majore
1661 3319 1898 3381 peccato,

322 3418 412 3472 ubi
447 3417 731 3473 oblivionis
757 3416 896 3470 nulla
912 3422 995 3469 est
1014 3411 1302 3466 excusatio.

390 3510 482 3564 59.
510 3508 656 3563 Dixit
680 3522 807 3577 ergo
821 3521 1023 3576 serpens
1046 3503 1262 3568 mulieri,
1284 3499 1403 3553 Non
1428 3507 1586 3553 morte
1600 3496 1897 3558 moriemini.

320 3600 522 3655 Sciebat
541 3599 675 3655 enim
698 3598 853 3662 Deus,
877 3596 1116 3665 quoniam
1148 3608 1245 3662 quo
1274 3591 1360 3644 die
1400 3586 1815 3643 manducaveritis
1841 3586 1904 3640 de

317 3708 396 3757 eo,
443 3690 800 3758 adaperientur
846 3686 980 3741 vobis
1028 3684 1180 3748 oculi,
1221 3691 1266 3736 et
1296 3681 1432 3735 eritis
1458 3680 1581 3733 sicut
1610 3678 1700 3742 dii,
1719 3692 1903 3747 cogno—

294 3792 507 3838 ,scentes
547 3782 732 3836 bonum
767 3788 814 3832 et
830 3778 1037 3832 malum.
1069 3774 1290 3843 Quando
1334 3772 1415 3826 his
1447 3769 1622 3824 verbis
1658 3767 1902 3822 crederet

318 3874 510 3929 mulier
537 3889 564 3925 a
593 3872 732 3927 bona
759 3879 916 3939 atque
941 3868 1053 3923 utili
1074 3882 1133 3920 re
1154 3864 1406 3920 divinitus
1440 3876 1498 3915 se
1540 3859 1701 3914 fuisse
1723 3857 1901 3928 prohi-

318 3966 479 4029 bitos,
509 3963 609 4018 nisi
632 3963 741 4031 jam
770 3962 966 4015 inesset
991 3956 1152 4012 menti
1182 3969 1332 4009 amor
1373 3952 1460 4007 ille
1486 3950 1711 4021 propria:
1752 3955 1902 4018 pote.

318 4059 494 4120 statis,
526 4063 580 4108 et
603 4052 843 4122 qumdam
865 4050 931 4104 de
956 4063 1014 4103 se
1036 4046 1265 4116 superba
1296 4040 1651 4112 prazsumptio,
1669 4053 1785 4108 quae
1806 4052 1900 4106 per

319 4146 463 4199 illam
495 4142 833 4199 tentationem
865 4141 1032 4193 fuerat
1059 4131 1414 4190 convincenda
1444 4139 1497 4184 et
1535 4126 1899 4183 humilianda?

319 4238 564 4307 Denique
608 4232 787 4289 verbis
820 4246 924 4286 non
968 4235 1215 4285 contenta
1252 4223 1514 4293 serpentis
1545 4218 1899 4276 consideravit

320 4330 545 4399 lignum,
576 4326 796 4393 uiditque
818 4322 1003 4377 bonum
1030 4319 1096 4372 ad
1121 4333 1302 4381 escam,
1327 4323 1372 4370 et
1398 4314 1633 4367 decorum
1657 4311 1724 4363 ad
1752 4325 1898 4379 aspe-

318 4430 476 4483 ctum,
509 4425 565 4472 et
607 4430 713 4470 non
748 4413 972 4469 credens
1010 4424 1167 4479 posse
1214 4406 1336 4461 inde
1382 4420 1440 4459 se
1484 4403 1639 4467 mori,
1669 4400 1898 4455 arbitror

320 4508 464 4580 quod
509 4505 768 4577 putaverit
809 4504 974 4557 Deum
1023 4499 1243 4567 alicujus
1296 4492 1690 4564 signiﬁcationis
1738 4505 1896 4545 causa

320 4601 554 4665 dixisse,
592 4595 653 4652 Si
681 4592 1098 4649 manducaveritis
1123 4631 1137 4654 ,
1184 4596 1340 4642 morte
1385 4585 1660 4639 moriemini
1699 4598 1718 4636 :
1740 4591 1899 4651 atque

322 4690 445 4745 ideo
489 4688 715 4758 sumpsit
754 4686 821 4740 de
854 4685 1024 4738 fructu
1052 4682 1186 4752 ejus,
1215 4689 1269 4735 et
1298 4676 1648 4742 manducavit,
1675 4683 1731 4731 et
1753 4674 1900 4728 dedit

321 4782 483 4836 etiam
533 4780 647 4833 viro
700 4792 796 4832 suo
847 4790 1063 4839 secum;
1113 4772 1349 4826 fortassis
1391 4770 1548 4823 etiam
1584 4782 1703 4821 cum
1737 4765 1899 4819 verbo

322 4872 587 4936 suasoria,
619 4869 756 4940 quod
789 4867 1059 4936 Scriptura
1100 4874 1281 4919 tacens
1316 4858 1707 4928 intelligendum
1732 4856 1895 4911 relin-

322 4965 456 5033 quit.
487 4963 569 5017 An
597 4962 731 5016 forte
758 4975 856 5015 nec
879 4958 1090 5015 suaderi
1116 4956 1224 5025 jam
1248 4968 1378 5023 opus
1400 4959 1514 5006 erat
1536 4953 1670 5015 viro,
1689 4948 1900 5019 quando

325 5056 469 5109 illam
500 5069 565 5107 eo
593 5053 714 5107 cibo
744 5060 1003 5106 mortuam
1033 5063 1139 5104 non
1167 5060 1285 5102 esse
1310 5042 1597 5099 cernebat?

320 5144 550 5203 CAPUT
586 5142 779 5199 XXXI.
805 5171 877 5182 —
905 5140 983 5195 Ad
1002 5140 1121 5208 quid
1146 5137 1308 5207 aperti
1341 5133 1672 5193 oculiAdami
1693 5141 1737 5184 et
1761 5130 1896 5184 Ευω.

392 5236 484 5291 40.
509 5236 649 5304 Ergo
664 5234 890 5298 ederunt,
910 5238 956 5286 et
970 5229 1131 5299 aperti
1145 5236 1261 5282 sunt
1282 5225 1413 5281 oculi
1428 5225 1704 5278 amborum.
1727 5221 1842 5287 Quo
1858 5220 1897 5286 ‘,

326 5328 431 5385 nisi
457 5326 525 5381 ad
564 5325 790 5380 invicem
819 5318 1302 5390 concupiscendum
1321 5358 1334 5381 ,
1365 5316 1430 5369 ad
1460 5313 1657 5383 peccati
1689 5325 1899 5381 pmnam

322 5417 504 5472 carnis
550 5416 716 5486 ipsius
740 5422 912 5468 morte
936 5420 1280 5479 conceptam;
1313 5415 1369 5460 ut
1391 5406 1500 5474 jam
1525 5410 1667 5457 esset
1708 5414 1902 5468 corpus

326 5525 433 5564 non
467 5508 695 5563 animale
724 5514 959 5570 tantum,
991 5502 1130 5572 quod
1176 5507 1420 5570 poterat,
1463 5496 1509 5549 si
1550 5492 1899 5548 obedientiam

325 5608 749 5664 conservarent,
796 5598 852 5651 in
888 5596 1160 5650 meliorem
1202 5589 1630 5661 spiritualemque
1670 5588 1900 5643 habitum

323 5694 442 5749 sine
469 5702 640 5746 morte
666 5688 875 5763 mutari,
903 5686 995 5741 sed
1018 5686 1124 5755 jam
1151 5699 1342 5753 corpus
1372 5682 1575 5749 mortis,
1606 5681 1657 5734 in
1688 5695 1792 5751 quo
1820 5679 1900 5733 lex

368 5805 405 5857 .¹
430 5803 567 5862 Editi.
590 5800 843 5862 ρυοιηοιιο.
865 5806 918 5853 At
939 5806 1063 5863 im,
1088 5804 1201 5858 Quo.

1627 382 1830 441 LIBER
1868 384 1958 441 ΗΝ
1967 384 2276 443 DECIMUS.

3472 393 3575 449 “6

2008 497 2058 551 in
2102 496 2355 552 membris
2384 506 2700 568 repugnaret
2738 497 2839 567 legi
2880 500 3068 555 mentis
3097 500 3271 575 (Rom.
3300 519 3391 568 vn,
3423 503 3517 574 23)
3546 508 3569 561 ἲ

2006 589 2185 658 Neque
2205 590 2345 644 enim
2369 589 2560 643 clausis
2588 589 2754 644 oculis
2788 588 2911 645 facti
2943 599 3114 658 erant,
3152 602 3207 647 et
3245 593 3295 647 in
3330 596 3571 663 paradiso

2007 680 2316 733 deliciarum
2347 681 2468 733 cmci
2497 680 2870 748 palpantesque
2894 680 3228 747 oberrabant,
3266 691 3322 735 ut
3350 685 3571 738 vetitum

2007 770 2202 839 lignum
2254 771 2409 824 etiam
2459 770 2753 824 nescientes
2797 770 3146 840 attingerent,
3197 774 3574 844 palpantesque

2008 863 2206 917 fructus
2250 861 2539 932 prohibitos
2588 861 2876 931 ignorando
2903 862 3265 931 decerperent.
3295 863 3572 931 Quomodo

2005 962 2182 1005 autem
2210 952 2455 1005 animalia
2477 961 2531 1005 et
2557 951 2784 1004 volatilia
2810 950 3030 1005 adducta
3059 961 3181 1005 sunt
3207 952 3271 1005 ad
3302 952 3489 1016 Adam,
3514 962 3574 1008 ut

2007 1041 2209 1097 videret
2238 1040 2361 1110 quid
2382 1056 2442 1095 ea
2474 1049 2711 1104 vocaret,
2742 1042 2784 1093 si
2817 1056 2918 1095 non
2948 1040 3189 1095 videbat?
3219 1050 3270 1095 et
3307 1043 3572 1111 quomodo

2006 1131 2117 1200 ipsa
2146 1131 2337 1185 mulier
2362 1131 2425 1184 ad
2456 1131 2621 1185 virum
2654 1132 2874 1185 adducta
2902 1140 2981 1184 est
3000 1171 3013 1193 ,
3043 1131 3254 1199 quando
3288 1130 3421 1185 facta
3469 1141 3566 1195 est,

2006 1229 2063 1274 ut
2087 1221 2152 1274 de
2180 1221 2268 1274 illa
2302 1236 2457 1290 quam
2487 1236 2587 1273 non
2625 1220 2833 1274 videbat
2866 1220 3093 1284 diceret,
3136 1218 3246 1271 Hoc
3273 1237 3403 1272 nunc
3429 1236 3482 1272 os
3512 1222 3573 1274 de

2005 1313 2197 1366 ossibus
2247 1313 2400 1377 meis,
2429 1321 2477 1365 et
2526 1328 2641 1365 caro
2683 1311 2746 1364 de
2786 1327 2936 1363 carne
2973 1325 3102 1373 mea,
3161 1320 3261 1363 etc.
3305 1307 3454 1379 (Gen.
3511 1326 3569 1375 tt,

2005 1402 2115 1469 ‘19,
2167 1402 2271 1470 22,
2323 1402 2473 1474 23)?
2529 1401 2837 1465 Postremo,
2878 1398 3142 1468 quomodo
3200 1398 3327 1452 vidit
3379 1400 3569 1453 mulier

2003 1493 2126 1562 quia
2162 1492 2357 1546 bonum
2407 1499 2488 1545 est
2541 1491 2739 1561 lignum
2781 1492 2830 1543 in
2875 1504 3082 1555 escam,
3127 1497 3180 1543 et
3233 1488 3352 1558 quia
3402 1489 3573 1557 placet

2004 1583 2169 1637 oculis
2197 1583 2261 1636 ad
2291 1582 2566 1636 videndum
2589 1622 2603 1645 ,
2646 1591 2699 1637 et
2744 1581 2991 1635 decorum
3039 1588 3121 1635 est
3145 1592 3460 1649 cognoscere
3480 1619 3494 1645 ,
3527 1579 3572 1634 si

2003 1688 2184 1727 eorum
2228 1672 2392 1727 clausi
2436 1682 2584 1725 erant
2620 1671 2807 1725 oculi?

2073 1765 2162 1818 41.
2193 1763 2302 1817 Nec
2327 1772 2498 1817 tamen
2532 1763 2647 1816 ideo
2676 1768 2892 1831 propter
2922 1760 3073 1814 unius
3099 1759 3244 1813 verbi
3277 1758 3575 1812 translatio-

2003 1871 2126 1911 nem
2165 1864 2334 1910 totum
2381 1856 2596 1923 ﬁgurate
2633 1852 2993 1921 accipiendum
3030 1861 3130 1905 est.
3182 1850 3385 1903 Viderit
3431 1850 3573 1903 enim

2003 1942 2447 2014 quemadmodum
2470 1942 2658 1996 dixerit
2677 1955 2915 2010 serpens,
2942 1939 3228 2009 Aperientui
3261 1936 3395 1991 vobis
3418 1937 3570 1991 oculi.

2008 2036 2117 2089 lloe
2138 2034 2278 2089 enim
2310 2048 2427 2087 eum
2460 2032 2684 2101 scriptor
2713 2031 2829 2083 libri
2858 2030 3051 2083 dixisse
3075 2029 3304 2082 narravit
3329 2044 3343 2089 ;
3386 2027 3436 2080 in
3475 2041 3573 2095 qua

2005 2141 2130 2181 vero
2155 2124 2535 2194 signiﬁcatione
2560 2123 2644 2176 vel
2674 2121 2932 2174 sententia
2971 2118 3190 2183 dixerit,
3224 2118 3407 2172 lectori
3448 2131 3577 2170 con-

2004 2216 2241 2272 siderare
2272 2213 2528 2284 permisit.
2564 2213 2673 2265 lloc
2698 2220 2872 2265 autem
2903 2210 3040 2279 quod
3073 2209 3327 2277 scriptum
3356 2216 3459 2273 est,
3505 2205 3574 2260 Et

2005 2310 2164 2380 aperti
2189 2318 2302 2361 sunt
2329 2307 2459 2360 oculi
2481 2321 2670 2370 eorum,
2692 2313 2733 2357 et
2755 2302 3085 2374 cognoverunt
3113 2301 3232 2370 quia
3261 2298 3383 2352 nudi
3410 2307 3571 2363 erant,

2004 2400 2076 2454 ita
2116 2400 2366 2467 scriptum
2407 2405 2522 2461 est,
2572 2393 3013 2463 quemadmodum
3052 2390 3227 2445 omnia
3262 2404 3379 2459 quae
3428 2396 3575 2457 gesta

2004 2498 2321 2552 narrantur;
2354 2501 2453 2540 nec
2484 2496 2656 2539 tamen
2699 2485 2818 2538 ideo
2854 2484 2905 2537 in
2949 2482 3281 2550 allegorieam
3319 2480 3577 2533 narratio-

2005 2595 2126 2636 nem
2170 2594 2267 2633 nos
2293 2578 2487 2631 debent
2515 2575 2727 2629 ducere.
2758 2574 2940 2642 Neque
2968 2572 3110 2626 enim
3155 2581 3208 2625 et
3253 2570 3575 2639 evangelista

2006 2680 2249 2725 narrator
2271 2670 2407 2723 dicta
2436 2667 2743 2736 cujusquam
2770 2665 2987 2734 ﬁgurata
3010 2678 3075 2717 ex
3099 2662 3213 2732 ejus
3240 2676 3463 2731 persona
3491 2661 3574 2714 in-

2004 2764 2233 2830 serebat,
2256 2778 2318 2816 ac
2338 2776 2443 2815 non
2464 2776 2525 2814 ex
2550 2773 2773 2828 persona
2796 2771 2889 2812 sua
2908 2771 3024 2826 qua:
3050 2754 3256 2809 fuerant
3279 2761 3423 2823 gesta
3450 2767 3574 2805 nar-

2004 2856 2174 2918 rabat,
2206 2868 2325 2907 cum
2355 2852 2554 2906 diceret
2579 2849 2645 2903 de
2670 2849 2771 2902 illis
2795 2847 3019 2912 duobus,
3047 2859 3271 2914 quorum
3308 2849 3578 2897 unuserat

2004 2943 2285 3013 Cleopbas,
2321 2939 2462 3011 quod
2490 2954 2611 2993 cum
2646 2936 2888 3006 fregisset
2930 2936 3008 2991 eis
3044 2934 3297 2989 Dominus
3340 2947 3531 3003 panem
3556 2972 3573 2998 ,

2007 3034 2169 3106 aperti
2215 3042 2329 3087 sunt
2387 3031 2518 3084 oculi
2558 3044 2745 3095 eorum,
2796 3036 2844 3080 et
2882 3033 3215 3096 cognoverunt
3256 3038 3390 3085 eum,
3419 3036 3576 3091 quem

2007 3140 2103 3195 per
2145 3124 2284 3177 viam
2332 3137 2433 3175 non
2474 3123 2832 3189 cognoverant
2869 3114 3014 3186 (Luc.
3044 3128 3186 3178 xxxv,
3219 3109 3435 3180 13.51);
3470 3125 3575 3166 non

2008 3215 2186 3284 utique
2216 3211 2411 3267 clausis
2434 3210 2601 3265 oculis
2630 3207 2975 3266 ambulantes,
2994 3203 3087 3258 sed
3109 3218 3228 3258 eum
3255 3215 3578 3270 cognoscere

2007 3322 2112 3361 non
2142 3303 2460 3359 valentibus.
2492 3303 2639 3356 Sicut
2662 3314 2789 3369 ergo
2825 3297 2916 3363 ibi,
2945 3298 3021 3350 sic
3048 3309 3146 3349 nec
3174 3295 3275 3348 isto
3304 3293 3421 3346 loco
3450 3306 3575 3345 nar.

2006 3396 2141 3451 ratio
2168 3395 2387 3464 ﬁgurata
2412 3401 2525 3457 est,
2559 3389 2799 3461 quamvis
2826 3386 3079 3442 translato
3115 3385 3280 3438 verbo
3308 3382 3576 3450 Scriptura

2006 3502 2100 3541 usa
2128 3486 2217 3552 sit,
2248 3493 2306 3537 ut
2334 3492 2546 3551 apertos
2573 3480 2775 3534 diceret
2812 3478 3011 3540 oculos,
3049 3474 3137 3544 qui
3165 3482 3218 3528 et
3242 3480 3395 3526 antea
3433 3480 3577 3540 pate-

2009 3581 2134 3635 bant
2160 3597 2172 3632 :
2195 3585 2409 3647 apertos
2438 3575 2617 3643 utique
2637 3572 2701 3624 ad
2726 3569 2921 3640 aliquid
2946 3566 3249 3622 intuendum
3271 3573 3326 3618 et
3344 3562 3577 3632 cogitans

2008 3672 2155 3735 dum,
2186 3667 2327 3738 quod
2355 3674 2509 3721 antea
2539 3676 2801 3732 nunquam
2836 3659 3191 3713 adverterant.
3224 3654 3320 3712 Ubi
3347 3654 3486 3708 enim
3509 3652 3576 3708 ad

2009 3758 2495 3830 transgrediendum
2539 3750 3057 3825 prreceptum'audax
3105 3748 3385 3803 curiositas
3433 3750 3577 3800 uiola

2006 3861 2120 3916 est,
2176 3848 2328 3902 avida
2362 3845 2595 3915 experiri
2646 3842 2892 3904 latentia,
2937 3838 3184 3907 quidnam
3238 3844 3375 3889 tacto
3415 3834 3576 3887 vetito

2005 3948 2348 4010 sequeretur,
2375 3945 2431 3990 et
2466 3935 2620 3989 noxia
2661 3933 2901 3986 libertate
2940 3929 3170 3981 habenas
3207 3923 3575 3994 prohibitionis

2004 4044 2251 4101 rumpere
2290 4027 2574 4089 delectata,
2612 4020 2934 4092 probabilius
2979 4017 3287 4073 existimans
3325 4028 3427 4068 non
3455 4028 3578 4068 esse

2005 4133 2232 4178 mortem
2256 4159 2272 4186 ,
2318 4132 2473 4189 quam
2519 4117 2836 4177 timuerant,
2881 4118 3177 4163 secuturam
3212 4123 3223 4158 :
3254 4105 3357 4160 tale
3382 4104 3577 4175 quippe

2007 4228 2219 4284 pomum
2244 4208 2567 4266 credendum
2598 4215 2679 4261 est
2704 4204 2868 4259 fuisse
2892 4200 2944 4254 in
2966 4200 3049 4257 illa
3078 4200 3285 4261 arbore,
3310 4196 3460 4265 cujus
3478 4208 3573 4264 ge—

2005 4306 2150 4362 neris
2179 4318 2331 4373 poma
2359 4301 2462 4371 jam
2504 4299 2554 4355 in
2585 4298 2701 4351 aliis
2722 4296 2997 4349 arboribus
3025 4290 3236 4349 innoxia
3258 4294 3571 4351 senserant;

2006 4398 2149 4452 unde
2175 4396 2343 4465 magis
2368 4391 2706 4448 crediderunt
2736 4390 2898 4442 Deum
2932 4400 3089 4455 posse
3124 4382 3463 4452 peccantibus
3501 4379 3579 4432 fa.

2008 4490 2109 4543 cile
2134 4489 2427 4558 ignoscere,
2457 4497 2610 4552 quam
2655 4481 2913 4549 patienter
2945 4477 3177 4531 tulerunt
3203 4475 3215 4504 ¹
3242 4488 3346 4526 non
3380 4485 3576 4539 cogno-

2006 4594 2158 4635 scere
2182 4576 2429 4647 quidnam
2458 4579 2630 4637 esset,
2664 4571 2747 4624 vel
2780 4584 2875 4623 cur
2903 4582 2995 4621 eos
3017 4566 3137 4620 inde
3166 4564 3338 4618 cibum
3366 4574 3576 4619 sumere

2005 4671 2258 4727 vetuisset
2294 4685 2307 4721 :
2338 4681 2462 4720 mox
2490 4673 2545 4717 ut
2569 4679 2693 4733 ergo
2720 4667 3037 4731 praeceptum
3072 4654 3381 4724 transgressi
3410 4660 3569 4722 sunt,

2006 4763 2325 4819 intrinsecus
2374 4758 2540 4828 gratia
2581 4755 2859 4810 deserente
2910 4750 3125 4804 omnino
3171 4746 3368 4809 nudati,
3419 4760 3575 4813 quam

2008 4855 2169 4927 typho
2192 4851 2419 4922 quodam
2444 4857 2496 4902 et
2521 4844 2747 4915 superbo
2770 4857 2950 4896 amore
2974 4852 3083 4895 sua:
3114 4836 3389 4906 potestatis
3411 4834 3578 4886 oil‘en.

2005 4949 2209 5009 derant,
2240 4945 2291 4997 in
2321 4957 2413 4995 sua
2440 4939 2673 4993 membra
2700 4934 2878 4990 oculos
2900 4932 3212 5002 injeeerunt,
3237 4940 3403 4994 eaque
3429 4934 3576 4977 motu

2009 5054 2073 5093 eo
2098 5050 2256 5105 quem
2297 5048 2403 5086 non
2442 5035 2716 5092 noverant,
2744 5023 3173 5091 concupiverunt.
3208 5016 3286 5070 Ad
3317 5015 3417 5068 hoc
3451 5027 3577 5081 ergo

2009 5127 2178 5195 aperti
2206 5131 2329 5179 sunt
2352 5121 2512 5186 oculi,
2537 5118 2601 5172 ad
2623 5115 2763 5187 quod
2789 5124 2944 5168 antea
2970 5125 3075 5165 non
3105 5107 3373 5178 patebant,
3394 5117 3578 5173 quam.

2008 5221 2086 5275 vis
2105 5218 2169 5271 ad
2200 5217 2302 5270 alia
2330 5220 2589 5284 paterent.
3298 5258 3305 5263 _

2007 5308 2231 5367 CAPUT
2269 5281 2482 5360 mut.
2508 5332 2580 5343 -
2610 5295 2931 5353 Mortalitatis
2960 5301 3007 5347 et
3045 5289 3262 5345 libidinis
3291 5286 3449 5356 origo.
3486 5281 3575 5339 Fit

2514 5392 2692 5446 culnca
2718 5385 3065 5442 succinctoria.

2078 5514 2165 5570 42.
2198 5512 2321 5568 Haec
2350 5522 2495 5564 mors
2522 5522 2583 5561 ea
2614 5505 2700 5560 die
2724 5501 2947 5564 accidit,
2978 5513 3078 5567 qua
3108 5496 3298 5549 factum
3328 5499 3411 5546 est
3437 5488 3577 5558 quod

2011 5611 2149 5665 Deus
2195 5603 2379 5658 vetuit.
2429 5598 2637 5652 Amisso
2683 5593 2876 5664 quippe
2914 5596 3050 5643 statu
3095 5583 3339 5647 mirabili,
3382 5594 3576 5647 corpus

2073 5731 2089 5756 ι
2112 5724 2185 5772 sic
2205 5727 2310 5769 Mss.
2337 5725 2392 5767 At
2414 5726 2533 5773 Am.,
2559 5725 2700 5777 quam
2722 5710 2954 5777 patienter
2982 5704 3163 5777 tulerit.
3189 5710 3283 5764 Ern,
3312 5712 3455 5767 quam
3491 5711 3580 5763 pa-

2010 5767 2182 5845 tienter:
2195 5767 2401 5835 tulerint.
2423 5767 2552 5840 Levi,
2573 5767 2699 5841 quod
2723 5767 2951 5836 jxdicnter
2973 5767 3183 5819 tulerint.
