4090 6592
458 433 564 490 447

459 549 633 619 ipsum
671 544 760 604 cui
791 551 959 601 status
983 542 1142 600 etiam
1178 539 1244 596 de
1277 539 1420 610 ligno
1449 537 1570 592 vitae
1598 537 1791 592 virtute
1815 534 2035 605 mystica

463 639 818 710 praebebatur,
851 651 945 707 per
969 649 1125 706 quem
1152 647 1252 688 nec
1279 629 1465 686 morbo
1485 628 1699 693 tentari,
1728 641 1828 682 nec
1847 623 2037 680 mutari

463 737 620 784 aetate
667 728 984 799 potuissent,
1028 734 1083 778 ut
1127 722 1229 777 hoc
1275 721 1327 775 in
1353 734 1539 775 eorum
1582 732 1762 780 carne,
1802 713 2041 786 quamvis

465 819 638 873 adhuc
663 816 875 872 animali
905 824 959 870 et
999 814 1053 868 in
1079 812 1268 868 melius
1294 817 1477 879 postea
1514 804 1913 870 commutanda,
1931 803 2042 871 jam

472 918 649 964 tamen
690 906 1076 977 signiﬁcaretur
1116 918 1211 973 per
1239 915 1417 957 escam
1444 899 1573 970 ligni
1599 898 1742 963 vitte,
1794 894 1935 966 quod
1977 909 2045 948 ex

470 998 585 1066 ipso
604 994 864 1066 Spirituali
882 994 1137 1049 alimento
1156 990 1451 1060 sapientiae,
1479 988 1630 1058 cujus
1657 993 2045 1041 Sacramentum

472 1087 599 1141 illud
629 1088 822 1156 lignum
849 1093 985 1146 erat,
1015 1082 1072 1135 lit
1096 1082 1147 1135 in
1170 1080 1385 1151 Angelis
1419 1095 1513 1149 per
1540 1076 1851 1131 mtcrnitatis
1882 1073 2045 1144 parti-

470 1178 813 1248 cipationem,
847 1185 904 1229 ut
938 1176 990 1229 in
1030 1173 1264 1228 deterius
1295 1188 1398 1226 non
1432 1178 1702 1225 mutentur
1734 1186 1748 1222 :
1787 1167 1887 1222 hoc
1922 1177 2050 1235 ergo

475 1269 673 1322 amisso
700 1276 858 1327 statu,
889 1279 1082 1334 corpus
1109 1278 1293 1318 eorum
1319 1262 1468 1317 duxit
1496 1260 1787 1316 morbidam
1824 1267 1874 1314 et
1906 1271 2050 1312 mor-

482 1356 688 1410 tiferam
712 1355 1036 1424 qualitatem,
1069 1368 1187 1422 qua:
1228 1352 1368 1406 inest
1399 1351 1556 1405 etiam
1590 1364 1841 1419 pecorum
1865 1346 2009 1401 carni
2034 1385 2049 1410 ,

478 1460 542 1499 ac
564 1460 655 1513 per
682 1444 781 1498 hoc
808 1444 969 1498 etiam
995 1442 1243 1498 eumdem
1270 1450 1469 1495 motum
1487 1455 1594 1510 quo
1616 1440 1675 1493 fit
1700 1439 1752 1493 in
1775 1437 2055 1508 pecoribus

478 1535 861 1590 concumbendi
900 1535 1185 1604 appetitus,
1219 1542 1275 1588 ut
1302 1532 1590 1588 succedant
1625 1530 1894 1586 nascentia
1934 1543 2055 1583 mo-

479 1626 738 1680 rientibus
767 1645 780 1680 :
814 1625 908 1681 sed
954 1636 1131 1682 tamen
1163 1626 1321 1681 etiam
1361 1626 1413 1679 in
1444 1625 1553 1694 ipsa
1597 1628 1704 1694 jam
1752 1637 1905 1692 paena
1946 1636 2058 1676 sure

480 1716 847 1785 generositatis
870 1716 1024 1770 index
1046 1716 1221 1769 anima
1239 1716 1256 1747 ί
1270 1714 1544 1770 rationalis
1564 1713 1837 1769 bestialem
1856 1720 2058 1766 motum

482 1806 536 1859 in
563 1805 814 1859 membris
851 1821 963 1860 sua:
990 1804 1166 1859 carnis
1191 1804 1420 1871 erubuit,
1451 1805 1606 1875 eique
1631 1803 1852 1858 incussit
1886 1801 2059 1872 pudo-

486 1912 622 1959 rem,
665 1912 769 1951 non
797 1897 967 1951 solum
993 1896 1117 1966 quia
1145 1895 1246 1950 hoc
1274 1896 1344 1950 ibi
1369 1895 1651 1960 sentiebat,
1679 1894 1767 1949 ubi
1793 1907 2062 1963 nunquam

486 1996 643 2043 antea
681 1988 787 2043 tale
830 1988 1025 2059 aliquid
1064 1996 1325 2055 senserat,
1364 2002 1550 2042 verum
1593 1986 1756 2040 etiam
1798 1984 1939 2055 quod
1976 1983 2064 2038 ille

488 2077 765 2148 pudendus
789 2087 965 2134 motus
992 2077 1059 2132 de
1078 2077 1330 2147 praecepti
1358 2076 1779 2147 transgressione
1799 2073 2060 2130 veniebat.

491 2168 567 2223 lbi
611 2169 754 2224 enim
793 2169 981 2236 sensit,
1012 2185 1112 2239 qua
1143 2169 1288 2238 prius
1312 2168 1479 2238 gratia
1520 2170 1824 2233 vestiretur,
1853 2164 2067 2236 quando

494 2258 547 2311 in
577 2273 672 2312 sua
701 2258 939 2315 nuditate
964 2259 1097 2313 nihil
1126 2258 1377 2314 indecens
1398 2258 1714 2328 patiebatur.
1739 2257 1812 2313 Ibi
1832 2256 2069 2325 comple-

496 2358 607 2404 tum
623 2358 723 2417 est,
747 2349 976 2417 Domine,
1004 2351 1057 2404 in
1082 2351 1331 2405 voluntate
1350 2359 1439 2404 tua
1462 2349 1737 2419 praestitisti
1762 2348 1930 2404 decori
1960 2364 2070 2402 meo

496 2443 754 2508 virtutem;
782 2443 1002 2497 avertisti
1025 2451 1191 2497 autem
1228 2442 1409 2514 {aciem
1445 2451 1583 2495 tuam
1614 2444 1658 2507 ¹,
1692 2450 1743 2496 et
1768 2445 1934 2514 [actus
1958 2455 2072 2495 sum

497 2532 818 2587 conturbatus
843 2533 1012 2605 (Psal.
1038 2549 1190 2600 xxix,
1212 2532 1293 2605 8).
1315 2533 1553 2603 Denique
1567 2532 1653 2587 illa
1670 2532 2073 2587 conturbatione

499 2622 566 2677 ad
585 2622 705 2677 folia
727 2623 946 2678 ﬁculnea
965 2631 1335 2690 cucurrerunt,
1358 2622 1705 2678 succinctoria
1723 2630 2071 2685 consuerunt,

498 2723 556 2768 et
579 2714 698 2784 quia
722 2714 991 2785 glorianda
1018 2715 1381 2781 deseruerant,
1403 2713 1650 2784 pudenda
1683 2720 1946 2769 texerunt.
1965 2710 2078 2767 Nec

500 2805 731 2860 arbitror
750 2820 844 2861 eos
868 2807 1130 2877 cogitasse
1158 2804 1354 2876 aliquid
1380 2806 1432 2859 in
1458 2806 1562 2860 illis
1585 2804 1745 2870 foliis,
1776 2803 1918 2874 quod
1956 2802 2076 2857 tali-

504 2895 605 2950 bus
631 2905 946 2966 congrueret
973 2895 1182 2965 contegi
1215 2895 1325 2965 jam
1365 2895 1599 2949 membra
1627 2894 1952 2962 prurienlia;
1983 2891 2077 2946 sed

501 2987 713 3042 occulto
750 2987 999 3042 instinctu
1039 2986 1106 3040 ad
1146 2986 1247 3040 hoc
1281 2987 1367 3041 illa
1398 2986 1797 3043 conturbatione
1819 2983 2091 3055 compulsi

507 3089 650 3146 sunt,
676 3081 911 3135 utetiam
937 3080 1053 3134 talis
1080 3094 1252 3149 pinna:
1285 3095 1396 3135 sua:
1437 3078 1750 3149 signiﬁcatio
1784 3093 1815 3132 a
1840 3078 2081 3133 nescien-

504 3167 647 3222 tibus
679 3167 828 3223 fieret
849 3209 865 3234 ,
909 3184 1026 3239 qua:
1070 3178 1401 3238 peccatorem
1436 3167 1573 3224 facta
1617 3168 1989 3235 convinceret,
2029 3176 2085 3222 et

500 3258 724 3313 doceret
748 3260 943 3328 scripta
970 3260 1220 3315 lectorem
1251 3260 1293 3314 ³.

574 3349 805 3406 CAPUT
834 3349 1071 3405 XXXIII.
1105 3350 1216 3406 Vos:
1242 3350 1337 3406 Dei
1360 3351 1663 3405 ambulantis
1677 3351 1730 3405 in
1755 3351 2010 3421 paradiso.

578 3443 667 3498 45.
687 3439 754 3496 Et
764 3441 1031 3496 audierunt
1046 3458 1210 3497 vocem
1220 3442 1422 3497 Domini
1437 3442 1531 3497 Dei
1546 3443 1847 3498 ambulantis
1863 3443 1912 3496 in
1925 3459 2085 3513 para-

509 3535 623 3589 diso
644 3534 711 3588 ad
734 3550 1005 3604 vesperam.
1037 3533 1113 3588 Ea
1129 3534 1322 3604 quippe
1340 3535 1468 3589 hora
1488 3535 1617 3589 tales
1641 3533 1749 3603 jam
1767 3540 2088 3588 convenerat

511 3624 749 3691 visitare,
771 3624 859 3695 qui
883 3622 1225 3680 defeceranta
1241 3624 1358 3679 luce
1383 3624 1640 3679 veritatis.
1662 3622 1928 3693 Fortassis
1944 3624 2085 3679 enim

513 3713 961 3769 aliismtrinsecus
984 3713 1069 3769 vel
1103 3713 1399 3769 effabilibus
1430 3714 1514 3769 vel
1533 3704 2089 3785 ineffabilibusmodis

520 3803 660 3859 Deus
674 3818 792 3859 cum
808 3803 911 3858 illis
940 3814 1093 3858 antea
1110 3804 1441 3873 loquebatur,
1454 3804 1590 3859 sicut
1602 3805 1761 3860 etiam
1776 3819 1903 3860 cum
1915 3807 2090 3875 Ange-

514 3895 582 3950 Iis
594 3896 826 3965 loquitur
848 3895 956 3964 ipsa
987 3894 1399 3950 ineommutabili
1425 3895 1641 3949 veritate
1668 3895 2093 3961 illustransmen-

512 3994 599 4040 tes
627 3999 809 4040 eorum
827 4026 842 4051 ,
862 3983 950 4039 ubi
964 3993 1045 4039 est
1062 3984 1356 4039 intellectus
1381 3998 1541 4039 nosse
1568 3984 1724 4040 simul
1749 4000 2092 4057 quaecumque

514 4076 680 4130 etiam
722 4088 817 4143 per
843 4084 1079 4143 tempora
1118 4089 1223 4128 non
1252 4074 1386 4129 ﬁunt
1406 4073 1583 4129 simul.
1614 4072 1773 4130 Forte
1793 4116 1809 4142 ,
1837 4076 2049 4146 inquam
2072 4117 2089 4145 ,

514 4165 602 4221 sic
620 4180 743 4219 cum
770 4164 847 4220 eis
874 4165 1203 4234 loquebatur,
1233 4166 1334 4221 etsi
1374 4180 1480 4221 non
1526 4174 1669 4221 tanta
1696 4167 2094 4239 participatione

523 4256 719 4312 divina:
759 4257 1065 4327 sapientiae,
1102 4266 1357 4329 quantam
1399 4258 1613 4327 capiunt
1654 4259 1876 4329 Angeli;
1919 4270 2094 4316 tamen

518 4361 625 4418 pro
653 4347 883 4404 humano
911 4349 1158 4413 modulo,
1188 4349 1575 4419 quantumlibet
1614 4350 1817 4416 minus,
1857 4352 1951 4406 sed
1982 4352 2096 4422 ipso

526 4452 722 4506 genere
749 4437 1063 4492 visitationis
1090 4446 1147 4493 et
1176 4437 1491 4503 locutionis;
1539 4436 1777 4493 fortassis
1801 4439 1960 4494 etiam
2004 4440 2098 4496 illo

527 4528 619 4599 qui
639 4529 696 4583 ﬁt
716 4544 810 4599 per
828 4537 1127 4584 ere-ituram
1142 4569 1160 4597 ,
1187 4529 1300 4585 sive
1321 4530 1374 4585 in
1398 4530 1587 4586 ecstasi
1612 4530 1828 4600 spiritus
1851 4545 2102 4602 corpora-

522 4619 665 4673 libus
690 4619 1003 4690 imaginibus
1019 4661 1041 4687 ,
1081 4621 1195 4675 sive
1233 4622 1357 4691 ipsis
1383 4621 1626 4677 sensibus
1664 4622 1904 4693 corporis
1925 4623 2101 4693 aliqua

530 4710 710 4777 specie
732 4719 1054 4778 .priesentata
1082 4711 1162 4766 vel
1189 4711 1257 4766 ad
1303 4711 1620 4779 videndum,
1649 4712 1731 4768 vel
1775 4713 1843 4768 ad
1884 4713 2103 4769 audien-

531 4799 688 4867 dum,
718 4801 855 4855 sicut
893 4801 946 4855 in
970 4802 1188 4871 Angelis
1212 4803 1320 4858 suis
1344 4804 1479 4858 solet
1507 4803 1672 4859 videri
1713 4805 1853 4861 Deus
1884 4807 1967 4861 vel
2009 4821 2101 4862 so-

533 4903 662 4944 nare
699 4904 792 4958 per
820 4891 1042 4946 nubem.
1073 4891 1223 4947 Nunc
1248 4902 1423 4949 tamen
1447 4894 1586 4964 quod
1616 4896 1893 4952 audierunt
1918 4912 2103 4955 vocem

537 4979 631 5035 Dei
659 4980 975 5038 ambulantis
994 4983 1051 5038 in
1074 4984 1323 5053 paradiso
1344 4985 1412 5040 ad
1439 5001 1744 5057 vesperam,
1776 4989 1984 5046 nonnisi
2011 5008 2106 5062 per

535 5082 831 5127 creaturam
857 5073 1132 5131 visibiliter
1143 5076 1342 5132 factum
1369 5086 1480 5141 est,
1504 5094 1571 5134 ne
1595 5080 1889 5136 substantia
1916 5083 2002 5137 illa
2026 5084 2108 5140 in-

436 5176 437 5179 ‘
537 5163 757 5228 visibilis
784 5171 838 5218 et
854 5164 1050 5235 ubique
1078 5177 1204 5233 tota,
1221 5183 1337 5236 quae
1357 5169 1526 5224 Patris
1544 5179 1597 5224 et
1625 5170 1743 5226 Filii
1771 5182 1851 5227 est
1868 5181 1924 5228 et
1941 5174 2106 5243 Spiri-

539 5262 622 5308 tus
647 5254 834 5321 sancti,
852 5258 1212 5327 corporalibus
1239 5275 1421 5315 eorum
1449 5262 1690 5318 sensibus
1706 5263 1863 5319 locali
1884 5273 1945 5321 et
1972 5276 2108 5323 tem-

537 5347 703 5417 porali
730 5357 875 5405 motu
900 5350 1205 5419 apparuisse
1218 5352 1491 5406 credatur.

607 5437 695 5493 44.
724 5437 790 5492 Et
813 5439 1176 5496 absconderant
1205 5458 1257 5496 se
1282 5442 1445 5495 Adam
1471 5452 1517 5496 et
1556 5443 1736 5499 mulier
1773 5447 1883 5516 ejus
1916 5464 1949 5501 α
1982 5450 2111 5519 {acie

597 5570 620 5644 ἢ
648 5578 746 5617 Am.
771 5578 824 5621 et
850 5578 945 5630 εν..
968 5571 1145 5644 vindex
1367 5582 1499 5637 Lov.,
1517 5576 1695 5628 vindex
1714 5577 1973 5632 anima.“
2002 5590 2107 5634 Mss.

540 5642 714 5693 magno
735 5644 991 5693 consensu,
1013 5636 1161 5685 index
1182 5636 1357 5686 anima

604 5691 754 5761 geniti
774 5691 1011 5761 addunt,a
1025 5698 1268 5761 nte;quod
1290 5700 1435 5761 abest
1450 5711 1475 5746 a
1498 5704 1603 5747 Mss.
1619 5707 1668 5748 et
1689 5714 1717 5751 a
1741 5704 1964 5753 versione
1982 5712 2107 5756 LXX.

604 5752 711 5831 Lua
720 5753 904 5831 tunsa
924 5758 1007 5831 ubi
1026 5759 1075 5831 in
1096 5752 1290 5831 esensis
1312 5760 1586 5831 legitimum,
1609 5774 1715 5831 quae
1736 5752 2113 5831 mmmam;

558 5816 666 5861 tum
687 5816 994 5881 convinceret,
1017 5825 1061 5869 et
1075 5826 1263 5870 doceret
1283 5816 1526 5871 scrivtura
1543 5816 1778 5874 léc'ioreiit.

1405 425 1492 479 DE
1521 422 1767 479 CENESI
1807 420 1897 475 AD
1935 413 2305 479 LITTERAM,
2343 412 2402 468 S.
2444 410 2806 468 AUGUSTINI

3616 409 3727 469 με

2145 528 2355 583 Domini
2382 528 2434 581 in
2462 526 2626 581 medio
2647 526 2784 596 ligno
2806 524 2944 595 quod
2966 534 3038 579 est
3062 525 3117 579 in
3145 525 3403 595 paradiso.
3432 522 3564 581 Cum
3586 525 3732 583 Deus

2145 617 2337 672 avertit
2365 615 2680 670 intrinsecus
2704 614 2896 671 faciem
2926 630 3081 670 suam
3106 656 3122 682 ,
3162 625 3217 671 et
3240 615 3299 672 ﬁt
3322 615 3483 671 homo
3508 626 3733 672 contur-

2147 712 2336 775 batus;
2367 724 2474 764 non
2515 708 2771 763 miremur
2796 707 2912 763 haec
2939 707 3055 762 ﬁeri
3074 748 3090 772 ,
3120 723 3239 778 qua:
3262 707 3457 764 similia
3480 716 3609 765 sunt
3632 709 3734 764 de-

2150 800 2395 866 mentim,
2450 814 2547 869 per
2596 798 2815 853 nimium
2882 798 3136 867 pudorem
3193 814 3257 853 ac
3309 798 3586 864 timorem;
3643 799 3740 854 illo

2151 904 2361 959 quoque
2388 888 2598 944 occulto
2645 887 2898 942 instinctu
2945 901 3050 941 non
3093 887 3436 957 quiescente,
3466 898 3527 943 ut
3550 903 3613 943 ea
3643 902 3743 943 ne-

2153 981 2381 1036 scientes
2429 978 2700 1046 facerent,
2740 995 2859 1050 quae
2901 978 3098 1049 aliquid
3144 979 3534 1051 signiﬁcarent,
3562 995 3741 1051 quan-

2154 1072 2329 1143 doque
2369 1072 2582 1128 scituris
2621 1072 2882 1141 posteris,
2912 1080 3128 1141 propter
3154 1087 3289 1142 quos
3314 1072 3414 1129 ista
3442 1072 3745 1143 conscripta

2155 1171 2296 1217 sunt.

2157 1253 2383 1310 CAPUT
2420 1252 2660 1309 XXXIV.
2688 1253 2942 1308 —-Adam
2978 1255 3039 1309 ob
3076 1256 3350 1310 nuditatem
3384 1272 3490 1312 sese
3528 1256 3743 1312 abscon-

2598 1347 2721 1400 dens
2752 1346 3092 1418 interrogatur
3116 1365 3147 1400 a
3183 1347 3307 1401 Deo.

2231 1435 2320 1488 45.
2367 1434 2435 1489 Et
2468 1436 2658 1489 vocavit
2699 1424 2946 1490 Dominus
2976 1435 3116 1491 Deus
3154 1437 3431 1505 Adam,'et
3469 1438 3598 1493 dixit
3632 1438 3750 1505 illi,

2167 1525 2264 1581 Ubi
2292 1528 2377 1581 es?
2404 1526 2726 1597 Increpantis
2750 1542 2851 1581 vox
2896 1536 3012 1592 est,
3056 1544 3163 1583 non
3208 1528 3519 1599 ignorantis.
3549 1529 3617 1584 Et
3645 1528 3754 1586 hoc

2164 1632 2293 1672 sane
2318 1616 2385 1670 ad
2412 1617 2641 1686 aliquam
2677 1618 2907 1687 pertinet
2941 1617 3386 1688 significationem
3404 1660 3420 1684 ,
3446 1619 3584 1690 quod
3614 1620 3755 1675 sicut

2167 1716 2486 1776 praeceptum
2518 1707 2630 1762 viro
2668 1707 2845 1762 datum
2871 1716 2990 1773 est,
3037 1723 3134 1778 per
3174 1724 3333 1778 quem
3364 1709 3658 1779 perveniret
3682 1707 3757 1763 ad

2167 1796 2451 1863 feminam,
2484 1798 2557 1852 ita
2582 1796 2661 1852 vir
2688 1799 2830 1867 prior
2854 1798 3227 1868 interrogatur.
3250 1799 3578 1869 I’razceptum
3606 1800 3757 1855 enim

2167 1903 2198 1941 a
2225 1886 2449 1943 Domino
2496 1902 2590 1957 per
2627 1888 2796 1943 virum
2842 1904 3007 1959 usque
3033 1889 3101 1943 ad
3146 1889 3399 1944 feminam
3432 1908 3446 1943 :
3478 1901 3759 1960 peccatum

2169 1993 2347 2037 autem
2375 1996 2405 2034 a
2431 1980 2644 2036 diabolo
2686 1996 2780 2050 per
2809 1980 3055 2037 feminam
3098 1997 3266 2053 usque
3300 1981 3369 2037 ad
3410 1983 3601 2038 virum.
3632 1982 3763 2037 Ilaec

2172 2072 2413 2145 mysticis
2440 2071 2913 2143 signiﬁcationibus
2952 2074 3105 2143 plena
3131 2082 3287 2139 sunt,
3319 2088 3424 2128 non
3460 2073 3511 2128 id
3549 2074 3762 2144 agenti-

2172 2165 2272 2221 bus
2302 2164 2353 2219 in
2376 2164 2569 2234 quibus
2596 2164 2729 2219 facta
2756 2172 2916 2228 sunt,
2945 2164 3043 2219 sed
3067 2164 3135 2220 de
3159 2164 3243 2219 his
3268 2165 3319 2220 id
3346 2174 3537 2236 agente
3567 2174 3764 2236 poten-

2175 2256 2378 2312 tissima
2402 2255 2660 2326 sapientia
2687 2252 2802 2312 Dei.
2830 2255 2949 2311 Non
2974 2266 3155 2313 autem
3184 2273 3326 2314 nunc
3352 2258 3645 2331 signiﬁcata
3673 2274 3765 2314 re-

2175 2361 2447 2413 seramus,
2479 2346 2573 2402 sed
2594 2355 2747 2417 gesta
2772 2345 3124 2403 defendimus.

2248 2439 2339 2493 46.
2366 2437 2659 2509 Respondit
2691 2452 2819 2508 ergo
2845 2438 3015 2493 Adam
3043 2456 3057 2493 :
3100 2437 3280 2493 Vocem
3323 2449 3463 2494 tuam
3504 2440 3677 2495 audivi
3712 2439 3772 2494 in

2179 2527 2454 2601 paradiso,
2487 2539 2533 2584 et
2559 2530 2738 2595 (intui,
2778 2530 2899 2600 quia
2937 2528 3102 2584 nudus
3141 2547 3286 2598 sum,
3316 2541 3364 2585 et
3388 2531 3627 2586 abscondi
3666 2549 3767 2587 me.

2180 2622 2323 2677 Satis
2352 2620 2624 2692 probabile
2664 2631 2746 2677 est
2770 2661 2786 2686 ,
2830 2624 3005 2677 solere
3030 2622 3198 2678 Deum
3237 2637 3332 2692 per
3351 2632 3649 2679 creaturam
3675 2623 3773 2679 tali

2180 2714 2377 2768 actioni
2406 2728 2696 2783 congruam
2726 2713 2780 2768 in
2806 2715 2973 2768 forma
3000 2714 3231 2769 humana
3253 2715 3439 2784 primis
3465 2715 3570 2771 illis
3597 2715 3775 2770 homi-

2183 2803 2340 2859 nibus
2382 2818 2640 2873 apparere
2686 2821 2699 2857 :
2742 2819 2876 2875 quos
2902 2812 3080 2860 tamen
3110 2821 3378 2877 nunquam
3407 2807 3647 2876 permisit
3673 2807 3777 2862 ad-

2185 2904 2395 2949 vertere
2446 2895 2737 2949 nuditatem
2785 2910 2957 2960 suam,
3005 2911 3189 2951 eorum
3218 2897 3562 2953 intentionem
3606 2898 3660 2952 in
3681 2913 3777 2953 su-

2188 3000 2350 3054 perna
2379 2986 2697 3050 sustollens,
2726 2986 2827 3040 nisi
2850 3002 2972 3042 cum
3005 2996 3122 3057 post
3160 3000 3436 3058 peceatum
3466 2990 3774 3059 pudendum

2188 3076 2240 3129 in
2284 3076 2539 3130 membris
2575 3085 2778 3132 motum
2809 3078 3009 3148 poenali
3040 3080 3400 3135 membrorum
3432 3081 3549 3152 lege
3575 3083 3781 3138 sensis-

2187 3174 2326 3221 sent.
2357 3164 2447 3221 Sic
2473 3182 2602 3236 ergo
2630 3168 2804 3223 affecti
2832 3178 2990 3236 sunt,
3037 3181 3094 3225 ut
3136 3171 3311 3226 solent
3338 3172 3480 3227 afﬁci
3527 3164 3778 3230 homines

2190 3257 2290 3313 sub
2314 3258 2484 3313 oculis
2505 3258 2815 3326 hominum;
2848 3271 2901 3316 et
2923 3263 3041 3316 talis
3067 3263 3279 3318 aﬂ'eotio
3297 3264 3366 3320 de
3389 3267 3587 3336 peccati
3619 3283 3780 3337 pana

2191 3357 2340 3414 erat,
2373 3364 2496 3404 eum
2526 3349 2692 3405 latere
2721 3352 2857 3405 velle
2886 3368 3042 3421 quem
3082 3354 3254 3410 latere
3305 3356 3439 3411 nihil
3483 3366 3656 3427 potest
3679 3401 3693 3422 ,
3725 3369 3782 3415 et

2192 3442 2259 3496 ab
2284 3456 2349 3496 eo
2378 3457 2593 3497 carnem
2619 3444 2886 3499 occultare
2906 3486 2922 3512 ,
2950 3446 3038 3515 qui
3059 3446 3236 3501 cordis
3256 3447 3526 3519 inspector
3542 3458 3643 3505 est.
3672 3449 3781 3506 Sed

2193 3532 2318 3602 quid
2342 3534 2535 3589 mirutn
2576 3536 2623 3590 si
2651 3536 2864 3606 superbi
2898 3539 2913 3569 ⁸
2943 3538 3185 3594 volentes
3208 3555 3327 3596 esse
3365 3542 3502 3597 sicut
3526 3543 3627 3610 dii,
3652 3560 3783 3600 eva-

2196 3635 2424 3680 nuerunt
2446 3625 2500 3681 in
2530 3627 2942 3698 cogitationibus
2970 3631 3115 3697 suis,
3146 3641 3203 3687 et
3225 3633 3562 3690 obscuratum
3585 3646 3670 3691 est
3696 3638 3783 3691 in-

2194 3714 2392 3783 sipiens
2417 3729 2512 3770 cor
2531 3721 2757 3772 eorum?
2777 3719 2846 3775 Se
2873 3721 3068 3791 quippe
3093 3722 3338 3779 dixerunt
3362 3740 3483 3781 esse
3508 3729 3783 3797 sapientes

2197 3806 2250 3861 in
2269 3804 2592 3861 abundantia
2618 3822 2713 3863 sua
2734 3851 2749 3875 ,
2780 3819 2836 3865 et
2857 3810 2945 3864 illo
2972 3821 3255 3868 avertente
3279 3815 3463 3870 faciem
3483 3859 3498 3884 ,
3526 3818 3673 3873 stulti
3700 3818 3784 3874 fa-

2196 3897 2266 3950 cti
2291 3907 2417 3951 sunt
2450 3896 2632 3969 (Rom.
2679 3915 2730 3967 l,
2760 3900 2823 3954 2|
2846 3942 2860 3966 ,
2889 3900 3005 3972 22).
3034 3902 3185 3971 Quod
3211 3906 3353 3960 enim
3377 3907 3487 3977 jam
3512 3910 3655 3979 ipsos
3682 3926 3787 3981 pu-

2196 3989 2356 4045 debat
2382 4005 2506 4060 erga
2529 3992 2755 4061 seipsos,
2770 3994 2909 4049 unde
2930 3995 3032 4049 sibi
3056 4005 3109 4051 et
3135 3999 3486 4055 succinctoria
3514 4001 3773 4070 fecerant,

2199 4082 2369 4136 multo
2398 4082 2765 4139 vehementius
2800 4084 2870 4139 ab
2898 4086 2991 4141 illo
3016 4088 3174 4142 etiam
3216 4090 3295 4144 sic
3337 4093 3590 4148 succincti
3619 4094 3788 4151 videri

2199 4174 2541 4241 verebantur,
2587 4176 2677 4246 qui
2705 4185 2954 4247 tanquam
2987 4177 3233 4235 familiari
3271 4189 3692 4252 temperamento
3716 4186 3787 4240 ad

2199 4279 2293 4319 eos
2328 4265 2584 4321 videndos
2612 4282 2706 4336 per
2729 4278 3027 4323 creaturam
3071 4270 3328 4326 visibilem
3357 4274 3500 4329 velut
3524 4274 3791 4332 humanos

2200 4355 2385 4411 oculos
2409 4355 2685 4412 afferebat.
2717 4356 2773 4413 Si
2801 4359 2943 4413 enim
2974 4370 3256 4430 propterea
3283 4363 3360 4418 sic
3380 4365 3698 4435 apparebat,
3731 4375 3793 4422 ut

2203 4447 2447 4503 homines
2474 4457 2722 4518 tanquam
2749 4465 2871 4504 cum
2896 4449 3113 4508 homine
3141 4453 3503 4525 loquerentur,
3528 4457 3791 4529 quemad-

2205 4537 2420 4592 modum
2447 4538 2712 4595 Abraham
2759 4540 2826 4595 ad
2863 4556 3117 4612 quercum
3154 4545 3390 4603 Mambre
3421 4547 3585 4621 (Gen.
3612 4567 3749 4606 xvm
3771 4594 3790 4619 ,

2207 4625 2295 4697 1),
2339 4627 2425 4682 illa
2470 4627 2585 4699 ipsa
2627 4645 2791 4700 prope
2838 4632 3070 4687 amicitia
3113 4636 3315 4705 pudore
3371 4640 3630 4696 onerabat
3668 4653 3794 4713 post

2208 4728 2512 4786 peccatum,
2539 4735 2658 4790 qua:
2699 4721 2943 4779 fiduciam
2985 4724 3145 4780 dabat
3175 4738 3298 4784 ante
3336 4741 3644 4800 peccatum;
3691 4751 3794 4791 nec

2204 4808 2313 4878 jam
2339 4810 2482 4864 illam
2510 4812 2799 4867 nuditatem
2828 4815 3094 4872 audebant
3118 4819 3402 4877 ostendere
3439 4824 3631 4881 talibus
3657 4841 3794 4881 ocu-

2208 4899 2307 4964 lis,
2336 4915 2453 4970 qua-
2478 4902 2788 4970 displicebat
2814 4914 2869 4961 et
2895 4908 3025 4962 suis.

2299 4990 2524 5049 CAPUT
2550 4994 2765 5049 XXXV.
2796 5027 2867 5037 ——
2891 4997 3257 5057 Excusationes
3274 5004 3459 5061 Adami
3476 5018 3524 5062 et
3553 5009 3693 5066 Eva.

2281 5083 2370 5173 4?.
2392 5084 2644 5139 Dominus
2659 5100 2787 5155 ergo
2807 5088 2991 5143 volens
3010 5090 3119 5160 jam
3140 5106 3442 5162 peccatores
3468 5116 3618 5157 more
3637 5102 3797 5173 justi-

2215 5171 2300 5224 ti:e
2326 5171 2682 5242 interrogatos
2710 5177 2898 5243 punire
2917 5180 3150 5248 amplius
3177 5199 3335 5253 quam
3366 5198 3480 5242 erat
3504 5189 3589 5243 illa
3613 5171 3792 5261 poena,

2213 5264 2282 5319 de
2332 5280 2434 5334 qua
2462 5265 2569 5334 jam
2597 5268 3258 5337 cogebanturerubeseere
3297 5295 3311 5330 :
3359 5277 3483 5342 Quis
3509 5284 3792 5353 nuntiavit,

2215 5356 2414 5425 inquit,
2445 5356 2534 5411 tibi
2553 5360 2670 5428 quia
2691 5362 2855 5415 nudus
2881 5379 2931 5416 es
2946 5404 2960 5427 ,
2984 5365 3081 5418 nisi
3098 5382 3130 5418 α
3155 5366 3290 5437 ligno
3308 5371 3443 5438 quod
3460 5388 3794 5443 prwceperam

2216 5446 2302 5500 tibi
2330 5457 2525 5501 tantum
2558 5466 2621 5503 ne
2659 5468 2721 5505 ea:
2752 5469 2810 5506 eo
2846 5456 3209 5523 manducares,
3252 5459 3315 5512 ab
3357 5477 3414 5515 eo
3448 5464 3638 5520 edisti?
3660 5466 3796 5523 Hinc

2214 5537 2356 5591 enim
2400 5554 2546 5594 mors
2585 5552 2875 5611 concepta,
2922 5555 3136 5615 pr0pter
3174 5547 3265 5601 Dei
3312 5554 3661 5621 sententiam,
3702 5559 3796 5626 qui

2215 5628 2293 5683 sic
2322 5626 2489 5685 fuerat
2510 5634 2897 5699 comminatus,
2930 5637 3049 5690 fecit
3069 5638 3272 5693 adverti
3300 5644 3795 5713 concupiscentiali-

2217 5726 2301 5773 ter
2336 5720 2577 5775 membra
2621 5722 2708 5777 ubi
2737 5724 2862 5779 dicti
2895 5735 3018 5782 sunt
3055 5730 3223 5799 aperti
3264 5732 3435 5800 oculi,
3469 5742 3525 5789 et
3550 5747 3793 5797 secutum

2250 5833 2298 5893 ’με
2324 5840 2449 5896 Mss,
2466 5834 2683 5899 uiperae.
