4090 6478
527 384 625 443 451
1486 367 1572 423 DE
1609 361 1853 422 GENESI
1891 361 1981 417 AD
2020 356 2388 428 LITTERAM,
2428 361 2486 420 S.
2511 361 2872 447 {AUGUSTINI

526 500 695 573 ipsius
723 496 883 570 primi
908 491 1136 549 hominis
1158 488 1318 545 verba
1352 482 1693 554 intelligenda
1718 488 1864 544 sunt,
1882 489 1941 533 ut
1966 476 2111 533 dice-

525 604 627 660 ret,
653 591 889 664 quoniam
918 588 1025 642 haec
1048 592 1118 639 est
1132 591 1288 636 mater
1306 578 1526 633 omnium
1542 574 1826 638 viventium,
1857 580 2104 640 tanquam

527 682 757 741 nominis
780 695 811 735 a
836 694 897 735 se
923 674 1151 748 impositi
1193 684 1406 728 causam
1432 665 1685 732 inferens,
1716 678 1812 718 cur
1848 675 1968 717 eam
2011 674 2105 714 vo-

526 774 745 840 caverit,
779 771 966 825 Vitam.
1132 778 1141 791 ’
1164 826 1165 829 η

561 866 785 927 CAPUT
825 859 1067 920 XXXIX.
1103 887 1176 901 --
1199 854 1409 911 Tunica:
1456 850 1695 924 pellicere.
1728 842 2068 917 Exprobratio

1191 944 1456 1015 superbiae.

601 1050 691 1106 52.
726 1046 793 1103 Et
815 1045 931 1117 fecit
958 1039 1207 1096 Dominus
1236 1036 1375 1090 Deus
1402 1031 1529 1089 Adae
1573 1042 1617 1086 et
1647 1028 1843 1085 mulieri
1872 1027 1980 1097 ejus
2005 1032 2106 1118 tu-

526 1142 670 1197 nicas
687 1115 939 1210 pelliceas,
957 1141 1001 1186 et
1020 1129 1187 1185 induit
1201 1143 1304 1181 eos.
1326 1127 1390 1181 Et
1405 1125 1508 1180 hoc
1520 1119 1918 1210 signiﬁcationis
1936 1115 2107 1210 gratia

525 1207 721 1288 factum
745 1237 845 1291 est,
862 1222 958 1280 sed
985 1231 1162 1277 tamen
1188 1217 1414 1282 factum;
1442 1216 1578 1269 sicut
1598 1213 1687 1267 illa
1706 1225 1825 1282 quae
1850 1207 2109 1280 significa-

526 1321 685 1379 tionis
697 1319 865 1389 gratia
880 1315 1020 1371 dicta
1037 1319 1179 1376 sunt,
1199 1309 1293 1365 sed
1312 1317 1487 1384 tamen
1505 1305 1645 1360 dicta
1655 1309 1798 1358 sunt.
1815 1301 1925 1357 Hoc
1935 1299 2102 1366 enim,

523 1413 664 1485 quod
687 1425 831 1480 sa'pe
841 1407 971 1474 dixi,
985 1420 1085 1461 nec
1099 1419 1185 1459 me
1202 1402 1396 1473 saepius
1411 1400 1554 1471 piget
1568 1397 1766 1462 dicere,
1785 1409 1815 1449 a
1832 1401 2108 1448 narratore

522 1516 703 1559 rerum
734 1498 950 1570 proprie
974 1504 1242 1567 gestarum
1272 1489 1588 1560 exigendum
1618 1494 1720 1553 est,
1753 1494 1810 1540 ut
1835 1500 1897 1539 ea
1925 1489 2109 1538 narret

522 1591 659 1648 facta
681 1604 801 1646 esse
825 1602 942 1659 qua:
968 1588 1103 1641 l'a‘cta
1129 1591 1275 1649 sunt,
1302 1579 1507 1635 etdicta
1524 1591 1642 1632 esse
1660 1591 1780 1646 qum
1794 1574 1934 1629 dicta
1961 1582 2100 1628 sunt.

523 1683 672 1738 Sicut
688 1688 866 1736 autem
894 1678 947 1734 in
966 1676 1116 1732 factis
1140 1672 1395 1744 quaeritur
1414 1670 1537 1740 quid
1563 1664 1758 1722 factum
1787 1664 1878 1729 sit,
1900 1672 1955 1720 et
1980 1662 2107 1732 quid

524 1772 815 1844 significet;
844 1769 914 1824 ita
937 1768 989 1822 in
1008 1764 1185 1822 verbis
1205 1772 1260 1818 et
1287 1761 1413 1834 quid
1437 1759 1637 1816 dictum
1665 1757 1755 1822 sit,
1801 1755 1999 1827 etquid
2029 1757 2105 1810 si-

523 1864 757 1938 gnificet.
791 1861 916 1918 Sive
953 1859 1098 1915 enim
1132 1856 1372 1926 figurate,
1412 1852 1525 1907 sive
1552 1849 1763 1921 proprie
1788 1847 1987 1903 dictum
2016 1847 2101 1911 sit,

525 1954 667 2026 quod
702 1953 902 2009 dictum
951 1963 1070 2005 esse
1098 1954 1374 2012 narratur,
1396 1941 1603 2001 dictum
1633 1949 1809 1995 tamen
1838 1952 1958 1994 esse
2000 1954 2105 1992 non

525 2046 687 2102 debet
707 2042 877 2115 putari
909 2042 1207 2111 figuratum.

595 2137 684 2192 55.
727 2133 795 2188 Et
822 2133 951 2187 dixit
995 2129 1156 2194 Deus,
1188 2126 1316 2181 Ecce
1352 2123 1517 2178 Adam
1546 2124 1709 2194 factus
1751 2128 1823 2174 est
1868 2128 2107 2189 tanquam

524 2242 655 2280 unus
704 2240 767 2279 ea:
809 2221 951 2277 nobis
977 2221 1028 2273 in
1055 2215 1400 2289 cognoscendo
1431 2215 1615 2268 bonum
1639 2220 1686 2266 et
1733 2209 1943 2264 malum.
1967 2209 2108 2277 Quo-

524 2317 667 2370 niam
694 2313 814 2376 hoc,
843 2326 941 2381 per
972 2307 1245 2380 quodlibet
1265 2315 1319 2361 et
1355 2301 1753 2375 quomodolibet
1789 2299 1988 2355 dictum
2015 2299 2103 2364 sit,

526 2408 666 2463 Deus
693 2414 868 2461 tamen
907 2402 1061 2466 dixit,
1093 2414 1200 2454 non
1246 2397 1401 2451 aliter
1429 2392 1828 2463 intelligendum
1856 2399 1938 2446 est
1965 2389 2106 2460 quod

524 2500 618 2564 ait,
646 2513 775 2551 unus
803 2509 866 2549 ea:
891 2493 1050 2557 nobis,
1098 2488 1199 2544 nisi
1244 2494 1461 2558 propter
1498 2482 1813 2539 Trinitatem
1852 2495 2110 2535 numerus

523 2588 740 2662 pluralis
755 2584 1072 2656 accipiatur;
1093 2581 1229 2636 sicut
1247 2578 1446 2634 dictum
1475 2582 1608 2639 erat,
1637 2572 1907 2626 Faciamus
1945 2569 2108 2662 homi-

524 2660 639 2737 nem
660 2677 809 2752 (Gen.
840 2692 881 2742 ι,
909 2674 1037 2744 26);
1060 2672 1198 2727 sicut
1216 2669 1375 2725 etiam
1404 2666 1657 2721 Dominus
1677 2663 1817 2719 dese
1845 2672 1899 2717 et
1921 2661 1988 2717 de
2009 2660 2110 2715 Pa-

526 2783 627 2840 tre,
675 2769 939 2829 Veniemus
970 2766 1038 2820 ad
1056 2780 1191 2830 eum,
1218 2771 1264 2817 et
1304 2760 1614 2815 mansionem
1642 2757 1779 2829 apud
1802 2772 1916 2809 eum
1948 2754 2109 2827 facie-

527 2881 640 2921 mus
666 2863 845 2935 (Joan.
895 2873 1017 2924 XIV,
1043 2856 1160 2924 2'5).
1193 2852 1528 2923 Replicatum
1557 2856 1640 2905 est
1685 2847 1846 2919 igitur
1874 2846 1926 2901 in
1954 2854 2111 2915 caput

529 2954 764 3028 superbi,
796 2965 902 3022 quo
928 2949 1073 3004 exitu
1100 2942 1467 3013 concupiverit
1494 2938 1634 3012 quod
1663 2954 1693 2993 a
1719 2948 1967 3008 serpente
1996 2952 2112 3007 sug-

526 3055 732 3118 gestum
757 3048 855 3108 est,
882 3039 1040 3094 Eritis
1068 3037 1197 3091 sicut
1221 3034 1293 3091 dii
1326 3048 1344 3087 :
1373 3030 1525 3097 Ecce,
1545 3029 1734 3100 inquit,
1767 3028 1930 3081 Adam
1948 3028 2110 3118 factus

529 3116 601 3194 est
621 3147 861 3207 tanquam
879 3148 1009 3186 unus
1029 3145 1092 3184 ea:
1116 3126 1280 3183 nobis.
1308 3123 1483 3180 Verba
1512 3121 1655 3177 enim
1700 3128 1824 3175 sunt
1850 3118 1964 3173 hinc
1993 3116 2107 3183 Dei,

529 3245 637 3286 non
667 3236 774 3282 tam
800 3223 925 3279 huic
951 3218 1276 3284 insultantis,
1303 3229 1460 3285 quam
1479 3219 1704 3267 caeteros
1730 3225 1796 3265 ne
1825 3209 1894 3263 ita
1920 3221 2109 3277 super-

532 3320 686 3377 biant
706 3312 1046 3378 deterrentis,
1096 3316 1307 3379 propter
1329 3317 1463 3375 quos
1501 3303 1599 3356 ista
1626 3299 1926 3369 conscripta
1965 3305 2108 3353 sunt.

530 3414 725 3469 Factus
774 3415 868 3473 est,
920 3403 1107 3475 inquit,
1132 3408 1370 3467 tanquam
1416 3410 1548 3449 unus
1571 3408 1634 3447 ea:
1668 3392 1810 3446 nobis
1838 3392 1889 3444 in
1920 3406 2110 3461 cogno-

525 3504 709 3563 scendo
739 3502 918 3557 bonum
934 3505 980 3551 et
1006 3494 1213 3549 malum.
1233 3488 1371 3557 Quid
1396 3485 1539 3542 aliud
1559 3482 1978 3554 intelligendum,
2006 3479 2111 3537 nisi

530 3595 833 3665 exemplum
864 3587 1073 3645 timoris
1122 3579 1407 3638 incutiendi
1451 3592 1570 3633 esse
1598 3575 1945 3646 pr0positum,
1970 3571 2111 3644 quod

527 3704 636 3744 non
660 3685 830 3742 solum
858 3695 963 3736 non
979 3676 1141 3733 fuerit
1166 3672 1334 3729 factus
1353 3668 1523 3742 qualis
1539 3667 1652 3723 ﬁeri
1679 3666 1867 3735 voluit,
1899 3665 1994 3721 sed
2013 3679 2112 3720 nec

527 3778 656 3836 illud
681 3773 823 3846 quod
851 3771 1021 3827 factus
1049 3767 1239 3831 fuerat,
1272 3757 1647 3818 conservavit?

600 3863 825 3925 CAPUT
862 3861 977 3917 XL.
1005 3886 1074 3900 ——
1105 3854 1355 3927 Expulsio
1384 3870 1412 3909 e
1435 3851 1692 3925 paradiso.
1743 3849 2042 3905 Excommu-

1221 3946 1424 4013 uicatio.

597 4050 687 4107 54.
728 4045 796 4100 Ει
833 4058 987 4110 nunc,
1038 4038 1208 4110 inquit
1250 4038 1411 4102 Deus,
1442 4050 1505 4091 ne
1549 4032 1822 4104 aliquando
1875 4030 2110 4086 extendat

529 4157 754 4207 manum,
787 4148 832 4194 et
864 4142 1032 4192 sumat
1073 4133 1136 4187 de
1177 4131 1313 4202 ligno
1342 4130 1475 4196 vitae,
1534 4136 1581 4182 et
1632 4127 1768 4190 edat,
1807 4137 1855 4182 et
1900 4127 2029 4180 vivat
2057 4129 2111 4180 in

526 4247 790 4293 ceternum.
819 4228 887 4283 Et
931 4226 1121 4280 dimisit
1163 4224 1308 4278 illum
1335 4220 1579 4276 Dominus
1609 4218 1746 4273 Deus
1769 4220 1830 4272 de
1871 4218 2110 4301 paradiso

526 4324 800 4396 uoluptatis
841 4318 1041 4391 operari
1083 4326 1297 4381 terram,
1328 4330 1391 4368 ea:
1438 4329 1536 4382 qua
1565 4322 1794 4383 sumptus
1816 4320 1909 4365 est.
1937 4308 2108 4380 Supe-

528 4420 670 4475 riora
699 4415 859 4471 verba
888 4413 980 4468 Dei
1001 4421 1155 4475 sunt;
1189 4408 1290 4464 hoc
1315 4416 1490 4462 antem
1536 4404 1730 4460 factum
1756 4414 1972 4475 propter
1997 4403 2107 4474 ipsa

528 4511 691 4566 verba
720 4516 958 4563 secutum
982 4511 1083 4559 est.
1112 4502 1385 4556 Alienatus
1409 4499 1552 4554 enim
1574 4512 1605 4550 a
1628 4496 1756 4561 vita,
1800 4510 1903 4549 non
1935 4495 2108 4549 solum

528 4617 687 4672 quam
707 4599 899 4662 fuerat,
916 4596 961 4650 si
989 4602 1311 4666 praeceptum
1339 4596 1623 4653 servasset,
1640 4602 1759 4641 eum
1780 4586 1992 4657 Angelis
2015 4601 2108 4642 ac-

531 4702 804 4762 cepturus,
827 4688 921 4744 sed
940 4688 1007 4741 ab
1034 4687 1117 4740 illa
1141 4684 1302 4740 etiam
1329 4696 1487 4751 quam
1512 4678 1740 4734 ducebat
1767 4675 1817 4731 in
1843 4677 2105 4747 paradiso,

532 4785 669 4841 t‘elici
693 4780 923 4853 quodam
943 4776 1180 4846 corporis
1208 4782 1367 4838 statu,
1397 4771 1629 4841 separari
1661 4770 1840 4837 utique
1869 4767 2051 4823 debuit
2077 4784 2108 4824 a

533 4875 677 4947 ligno
705 4873 826 4927 vine
854 4886 868 4924 :
893 4869 1004 4924 sive
1024 4865 1165 4937 quod
1189 4880 1257 4921 ex
1282 4864 1397 4933 ipso
1422 4862 1495 4917 illi
1522 4860 1833 4916 subsisteret
1856 4857 1981 4914 felix
2021 4860 2109 4917 ille

529 4968 645 5038 ipse
674 4974 842 5020 status
863 4958 1122 5031 corporis,
1143 4972 1213 5012 ex
1241 4970 1301 5011 re
1345 4952 1562 5018 visibili,
1603 4952 1794 5007 virtute
1837 4951 2105 5020 invisibili,

531 5060 649 5114 sive
671 5054 815 5128 quod
847 5054 901 5109 in
923 5067 989 5107 eo
1015 5056 1158 5106 esset
1184 5057 1240 5101 et
1275 5051 1668 5100 sacramentum
1694 5042 1897 5098 visibile
1923 5041 2107 5097 invisi-

532 5148 653 5204 bilis
676 5145 978 5217 sapientizn;
1000 5137 1310 5196 alienandus
1337 5135 1460 5191 inde
1480 5135 1659 5204 utique
1687 5135 1877 5202 fuerat,
1899 5134 1985 5189 vel
1998 5134 2107 5204 jam

529 5243 839 5305 marituma,
861 5236 944 5292 vel
969 5234 1128 5290 etiam
1161 5241 1408 5300 tanquam
1430 5228 1950 5283 excommunicatus:
1974 5227 2112 5283 sicut

530 5337 691 5393 etiam
711 5335 763 5390 in
788 5332 890 5386 hoc
907 5327 1172 5401 paradiso,
1198 5324 1252 5379 id
1279 5330 1362 5379 est
1381 5320 1637 5389 Ecclesia,
1663 5320 1839 5377 solent
1862 5336 1889 5373 a
1918 5321 2109 5377 Sacra-

532 5426 730 5484 mentis
750 5422 933 5477 altaris
961 5416 1258 5474 visibilibus
1284 5413 1526 5471 homines
1561 5410 1837 5483 disciplina
1862 5412 2111 5469 ecclesia-

535 5522 665 5575 stiea
687 5514 970 5572 removeri.

605 5611 693 5665 55.
739 5607 802 5661 Et
823 5606 964 5677 ejecit
989 5602 1174 5670 Adam,
1210 5610 1256 5656 et
1276 5598 1540 5655 collocavit
1565 5615 1680 5653 eum
1706 5607 1882 5655 contra
1906 5599 2115 5671 paradi-

533 5717 644 5756 sum
668 5698 956 5767 voluptatis.
988 5695 1055 5769 ljlt
1100 5693 1202 5747 hoc
1225 5690 1556 5763 significandi
1586 5690 1753 5761 gratia
1788 5690 1980 5763 factum
2007 5702 2108 5758 est,

535 5794 630 5850 sed
681 5803 855 5847 tamen
897 5789 1112 5855 factum,
1142 5793 1402 5842 utcontra
1452 5783 1775 5851 paradisum,
1830 5799 1935 5854 quo
1960 5785 2112 5841 beata

2214 475 2321 532 vita
2350 478 2511 535 etiam
2546 480 2887 550 spiritualiter
2925 484 3333 556 significabatur,
3382 489 3642 551 habitaret
3672 511 3808 568 pee-

2216 582 2368 631 cator
2413 576 2593 646 utique
2646 577 2699 632 in
2744 579 2982 635 miseria.
3035 581 3101 637 Et
3130 574 3379 640 ordinauit
3412 585 3701 655 Cherubim,
3756 601 3809 646 et

2215 665 2501 734 ﬂammeam
2524 668 2832 737 romphaea»:
2859 687 2972 741 quce
2994 673 3217 740 vertitur,
3241 677 3495 732 custodire
3513 679 3645 734 viam
3674 683 3803 754 ligni

2215 757 2348 811 oitce.
2376 757 2488 812 Hoc
2520 773 2616 828 per
2644 759 2894 816 ctelestes
2919 763 3100 832 utique
3128 774 3416 833 potestates
3442 769 3603 825 etiam
3630 771 3681 825 in
3700 787 3811 844 pa-
3836 766 3839 769 ’

2216 847 2396 903 radiso
2423 848 2617 905 visibili
2644 848 2839 906 factum
2867 867 2986 909 esse
3014 855 3339 913 credendum
3367 866 3471 921 est,
3515 868 3573 917 ut
3601 875 3697 931 per
3709 876 3811 917 an-

2214 939 2438 1008 gelicum
2460 941 2812 999 ministerium
2843 956 2985 1001 esset
3029 946 3138 1002 illic
3181 948 3331 1019 ignea
3346 951 3585 1021 quietiam
3622 966 3811 1010 custo-

2220 1031 2307 1086 dia
2339 1050 2353 1086 :
2378 1050 2485 1089 non
2512 1044 2684 1093 tamen
2698 1034 2892 1093 frustra
2920 1036 3116 1094 factum
3144 1055 3286 1107 esse,
3317 1044 3417 1099 nisi
3444 1046 3566 1114 quia
3603 1047 3811 1118 signiﬁ-

2214 1134 2301 1180 cat
2327 1126 2521 1198 aliquid
2546 1128 2704 1183 etiam
2731 1128 2799 1184 de
2826 1130 3075 1200 paradiso
3098 1132 3377 1203 spirituali,
3399 1150 3504 1191 non
3515 1144 3598 1193 est
3621 1138 3809 1210 utique

2214 1215 2586 1272 dnbnandunn

2215 1306 2438 1363 CAPUT
2478 1307 2992 1382 XLl.—-0piniones
3041 1312 3104 1367 de
3144 1312 3362 1369 hominis
3387 1326 3607 1386 peccato,
3651 1317 3807 1390 quale

2921 1403 3096 1473 fuerit.

2286 1487 2375 1545 86.
2415 1489 2533 1544 Non
2576 1501 2752 1549 autem
2799 1492 2984 1564 ignoro
3006 1493 3320 1564 quibusdam
3348 1511 3469 1553 esse
3495 1498 3689 1562 visum,
3721 1500 3810 1556 fe-

2215 1583 2500 1639 stinatione
2518 1586 2850 1654 prtevertisse
2870 1587 2988 1641 illos
3005 1587 3248 1644 homines
3262 1591 3549 1659 appetitum
3566 1592 3810 1648 scientias

2214 1672 2338 1728 boni
2368 1683 2422 1729 et
2450 1675 2592 1740 mali,
2625 1684 2680 1731 et
2701 1677 2982 1730 immaturo
3007 1686 3247 1748 tempore
3275 1681 3551 1751 percipere
3570 1683 3810 1739 voluisse

2214 1764 2354 1836 quod
2379 1765 2455 1819 eis
2471 1764 2687 1821 dilatum
2713 1767 3060 1837 Opportunius
3086 1769 3425 1835 servabatur;
3454 1770 3613 1839 idque
3626 1773 3810 1842 egisse

2216 1863 2552 1923 tentatorem,
2584 1866 2640 1912 ut
2673 1857 3091 1929 praeoccupando
3120 1859 3137 1890 ι
3164 1858 3306 1929 quod
3336 1859 3570 1915 nondum
3610 1861 3811 1917 talibus

2214 1948 2561 2018 congruebat,
2590 1948 2922 2004 oll'enderent
2947 1950 3133 2015 Deum,
3158 1959 3213 2004 et
3237 1949 3306 2005 ab
3335 1950 3452 2020 ejus
3478 1951 3555 2006 rei
3578 1951 3808 2006 utilitate

2213 2038 2574 2095 alienarentur
2598 2039 2801 2094 exclusi
2842 2049 3002 2110 atque
3033 2040 3293 2108 damnati,
3324 2042 3389 2096 ad
3431 2057 3589 2112 quam
3615 2041 3660 2097 si
3701 2055 3809 2096 suo

2215 2140 2475 2203 tempore,
2503 2132 2640 2187 sicut
2662 2132 2803 2188 Deus
2832 2133 3062 2196 volebat,
3096 2133 3438 2201 accederent,
3485 2144 3703 2205 possent
3729 2150 3801 2190 ea

2214 2222 2496 2278 salubriter
2518 2222 2738 2294 perfrui.
2781 2222 2912 2289 lloe,
2942 2225 2988 2277 si
3034 2221 3174 2280 forte
3201 2224 3402 2293 lignum
3432 2224 3561 2280 illud
3599 2240 3706 2279 non
3732 2224 3805 2278 ad

2215 2314 2589 2385 proprietatem
2605 2323 2662 2369 ut
2672 2328 2856 2370 verum
2872 2314 3071 2385 lign'um
3084 2324 3134 2370 et
3154 2331 3278 2370 vera
3294 2330 3447 2386 poma
3464 2316 3601 2386 ejus,
3615 2315 3709 2372 sed
3728 2317 3806 2371 ad

2216 2405 2434 2476 figuram
2460 2405 2625 2461 velint
2651 2405 2914 2477 accipere,
2938 2405 3131 2461 habeat
3148 2407 3349 2461 exitum
3380 2408 3610 2478 aliquem

2216 2494 2340 2551 fidei
2366 2495 2680 2577 veritatique
2707 2496 3056 2566 probabilem.
3308 2570 3315 2577 .
3826 2480 3831 2487 “

2284 2589 2372 2644 57.
2414 2587 2597 2642 Visum
2624 2576 2708 2644 εει
2726 2598 2782 2645 et
2798 2588 3133 2659 quibusdam,
3164 2588 3302 2645 duos
3325 2588 3442 2644 illos
3467 2589 3665 2659 primos
3699 2589 3809 2644 ho—

2216 2683 2387 2738 mines
2414 2684 2624 2753 nuptias
2642 2698 2768 2740 suas
2796 2684 2960 2740 fuisse
2985 2684 3210 2749 furatos,
3228 2694 3283 2740 et
3305 2694 3431 2751 ante
3458 2686 3653 2743 mixtos
3679 2702 3811 2743 esse

2215 2775 2517 2839 concubitu,
2548 2791 2705 2846 quam
2730 2791 2825 2835 eos
2862 2777 2955 2847 qui
2982 2787 3252 2833 creaverat
3281 2779 3615 2847 eopulasset;
3639 2795 3811 2849 quam

2216 2881 2328 2921 rem
2359 2867 2575 2923 nomine
2623 2868 2751 2938 ligni
2794 2868 2955 2925 fuisse
2979 2868 3350 2938 significatam,
3381 2870 3524 2926 unde
3551 2871 3815 2941 prohibiti

2216 2966 2387 3024 erant,
2428 2958 2597 3017 donec
2620 2967 2921 3031 opportuno
2951 2969 3189 3030 tempore
3213 2961 3583 3032 iungerentur.
3637 2963 3811 3031 Quasi

2215 3063 2344 3103 vero
2370 3048 2421 3102 in
2457 3064 2519 3104 ea
2566 3058 2722 3106 aetate
2769 3048 2895 3104 facti
2921 3064 3043 3106 esse
3069 3050 3320 3106 credendi
3348 3051 3563 3117 sint,.ut
3603 3067 3810 3122 exspe-

2215 3138 2407 3194 ctanda
2432 3149 2575 3195 esset
2604 3141 2886 3196 maturitas
2909 3140 3236 3211 pubertatis;
3265 3152 3356 3198 aut
3383 3158 3490 3198 non
3519 3143 3645 3198 illud
3675 3152 3819 3200 tunc

2217 3230 2510 3298 legitimum
2538 3242 2702 3299 esset,
2719 3248 2845 3309 cum
2866 3234 3092 3303 primum
3115 3235 3227 3291 lieri
3257 3237 3535 3303 potuisset,
3559 3252 3683 3292 cum
3707 3252 3813 3293 au-

2216 3331 2325 3377 tem
2350 3336 2454 3377 non
2478 3324 2755 3393 potuisset,
2787 3338 2894 3380 non
2916 3325 3095 3395 utique
3116 3326 3300 3382 ﬁeret:
3325 3327 3429 3383 nisi
3454 3328 3588 3384 forte
3606 3343 3815 3398 sponsa

2216 3421 2334 3467 erat
2359 3427 2392 3468 a
2439 3422 2588 3483 patre
2613 3415 2889 3482 tradenda,
2930 3426 2986 3472 et
3026 3417 3383 3487 exspectanda
3412 3428 3525 3473 erat
3555 3428 3809 3474 votorum

2216 3505 2548 3573 solemnitas,
2578 3517 2636 3563 et
2667 3506 2895 3563 convivii
2917 3508 3222 3574 celebritas,
3250 3517 3308 3567 et
3330 3508 3471 3565 detis
3495 3511 3808 3577 aestimatio,

2217 3604 2271 3651 et
2294 3597 2617 3667 eonscriptio
2645 3599 2967 3655 tabularum.
2988 3600 3285 3656 Ridiculum
3304 3601 3439 3656 istud
3459 3610 3576 3666 est;
3608 3610 3814 3672 praeter

2217 3685 2360 3757 quod
2395 3703 2426 3741 a
2473 3704 2650 3744 rerum
2684 3700 2952 3759 gestarum
3000 3691 3324 3760 proprietate
3362 3691 3615 3753 discedit.
3639 3707 3811 3763 quam

2217 3779 2551 3848 suscepimus
2569 3781 2933 3847 asserendam,
2955 3789 3005 3837 et
3030 3791 3287 3852 quantum
3317 3783 3455 3838 Deus
3481 3782 3685 3839 donare
3710 3798 3815 3853 vos

2216 3867 2313 3923 luit
2334 3871 2687 3926 assernimus.

2215 3958 2439 4016 CAPUT
2479 3960 2638 4016 XLII.
2667 3992 2741 4004 -—
2766 3962 2845 4017 An
2865 3962 3033 4019 Adam
3067 3963 3335 4019 crediderit
3373 3965 3613 4035 serpenti,
3642 3978 3812 4035 quoue

2496 4056 2692 4109 ratione
2711 4054 2781 4108 ad
2817 4056 3127 4127 peccandum
3150 4056 3383 4111 inductus
3428 4058 3517 4111 sit.

2285 4143 2375 4201 58.
2407 4145 2539 4199 lllud
2563 4149 2730 4216 magis
2756 4146 2951 4213 movet;
2968 4147 3013 4202 si
3029 4146 3140 4217 jam
3155 4147 3445 4225 Spiritualis
3461 4157 3579 4203 erat
3602 4148 3807 4217 Adam,

2214 4237 2455 4306 quamvis
2482 4244 2682 4303 mente,
2711 4252 2817 4292 non
2867 4251 3113 4306 corpore,
3155 4236 3423 4308 quomodo
3450 4238 3674 4294 credere
3702 4252 3809 4308 po-

2216 4326 2377 4381 tuerit
2403 4325 2545 4397 qund
2565 4340 2659 4397 per
2673 4336 2977 4396 serpentem
3005 4327 3205 4382 dictum
3227 4335 3329 4394 est,
3352 4327 3472 4383 ideo
3494 4328 3660 4383 Deum
3677 4344 3811 4398 pros.

2217 4422 2454 4479 hibuisse
2475 4438 2544 4479 ne
2568 4423 2741 4479 fructu
2762 4421 2890 4493 ligni
2928 4423 3070 4477 illius
3097 4432 3463 4486 vescerentur,
3510 4422 3632 4493 quia
3655 4423 3809 4478 scie-

2215 4517 2306 4569 bat
2350 4530 2464 4582 eos,
2511 4515 2557 4570 si
2593 4515 2863 4583 fecissent,
2904 4515 3110 4570 futuros
3134 4523 3194 4569 ut
3220 4514 3351 4570 deos
3377 4524 3593 4584 propter
3610 4515 3808 4585 digno.

2214 4609 2471 4663 scentiam
2503 4607 2630 4663 boni
2657 4615 2713 4663 et
2744 4608 2888 4672 mali,
2920 4617 3168 4678 tanquam
3212 4605 3317 4661 hoc
3343 4613 3544 4660 tantum
3596 4607 3802 4662 bonum

2214 4706 2474 4755 creatura:
2507 4715 2617 4754 sua:
2642 4700 2866 4755 Creator
2885 4698 3134 4753 inviderit
3165 4716 3180 4754 :
3207 4696 3309 4752 hoc
3352 4696 3545 4752 mirum
3565 4696 3613 4752 si
3637 4694 3808 4755 homo

2215 4791 2469 4863 spirituali
2500 4799 2679 4845 mente
2724 4788 2979 4861 praeditus
3002 4789 3224 4845 credere
3254 4788 3528 4858 potuisset.
3565 4790 3645 4844 An
3674 4792 3805 4860 quia

2216 4884 2318 4939 hoc
2341 4883 2561 4939 credere
2589 4882 2700 4952 ipse
2727 4896 2831 4936 non
2858 4889 3060 4952 posset,
3091 4890 3373 4950 propterea
3401 4881 3593 4936 mulier
3618 4881 3802 4939 addita

2214 4979 2353 5041 est',
2370 4990 2488 5046 quae
2513 4974 2660 5045 parvi
2689 4973 2987 5029 intellectus
2999 4982 3161 5039 esset,
3189 4981 3247 5028 et
3262 4972 3437 5029 adhuc
3457 4972 3682 5031 fortasse
3705 4989 3801 5031 se~

2215 5069 2444 5125 cundum
2462 5082 2677 5124 sensum
2702 5067 2900 5133 carnis,
2922 5081 3028 5121 non
3049 5066 3341 5122 secundum
3365 5067 3610 5137 spiritum
3648 5081 3807 5123 men-

2218 5163 2284 5216 tis
2311 5162 2533 5226 viveret,
2565 5167 2621 5215 et
2670 5159 2771 5213 hoc
2793 5168 2877 5214 est
2915 5157 3057 5228 quod
3083 5158 3135 5213 ei
3157 5154 3442 5226 Apostolus
3468 5171 3575 5212 non
3614 5157 3807 5213 tribuit

2216 5253 2497 5323 imaginem
2513 5250 2647 5307 Dei?
2672 5250 2760 5306 Sic
2779 5249 2920 5304 enim
2947 5250 3053 5303 ait:
3089 5248 3180 5304 Vir
3206 5249 3407 5319 quidem
3430 5264 3531 5302 non
3552 5248 3695 5303 debet
3719 5264 3805 5303 ue-

2218 5344 2323 5398 lare
2345 5350 2518 5413 caput,
2539 5358 2653 5397 cum
2678 5342 2744 5395 sit
2770 5344 2940 5411 imago
2986 5348 3034 5394 et
3058 5340 3220 5411 gloria
3246 5336 3382 5403 Dei;
3412 5339 3591 5394 mulier
3631 5348 3803 5409 ualens

2216 5435 2381 5507 gloria
2420 5434 2516 5488 viri
2540 5443 2613 5489 est
2636 5431 2680 5507 (Ι
2701 5432 2816 5488 Cor.
2846 5447 2927 5500 ιι,
2967 5429 3045 5504 7).
3068 5431 3184 5487 Non
3225 5430 3367 5503 quod
3396 5444 3549 5487 mens
3590 5429 3805 5485 femina:

2281 5610 2299 5642 ί
2324 5616 2443 5673 Ms,
2455 5607 2696 5673 plerique,
2720 5607 3079 5673 prceccrpendo.

2280 5673 2302 5704 ³
2325 5669 2657 5735 ιὶῠτὶῖοιιιιιὸε,
2680 5669 2850 5722 addita
2870 5669 2941 5723 est
2967 5683 2985 5722 :
3004 5676 3217 5735 excepto
3239 5671 3514 5735 nemigiano
3545 5669 3727 5731 codice,
3753 5673 3808 5725 in

2219 5746 2316 5796 quo
2336 5745 2366 5782 a
2395 5734 2546 5796 prima
2568 5745 2712 5796 manu
2734 5735 2964 5794 scriptum
2997 5733 3172 5794 fuerat,
3196 5732 3329 5784 adita
3363 5732 3463 5796 est;
3487 5748 3580 5785 non
3607 5736 3810 5793 Ounqu

2224 5794 2368 5848 male.
2389 5800 2429 5845 si
2452 5794 2729 5854 subaudias,
2755 5808 2782 5844 a
2804 5802 3057 5855 serpente.
