4090 6464
309 366 422 424 (.53

311 487 559 546 eamdem
582 482 863 555 imaginem
889 493 1080 551 capere
1105 493 1210 532 non
1227 483 1416 547 possu,
1444 487 1563 528 cum
1587 488 1638 526 in
1666 473 1752 526 illa
1778 488 1903 542 gra—

311 585 384 637 tia
410 596 506 636 nos
530 580 672 634 dicat
695 592 792 632 nec
822 573 1119 630 masculum
1135 585 1252 625 esse
1300 583 1398 622 nec
1433 566 1682 621 feminam
1705 563 1896 633 (Galat.

309 690 394 734 III,
421 672 511 736 27,
540 669 634 738 28)
659 684 674 733 ;
704 667 796 722 sed
845 664 985 736 quod
1014 662 1250 718 fortassis
1280 660 1366 714 illa
1404 659 1505 713 hoc
1535 656 1764 711 nondum
1784 671 1899 725 pcr-

309 769 530 831 ccperat
553 758 695 830 quod
739 755 874 810 litin
917 753 1184 823 agnitione
1224 750 1336 813 Dei,
1379 757 1434 803 et
1459 747 1572 802 viro
1597 754 1813 816 regente
1840 762 1904 802 ac

307 855 660 924 dispensante
685 849 940 919 paulatim
981 845 1153 900 fuerat
1182 851 1517 913 perceptura.
1548 839 1730 910 Neque
1759 840 1900 894 enim

310 946 508 999 frustra
533 952 616 998 est
633 941 760 996 illud
788 939 929 1010 quod
956 937 1238 1006 Apostolus
1257 937 1349 1000 ait,
1377 935 1542 986 Adam
1563 935 1695 986 enim
1712 934 1903 1003 primus

310 1038 564 1105 formatus
593 1043 686 1098 est,
737 1030 922 1085 deinde
954 1028 1064 1082 Eva
1096 1042 1115 1082 :
1153 1038 1198 1081 et
1227 1026 1390 1079 Adam
1412 1042 1513 1079 non
1538 1033 1613 1078 est
1646 1024 1897 1086 seductus,

307 1129 495 1180 mulier
513 1135 684 1178 autem
696 1123 900 1178 seducta
921 1122 972 1175 in
989 1119 1398 1190 pravaricatione
1415 1118 1429 1149 ί
1449 1118 1583 1187 facta
1604 1126 1677 1170 est
1699 1117 1742 1186 (Ι
1767 1115 1898 1170 Tim.

306 1234 373 1281 ll,
407 1219 495 1276 l3.
531 1217 618 1284 14)
645 1234 658 1278 ;
684 1214 735 1269 id
757 1223 858 1278 est,
891 1222 950 1268 ut
981 1228 1074 1282 per
1102 1211 1244 1266 illam
1275 1211 1433 1265 etiam
1481 1209 1561 1264 vir
1588 1209 1900 1278 prmvarica-

307 1319 482 1363 retur.
512 1307 642 1362 Nam
667 1317 722 1363 et
745 1307 917 1376 ipsum
965 1304 1093 1358 dicit
1132 1302 1618 1372 pratvaricatorem,
1671 1299 1760 1354 ubi
1786 1300 1897 1353 ait:

308 1399 381 1454 In
405 1400 786 1454 similitudinem
812 1396 1234 1468 praevaricationis
1261 1393 1407 1460 Adda,
1429 1393 1514 1466 qui
1535 1401 1606 1447 est
1624 1395 1786 1464 forma
1813 1392 1898 1460 fu-

307 1496 412 1546 turi
441 1492 618 1562 (Rom.
644 1507 700 1554 v,
726 1489 840 1560 M).
870 1488 1158 1545 Seductum
1191 1495 1366 1541 tamen
1391 1495 1566 1556 negat.
1589 1485 1719 1538 Nam
1751 1493 1805 1540 et
1824 1485 1902 1538 itt-

310 1590 615 1653 terrogatus
644 1597 749 1635 non
780 1581 872 1643 ait,
899 1577 1086 1633 Mulier
1109 1594 1260 1641 quam
1280 1577 1460 1630 dedisti
1486 1593 1698 1640 mecum,
1737 1575 1899 1628 sedu-

306 1676 392 1730 xit
413 1691 520 1740 me,
567 1683 620 1729 et
647 1670 996 1736 manducavi;
1035 1669 1149 1734 sed,
1175 1669 1286 1738 ipsa
1316 1668 1458 1731 mihi,
1484 1666 1673 1736 inquit,
1706 1667 1898 1719 dedita

307 1769 477 1838 ligno,
501 1776 549 1820 et
575 1747 1006 1819 manducaviIllla
1031 1775 1176 1826 vero,
1205 1759 1442 1831 Serpens,
1465 1757 1654 1828 inquit,
1700 1757 1900 1811 seduxit

306 1875 411 1912 ure.

387 1949 481 2004 59.
521 1947 595 2002 Ita
616 1947 863 2004 Salomon
889 1946 972 2000 vir
1007 1954 1167 1999 tanta:
1192 1942 1491 2014 sapientiae,
1520 1942 1896 2012 numquidnam

307 2039 641 2093 credendum
679 2047 761 2093 est
786 2037 925 2107 quod
969 2037 1021 2090 in
1050 2036 1454 2091 simulacrorum
1501 2034 1644 2089 cultu
1676 2035 1900 2089 credidit

309 2145 440 2184 esse
490 2127 686 2198 aliquid
739 2127 982 2182 utilitatis
997 2129 1020 2181 ’ἶ
1049 2126 1152 2182 Sed
1184 2127 1463 2180 mulierum
1506 2126 1674 2180 amori
1706 2125 1769 2179 ad
1801 2126 1900 2181 hoc

307 2220 518 2274 malum
562 2218 787 2274 trahenti
837 2219 1090 2273 resistere
1128 2232 1232 2272 non
1262 2217 1477 2281 evaluit,
1517 2216 1714 2270 faciens
1758 2216 1897 2286 quod

308 2311 521 2366 sciebat
539 2324 644 2364 non
686 2323 805 2363 esse
839 2309 1154 2374 faciendum,
1185 2323 1254 2363 ne
1303 2323 1447 2369 suas,
1492 2308 1682 2377 quibus
1711 2307 1902 2375 deper-

317 2403 438 2456 ibat
463 2411 622 2471 atque
648 2399 940 2462 diffluebat,
964 2398 1264 2454 mortiferas
1306 2398 1524 2453 delicias
1563 2399 1901 2452 contristaret

315 2491 409 2562 (Ill
462 2492 588 2561 Reg.
632 2507 710 2557 ιι,
745 2492 824 2560 4).
856 2492 931 2546 lta
958 2500 1012 2545 et
1057 2491 1256 2556 Adam,
1287 2499 1629 2560 posteaquam
1658 2489 1725 2544 de
1758 2489 1900 2558 ligno

309 2583 583 2652 prohibito
612 2581 828 2637 seducta
853 2582 1042 2636 mulier
1073 2581 1423 2646 manducavit,
1458 2583 1614 2651 eique
1651 2582 1798 2636 dedit
1844 2591 1898 2637 ut

310 2673 479 2727 simul
503 2672 742 2739 ederent,
770 2672 940 2726 noluit
958 2687 1075 2727 eam
1105 2674 1442 2737 contristare,
1465 2689 1624 2743 quam
1650 2673 1900 2728 credebat

381 2809 397 2839 ¹
431 2813 536 2856 Mss.
559 2805 756 2870 aliquot,
791 2805 841 2856 in
863 2804 1318 2870 prwvaricdtionem.
1343 2807 1474 2870 ttaud
1510 2807 1693 2869 inepte,
1715 2808 1757 2856 sl
1778 2809 1901 2856 ratio

309 2869 730 2931 interpretationis
760 2869 976 2931 proxune
999 2870 1348 2931 subsequentis
1366 2869 1601 2931 habeatur
1620 2881 1648 2931 γε
1687 2876 1899 2918 attamen

311 2929 523 3002 siuistoli
548 2936 720 3002 textus
736 2929 925 3002 graecus
939 2929 1111 3002 habet,
1131 2929 1488 3002 ctipuralmsci,
1504 2930 1632 2992 quod
1653 2938 1899 2991 receptam

309 2996 603 3040 caterorum
620 2990 836 3040 codicum
858 2990 1116 3039 lectionem
1132 2990 1350 3040 retinere
1367 2993 1511 3053 cogit.

1613 349 1817 423 LIBER
1858 350 2310 409 DUODECIMUS.

3479 365 3584 422 ΑΜ

2005 486 2163 541 posse
2181 472 2297 526 sine
2320 485 2418 526 suo
2437 471 2624 526 solatio
2651 473 3048 543 contabescere,
3083 477 3128 532 si
3145 478 3212 532 ab
3235 478 3351 548 ejus
3375 479 3569 535 aliena.

2005 573 2151 618 retur
2197 564 2394 627 animo,
2422 573 2477 619 et
2511 566 2728 620 omnino
2774 567 2860 620 illa
2903 567 3122 623 interire
3156 569 3439 625 discordia.
3468 573 3583 626 hon

2005 654 2216 722 quidem
2242 655 2417 709 carnis
2463 655 2633 710 victus
2661 658 3116 727 concupiscentia,
3137 675 3295 730 quam
3348 663 3580 718 nondum

2005 754 2242 797 senserat
2285 745 2333 798 in
2366 746 2648 802 resistente
2691 749 2804 816 lege
2847 750 3206 804 membrorum
3256 753 3355 822 legi
3388 767 3582 810 mentis

2005 847 2116 888 Sua!
2135 852 2148 897 ;
2167 834 2258 888 sed
2283 836 2488 890 amicali
2507 838 2727 907 quadam
2751 839 3138 908 benevolentia,
3159 859 3258 912 qua
3276 845 3585 916 plerumque

2008 924 2064 976 tit
2083 932 2140 977 ut
2166 924 2463 980 offendatur
2485 927 2641 993 Deus,
2675 944 2741 982 ne
2781 928 2942 982 homo
2971 945 3037 984 ex
3063 933 3232 986 amico
3262 933 3349 987 fiat
3400 936 3581 988 inimi-

2004 1029 2136 1068 cus:
2171 1015 2309 1084 quod
2335 1030 2457 1070 eum
2502 1015 2676 1073 facere
2717 1034 2822 1072 non
2852 1018 3118 1088 debuisse,
3148 1022 3340 1078 divinre
3365 1035 3585 1080 senten-

2005 1106 2091 1160 tias
2115 1106 2289 1176 justus
2314 1108 2485 1162 exitus
2507 1109 2772 1163 indicavit.

2076 1198 2165 1253 60.
2208 1199 2347 1268 Ergo
2374 1199 2478 1253 alio
2521 1201 2678 1256 modo
2704 1202 2950 1270 quodam
2983 1205 3141 1259 etiam
3188 1206 3300 1276 ipse
3329 1207 3582 1277 deceptus

2003 1296 2087 1345 est
2110 1306 2124 1354 ;
2157 1289 2248 1344 sed
2277 1290 2402 1344 dolo
2427 1291 2518 1345 illo
2544 1293 2874 1360 serpentino,
2904 1310 3010 1364 quo
3032 1296 3222 1352 mulier
3238 1297 3452 1354 seducta
3479 1309 3584 1366 est,

2004 1382 2150 1435 nullo
2176 1381 2334 1436 modo
2356 1382 2498 1436 illum
2521 1383 2748 1438 arbitror
2769 1386 3002 1454 potuisse
3019 1386 3198 1442 seduci
3228 1388 3278 1442 in
3307 1389 3399 1443 illo
3419 1387 3606 1445 modo

2003 1485 2112 1540 quo
2142 1471 2226 1524 illa
2256 1471 2443 1540 potuit.
2475 1472 2620 1526 Hanc
2649 1481 2823 1527 autem
2846 1476 3060 1544 proprie
3109 1476 3470 1533 seductiouem
3491 1494 3586 1548 ap—

2003 1561 2215 1630 pellavit
2243 1562 2546 1630 Apostolus,
2569 1578 2670 1632 qua
2694 1564 2744 1616 id
2771 1564 2910 1634 quod
2958 1565 3298 1632 suadebatur,
3341 1583 3462 1622 cum
3491 1568 3587 1622 fal-

2003 1666 2120 1706 sum
2146 1661 2306 1713 esset,
2325 1669 2508 1706 verum
2538 1663 2773 1723 putatum
2799 1663 2913 1717 est;
2941 1655 2991 1709 id
3021 1666 3122 1722 est,
3150 1657 3288 1725 quod
3311 1659 3449 1712 Deus
3466 1658 3587 1714 ideo

2005 1741 2202 1811 lignum
2237 1742 2361 1796 illttd
2384 1752 2600 1813 tangere
2621 1745 2969 1814 prohibuerit,
3011 1746 3150 1815 quod
3182 1748 3382 1801 sciebat
3406 1763 3520 1812 eos,
3539 1748 3584 1802 si

2006 1832 2318 1902 tetigissent,
2347 1834 2490 1888 velut
2513 1833 2644 1888 deos
2683 1834 2908 1896 futuros.
2956 1845 3204 1905 tanquam
3231 1837 3310 1892 eis
3338 1839 3585 1892 divinita-

2005 1921 2416 1984 temiuvideret,
2451 1923 2540 1992 qui
2567 1937 2661 1978 eos
2690 1924 2932 1978 homines
2968 1924 3182 1979 fecerat.
3216 1925 3319 1983 Sed
3345 1929 3504 1982 etiam
3531 1928 3579 1982 si

2007 2014 2179 2066 virum
2210 2023 2424 2082 propter
2449 2013 2678 2082 aliquam
2714 2016 2908 2069 mentis
2933 2017 3238 2082 elationem,
3267 2034 3384 2087 qua:
3415 2019 3586 2073 Deum

2005 2102 2331 2157 internarum
2361 2113 2711 2159 scrutatorem
2743 2107 2911 2161 latere
2937 2122 3040 2160 non
3081 2116 3307 2176 poterat,
3331 2110 3587 2163 sollicita-

2003 2193 2078 2245 vit
2105 2194 2278 2262 aliqua
2331 2194 2637 2262 experiendi
2667 2195 2948 2264 cupiditas,
2976 2211 3096 2248 cum
3129 2198 3402 2251 mulierem
3432 2198 3587 2252 vide-

2004 2292 2084 2338 ret
2112 2294 2327 2353 accepta
2355 2285 2442 2338 illa
2464 2300 2583 2341 esca
2613 2303 2718 2341 non
2737 2302 2858 2342 esse
2886 2296 3168 2351 mortuam,
3198 2291 3488 2344 secundum
3517 2306 3585 2346 ea

2003 2389 2121 2442 qurc
2147 2376 2390 2443 superius
2422 2377 2800 2439 tractavimus;
2832 2393 2936 2430 non
2969 2385 3146 2432 tamen
3177 2393 3297 2432 eum
3333 2380 3582 2444 arbitror,

2003 2465 2047 2517 si
2064 2465 2172 2532 jam
2203 2465 2461 2534 spirituali
2489 2477 2667 2520 mente
2695 2467 2944 2534 prreditus
2969 2475 3104 2531 erat,
3140 2468 3249 2521 ullo
3275 2468 3432 2522 modo
3470 2484 3588 2524 cre-

2003 2555 2130 2610 dere
2156 2557 2388 2625 potuisse
2417 2556 2556 2625 quod
2587 2572 2680 2610 eos
2721 2557 2859 2611 Deus
2884 2557 2951 2610 ab
2985 2571 3106 2610 esca
3138 2556 3278 2612 illius
3307 2557 3432 2627 ligni
3463 2558 3588 2612 invi-

2002 2646 2177 2700 dendo
2204 2649 2472 2701 vetuisset.
2507 2646 2613 2701 Sed
2629 2647 2753 2715 quid
2781 2646 2973 2716 plura?
3007 2646 3326 2701 Persuasum
3352 2655 3434 2700 est
3461 2646 3586 2701 illud

2005 2746 2278 2805 peccatum
2329 2737 2464 2792 sicut
2508 2738 2813 2806 persuaderi
2860 2737 3054 2790 talibus
3102 2744 3282 2806 posset
3311 2755 3324 2791 :
3351 2738 3590 2792 conscri-

2005 2836 2148 2896 ptum
2179 2838 2257 2881 est
2288 2837 2463 2882 autem
2487 2829 2736 2897 sicutlegi
2760 2828 2826 2883 ab
2851 2829 3096 2882 omnibus
3119 2837 3410 2899 oporteret,
3436 2830 3536 2885 etsi
3555 2847 3588 2888 a

2004 2921 2187 2990 paucis
2214 2920 2327 2975 hcce
2356 2920 2782 2990 intelligerentur
2809 2920 2944 2973 sicut
2969 2927 3260 2988 oporteret.

1135 3191 1624 3296 LIBER
1691 3193 1802 3296 D
1825 3191 2566 3300 UODECIJH
2584 3193 2786 3302 US.

585 3399 639 3442 In
661 3405 758 3456 quo
781 3392 844 3442 de
867 3393 1084 3454 paradiso
1108 3400 1158 3441 et
1175 3395 1320 3443 tertio
1343 3391 1466 3444 oculo
1489 3406 1585 3443 ouo
1607 3401 1773 3456 raptus
1797 3402 1874 3444 est
1897 3396 2084 3456 Paulus,
2109 3397 2273 3458 deque
2297 3397 2546 3462 multiplici
2569 3401 2804 3450 visionum
2822 3411 3011 3459 genere
3033 3401 3319 3462 diSputatur.

329 3652 556 3710 CAPUT
595 3652 877 3708 PRIMUM.
908 3683 979 3691 —
1007 3651 1086 3704 De
1115 3652 1350 3721 paradiso
1375 3652 1512 3705 locus
1540 3653 1768 3721 Apostoli
1790 3668 1911 3704 exa-

979 3743 1266 3796 mittendus.

403 3835 458 3889 1.
491 3835 575 3890 Ab
611 3835 828 3891 exordio
859 3833 1146 3904 Scriptura:
1176 3843 1406 3900 sancta},
1450 3848 1568 3903 quze
1609 3832 1914 3886 inscribitur

331 3923 591 3990 Genesis,
631 3925 800 3980 donec
838 3924 997 3978 homo
1028 3922 1230 3993 primus
1269 3922 1335 3977 de
1379 3922 1623 3993 paradiso
1664 3922 1915 3976 dimissus

333 4027 436 4080 est,
466 4017 712 4073 undecim
745 4017 891 4072 libris
927 4017 1036 4072 sive
1061 4015 1350 4069 asserendo
1385 4023 1544 4084 atque
1582 4014 1913 4068 defendendo

332 4121 452 4175 qua:
504 4117 650 4161 certa
689 4107 842 4162 nobis
881 4115 1046 4170 sunt,
1093 4107 1203 4160 sive
1240 4105 1551 4176 inquirendo
1589 4106 1605 4136 ¹
1647 4115 1700 4160 et
1742 4106 1914 4159 ambi-

331 4199 506 4268 gendo
534 4199 600 4254 de
623 4200 867 4266 incertis,
897 4217 1013 4270 qua:
1043 4199 1308 4268 potuimus
1328 4240 1341 4264 ,
1374 4206 1428 4252 et
1456 4198 1592 4252 sicut
1627 4197 1910 4266 potuimus,

333 4292 682 4344 disseruimus
733 4299 889 4360 atque
925 4289 1364 4359 conscripsimus;
1404 4303 1506 4341 non
1537 4296 1641 4340 tam
1683 4287 1916 4356 praescri-

333 4382 525 4437 ltenles
567 4382 634 4436 de
676 4384 834 4436 rebus
889 4383 1127 4436 cbscuris
1178 4380 1460 4449 unicuique
1504 4379 1628 4449 qttid
1678 4381 1912 4444 sentiat,

333 4489 491 4542 quam
525 4489 621 4526 nos
647 4473 915 4527 ducendos
953 4474 1004 4526 in
1030 4473 1217 4541 quibus
1244 4471 1596 4525 dubitavimus
1623 4470 1912 4524 ostenden-

334 4574 438 4627 tes,
476 4567 931 4634 temeritatemque
961 4564 1256 4618 affirmandi
1288 4572 1593 4617 amovenles
1622 4578 1649 4614 a
1681 4561 1878 4616 lectore
1898 4601 1913 4626 ,

337 4658 424 4710 ubi
468 4673 574 4711 non
620 4657 879 4710 valuimus
922 4657 1157 4726 praebere
1205 4655 1480 4724 sententia;
1520 4653 1912 4706 firmitatem':

337 4750 438 4806 iste
467 4760 645 4804 autem
675 4750 1021 4804 duodecimus
1060 4749 1193 4802 liber
1221 4764 1280 4801 ea
1307 4746 1414 4816 jam
1445 4762 1567 4800 cura
1597 4745 1873 4814 expeditus
1895 4785 1910 4808 ,

335 4860 437 4912 qua
482 4859 580 4897 nos
621 4841 1017 4912 pertractandus
1066 4850 1240 4894 textus
1284 4854 1550 4892 sacrarum
1596 4837 1912 4892 Litterarum

333 4936 665 5005 occupabat,
693 4935 912 4989 liberius
938 4942 1095 5002 atquc
1125 4931 1379 5002 prolixius
1407 4930 1637 4983 versabit
1665 4929 1732 4983 de
1758 4944 1913 4998 para-

330 5027 455 5082 diso
483 5027 866 5098 qumstionem;
894 5041 960 5080 ne
989 5034 1236 5095 putemur
1266 5022 1511 5083 evitasse,
1541 5020 1680 5091 quod
1712 5020 1916 5074 videtur

333 5117 624 5186 Apostolus
669 5117 720 5169 in
764 5115 919 5170 tertio
962 5113 1100 5170 caelo
1145 5113 1410 5166 insinuare
1449 5111 1784 5181 paradisum,
1827 5112 1914 5167 ubi

335 5211 410 5260 ait
444 5225 457 5260 :
492 5209 612 5262 Scio
637 5209 884 5261 hominem
907 5208 957 5260 in
982 5205 1180 5262 Christo
1203 5215 1316 5258 ante
1335 5221 1492 5258 annos
1516 5203 1911 5274 quatuordecim,

336 5301 443 5351 sive
477 5299 530 5352 in
557 5314 765 5369 corpore
795 5298 957 5352 nescio
977 5337 992 5363 ,
1035 5297 1135 5350 sive
1177 5308 1316 5348 extra
1345 5312 1527 5366 corpus
1553 5297 1716 5350 nescio
1738 5338 1750 5358 ,
1779 5294 1916 5350 Deus

335 5391 429 5444 scit
449 5432 463 5455 ,
495 5400 694 5459 raptum
719 5387 964 5462 ejusmodi
1001 5406 1153 5457 usque
1190 5388 1242 5441 in
1270 5388 1464 5440 tertium
1493 5389 1669 5441 calum
1701 5403 1718 5441 :
1749 5397 1794 5441 et
1815 5388 1916 5442 scio

337 5482 587 5549 ejusmodi
613 5482 860 5535 hominem
887 5482 987 5535 sive
1015 5482 1064 5533 in
1094 5496 1300 5547 corpore
1328 5480 1428 5532 sive
1455 5491 1596 5532 extra
1626 5496 1806 5549 corpus
1833 5496 1919 5532 ne-

341 5573 464 5636 srio,
483 5570 622 5625 Deus
646 5574 758 5640 scit,
785 5573 905 5642 quia
938 5583 1112 5642 raptus
1137 5581 1206 5626 est
1235 5571 1285 5624 in
1307 5571 1627 5642 paradisum,
1656 5579 1699 5624 et
1729 5571 1917 5624 audivit

407 5703 422 5765 ξ
447 5707 553 5748 διελς.
574 5698 756 5765 plures,
775 5700 1073 5763 inquirendo,
1100 5701 1380 5765 arbitrme
1399 5708 1444 5752 et
1465 5700 1762 5765 ambigendo.

407 5763 428 5791 ⁸
453 5769 502 5810 tu
525 5769 630 5811 Mss.
657 5762 922 5827 plerisque,
949 5764 1158 5816 scientiw
1179 5762 1466 5830 ﬁrmitatem.

2001 3543 2279 3570 Μία

2021 3652 2297 3717 ineffabilia
2323 3654 2502 3718 verba,
2533 3669 2647 3724 qua:
2687 3673 2786 3709 non
2833 3665 2947 3709 arcet
2989 3657 3178 3710 Itomiui
3213 3657 3348 3726 loqui
3383 3657 3446 3728 (ll
3477 3655 3596 3712 Cor.

2018 3759 2092 3798 xu
2114 3787 2126 3806 ,
2155 3744 2190 3797 Ξ
2223 3748 2297 3813 4).

2089 3834 2142 3886 2.
2180 3834 2233 3887 in
2278 3835 2359 3888 his
2397 3836 2573 3890 verbis
2600 3838 2828 3904 primum
2868 3838 3032 3907 qumri
3075 3837 3247 3900 solet,
3291 3837 3415 3908 quid
3457 3837 3600 3892 dicat

2021 3927 2236 3979 tertium
2265 3925 2458 3980 coelum
2491 3944 2501 3978 :
2534 3925 2754 3989 deinde,
2777 3935 2954 3980 utrum
2993 3926 3099 3980 illic
3131 3927 3347 3996 intelligi
3373 3926 3600 3981 voluerit

2020 4016 2321 4084 paradisum
2339 4057 2352 4078 ,
2384 4032 2450 4070 an
2481 4027 2821 4087 posteaquam
2847 4027 3028 4088 raptus
3057 4027 3139 4073 est
3168 4019 3218 4073 in
3245 4020 3458 4074 tertium
3485 4034 3598 4074 cm-

2022 4106 2130 4159 lum
2153 4149 2165 4169 ,
2199 4116 2404 4176 raptum
2455 4124 2573 4162 esse
2611 4117 2664 4162 et
2711 4110 2761 4162 in
2801 4108 3138 4180 paradisum,
3180 4110 3496 4180 ubicumque
3532 4111 3602 4165 sit

2021 4195 2330 4264 paradisus;
2359 4212 2464 4250 non
2501 4206 2556 4250 ut
2584 4198 2684 4252 hoc
2719 4196 2876 4252 fuerit
2916 4199 3028 4267 rapi
3068 4199 3122 4252 in
3154 4201 3365 4253 tertium
3405 4199 3597 4254 caelum

2019 4286 2158 4355 quod
2192 4287 2242 4340 in
2276 4288 2594 4355 paradisum,
2625 4289 2718 4343 sed
2750 4290 2894 4357 prius
2929 4290 2980 4343 iu
3024 4291 3234 4344 tertium
3273 4291 3466 4344 cmlum
3487 4333 3499 4352 ,
3544 4299 3599 4344 et

2020 4387 2140 4446 post
2171 4378 2290 4432 inde
2320 4378 2372 4432 in
2401 4380 2720 4447 paradisum.
2753 4381 2821 4434 Et
2849 4381 2948 4434 hoc
2976 4381 3052 4434 sic
3080 4383 3380 4449 ambiguum
3407 4391 3508 4447 est,
3540 4391 3599 4434 ut

2021 4486 2124 4524 non
2153 4471 2280 4524 mihi
2315 4471 2549 4525 videatur
2581 4486 2736 4541 posse
2761 4473 3014 4537 dissolvi,
3046 4474 3143 4525 nisi
3183 4473 3370 4541 aliquis
3398 4488 3502 4526 non
3531 4487 3594 4526 ex

2022 4561 2370 4628 prtesentibus
2412 4562 2649 4631 Apostoli
2679 4563 2856 4617 verbis
2880 4604 2896 4630 ,
2941 4563 3031 4617 sed
3058 4579 3123 4618 ex
3150 4564 3266 4617 aliis
3293 4566 3423 4618 forte
3452 4563 3594 4619 Scri-

2021 4663 2292 4720 pturarum
2323 4652 2486 4719 locis,
2515 4654 2597 4706 vel
2622 4654 2826 4708 ratione
2871 4654 3144 4723 perSpicua
3167 4695 3181 4718 ,
3226 4655 3458 4708 inveniat
3496 4656 3596 4708 ali-

2021 4745 2175 4815 quid,
2209 4761 2312 4814 quo
2337 4746 2524 4799 doceat
2547 4747 2659 4800 sive
2689 4747 2738 4800 in
2771 4748 2925 4800 tertio
2952 4747 3086 4802 caelo
3116 4762 3232 4801 esse
3264 4747 3592 4816 paradisum,

2021 4839 2132 4893 sive
2170 4854 2272 4892 non
2307 4855 2453 4904 esse,
2484 4856 2604 4895 cum
2636 4848 2688 4894 et
2712 4839 2879 4909 ipsqu
2912 4841 3120 4894 tertium
3153 4839 3344 4894 cmlum
3367 4838 3490 4908 quid
3529 4840 3598 4895 sit

2023 4947 2125 4985 non
2154 4931 2350 5002 liquido
2373 4940 2656 5001 appareat,
2690 4941 2862 4986 utrum
2907 4932 2956 4984 in
3003 4933 3160 4986 rebus
3196 4932 3588 5000 Corporalibus,

2020 5037 2088 5077 an
2106 5023 2242 5079 forte
2261 5025 2310 5078 in
2335 5025 2695 5094 spiritualibus
2726 5023 3122 5093 intelligendum
3151 5025 3236 5077 sit.
3269 5023 3452 5077 Posset
3481 5023 3598 5092 qui-

2021 5114 2140 5170 dem
2167 5114 2267 5169 dici
2299 5115 2509 5169 nonnisi
2537 5115 2586 5169 in
2613 5116 2784 5170 locum
2815 5115 3041 5184 aliquem
3067 5116 3392 5185 corporalem
3420 5113 3595 5167 homi-

2021 5220 2142 5259 nem
2183 5206 2293 5274 rapi
2325 5207 2559 5276 potuisse
2585 5221 2703 5259 cum
2743 5221 2995 5275 corpore;
3023 5205 3114 5259 sed
3156 5206 3275 5274 quia
3304 5213 3356 5258 et
3398 5205 3497 5258 hoc
3528 5205 3596 5258 ita

2022 5297 2197 5365 posuit
2238 5306 2294 5350 ut
2343 5298 2545 5352 nescire
2584 5312 2642 5352 se
2686 5297 2897 5364 dixerit,
2938 5307 3114 5351 utrum
3152 5296 3202 5350 in
3245 5312 3487 5366 corpore,
3531 5311 3596 5350 an

2023 5397 2170 5443 extra
2200 5404 2392 5458 corpus
2421 5400 2601 5458 raptus
2627 5391 2724 5455 sit,
2767 5390 2885 5460 quis
2926 5392 3120 5444 audeat
3155 5390 3331 5445 dicere
3373 5405 3430 5444 se
3459 5390 3600 5445 scire

2021 5481 2160 5550 quod
2190 5496 2246 5535 se
2271 5481 2478 5535 nescire
2515 5483 2797 5550 Apostolus
2823 5482 2998 5536 dixit?
3030 5481 3401 5550 Verumtamen
3432 5481 3474 5535 si
3509 5497 3582 5535 ne

2023 5589 2124 5644 que
2152 5573 2366 5643 spiritus
2401 5574 2514 5627 sine
2541 5589 2762 5643 corpore
2791 5573 2853 5626 ad
2896 5574 3006 5625 loca
3035 5574 3324 5641 corporalia
3363 5574 3471 5641 rapi
3501 5588 3591 5641 po-

2024 5673 2159 5724 test,
2193 5680 2290 5718 nec
2333 5679 2522 5733 corpus
2559 5665 2622 5718 ad
2669 5665 2998 5734 spiritualia,
3042 5663 3154 5716 hmc.
3195 5647 3304 5732 ipSa
3343 5664 3599 5720 dubitatio

2023 5756 2135 5826 ejus
2167 5757 2304 5812 velut
2335 5756 2474 5826 cogit
2502 5755 2718 5825 intelligi
2749 5754 3030 5826 (siquidem
3055 5754 3120 5810 de
3143 5755 3318 5825 seipso
3343 5755 3455 5810 liaac
3475 5769 3598 5811 eum
