4090 6522
490 471 768 543 scripsisse
790 484 949 528 nemo
975 466 1245 543 ambigit),
1278 470 1381 526 tale
1404 469 1567 526 fuisse
1598 469 1723 525 illud
1748 485 1853 540 quo
1881 478 2067 539 raptus

488 570 601 624 est.
618 561 759 632 quod
776 572 951 618 utrum
963 562 1233 631 corporale
1251 575 1317 615 an
1343 559 1616 631 spirituale
1641 569 1804 627 esset,
1823 559 2061 630 dignosci

492 653 828 724 discernique
856 668 961 708 non
989 660 1189 723 posset.

487 744 712 803 CAPUT
753 744 818 800 ll.
844 774 916 788 --
934 743 1224 814 Apostolum
1243 742 1463 813 potuisse
1485 742 1675 797 nescire
1696 759 1762 796 an
1786 750 1928 797 extra
1952 757 2066 796 cor-

696 851 791 907 pus
816 835 1107 904 paradisum
1131 834 1328 899 viderit,
1356 834 1401 888 si
1424 833 1547 888 vidit
1572 833 1625 888 in
1649 834 1847 888 ccstasi.

554 925 610 982 3.
638 924 771 981 Cum
800 927 939 981 enim
961 926 1041 981 vel
1071 926 1124 980 in
1154 925 1376 990 somnis,
1406 926 1494 982 vel
1528 926 1579 980 in
1609 927 1801 983 ecstasi
1827 967 1843 993 ,
1871 941 2063 996 corpo-

484 1030 604 1073 rum
622 1018 994 1088 exprimuntur
1017 1016 1291 1087 imagines,
1320 1032 1424 1073 non
1450 1017 1823 1074 discernuntur
1842 1019 2062 1075 omnino

481 1121 513 1162 a
538 1109 848 1178 corporibus
870 1150 887 1174 ,
926 1106 1027 1162 nisi
1059 1122 1179 1162 eum
1208 1107 1367 1163 homo
1397 1108 1638 1164 redditus
1662 1108 1908 1163 sensibus
1935 1123 2059 1163 coro

482 1198 660 1269 poris,
692 1198 1021 1268 recognoscit
1047 1212 1106 1252 se
1133 1198 1183 1251 in
1219 1197 1324 1253 illis
1364 1197 1524 1254 fuisse
1552 1198 1899 1268 imaginibus,
1926 1212 2059 1269 quas

480 1306 587 1346 non
620 1305 712 1359 per
738 1304 951 1344 sensum
991 1289 1228 1357 corporis
1269 1287 1565 1344 hauriebat.
1607 1288 1737 1357 Quis
1765 1289 1907 1344 enim
1936 1303 2057 1344 cum

477 1393 513 1434 ι
538 1392 726 1434 somno
753 1378 1098 1448 evigilaverit,
1126 1392 1233 1432 non
1259 1378 1511 1432 continuo
1539 1378 1731 1432 sentiat
1751 1377 2057 1447 imaginaria

476 1467 639 1522 fuisse
672 1482 789 1537 qua:
833 1467 1083 1534 videbat,
1130 1468 1371 1538 quamvis
1415 1483 1536 1522 cum
1583 1483 1643 1522 ea
1689 1468 1893 1522 videret
1932 1468 2057 1523 dor.

475 1559 666 1623 miens,
714 1575 744 1613 a
787 1559 1113 1629 vigilantium
1164 1560 1525 1628 corporalibus
1574 1559 1703 1614 visis
1746 1558 2057 1615 discernere

476 1663 582 1703 non
609 1648 852 1703 valebat?
871 1648 1179 1717 Quanquam
1206 1649 1331 1703 mibi
1354 1649 1609 1705 accidisse
1629 1649 1760 1713 scio,
1785 1660 1839 1704 et
1857 1650 1925 1703 ob
1953 1651 2057 1707 hoc

476 1740 638 1795 etiam
669 1741 785 1796 aliis
820 1740 1062 1795 accidere
1102 1741 1337 1810 potuisse
1379 1742 1464 1795 vel
1503 1755 1658 1811 posse
1691 1756 1795 1796 non
1831 1740 2050 1809 dubito,

476 1838 538 1885 ut
565 1830 616 1885 in
644 1830 846 1885 somnis
876 1829 1060 1884 videns
1084 1871 1100 1896 ,
1140 1830 1191 1884 in
1223 1830 1425 1885 somnis
1450 1845 1537 1885 me
1561 1830 1740 1885 videre
1764 1831 2051 1895 sentirem;

475 1921 701 1991 illasque
722 1923 996 1992 imagines,
1019 1936 1137 1991 quae
1158 1922 1327 1990 ipsam
1352 1929 1587 1976 nostram
1607 1923 2012 1985 consensionem
2035 1924 2052 1956 ³

474 2011 745 2067 ludiﬁcare
769 2019 1178 2076 consueverunt,
1213 2026 1315 2065 non
1354 2025 1473 2067 esse
1508 2025 1630 2065 vera
1669 2026 1889 2081 corpora
1913 2051 1929 2071 .
1958 2010 2053 2067 sed

476 2099 532 2155 in
558 2100 758 2154 somnis
784 2114 874 2153 eas
898 2100 1203 2168 prtesentari
1226 2100 1549 2165 ﬁrmissime,
1572 2098 1731 2154 etiam
1758 2099 2050 2165 dormiens,

476 2195 713 2245 tenerem
731 2198 885 2257 atque
901 2190 1172 2244 sentirem.
1193 2188 1304 2245 Hoc
1321 2198 1495 2244 tamen
1512 2188 2050 2259 fallebaraliquando,

472 2281 616 2351 quod
645 2281 815 2335 amico
837 2296 976 2347 meo,
1005 2296 1163 2351 quem
1185 2281 1431 2335 similiter
1458 2281 1509 2335 in
1535 2280 1739 2339 somnis
1770 2281 2014 2337 videbam
2032 2320 2049 2349 ,

474 2370 701 2440 idipsum
745 2371 1063 2439 persuadere
1090 2371 1323 2426 conabar
1341 2412 1356 2436 ,
1388 2386 1492 2427 non
1522 2386 1643 2427 esse
1669 2372 1757 2428 illa
1786 2387 2008 2442 corpora
2034 2414 2049 2440 ,

471 2475 593 2529 qua:
615 2460 941 2523 videbamus,
971 2460 1065 2514 sed
1086 2475 1207 2515 esse
1229 2460 1484 2530 imagines
1505 2461 1905 2527 somniantium,
1928 2478 2051 2517 cum

472 2557 529 2604 et
566 2549 678 2619 ipse
708 2549 886 2620 utique
922 2549 1172 2604 interilla
1200 2549 1281 2605 sic
1307 2549 1435 2607 mihi
1463 2558 1747 2620 appareret
1786 2551 2053 2622 quomodo

474 2638 563 2693 illa
594 2655 608 2693 :
640 2639 723 2695 cui
761 2638 941 2696 ethoc
964 2639 1202 2695 dicebam
1223 2682 1238 2705 ,
1266 2655 1441 2711 neque
1466 2641 1519 2696 id
1541 2657 1724 2699 verum
1754 2658 1874 2699 esse
1909 2643 2052 2715 quod

476 2730 675 2799 pariter
696 2728 1054 2799 loqueremur,
1074 2730 1167 2785 sed
1184 2731 1344 2786 etiam
1362 2731 1533 2801 ipsum
1551 2740 1675 2789 tunc
1689 2733 1832 2789 aliud
1854 2734 2051 2805 aliquid

473 2819 655 2874 videre
674 2819 1047 2885 dormientem,
1070 2829 1124 2875 et
1140 2829 1312 2875 utrum
1334 2822 1433 2876 ista
1455 2838 1554 2893 ego
1576 2823 1813 2879 viderem
1835 2825 2051 2881 omnino

472 2922 580 2963 non
610 2909 774 2974 scire;
795 2924 976 2965 verum
1000 2925 1120 2965 cum
1144 2910 1316 2967 eidem
1340 2911 1439 2982 ipsi
1459 2913 1777 2983 persuadere
1797 2914 2053 2971 moliebar

473 2999 618 3069 quod
640 3001 751 3071 ipse
775 3015 881 3055 non
908 3009 1070 3068 esset,
1102 3000 1401 3057 adducebar
1422 3018 1487 3058 ex
1516 3014 1666 3074 parte
1688 3005 1847 3061 etiam
1877 3005 2050 3077 ipsum

482 3099 668 3160 putare
686 3104 825 3155 esse,
849 3090 934 3146 cui
953 3090 1192 3160 profecto
1219 3106 1327 3147 non
1353 3092 1618 3162 loquerer,
1653 3094 1699 3147 si
1724 3094 1869 3149 omni
1891 3094 2052 3167 modo

472 3181 551 3234 sic
588 3178 830 3235 aﬂicerer
854 3179 995 3250 quod
1036 3180 1150 3250 ipse
1193 3194 1299 3235 non
1333 3190 1498 3237 esset.
1538 3180 1615 3236 Ita
1657 3197 1763 3237 non
1808 3192 2047 3253 poterat,

481 3271 724 3343 quamvis
784 3271 1097 3327 mirabiliter
1147 3272 1405 3341 vigilans,
1462 3272 1640 3328 anima
1697 3273 2048 3342 dormientis,

474 3362 578 3416 nisi
618 3361 736 3417 duci
777 3362 1094 3436 imaginibus
1131 3376 1414 3438 corporum
1438 3403 1454 3431 ,
1492 3377 1556 3418 ac
1596 3364 1642 3419 si
1676 3379 1901 3438 corpora
1937 3366 2052 3437 ipsa

474 3459 677 3506 essent.

545 3543 601 3598 4.
630 3542 684 3597 In
714 3542 905 3599 ecstasi
925 3553 1100 3599 autem
1127 3558 1291 3599 unum
1316 3543 1501 3600 audire
1524 3545 1690 3615 potui,
1729 3553 1785 3602 et
1808 3560 1927 3602 eum
1956 3562 2053 3602 ru-

479 3635 740 3692 sticanum
766 3636 850 3689 vix
876 3636 1139 3691 valentem
1164 3636 1305 3706 quod
1330 3636 1591 3692 sentiebat
1614 3638 1936 3706 exprimere,
1961 3637 2052 3710 qui

480 3735 537 3780 et
561 3725 775 3794 vigilare
812 3740 871 3781 se
906 3727 1104 3793 sciret,
1146 3735 1202 3781 et
1242 3726 1425 3782 videre
1465 3726 1714 3797 quiddam
1754 3742 1860 3785 non
1887 3729 2054 3784 oculis

478 3816 739 3884 corporis.
772 3814 903 3869 Nam
930 3824 985 3869 ut
1013 3816 1129 3885 ejus
1158 3815 1333 3872 verbis
1358 3826 1477 3873 utar
1494 3857 1509 3881 ,
1537 3826 1791 3887 quantum
1818 3818 2054 3875 recolere

479 3918 693 3974 possum
724 3922 738 3958 :
767 3906 953 3960 Anima
980 3920 1119 3972 mea,
1142 3906 1330 3979 inquit,
1354 3905 1560 3961 videbat
1592 3921 1736 3973 eum,
1767 3921 1872 3963 nou
1913 3909 2052 3965 oculi

483 3995 610 4050 mei.
635 3994 750 4050 Non
779 4006 954 4051 tamen
976 3995 1176 4051 sciebat
1196 4003 1369 4050 utrum
1393 4011 1585 4065 corpus
1603 4008 1764 4065 esset,
1790 4012 1860 4053 an
1882 3999 2055 4071 imago

478 4085 737 4155 corporis.
766 4083 880 4138 Non
906 4085 1049 4141 enim
1076 4095 1192 4141 erat
1221 4085 1364 4151 talis,
1394 4093 1449 4141 ut
1472 4086 1572 4141 ista
1591 4086 1937 4156 discerneret,
1963 4105 2056 4145 ve-

482 4190 599 4229 rum
632 4184 738 4231 tam
763 4174 1073 4243 simpliciter
1098 4175 1269 4231 ﬁdelis
1291 4215 1308 4241 ,
1337 4183 1396 4229 ut
1420 4190 1541 4230 eum
1580 4177 1657 4230 sic
1682 4175 1917 4233 audirem
1934 4218 1952 4246 ,
1991 4192 2055 4235 ac

476 4265 525 4320 si
547 4264 675 4321 illud
699 4266 838 4336 quod
868 4281 930 4321 se
952 4266 1145 4322 vidisse
1172 4267 1439 4334 narrabat,
1464 4268 1576 4337 ipse
1604 4268 1872 4324 vidissem.

557 4356 609 4412 δ.
637 4358 714 4411 Ac
762 4372 857 4426 per
899 4356 1002 4437 hoc
1035 4357 1081 4411 si
1124 4357 1420 4427 paradisum
1459 4358 1652 4414 Paulus
1692 4359 1761 4413 ita
1799 4360 1954 4427 vidit,
1998 4372 2056 4419 ut

480 4449 727 4518 apparuit
762 4448 919 4503 Petro
952 4448 1040 4502 ille
1075 4448 1252 4503 discus
1280 4449 1575 4505 submissus
1597 4463 1629 4504 e
1651 4451 1788 4506 cosio
1821 4451 1953 4523 (Act.
1981 4469 2050 4521 x,

479 4539 567 4607 Η)
587 4578 603 4601 ,
624 4547 681 4593 ut
706 4537 894 4593 Joanui
921 4538 1174 4609 quidquid
1206 4540 1258 4593 in
1284 4540 1602 4610 Apocalypsi
1625 4556 1682 4595 se
1707 4542 1902 4598 vidisse
1927 4558 2055 4599 con-

478 4628 692 4697 scripsit
722 4629 900 4699 (Apoc.
938 4646 991 4695 ι,
1024 4630 1120 4695 12,
1150 4631 1266 4700 etc.)
1290 4671 1306 4697 ,
1346 4640 1403 4685 ut
1431 4632 1693 4687 Ezechieli
1721 4647 1938 4703 campus
1966 4635 2055 4691 ille

480 4734 599 4774 cum
644 4720 853 4777 ossibus
897 4732 1225 4777 mortuorum
1275 4733 1330 4777 et
1374 4724 1458 4777 illa
1505 4738 1687 4779 eorum
1733 4726 2053 4781 resurrectio

484 4808 693 4881 (Eucti.
720 4826 939 4876 xxxvu,
971 4812 1160 4885 1-50),
1206 4822 1264 4867 ut
1302 4813 1449 4867 Isaiae
1484 4813 1677 4870 sedens
1706 4815 1878 4881 Deus,
1918 4825 1973 4871 et
1997 4817 2052 4871 in

477 4910 766 4972 conspectu
800 4901 912 4969 ejus
938 4901 1213 4970 Seraphim
1234 4943 1249 4967 ,
1278 4909 1333 4957 ct
1366 4918 1456 4957 ara
1483 4904 1623 4959 unde
1656 4904 1817 4959 carbo
1842 4920 2051 4961 assum-

479 5001 599 5063 ptus
629 4991 904 5061 Propheta:
931 4992 1066 5048 labia
1096 4994 1368 5048 mundavit
1397 4993 1546 5065 (Isai.
1574 5011 1625 5050 vt
1650 5037 1666 5062 ,
1697 4996 1854 5067 1-7);
1884 4999 2054 5053 mani-

479 5085 669 5146 festum
704 5093 785 5139 est
821 5099 941 5147 eum
973 5086 1216 5154 ignorare
1239 5086 1471 5155 potuisse
1500 5096 1673 5152 utrum
1701 5087 1754 5151 in
1792 5102 2050 5166 corpore,

477 5191 545 5234 an
570 5184 719 5239 extra
744 5191 937 5248 corpus
958 5191 1022 5233 ea
1053 5177 1259 5237 viderit.

477 5263 703 5326 CAPUT
736 5264 823 5327 ιιι.
854 5295 929 5307 -
955 5266 1225 5337 Apostolus
1252 5277 1413 5321 certus
1444 5283 1497 5321 se
1520 5266 1701 5323 vidisse
1722 5267 1924 5325 tertium
1950 5284 2053 5329 om-

815 5357 952 5421 lum,
991 5358 1206 5414 incertus
1232 5357 1479 5426 quomodo
1515 5358 1712 5413 viderit.

550 5447 602 5505 6.
634 5446 739 5504 Sed
771 5448 814 5502 si
859 5458 1007 5508 extra
1047 5462 1240 5523 corpus
1278 5450 1389 5504 visa
1419 5457 1569 5513 sunt,
1608 5456 1661 5504 et
1697 5462 1920 5517 corpora
1946 5465 2053 5505 non

480 5538 722 5601 fuerunt.
768 5538 941 5601 adhuc
977 5539 1142 5609 qumri
1180 5546 1351 5607 potest
1375 5547 1549 5595 utrum
1580 5537 1835 5611 imagines
1857 5553 2051 5609 corpo«

478 5647 594 5687 rum
622 5632 818 5685 iuerint
841 5670 857 5695 ,
895 5647 961 5685 an
992 5646 1055 5691 ea
1093 5631 1385 5685 substantia
1424 5645 1543 5702 qua:
1581 5630 1778 5695 nullam
1814 5632 2053 5701 corporis

544 5753 558 5795 ι
584 5745 719 5810 editi,
742 5746 1124 5802 consuetudinem
1148 5756 1166 5796 :
1189 5756 1274 5809 pro
1294 5755 1390 5809 quo
1412 5751 1537 5804 Mss,
1563 5754 1925 5808 consensionem.

1435 360 1524 416 DE
1563 358 1808 417 CENESI
1852 360 1940 414 AD
1979 358 2345 429 LITTERAM,
2384 360 2439 418 S.
2480 362 2848 423 AUGUSTI!“

2168 470 2564 529 similitudinem
2590 477 2747 546 gerit,
2776 480 2913 534 sicut
2943 479 3118 549 Deus,
3147 482 3286 539 sicut
3312 484 3425 555 ipsa
3453 500 3606 545 mens
3633 489 3737 548 bo-‘

2168 561 2348 652 minis,
2371 564 2451 619 vel
2479 564 2843 638 intelligentia,
2864 571 2945 625 vel
2981 572 3135 636 ratio,
3164 575 3301 652 sicut
3330 578 3579 645 virtutes,
3614 597 3737 651 pru-

2167 649 2367 715 dentia,
2388 653 2608 722 justitia,
2632 659 2864 725 castitas,
2892 659 3141 722 cbaritas.
3167 649 3353 732 pietas,
3385 675 3438 723 et
3464 649 3737 737 quaecum-

2168 753 2273 809 que
2329 742 2446 796 alia:
2494 753 2635 809 sunt,
2683 762 2815 816 quas
2863 748 3204 821 intelligendo
3253 762 3413 824 atque
3448 759 3729 827 cogitando

2166 844 2537 888 enumeramus
2559 876 2574 900 ,
2604 835 2955 893 discernimus
2978 881 2995 907 ,
3024 840 3304 899 deﬁnimus
3330 888 3346 911 ,
3388 862 3496 903 non
3551 849 3733 922 utique

2166 920 2430 980 intuentes
2468 925 2785 983 lineamenta
2824 944 3005 984 earum
3052 933 3136 987 vel
3177 935 3420 1002 colores,
3460 945 3552 992 aut
3597 920 3734 1009 quo-

2166 1011 2325 1067 modo
2363 1023 2573 1081 sonent,
2606 1025 2696 1070 aut
2736 1018 2860 1088 quid
2899 1022 3094 1087 oleant,
3146 1033 3235 1076 aut
3281 1025 3407 1093 quid
3447 1028 3597 1082 inore
3640 1043 3734 1082 sa-

2165 1101 2332 1171 piant,
2368 1116 2457 1158 aut
2480 1106 2602 1175 quid
2628 1109 3077 1164 contrectantibus
3101 1110 3168 1166 de
3205 1113 3381 1168 calore
3415 1116 3743 1187 seutrigore,

2163 1197 2492 1254 mollitudine
2530 1215 2624 1255 seu
2669 1200 2895 1266 duritia,
2932 1202 3149 1257 lenitate
3185 1220 3279 1260 seu
3326 1208 3611 1276 asperitate
3646 1225 3737 1264 re-

2163 1286 2439 1349 nuntient;
2476 1288 2568 1343 sed
2594 1289 2696 1342 alia
2721 1290 2947 1358 quadam
2973 1292 3191 1359 visione,
3218 1293 3319 1347 alia
3351 1295 3496 1361 luce,
3523 1297 3622 1350 alia
3649 1313 3739 1351 re-

2162 1390 2279 1432 rum
2302 1375 2563 1434 evidentia
2579 1418 2593 1445 ,
2616 1387 2670 1438 et
2693 1393 2756 1438 ca
2782 1374 2935 1451 longe
2954 1382 3163 1437 cancris
3183 1386 3550 1458 praestantiore
3574 1396 3738 1460 atque

2161 1466 2409 1522 certiore.

2232 1556 2283 1613 7.
2314 1556 2516 1614 Rursus
2550 1557 2709 1628 igitur
2734 1559 2801 1615 ad
2828 1560 3013 1621 eadem
3044 1562 3155 1632 ipsa
3185 1564 3427 1633 Apostoli
3456 1566 3615 1622 verba
3640 1583 3735 1623 re.

2159 1643 2402 1713 deamus,
2429 1657 2481 1702 et
2504 1663 2565 1703 ea
2596 1649 2898 1720 diligentius
2931 1663 3340 1721 perscrutemur,
3369 1656 3473 1711 hoc
3497 1658 3610 1713 sine
3635 1659 3713 1715 du

2157 1734 2410 1791 bitatione
2448 1739 2689 1807 primitus
2713 1742 3000 1795 constituto
3018 1784 3032 1807 ,
3072 1745 3240 1800 multo
3266 1747 3432 1813 magis
3458 1756 3615 1818 atque
3646 1749 3737 1805 in-

2159 1827 2592 1897 comparabiliter
2633 1830 2859 1899 amplius
2895 1831 3206 1903 Apostolum
3254 1835 3451 1900 scisse,
3484 1837 3623 1905 quod
3668 1837 3738 1892 de

2157 1916 2468 1988 incorporea
2488 1934 2846 1991 eorporeaque
2872 1930 3055 1976 natura
3084 1938 3181 1979 nos
3206 1933 3263 1977 ut
3280 1925 3508 1981 sciamus
3529 1936 3742 1986 utcumv

2156 2022 2280 2080 que,
2310 2023 2583 2064 conamur.
2610 2010 2669 2065 Si
2693 2026 2819 2081 ergo
2846 2012 3064 2077 sciebat,
3086 2014 3374 2084 spiritualia
3400 2030 3493 2084 per
3512 2030 3732 2085 corpus,

2156 2097 2452 2166 corporalia
2490 2108 2638 2154 extra
2675 2114 2870 2168 corpus
2911 2100 3078 2155 videri
3119 2104 3336 2157 omnino
3383 2118 3488 2158 non
3535 2119 3735 2173 posse;

2154 2199 2254 2243 cur
2281 2201 2385 2241 non
2414 2203 2507 2259 per
2528 2202 2588 2242 ea
2612 2188 2725 2258 ipsa
2754 2205 2872 2259 qua:
2899 2190 3048 2257 vidit,
3078 2191 3343 2261 quomodo
3369 2193 3527 2247 etiam
3551 2201 3739 2263 potue-

2154 2276 2226 2330 rit
2252 2276 2468 2345 videre,
2501 2277 2790 2334 discrevit?
2829 2277 2887 2334 Si
2932 2278 3074 2337 enim
3117 2288 3295 2335 certus
3334 2291 3446 2335 erat
3484 2281 3572 2336 illa
3612 2297 3738 2342 esse

2155 2366 2468 2436 spiritualia,
2499 2383 2594 2422 cur
2618 2383 2724 2425 non
2754 2380 3142 2441 consequenter
3166 2380 3314 2431 extra
3343 2387 3538 2441 corpus
3571 2388 3633 2428 ea
3674 2389 3739 2430 se

2154 2456 2352 2512 vidisse
2372 2463 2550 2514 certus
2584 2456 2927 2514 nihilominus
2966 2458 3119 2513 erat?
3143 2459 3197 2514 Si
3234 2468 3409 2515 autem
3436 2462 3735 2530 corporalia

2154 2561 2275 2603 esse
2308 2556 2563 2615 noverat,
2600 2549 2810 2606 nonnisi
2848 2564 2944 2617 per
2970 2564 3163 2623 corpus
3186 2551 3350 2608 videri
3381 2553 3613 2622 potuisse.
3637 2568 3741 2607 cur

2154 2652 2260 2693 non
2287 2638 2446 2694 etiam
2477 2639 2740 2695 noverat?
2768 2635 2919 2695 Unde
2942 2654 3069 2710 ergo
3093 2640 3298 2699 dubitat
3325 2653 3497 2698 utrum
3528 2642 3583 2700 in
3610 2657 3740 2697 eor-

2154 2742 2284 2799 pore
2307 2742 2375 2782 an
2401 2738 2549 2783 extra
2572 2742 2765 2798 corpus
2802 2743 2865 2783 ea
2905 2728 3130 2794 viderit,
3168 2729 3269 2783 nisi
3314 2728 3450 2784 forte
3476 2731 3545 2784 ita
3572 2731 3738 2785 etiam

2154 2816 2358 2872 dubitat
2384 2825 2561 2873 utrum
2591 2817 2677 2871 illa
2703 2832 2928 2887 corpora
2953 2819 3025 2871 an
3050 2817 3423 2874 similitudines
3445 2834 3738 2890 corporum

2153 2904 2388 2962 fuerint?
2426 2906 2581 2962 Prius
2606 2907 2788 2977 itaque
2816 2906 3089 2963 videamus
3114 2908 3238 2977 quid
3273 2910 3341 2963 sit
3369 2909 3421 2962 in
3448 2911 3736 2963 verborum

2153 2996 2378 3053 istorum
2401 2997 2741 3053 contextione
2772 2996 2911 3053 unde
2936 3012 3043 3053 non
3066 2996 3302 3065 dubitet,
3327 3007 3484 3068 atque
3512 3000 3582 3052 ita
3608 3013 3738 3057 cum

2153 3088 2473 3144 remanserit
2506 3088 2648 3143 unde
2682 3087 2923 3156 dubitet,
2949 3088 3191 3143 fortassis
3220 3103 3287 3143 ex
3328 3088 3410 3143 bis
3433 3088 3514 3143 de.
3537 3088 3738 3158 quibus

2154 3194 2261 3236 non
2310 3179 2554 3247 dubitat,
2609 3180 2881 3252 quomodo
2928 3180 3091 3235 etiam
3137 3179 3268 3235 illud
3313 3179 3518 3241 dubitet
3561 3194 3738 3250 appa-

2154 3271 2310 3327 rebit.

2170 3394 2177 3401 τ
2224 3362 2280 3418 8.
2310 3362 2451 3427 Scio,
2478 3361 2667 3435 inquit,
2698 3362 2949 3421 hominem
2970 3362 3023 3415 in
3048 3360 3245 3424 Christo
3272 3369 3390 3415 ante
3410 3376 3571 3417 annos
3600 3378 3738 3431 qua.

2155 3451 2452 3518 tuordecim,
2486 3452 2587 3506 sive
2606 3452 2660 3507 in
2682 3467 2892 3521 corpore
2918 3452 3105 3515 nescio,
3140 3451 3241 3505 sive
3266 3460 3407 3505 extra
3439 3467 3621 3519 corpus
3648 3467 3743 3508 ne-

2153 3544 2278 3609 scio,
2308 3541 2449 3597 Deus
2479 3543 2591 3609 scit,
2620 3551 2825 3612 raptum
2849 3542 3094 3615 ejusmodi
3128 3557 3284 3611 usque
3319 3540 3373 3595 in
3397 3541 3599 3596 tertium
3634 3557 3739 3595 ea»

2156 3632 2278 3687 tum.
2320 3631 2433 3688 Scit
2470 3646 2600 3702 ergo
2632 3640 2757 3690 ante
2792 3640 2965 3689 annos
2996 3631 3390 3701 quatuordecim
3430 3631 3482 3684 in
3518 3628 3739 3691 Christo

2155 3732 2363 3794 raptum
2384 3722 2654 3778 hominem
2682 3737 2848 3794 usque
2866 3721 2932 3778 ad
2959 3722 3167 3781 tertium
3188 3721 3405 3788 coelum,
3435 3720 3539 3775 hoc
3563 3724 3739 3776 omni.

2155 3831 2227 3873 uo
2255 3830 2361 3871 non
2388 3813 2623 3879 dubitat;
2653 3828 2754 3872 nec
2781 3827 2878 3870 nos
2905 3827 3033 3883 ergo
3061 3812 3361 3870 dubitemus
3389 3830 3404 3866 :
3436 3812 3528 3873 sed
3558 3822 3737 3869 utrum

2156 3905 2210 3962 in
2238 3920 2464 3976 corpore
2487 3920 2555 3960 an
2582 3913 2731 3961 extra
2757 3919 2977 3975 corpus,
3008 3904 3245 3970 dubitat;
3276 3904 3417 3963 unde
3455 3905 3547 3958 illo
3572 3904 3738 3962 dubi,

2158 4006 2330 4062 tante,
2374 3996 2493 4067 quis
2524 4005 2763 4051 nostrum
2791 4004 2968 4049 certus
3005 4008 3125 4050 esse
3160 3994 3388 4051 audeat?
3415 3993 3552 4048 Num
3596 3992 3739 4049 forte

2158 4087 2282 4142 hinc
2318 4087 2478 4141 etiam
2517 4086 2644 4143 illud
2678 4100 3009 4155 consequens
3047 4086 3150 4140 erit
3187 4094 3242 4139 ut
3281 4085 3495 4140 tertium
3535 4085 3737 4141 coelum

2156 4176 2320 4233 fuisse
2337 4176 2656 4243 dubitemus,
2681 4190 2786 4246 quo
2805 4184 3009 4245 raptum
3032 4174 3299 4229 hominem
3326 4174 3496 4229 dixit?
3515 4174 3571 4230 Si
3590 4176 3737 4229 enim

2158 4281 2246 4323 res
2268 4268 2379 4337 ipsa
2403 4265 2766 4323 demonstrata
2792 4274 2893 4331 est,
2925 4266 3138 4321 tertium
3176 4265 3370 4326 coelum
3398 4266 3738 4326 demonstra-

2158 4367 2269 4413 tum
2303 4366 2385 4415 est
2412 4374 2425 4412 :
2457 4359 2501 4417 si
2541 4366 2718 4416 autem
2748 4358 2921 4428 imago
2948 4357 3118 4433 aliqua
3148 4358 3502 4433 corporalium
3544 4359 3738 4421 similis

2157 4448 2293 4505 facta
2336 4457 2453 4515 est,
2498 4462 2605 4508 non
2651 4456 2767 4506 erat
2801 4447 2928 4507 illud
2974 4448 3187 4508 tertium
3234 4449 3462 4513 cmlum,
3504 4449 3599 4503 sed
3645 4449 3736 4509 illa

2158 4540 2394 4594 ostensio
2422 4540 2498 4594 sic
2524 4538 2764 4594 ordinata
2790 4548 2906 4603 est,
2938 4550 2994 4593 ut
3020 4539 3289 4595 videretur
3318 4540 3417 4594 sibi
3444 4538 3738 4595 ascendere

2158 4631 2386 4702 primum
2432 4630 2656 4695 coelum,
2702 4644 2864 4699 super
2902 4630 3042 4699 quod
3086 4630 3289 4683 videret
3329 4627 3584 4693 alterum,
3626 4643 3738 4697 quo

2158 4738 2343 4779 rursus
2386 4721 2679 4777 ascendens
2708 4722 2898 4777 iterum
2942 4722 3164 4775 alterum
3209 4721 3413 4776 videret
3453 4720 3734 4789 superius,

2158 4828 2261 4884 quo
2284 4829 2404 4868 cum
2429 4813 2772 4882 pervenisset,
2805 4820 2982 4880 posset
3007 4810 3185 4866 dicere
3211 4826 3268 4865 se
3299 4811 3348 4863 in
3376 4810 3586 4864 tertium
3616 4823 3735 4865 cce,

2158 4903 2268 4958 lum
2292 4911 2523 4972 raptum.
2550 4900 2656 4956 Sed
2681 4899 2805 4955 illud
2831 4899 2968 4977 quod
2995 4899 3206 4954 tertium
3227 4898 3418 4957 coelum
3440 4906 3604 4963 esset,
3626 4914 3737 4968 quo

2157 5004 2340 5069 raptus
2368 5004 2483 5062 est,
2514 5008 2684 5072 neque
2711 4992 3001 5058 dubitavit,
3030 5007 3204 5060 neque
3228 4991 3471 5053 dubitare
3503 5006 3601 5046 nos
3640 5006 3741 5045 vo,

2159 5084 2257 5149 luit
2288 5102 2303 5140 :
2332 5084 2399 5139 ad
2426 5084 2525 5143 hoc
2547 5082 2688 5143 enim
2716 5082 2972 5162 praemisit
2990 5124 3005 5150 ,
3038 5082 3160 5137 Scio
3179 5123 3193 5148 ,
3224 5091 3277 5143 et
3300 5081 3423 5143 inde
3443 5081 3605 5150 cmpit
3627 5122 3644 5146 ,
3677 5090 3735 5135 ut

2158 5174 2212 5240 id
2241 5175 2381 5246 quod
2404 5191 2462 5231 se
2485 5175 2622 5236 scire
2648 5175 2933 5251 Apostolus
2952 5173 3102 5239 dicit,
3130 5174 3274 5233 solus
3302 5173 3394 5235 ille
3418 5188 3523 5232 non
3549 5172 3737 5231 credat

2158 5279 2342 5324 verum
2370 5278 2489 5319 esse
2507 5304 2523 5330 ,
2552 5264 2642 5339 qui
2669 5280 2774 5319 non
2804 5264 2973 5323 credit
2998 5263 3273 5333 Apostolo.

2158 5367 2382 5427 CAPUT
2418 5365 2507 5427 IV.
2529 5395 2602 5407 —
2654 5365 2781 5420 Vere
2822 5364 3021 5421 tertium
3059 5364 3237 5418 coelum
3273 5362 3429 5432 fuisse
3467 5360 3599 5416 illud
3636 5378 3739 5430 quo

2229 5470 2405 5532 raptus
2437 5467 2510 5514 est
2546 5458 2832 5529 Apostolus.
2860 5455 3141 5529 Difﬁcultas
3181 5455 3429 5525 quomodo
3463 5453 3739 5524 Apostolus

2228 5563 2391 5611 certus
2414 5552 2477 5605 sit
2500 5549 2562 5604 de
2586 5550 2710 5612 coelo
2734 5549 2858 5615 viso,
2883 5557 2929 5601 et
2949 5548 3164 5608 incertus
3187 5546 3249 5599 de
3273 5544 3421 5598 modo
3453 5559 3552 5612 quo
3576 5543 3741 5603 visum

2231 5646 2345 5717 fuit.

2231 5736 2287 5802 9.
2316 5735 2427 5800 Scit
2464 5748 2590 5805 ergo
2618 5731 2885 5795 hominem
2929 5736 3135 5807 raptum
3179 5740 3299 5782 esse
3338 5738 3506 5796 usque
3544 5723 3597 5784 in
3630 5732 3738 5787 tero
