  <div class='ocr_page' id='page_1' title='image "/cluster/home/n/w/nwhite01/storage/ocr_20150623/34/hvd.32044015706310/236.png"; bbox 0 0 4090 6466; ppageno 0'>
   <div class='ocr_carea' id='block_1_1' title="bbox 311 332 412 390">
    <p class='ocr_par' dir='ltr' id='par_1_1' title="bbox 311 332 412 390">
     <span class='ocr_line' id='line_1_1' title="bbox 311 332 412 390; baseline -0.01 0"><span class='ocrx_word' id='word_1_1' title='bbox 311 332 412 390; x_wconf 74' lang='grc'><strong>461</strong></span> 
     </span>
    </p>
   </div>
   <div class='ocr_carea' id='block_1_2' title="bbox 308 427 1894 523">
    <p class='ocr_par' dir='ltr' id='par_1_2' title="bbox 308 427 1894 523">
     <span class='ocr_line' id='line_1_2' title="bbox 308 427 1894 523; baseline 0 -20"><span class='ocrx_word' id='word_1_2' title='bbox 308 451 498 516; x_wconf 85' lang='lat' dir='ltr'><strong>lectus,</strong></span> <span class='ocrx_word' id='word_1_3' title='bbox 530 458 588 505; x_wconf 90' lang='lat' dir='ltr'><strong>ut</strong></span> <span class='ocrx_word' id='word_1_4' title='bbox 615 465 725 506; x_wconf 89' lang='lat' dir='ltr'><strong>non</strong></span> <span class='ocrx_word' id='word_1_5' title='bbox 747 451 932 523; x_wconf 79' lang='lat' dir='ltr'><strong>spiritu</strong></span> <span class='ocrx_word' id='word_1_6' title='bbox 950 457 1178 520; x_wconf 88' lang='lat' dir='ltr'><strong>tantum,</strong></span> <span class='ocrx_word' id='word_1_7' title='bbox 1205 450 1299 508; x_wconf 90' lang='lat' dir='ltr'><strong>sed</strong></span> <span class='ocrx_word' id='word_1_8' title='bbox 1319 450 1482 507; x_wconf 89' lang='lat' dir='ltr'><strong>etiam</strong></span> <span class='ocrx_word' id='word_1_9' title='bbox 1505 427 1686 508; x_wconf 82' lang='lat' dir='ltr'><strong>mente</strong></span> <span class='ocrx_word' id='word_1_10' title='bbox 1708 457 1894 521; x_wconf 89' lang='lat' dir='ltr'><strong>agatur</strong></span> 
     </span>
    </p>
   </div>
   <div class='ocr_carea' id='block_1_3' title="bbox 305 541 666 609">
    <p class='ocr_par' dir='ltr' id='par_1_3' title="bbox 305 541 666 609">
     <span class='ocr_line' id='line_1_3' title="bbox 305 541 666 609; baseline 0.014 -19"><span class='ocrx_word' id='word_1_11' title='bbox 305 541 446 608; x_wconf 80' lang='lat' dir='ltr'><strong>quod</strong></span> <span class='ocrx_word' id='word_1_12' title='bbox 472 541 666 609; x_wconf 78' lang='lat' dir='ltr'><strong>agitur.</strong></span> 
     </span>
    </p>
   </div>
   <div class='ocr_carea' id='block_1_4' title="bbox 384 633 1805 710">
    <p class='ocr_par' dir='ltr' id='par_1_4' title="bbox 384 633 1805 710">
     <span class='ocr_line' id='line_1_4' title="bbox 384 633 1805 710; baseline 0.002 -23"><span class='ocrx_word' id='word_1_13' title='bbox 384 633 608 690; x_wconf 70' lang='lat' dir='ltr'><strong>CAPUT</strong></span> <span class='ocrx_word' id='word_1_14' title='bbox 635 634 727 691; x_wconf 74' lang='lat' dir='ltr'><strong>IX.</strong></span> <span class='ocrx_word' id='word_1_15' title='bbox 752 665 824 678; x_wconf 64' lang='grc' dir='ltr'><strong>-ρ</strong></span> <span class='ocrx_word' id='word_1_16' title='bbox 857 635 1188 707; x_wconf 76' lang='lat' dir='ltr'><strong>Prophetiam</strong></span> <span class='ocrx_word' id='word_1_17' title='bbox 1207 637 1278 692; x_wconf 81' lang='lat' dir='ltr'><strong>ad</strong></span> <span class='ocrx_word' id='word_1_18' title='bbox 1297 646 1510 693; x_wconf 85' lang='lat' dir='ltr'><strong>mentem</strong></span> <span class='ocrx_word' id='word_1_19' title='bbox 1537 637 1805 710; x_wconf 71' lang='lat' dir='ltr'><strong>pertinere.</strong></span> 
     </span>
    </p>
   </div>
   <div class='ocr_carea' id='block_1_5' title="bbox 375 725 1887 801">
    <p class='ocr_par' dir='ltr' id='par_1_5' title="bbox 375 725 1887 801">
     <span class='ocr_line' id='line_1_5' title="bbox 375 725 1887 801; baseline 0.002 -22"><span class='ocrx_word' id='word_1_20' title='bbox 375 725 464 781; x_wconf 68' lang='lat'><strong>20.</strong></span> <span class='ocrx_word' id='word_1_21' title='bbox 499 727 731 783; x_wconf 76' lang='lat' dir='ltr'><strong>Proinde</strong></span> <span class='ocrx_word' id='word_1_22' title='bbox 757 770 770 794; x_wconf 93' lang='lat'><strong>,</strong></span> <span class='ocrx_word' id='word_1_23' title='bbox 811 730 1002 801; x_wconf 88' lang='lat' dir='ltr'><strong>quibus</strong></span> <span class='ocrx_word' id='word_1_24' title='bbox 1032 729 1182 801; x_wconf 86' lang='lat' dir='ltr'><strong>signa</strong></span> <span class='ocrx_word' id='word_1_25' title='bbox 1203 744 1299 800; x_wconf 85' lang='lat' dir='ltr'><strong>per</strong></span> <span class='ocrx_word' id='word_1_26' title='bbox 1319 729 1524 800; x_wconf 84' lang='lat' dir='ltr'><strong>aliquas</strong></span> <span class='ocrx_word' id='word_1_27' title='bbox 1559 744 1737 784; x_wconf 89' lang='lat' dir='ltr'><strong>rerum</strong></span> <span class='ocrx_word' id='word_1_28' title='bbox 1763 743 1887 783; x_wconf 91' lang='lat' dir='ltr'><strong>eor-</strong></span> 
     </span>
    </p>
   </div>
   <div class='ocr_carea' id='block_1_6' title="bbox 300 818 1884 890">
    <p class='ocr_par' dir='ltr' id='par_1_6' title="bbox 300 818 1884 890">
     <span class='ocr_line' id='line_1_6' title="bbox 300 818 1884 890; baseline 0.002 -19"><span class='ocrx_word' id='word_1_29' title='bbox 300 818 569 888; x_wconf 88' lang='lat' dir='ltr'><strong>poralimn</strong></span> <span class='ocrx_word' id='word_1_30' title='bbox 614 821 988 878; x_wconf 86' lang='lat' dir='ltr'><strong>similitudines</strong></span> <span class='ocrx_word' id='word_1_31' title='bbox 1035 821 1537 878; x_wconf 70' lang='lat' dir='ltr'><strong>demonstrabantur</strong></span> <span class='ocrx_word' id='word_1_32' title='bbox 1575 823 1626 876; x_wconf 91' lang='lat' dir='ltr'><strong>in</strong></span> <span class='ocrx_word' id='word_1_33' title='bbox 1675 821 1884 890; x_wconf 82' lang='lat' dir='ltr'><strong>spiritu,</strong></span> 
     </span>
    </p>
   </div>
   <div class='ocr_carea' id='block_1_7' title="bbox 295 912 1888 986">
    <p class='ocr_par' dir='ltr' id='par_1_7' title="bbox 295 912 1888 986">
     <span class='ocr_line' id='line_1_7' title="bbox 295 912 1888 986; baseline 0.003 -22"><span class='ocrx_word' id='word_1_34' title='bbox 295 912 400 964; x_wconf 89' lang='lat' dir='ltr'><strong>nisi</strong></span> <span class='ocrx_word' id='word_1_35' title='bbox 427 914 746 968; x_wconf 80' lang='lat' dir='ltr'><strong>accessisset</strong></span> <span class='ocrx_word' id='word_1_36' title='bbox 767 917 960 970; x_wconf 88' lang='lat' dir='ltr'><strong>mentis</strong></span> <span class='ocrx_word' id='word_1_37' title='bbox 986 913 1241 980; x_wconf 81' lang='lat' dir='ltr'><strong>ol‘licium,</strong></span> <span class='ocrx_word' id='word_1_38' title='bbox 1267 924 1323 970; x_wconf 89' lang='lat' dir='ltr'><strong>ut</strong></span> <span class='ocrx_word' id='word_1_39' title='bbox 1343 916 1500 972; x_wconf 86' lang='lat' dir='ltr'><strong>etiam</strong></span> <span class='ocrx_word' id='word_1_40' title='bbox 1531 915 1888 986; x_wconf 84' lang='lat' dir='ltr'><strong>intelligeren-</strong></span> 
     </span>
    </p>
   </div>
   <div class='ocr_carea' id='block_1_8' title="bbox 297 1003 1880 1078">
    <p class='ocr_par' dir='ltr' id='par_1_8' title="bbox 297 1003 1880 1078">
     <span class='ocr_line' id='line_1_8' title="bbox 297 1003 1880 1078; baseline 0.003 -23"><span class='ocrx_word' id='word_1_41' title='bbox 297 1013 403 1068; x_wconf 87' lang='lat' dir='ltr'><strong>tur,</strong></span> <span class='ocrx_word' id='word_1_42' title='bbox 431 1003 668 1058; x_wconf 89' lang='lat' dir='ltr'><strong>nondum</strong></span> <span class='ocrx_word' id='word_1_43' title='bbox 687 1016 802 1060; x_wconf 91' lang='lat' dir='ltr'><strong>erat</strong></span> <span class='ocrx_word' id='word_1_44' title='bbox 828 1006 1106 1076; x_wconf 86' lang='lat' dir='ltr'><strong>prephetia</strong></span> <span class='ocrx_word' id='word_1_45' title='bbox 1129 1024 1142 1070; x_wconf 92' lang='lat'><strong>;</strong></span> <span class='ocrx_word' id='word_1_46' title='bbox 1172 1009 1443 1078; x_wconf 87' lang='lat' dir='ltr'><strong>magisque</strong></span> <span class='ocrx_word' id='word_1_47' title='bbox 1469 1006 1726 1076; x_wconf 83' lang='lat' dir='ltr'><strong>prepheta</strong></span> <span class='ocrx_word' id='word_1_48' title='bbox 1748 1015 1880 1070; x_wconf 86' lang='lat' dir='ltr'><strong>erat,</strong></span> 
     </span>
    </p>
   </div>
   <div class='ocr_carea' id='block_1_9' title="bbox 295 1097 1886 1168">
    <p class='ocr_par' dir='ltr' id='par_1_9' title="bbox 295 1097 1886 1168">
     <span class='ocr_line' id='line_1_9' title="bbox 295 1097 1886 1168; baseline 0.002 -19"><span class='ocrx_word' id='word_1_49' title='bbox 295 1097 388 1166; x_wconf 85' lang='lat' dir='ltr'><strong>qui</strong></span> <span class='ocrx_word' id='word_1_50' title='bbox 434 1099 890 1167; x_wconf 80' lang='lat' dir='ltr'><strong>interpretabatur</strong></span> <span class='ocrx_word' id='word_1_51' title='bbox 915 1098 1057 1168; x_wconf 86' lang='lat' dir='ltr'><strong>quod</strong></span> <span class='ocrx_word' id='word_1_52' title='bbox 1105 1099 1239 1156; x_wconf 85' lang='lat' dir='ltr'><strong>alius</strong></span> <span class='ocrx_word' id='word_1_53' title='bbox 1284 1100 1530 1158; x_wconf 85' lang='lat' dir='ltr'><strong>vidisset.</strong></span> <span class='ocrx_word' id='word_1_54' title='bbox 1574 1115 1731 1168; x_wconf 90' lang='lat' dir='ltr'><strong>quam</strong></span> <span class='ocrx_word' id='word_1_55' title='bbox 1771 1099 1886 1166; x_wconf 86' lang='lat' dir='ltr'><strong>ipse</strong></span> 
     </span>
    </p>
   </div>
   <div class='ocr_carea' id='block_1_10' title="bbox 291 1189 1884 1260">
    <p class='ocr_par' dir='ltr' id='par_1_10' title="bbox 291 1189 1884 1260">
     <span class='ocr_line' id='line_1_10' title="bbox 291 1189 1884 1260; baseline 0.001 -18"><span class='ocrx_word' id='word_1_56' title='bbox 291 1190 379 1256; x_wconf 78' lang='lat' dir='ltr'><strong>qui</strong></span> <span class='ocrx_word' id='word_1_57' title='bbox 403 1189 648 1245; x_wconf 83' lang='lat' dir='ltr'><strong>vidisset.</strong></span> <span class='ocrx_word' id='word_1_58' title='bbox 679 1189 830 1246; x_wconf 85' lang='lat' dir='ltr'><strong>Unde</strong></span> <span class='ocrx_word' id='word_1_59' title='bbox 856 1199 1074 1260; x_wconf 84' lang='lat' dir='ltr'><strong>apparet</strong></span> <span class='ocrx_word' id='word_1_60' title='bbox 1094 1191 1259 1260; x_wconf 84' lang='lat' dir='ltr'><strong>magis</strong></span> <span class='ocrx_word' id='word_1_61' title='bbox 1278 1190 1343 1250; x_wconf 85' lang='lat' dir='ltr'><strong>ad</strong></span> <span class='ocrx_word' id='word_1_62' title='bbox 1367 1199 1595 1245; x_wconf 86' lang='lat' dir='ltr'><strong>mentem</strong></span> <span class='ocrx_word' id='word_1_63' title='bbox 1620 1189 1884 1259; x_wconf 81' lang='lat' dir='ltr'><strong>pertinere</strong></span> 
     </span>
    </p>
   </div>
   <div class='ocr_carea' id='block_1_11' title="bbox 290 1277 1884 1354">
    <p class='ocr_par' dir='ltr' id='par_1_11' title="bbox 290 1277 1884 1354">
     <span class='ocr_line' id='line_1_11' title="bbox 290 1277 1884 1354; baseline -0.001 -18"><span class='ocrx_word' id='word_1_64' title='bbox 290 1283 653 1351; x_wconf 83' lang='lat' dir='ltr'><strong>prophetiam,</strong></span> <span class='ocrx_word' id='word_1_65' title='bbox 695 1300 853 1353; x_wconf 86' lang='lat' dir='ltr'><strong>quam</strong></span> <span class='ocrx_word' id='word_1_66' title='bbox 882 1277 947 1338; x_wconf 85' lang='lat' dir='ltr'><strong>ad</strong></span> <span class='ocrx_word' id='word_1_67' title='bbox 975 1284 1132 1340; x_wconf 90' lang='lat' dir='ltr'><strong>istum</strong></span> <span class='ocrx_word' id='word_1_68' title='bbox 1160 1285 1424 1354; x_wconf 81' lang='lat' dir='ltr'><strong>spiritum,</strong></span> <span class='ocrx_word' id='word_1_69' title='bbox 1456 1284 1544 1354; x_wconf 85' lang='lat' dir='ltr'><strong>qui</strong></span> <span class='ocrx_word' id='word_1_70' title='bbox 1570 1283 1729 1336; x_wconf 88' lang='lat' dir='ltr'><strong>modo</strong></span> <span class='ocrx_word' id='word_1_71' title='bbox 1755 1300 1884 1352; x_wconf 86' lang='lat' dir='ltr'><strong>quo-</strong></span> 
     </span>
    </p>
   </div>
   <div class='ocr_carea' id='block_1_12' title="bbox 288 1369 1880 1448">
    <p class='ocr_par' dir='ltr' id='par_1_12' title="bbox 288 1369 1880 1448">
     <span class='ocr_line' id='line_1_12' title="bbox 288 1369 1880 1448; baseline 0.001 -19"><span class='ocrx_word' id='word_1_72' title='bbox 288 1377 411 1429; x_wconf 89' lang='lat' dir='ltr'><strong>dam</strong></span> <span class='ocrx_word' id='word_1_73' title='bbox 467 1377 684 1448; x_wconf 91' lang='lat' dir='ltr'><strong>proprio</strong></span> <span class='ocrx_word' id='word_1_74' title='bbox 721 1387 940 1432; x_wconf 81' lang='lat' dir='ltr'><strong>vocatur</strong></span> <span class='ocrx_word' id='word_1_75' title='bbox 975 1369 1233 1448; x_wconf 81' lang='lat' dir='ltr'><strong>Spiritus,</strong></span> <span class='ocrx_word' id='word_1_76' title='bbox 1284 1379 1363 1432; x_wconf 86' lang='lat' dir='ltr'><strong>vis</strong></span> <span class='ocrx_word' id='word_1_77' title='bbox 1406 1377 1595 1431; x_wconf 67' lang='lat' dir='ltr'><strong>anima!</strong></span> <span class='ocrx_word' id='word_1_78' title='bbox 1637 1378 1880 1446; x_wconf 62' lang='lat' dir='ltr'><strong>quaedam</strong></span> 
     </span>
    </p>
   </div>
   <div class='ocr_carea' id='block_1_13' title="bbox 287 1468 1876 1540">
    <p class='ocr_par' dir='ltr' id='par_1_13' title="bbox 287 1468 1876 1540">
     <span class='ocr_line' id='line_1_13' title="bbox 287 1468 1876 1540; baseline 0.001 -20"><span class='ocrx_word' id='word_1_79' title='bbox 287 1477 472 1521; x_wconf 89' lang='lat' dir='ltr'><strong>mente</strong></span> <span class='ocrx_word' id='word_1_80' title='bbox 503 1468 744 1535; x_wconf 81' lang='lat' dir='ltr'><strong>inferior,</strong></span> <span class='ocrx_word' id='word_1_81' title='bbox 789 1469 878 1522; x_wconf 89' lang='lat' dir='ltr'><strong>ubi</strong></span> <span class='ocrx_word' id='word_1_82' title='bbox 905 1470 1262 1540; x_wconf 84' lang='lat' dir='ltr'><strong>corporalium</strong></span> <span class='ocrx_word' id='word_1_83' title='bbox 1293 1484 1470 1522; x_wconf 89' lang='lat' dir='ltr'><strong>rerum</strong></span> <span class='ocrx_word' id='word_1_84' title='bbox 1503 1468 1876 1522; x_wconf 85' lang='lat' dir='ltr'><strong>similitudines</strong></span> 
     </span>
    </p>
   </div>
   <div class='ocr_carea' id='block_1_14' title="bbox 285 1559 1878 1630">
    <p class='ocr_par' dir='ltr' id='par_1_14' title="bbox 285 1559 1878 1630">
     <span class='ocr_line' id='line_1_14' title="bbox 285 1559 1878 1630; baseline 0.001 -18"><span class='ocrx_word' id='word_1_85' title='bbox 285 1560 682 1628; x_wconf 77' lang='lat' dir='ltr'><strong>exprimuntur.</strong></span> <span class='ocrx_word' id='word_1_86' title='bbox 733 1559 913 1630; x_wconf 82' lang='lat' dir='ltr'><strong>Itaque</strong></span> <span class='ocrx_word' id='word_1_87' title='bbox 938 1561 1107 1630; x_wconf 83' lang='lat' dir='ltr'><strong>magis</strong></span> <span class='ocrx_word' id='word_1_88' title='bbox 1130 1560 1325 1629; x_wconf 82' lang='lat' dir='ltr'><strong>loseph</strong></span> <span class='ocrx_word' id='word_1_89' title='bbox 1355 1560 1612 1630; x_wconf 72' lang='lat' dir='ltr'><strong>propheta</strong></span> <span class='ocrx_word' id='word_1_90' title='bbox 1634 1601 1649 1626; x_wconf 90' lang='lat'><strong>,</strong></span> <span class='ocrx_word' id='word_1_91' title='bbox 1681 1561 1768 1629; x_wconf 88' lang='lat' dir='ltr'><strong>qui</strong></span> <span class='ocrx_word' id='word_1_92' title='bbox 1797 1560 1878 1613; x_wconf 85' lang='lat' dir='ltr'><strong>itt-</strong></span> 
     </span>
    </p>
   </div>
   <div class='ocr_carea' id='block_1_15' title="bbox 286 1649 1878 1722">
    <p class='ocr_par' dir='ltr' id='par_1_15' title="bbox 286 1649 1878 1722">
     <span class='ocr_line' id='line_1_15' title="bbox 286 1649 1878 1722; baseline 0.001 -19"><span class='ocrx_word' id='word_1_93' title='bbox 286 1650 497 1704; x_wconf 84' lang='lat' dir='ltr'><strong>tellexit</strong></span> <span class='ocrx_word' id='word_1_94' title='bbox 523 1651 652 1722; x_wconf 88' lang='lat' dir='ltr'><strong>quid</strong></span> <span class='ocrx_word' id='word_1_95' title='bbox 680 1652 1038 1722; x_wconf 78' lang='lat' dir='ltr'><strong>signiﬁcarent</strong></span> <span class='ocrx_word' id='word_1_96' title='bbox 1059 1663 1260 1721; x_wconf 85' lang='lat' dir='ltr'><strong>septem</strong></span> <span class='ocrx_word' id='word_1_97' title='bbox 1290 1649 1524 1722; x_wconf 63' lang='lat' dir='ltr'><strong>Spicte&#39;et</strong></span> <span class='ocrx_word' id='word_1_98' title='bbox 1553 1661 1752 1720; x_wconf 89' lang='lat' dir='ltr'><strong>septem</strong></span> <span class='ocrx_word' id='word_1_99' title='bbox 1781 1651 1878 1705; x_wconf 78' lang='lat' dir='ltr'><strong>lio-</strong></span> 
     </span>
    </p>
   </div>
   <div class='ocr_carea' id='block_1_16' title="bbox 283 1743 1873 1816">
    <p class='ocr_par' dir='ltr' id='par_1_16' title="bbox 283 1743 1873 1816">
     <span class='ocr_line' id='line_1_16' title="bbox 283 1743 1873 1816; baseline 0.001 -19"><span class='ocrx_word' id='word_1_100' title='bbox 283 1759 376 1798; x_wconf 84' lang='lat' dir='ltr'><strong>ves</strong></span> <span class='ocrx_word' id='word_1_101' title='bbox 399 1787 412 1807; x_wconf 95' lang='lat'><strong>,</strong></span> <span class='ocrx_word' id='word_1_102' title='bbox 449 1760 611 1815; x_wconf 87' lang='lat' dir='ltr'><strong>quam</strong></span> <span class='ocrx_word' id='word_1_103' title='bbox 641 1745 846 1799; x_wconf 84' lang='lat' dir='ltr'><strong>Pharao</strong></span> <span class='ocrx_word' id='word_1_104' title='bbox 870 1747 960 1816; x_wconf 89' lang='lat' dir='ltr'><strong>qui</strong></span> <span class='ocrx_word' id='word_1_105' title='bbox 983 1761 1075 1800; x_wconf 90' lang='lat' dir='ltr'><strong>eas</strong></span> <span class='ocrx_word' id='word_1_106' title='bbox 1103 1746 1231 1800; x_wconf 83' lang='lat' dir='ltr'><strong>vidit</strong></span> <span class='ocrx_word' id='word_1_107' title='bbox 1267 1746 1316 1799; x_wconf 82' lang='lat' dir='ltr'><strong>in</strong></span> <span class='ocrx_word' id='word_1_108' title='bbox 1348 1745 1548 1799; x_wconf 88' lang='lat' dir='ltr'><strong>somnis</strong></span> <span class='ocrx_word' id='word_1_109' title='bbox 1582 1743 1731 1815; x_wconf 87' lang='lat' dir='ltr'><strong>(Gen.</strong></span> <span class='ocrx_word' id='word_1_110' title='bbox 1763 1759 1873 1810; x_wconf 80' lang='lat' dir='ltr'><strong>xu,</strong></span> 
     </span>
    </p>
   </div>
   <div class='ocr_carea' id='block_1_17' title="bbox 286 1835 1872 1908">
    <p class='ocr_par' dir='ltr' id='par_1_17' title="bbox 286 1835 1872 1908">
     <span class='ocr_line' id='line_1_17' title="bbox 286 1835 1872 1908; baseline 0 -18"><span class='ocrx_word' id='word_1_111' title='bbox 286 1837 354 1890; x_wconf 81' lang='lat' dir='ltr'><strong>l-</strong></span> <span class='ocrx_word' id='word_1_112' title='bbox 369 1835 487 1907; x_wconf 75' lang='grc'><strong>52).</strong></span> <span class='ocrx_word' id='word_1_113' title='bbox 523 1837 668 1893; x_wconf 91' lang='lat' dir='ltr'><strong>Illius</strong></span> <span class='ocrx_word' id='word_1_114' title='bbox 689 1837 832 1892; x_wconf 89' lang='lat' dir='ltr'><strong>enim</strong></span> <span class='ocrx_word' id='word_1_115' title='bbox 853 1838 1069 1908; x_wconf 84' lang='lat' dir='ltr'><strong>spiritus</strong></span> <span class='ocrx_word' id='word_1_116' title='bbox 1095 1837 1408 1892; x_wconf 77' lang='lat' dir='ltr'><strong>informatus</strong></span> <span class='ocrx_word' id='word_1_117' title='bbox 1432 1845 1532 1901; x_wconf 87' lang='lat' dir='ltr'><strong>est,</strong></span> <span class='ocrx_word' id='word_1_118' title='bbox 1556 1845 1614 1890; x_wconf 90' lang='lat' dir='ltr'><strong>ut</strong></span> <span class='ocrx_word' id='word_1_119' title='bbox 1639 1835 1872 1902; x_wconf 83' lang='lat' dir='ltr'><strong>videret;</strong></span> 
     </span>
    </p>
   </div>
   <div class='ocr_carea' id='block_1_18' title="bbox 284 1927 1875 2000">
    <p class='ocr_par' dir='ltr' id='par_1_18' title="bbox 284 1927 1875 2000">
     <span class='ocr_line' id='line_1_18' title="bbox 284 1927 1875 2000; baseline 0.003 -18"><span class='ocrx_word' id='word_1_120' title='bbox 284 1927 448 1998; x_wconf 88' lang='lat' dir='ltr'><strong>hujus</strong></span> <span class='ocrx_word' id='word_1_121' title='bbox 477 1945 631 1984; x_wconf 89' lang='lat' dir='ltr'><strong>mens</strong></span> <span class='ocrx_word' id='word_1_122' title='bbox 657 1931 970 1997; x_wconf 88' lang='lat' dir='ltr'><strong>illuminata,</strong></span> <span class='ocrx_word' id='word_1_123' title='bbox 1003 1940 1060 1984; x_wconf 89' lang='lat' dir='ltr'><strong>ut</strong></span> <span class='ocrx_word' id='word_1_124' title='bbox 1089 1930 1422 2000; x_wconf 86' lang='lat' dir='ltr'><strong>intelligeret.</strong></span> <span class='ocrx_word' id='word_1_125' title='bbox 1469 1933 1545 1985; x_wconf 84' lang='lat' dir='ltr'><strong>Ac</strong></span> <span class='ocrx_word' id='word_1_126' title='bbox 1569 1946 1668 1999; x_wconf 86' lang='lat' dir='ltr'><strong>per</strong></span> <span class='ocrx_word' id='word_1_127' title='bbox 1691 1929 1792 1984; x_wconf 92' lang='lat' dir='ltr'><strong>hoc</strong></span> <span class='ocrx_word' id='word_1_128' title='bbox 1821 1930 1875 1986; x_wconf 90' lang='lat' dir='ltr'><strong>in</strong></span> 
     </span>
    </p>
   </div>
   <div class='ocr_carea' id='block_1_19' title="bbox 283 2017 1874 2093">
    <p class='ocr_par' dir='ltr' id='par_1_19' title="bbox 283 2017 1874 2093">
     <span class='ocr_line' id='line_1_19' title="bbox 283 2017 1874 2093; baseline 0.001 -19"><span class='ocrx_word' id='word_1_129' title='bbox 283 2021 373 2074; x_wconf 91' lang='lat' dir='ltr'><strong>illo</strong></span> <span class='ocrx_word' id='word_1_130' title='bbox 400 2032 520 2076; x_wconf 90' lang='lat' dir='ltr'><strong>erat</strong></span> <span class='ocrx_word' id='word_1_131' title='bbox 549 2022 723 2091; x_wconf 78' lang='lat' dir='ltr'><strong>lingua</strong></span> <span class='ocrx_word' id='word_1_132' title='bbox 744 2065 760 2089; x_wconf 91' lang='lat'><strong>,</strong></span> <span class='ocrx_word' id='word_1_133' title='bbox 790 2021 846 2077; x_wconf 89' lang='lat' dir='ltr'><strong>in</strong></span> <span class='ocrx_word' id='word_1_134' title='bbox 880 2024 979 2077; x_wconf 91' lang='lat' dir='ltr'><strong>isto</strong></span> <span class='ocrx_word' id='word_1_135' title='bbox 1004 2021 1280 2093; x_wconf 87' lang='lat' dir='ltr'><strong>prophetia</strong></span> <span class='ocrx_word' id='word_1_136' title='bbox 1306 2039 1320 2087; x_wconf 93' lang='lat'><strong>;</strong></span> <span class='ocrx_word' id='word_1_137' title='bbox 1351 2021 1469 2092; x_wconf 86' lang='lat' dir='ltr'><strong>quia</strong></span> <span class='ocrx_word' id='word_1_138' title='bbox 1501 2023 1551 2076; x_wconf 92' lang='lat' dir='ltr'><strong>in</strong></span> <span class='ocrx_word' id='word_1_139' title='bbox 1571 2017 1669 2076; x_wconf 77' lang='lat' dir='ltr'><strong>illo</strong></span> <span class='ocrx_word' id='word_1_140' title='bbox 1694 2037 1874 2076; x_wconf 89' lang='lat' dir='ltr'><strong>rerum</strong></span> 
     </span>
    </p>
   </div>
   <div class='ocr_carea' id='block_1_20' title="bbox 281 2111 1873 2184">
    <p class='ocr_par' dir='ltr' id='par_1_20' title="bbox 281 2111 1873 2184">
     <span class='ocr_line' id='line_1_20' title="bbox 281 2111 1873 2184; baseline 0.001 -20"><span class='ocrx_word' id='word_1_141' title='bbox 281 2111 612 2183; x_wconf 85' lang='lat' dir='ltr'><strong>imaginatio,</strong></span> <span class='ocrx_word' id='word_1_142' title='bbox 648 2114 818 2167; x_wconf 83' lang='lat' dir='ltr'><strong>inisto</strong></span> <span class='ocrx_word' id='word_1_143' title='bbox 839 2113 1270 2184; x_wconf 82' lang='lat' dir='ltr'><strong>imaginationum</strong></span> <span class='ocrx_word' id='word_1_144' title='bbox 1295 2113 1676 2182; x_wconf 84' lang='lat' dir='ltr'><strong>interpretatio.</strong></span> <span class='ocrx_word' id='word_1_145' title='bbox 1703 2112 1873 2166; x_wconf 77' lang='lat' dir='ltr'><strong>Minus</strong></span> 
     </span>
    </p>
   </div>
   <div class='ocr_carea' id='block_1_21' title="bbox 280 2205 1918 2276">
    <p class='ocr_par' dir='ltr' id='par_1_21' title="bbox 280 2205 1918 2276">
     <span class='ocr_line' id='line_1_21' title="bbox 280 2205 1918 2276; baseline 0.001 -18"><span class='ocrx_word' id='word_1_146' title='bbox 280 2220 410 2269; x_wconf 71' lang='lat' dir='ltr'><strong>ergo</strong></span> <span class='ocrx_word' id='word_1_147' title='bbox 439 2205 724 2274; x_wconf 85' lang='lat' dir='ltr'><strong>propheta,</strong></span> <span class='ocrx_word' id='word_1_148' title='bbox 751 2208 839 2276; x_wconf 89' lang='lat' dir='ltr'><strong>qui</strong></span> <span class='ocrx_word' id='word_1_149' title='bbox 865 2223 1039 2261; x_wconf 89' lang='lat' dir='ltr'><strong>rerum</strong></span> <span class='ocrx_word' id='word_1_150' title='bbox 1068 2223 1186 2276; x_wconf 68' lang='lat' dir='ltr'><strong>qua:</strong></span> <span class='ocrx_word' id='word_1_151' title='bbox 1213 2207 1594 2275; x_wconf 80' lang='lat' dir='ltr'><strong>signiﬁcantur,</strong></span> <span class='ocrx_word' id='word_1_152' title='bbox 1622 2209 1731 2258; x_wconf 89' lang='lat' dir='ltr'><strong>sola</strong></span> <span class='ocrx_word' id='word_1_153' title='bbox 1760 2205 1872 2273; x_wconf 78' lang='lat' dir='ltr'><strong>ipsa</strong></span> <span class='ocrx_word' id='word_1_154' title='bbox 1907 2253 1918 2264; x_wconf 83' lang='lat'><em>.</em></span> 
     </span>
    </p>
   </div>
   <div class='ocr_carea' id='block_1_22' title="bbox 278 2296 1873 2369">
    <p class='ocr_par' dir='ltr' id='par_1_22' title="bbox 278 2296 1873 2369">
     <span class='ocr_line' id='line_1_22' title="bbox 278 2296 1873 2369; baseline 0.001 -21"><span class='ocrx_word' id='word_1_155' title='bbox 278 2298 432 2368; x_wconf 83' lang='lat' dir='ltr'><strong>signa</strong></span> <span class='ocrx_word' id='word_1_156' title='bbox 465 2300 516 2352; x_wconf 93' lang='lat' dir='ltr'><strong>in</strong></span> <span class='ocrx_word' id='word_1_157' title='bbox 547 2300 736 2367; x_wconf 86' lang='lat' dir='ltr'><strong>spiritu</strong></span> <span class='ocrx_word' id='word_1_158' title='bbox 778 2316 872 2369; x_wconf 91' lang='lat' dir='ltr'><strong>per</strong></span> <span class='ocrx_word' id='word_1_159' title='bbox 908 2315 1085 2353; x_wconf 87' lang='lat' dir='ltr'><strong>rerum</strong></span> <span class='ocrx_word' id='word_1_160' title='bbox 1124 2298 1480 2367; x_wconf 87' lang='lat' dir='ltr'><strong>corporalium</strong></span> <span class='ocrx_word' id='word_1_161' title='bbox 1509 2297 1766 2365; x_wconf 72' lang='lat' dir='ltr'><strong>imagines</strong></span> <span class='ocrx_word' id='word_1_162' title='bbox 1795 2296 1873 2350; x_wconf 89' lang='lat' dir='ltr'><strong>vi-</strong></span> 
     </span>
    </p>
   </div>
   <div class='ocr_carea' id='block_1_23' title="bbox 277 2388 1872 2470">
    <p class='ocr_par' dir='ltr' id='par_1_23' title="bbox 277 2388 1872 2470">
     <span class='ocr_line' id='line_1_23' title="bbox 277 2388 1872 2470; baseline -0.003 -28"><span class='ocrx_word' id='word_1_163' title='bbox 277 2388 404 2454; x_wconf 85' lang='lat' dir='ltr'><strong>det;</strong></span> <span class='ocrx_word' id='word_1_164' title='bbox 436 2399 491 2458; x_wconf 82' lang='lat' dir='ltr'><strong>et</strong></span> <span class='ocrx_word' id='word_1_165' title='bbox 514 2391 682 2463; x_wconf 73' lang='lat' dir='ltr'><strong>magis</strong></span> <span class='ocrx_word' id='word_1_166' title='bbox 703 2390 982 2466; x_wconf 72' lang='lat' dir='ltr'><strong>propheta,</strong></span> <span class='ocrx_word' id='word_1_167' title='bbox 1001 2389 1088 2466; x_wconf 80' lang='lat' dir='ltr'><strong>qui</strong></span> <span class='ocrx_word' id='word_1_168' title='bbox 1111 2390 1226 2466; x_wconf 68' lang='lat' dir='ltr'><strong>solo</strong></span> <span class='ocrx_word' id='word_1_169' title='bbox 1247 2404 1426 2460; x_wconf 76' lang='lat' dir='ltr'><strong>earum</strong></span> <span class='ocrx_word' id='word_1_170' title='bbox 1448 2388 1712 2462; x_wconf 59' lang='lat' dir='ltr'><strong>intellectu</strong></span> <span class='ocrx_word' id='word_1_171' title='bbox 1735 2402 1872 2470; x_wconf 71' lang='lat' dir='ltr'><strong>prse-</strong></span> 
     </span>
    </p>
   </div>
   <div class='ocr_carea' id='block_1_24' title="bbox 277 2479 1871 2549">
    <p class='ocr_par' dir='ltr' id='par_1_24' title="bbox 277 2479 1871 2549">
     <span class='ocr_line' id='line_1_24' title="bbox 277 2479 1871 2549; baseline -0.001 -17"><span class='ocrx_word' id='word_1_172' title='bbox 277 2480 420 2534; x_wconf 88' lang='lat' dir='ltr'><strong>ditus</strong></span> <span class='ocrx_word' id='word_1_173' title='bbox 449 2490 535 2535; x_wconf 90' lang='lat' dir='ltr'><strong>est</strong></span> <span class='ocrx_word' id='word_1_174' title='bbox 565 2499 576 2534; x_wconf 93' lang='lat'>:</span> <span class='ocrx_word' id='word_1_175' title='bbox 610 2483 702 2536; x_wconf 88' lang='lat' dir='ltr'><strong>sed</strong></span> <span class='ocrx_word' id='word_1_176' title='bbox 727 2490 779 2536; x_wconf 91' lang='lat' dir='ltr'><strong>et</strong></span> <span class='ocrx_word' id='word_1_177' title='bbox 807 2485 1035 2536; x_wconf 76' lang='lat' dir='ltr'><strong>maxime</strong></span> <span class='ocrx_word' id='word_1_178' title='bbox 1062 2481 1339 2549; x_wconf 84' lang='lat' dir='ltr'><strong>propheta,</strong></span> <span class='ocrx_word' id='word_1_179' title='bbox 1372 2479 1459 2545; x_wconf 88' lang='lat' dir='ltr'><strong>qui</strong></span> <span class='ocrx_word' id='word_1_180' title='bbox 1489 2488 1710 2546; x_wconf 88' lang='lat' dir='ltr'><strong>utroque</strong></span> <span class='ocrx_word' id='word_1_181' title='bbox 1737 2495 1871 2546; x_wconf 75' lang='lat' dir='ltr'><strong>prze-</strong></span> 
     </span>
    </p>
   </div>
   <div class='ocr_carea' id='block_1_25' title="bbox 274 2565 1871 2642">
    <p class='ocr_par' dir='ltr' id='par_1_25' title="bbox 274 2565 1871 2642">
     <span class='ocr_line' id='line_1_25' title="bbox 274 2565 1871 2642; baseline -0.003 -17"><span class='ocrx_word' id='word_1_182' title='bbox 274 2573 444 2637; x_wconf 88' lang='lat' dir='ltr'><strong>cellit,</strong></span> <span class='ocrx_word' id='word_1_183' title='bbox 465 2582 525 2627; x_wconf 90' lang='lat' dir='ltr'><strong>ut</strong></span> <span class='ocrx_word' id='word_1_184' title='bbox 547 2583 599 2628; x_wconf 89' lang='lat' dir='ltr'><strong>et</strong></span> <span class='ocrx_word' id='word_1_185' title='bbox 617 2573 792 2627; x_wconf 86' lang='lat' dir='ltr'><strong>videat</strong></span> <span class='ocrx_word' id='word_1_186' title='bbox 814 2575 866 2628; x_wconf 88' lang='lat' dir='ltr'><strong>in</strong></span> <span class='ocrx_word' id='word_1_187' title='bbox 890 2565 1075 2642; x_wconf 82' lang='lat' dir='ltr'><strong>spiritu</strong></span> <span class='ocrx_word' id='word_1_188' title='bbox 1098 2571 1449 2641; x_wconf 82' lang='lat' dir='ltr'><strong>corporalium</strong></span> <span class='ocrx_word' id='word_1_189' title='bbox 1473 2585 1649 2623; x_wconf 89' lang='lat' dir='ltr'><strong>rerum</strong></span> <span class='ocrx_word' id='word_1_190' title='bbox 1670 2567 1871 2636; x_wconf 78' lang='lat' dir='ltr'><strong>signiti-</strong></span> 
     </span>
    </p>
   </div>
   <div class='ocr_carea' id='block_1_26' title="bbox 276 2660 1865 2730">
    <p class='ocr_par' dir='ltr' id='par_1_26' title="bbox 276 2660 1865 2730">
     <span class='ocr_line' id='line_1_26' title="bbox 276 2660 1865 2730; baseline -0.003 -14"><span class='ocrx_word' id='word_1_191' title='bbox 276 2665 479 2717; x_wconf 87' lang='lat' dir='ltr'><strong>cativas</strong></span> <span class='ocrx_word' id='word_1_192' title='bbox 497 2662 892 2730; x_wconf 87' lang='lat' dir='ltr'><strong>similitudines,</strong></span> <span class='ocrx_word' id='word_1_193' title='bbox 909 2673 961 2718; x_wconf 89' lang='lat' dir='ltr'><strong>et</strong></span> <span class='ocrx_word' id='word_1_194' title='bbox 977 2678 1067 2718; x_wconf 91' lang='lat' dir='ltr'><strong>eas</strong></span> <span class='ocrx_word' id='word_1_195' title='bbox 1083 2663 1358 2716; x_wconf 76' lang='lat' dir='ltr'><strong>vivacitate</strong></span> <span class='ocrx_word' id='word_1_196' title='bbox 1377 2660 1567 2714; x_wconf 87' lang='lat' dir='ltr'><strong>mentis</strong></span> <span class='ocrx_word' id='word_1_197' title='bbox 1588 2660 1865 2729; x_wconf 82' lang='lat' dir='ltr'><strong>intelligat,</strong></span> 
     </span>
    </p>
   </div>
   <div class='ocr_carea' id='block_1_27' title="bbox 274 2751 1866 2824">
    <p class='ocr_par' dir='ltr' id='par_1_27' title="bbox 274 2751 1866 2824">
     <span class='ocr_line' id='line_1_27' title="bbox 274 2751 1866 2824; baseline -0.002 -17"><span class='ocrx_word' id='word_1_198' title='bbox 274 2754 416 2808; x_wconf 81' lang='lat' dir='ltr'><strong>sient</strong></span> <span class='ocrx_word' id='word_1_199' title='bbox 433 2755 672 2809; x_wconf 87' lang='lat' dir='ltr'><strong>Danielis</strong></span> <span class='ocrx_word' id='word_1_200' title='bbox 689 2756 995 2824; x_wconf 56' lang='lat' dir='ltr'><strong>excellentia</strong></span> <span class='ocrx_word' id='word_1_201' title='bbox 1017 2762 1212 2808; x_wconf 89' lang='lat' dir='ltr'><strong>tentata</strong></span> <span class='ocrx_word' id='word_1_202' title='bbox 1232 2761 1380 2806; x_wconf 84' lang='lat' dir='ltr'><strong>estet</strong></span> <span class='ocrx_word' id='word_1_203' title='bbox 1403 2753 1616 2820; x_wconf 83' lang='lat' dir='ltr'><strong>probata</strong></span> <span class='ocrx_word' id='word_1_204' title='bbox 1630 2793 1641 2814; x_wconf 90' lang='lat'><strong>,</strong></span> <span class='ocrx_word' id='word_1_205' title='bbox 1655 2751 1742 2820; x_wconf 89' lang='lat' dir='ltr'><strong>qui</strong></span> <span class='ocrx_word' id='word_1_206' title='bbox 1759 2752 1866 2821; x_wconf 84' lang='lat' dir='ltr'><strong>regi</strong></span> 
     </span>
    </p>
   </div>
   <div class='ocr_carea' id='block_1_28' title="bbox 274 2844 1868 2916">
    <p class='ocr_par' dir='ltr' id='par_1_28' title="bbox 274 2844 1868 2916">
     <span class='ocr_line' id='line_1_28' title="bbox 274 2844 1868 2916; baseline -0.001 -17"><span class='ocrx_word' id='word_1_207' title='bbox 274 2855 326 2899; x_wconf 91' lang='lat' dir='ltr'><strong>et</strong></span> <span class='ocrx_word' id='word_1_208' title='bbox 348 2847 624 2900; x_wconf 81' lang='lat' dir='ltr'><strong>somnium</strong></span> <span class='ocrx_word' id='word_1_209' title='bbox 644 2847 780 2916; x_wconf 88' lang='lat' dir='ltr'><strong>quod</strong></span> <span class='ocrx_word' id='word_1_210' title='bbox 808 2847 1007 2900; x_wconf 82' lang='lat' dir='ltr'><strong>viderat</strong></span> <span class='ocrx_word' id='word_1_211' title='bbox 1025 2846 1176 2911; x_wconf 79' lang='lat' dir='ltr'><strong>dixit,</strong></span> <span class='ocrx_word' id='word_1_212' title='bbox 1197 2844 1389 2915; x_wconf 85' lang='lat' dir='ltr'><strong>etquid</strong></span> <span class='ocrx_word' id='word_1_213' title='bbox 1417 2845 1868 2913; x_wconf 75' lang='lat' dir='ltr'><strong>signiticaretapc-</strong></span> 
     </span>
    </p>
   </div>
   <div class='ocr_carea' id='block_1_29' title="bbox 273 2935 1870 3009">
    <p class='ocr_par' dir='ltr' id='par_1_29' title="bbox 273 2935 1870 3009">
     <span class='ocr_line' id='line_1_29' title="bbox 273 2935 1870 3009; baseline -0.003 -19"><span class='ocrx_word' id='word_1_214' title='bbox 273 2939 376 2990; x_wconf 86' lang='lat' dir='ltr'><strong>ruit</strong></span> <span class='ocrx_word' id='word_1_215' title='bbox 398 2937 564 3009; x_wconf 83' lang='lat' dir='ltr'><strong>(Dan.</strong></span> <span class='ocrx_word' id='word_1_216' title='bbox 590 2953 647 3001; x_wconf 87' lang='grc' dir='ltr'>ιι,</span> <span class='ocrx_word' id='word_1_217' title='bbox 669 2937 855 3003; x_wconf 66' lang='lat'><strong>27-45,</strong></span> <span class='ocrx_word' id='word_1_218' title='bbox 876 2949 919 2991; x_wconf 87' lang='lat' dir='ltr'><strong>et</strong></span> <span class='ocrx_word' id='word_1_219' title='bbox 939 2936 1224 3008; x_wconf 68' lang='lat' dir='ltr'><strong>mili-2i).</strong></span> <span class='ocrx_word' id='word_1_220' title='bbox 1250 2938 1313 2990; x_wconf 71' lang='grc' dir='ltr'>Ει</span> <span class='ocrx_word' id='word_1_221' title='bbox 1332 2937 1457 3003; x_wconf 76' lang='lat' dir='ltr'><strong>ipsa:</strong></span> <span class='ocrx_word' id='word_1_222' title='bbox 1475 2937 1666 3004; x_wconf 80' lang='lat' dir='ltr'><strong>quippe</strong></span> <span class='ocrx_word' id='word_1_223' title='bbox 1685 2935 1870 3002; x_wconf 68' lang='lat' dir='ltr'><strong>iinagi«</strong></span> 
     </span>
    </p>
   </div>
   <div class='ocr_carea' id='block_1_30' title="bbox 274 3029 1864 3098">
    <p class='ocr_par' dir='ltr' id='par_1_30' title="bbox 274 3029 1864 3098">
     <span class='ocr_line' id='line_1_30' title="bbox 274 3029 1864 3098; baseline -0.001 -18"><span class='ocrx_word' id='word_1_224' title='bbox 274 3044 370 3082; x_wconf 91' lang='lat' dir='ltr'><strong>nes</strong></span> <span class='ocrx_word' id='word_1_225' title='bbox 393 3029 706 3098; x_wconf 84' lang='lat' dir='ltr'><strong>corporales</strong></span> <span class='ocrx_word' id='word_1_226' title='bbox 726 3031 776 3082; x_wconf 94' lang='lat' dir='ltr'><strong>in</strong></span> <span class='ocrx_word' id='word_1_227' title='bbox 801 3029 987 3098; x_wconf 89' lang='lat' dir='ltr'><strong>spiritu</strong></span> <span class='ocrx_word' id='word_1_228' title='bbox 1010 3029 1123 3097; x_wconf 87' lang='lat' dir='ltr'><strong>ejus</strong></span> <span class='ocrx_word' id='word_1_229' title='bbox 1144 3044 1412 3098; x_wconf 74' lang='lat' dir='ltr'><strong>expressa:</strong></span> <span class='ocrx_word' id='word_1_230' title='bbox 1443 3036 1584 3093; x_wconf 89' lang='lat' dir='ltr'><strong>sunt,</strong></span> <span class='ocrx_word' id='word_1_231' title='bbox 1605 3036 1658 3078; x_wconf 84' lang='lat' dir='ltr'><strong>et</strong></span> <span class='ocrx_word' id='word_1_232' title='bbox 1683 3041 1864 3079; x_wconf 88' lang='lat' dir='ltr'><strong>earum</strong></span> 
     </span>
    </p>
   </div>
   <div class='ocr_carea' id='block_1_31' title="bbox 275 3110 1866 3186">
    <p class='ocr_par' dir='ltr' id='par_1_31' title="bbox 275 3110 1866 3186">
     <span class='ocr_line' id='line_1_31' title="bbox 275 3110 1866 3186; baseline -0.001 -14"><span class='ocrx_word' id='word_1_233' title='bbox 275 3117 587 3174; x_wconf 87' lang='lat' dir='ltr'><strong>intellectus</strong></span> <span class='ocrx_word' id='word_1_234' title='bbox 636 3121 900 3174; x_wconf 81' lang='lat' dir='ltr'><strong>revelatus</strong></span> <span class='ocrx_word' id='word_1_235' title='bbox 941 3121 993 3173; x_wconf 92' lang='lat' dir='ltr'><strong>in</strong></span> <span class='ocrx_word' id='word_1_236' title='bbox 1034 3110 1233 3173; x_wconf 87' lang='lat' dir='ltr'><strong>mente.</strong></span> <span class='ocrx_word' id='word_1_237' title='bbox 1285 3119 1361 3172; x_wconf 84' lang='lat' dir='ltr'><strong>Ex</strong></span> <span class='ocrx_word' id='word_1_238' title='bbox 1408 3118 1508 3171; x_wconf 90' lang='lat' dir='ltr'><strong>hoc</strong></span> <span class='ocrx_word' id='word_1_239' title='bbox 1540 3133 1665 3186; x_wconf 79' lang='lat' dir='ltr'><strong>ergo</strong></span> <span class='ocrx_word' id='word_1_240' title='bbox 1705 3115 1866 3184; x_wconf 79' lang='lat' dir='ltr'><strong>modo</strong></span> 
     </span>
    </p>
   </div>
   <div class='ocr_carea' id='block_1_32' title="bbox 271 3207 1864 3280">
    <p class='ocr_par' dir='ltr' id='par_1_32' title="bbox 271 3207 1864 3280">
     <span class='ocr_line' id='line_1_32' title="bbox 271 3207 1864 3280; baseline -0.001 -18"><span class='ocrx_word' id='word_1_241' title='bbox 271 3226 375 3279; x_wconf 89' lang='lat' dir='ltr'><strong>quo</strong></span> <span class='ocrx_word' id='word_1_242' title='bbox 405 3211 711 3280; x_wconf 80' lang='lat' dir='ltr'><strong>appellatur</strong></span> <span class='ocrx_word' id='word_1_243' title='bbox 737 3213 786 3264; x_wconf 89' lang='lat' dir='ltr'><strong>in</strong></span> <span class='ocrx_word' id='word_1_244' title='bbox 815 3211 911 3266; x_wconf 88' lang='lat' dir='ltr'><strong>ista</strong></span> <span class='ocrx_word' id='word_1_245' title='bbox 935 3210 1544 3279; x_wconf 81' lang='lat' dir='ltr'><strong>distinctionespiritus,</strong></span> <span class='ocrx_word' id='word_1_246' title='bbox 1573 3207 1864 3263; x_wconf 90' lang='lat' dir='ltr'><strong>secundum</strong></span> 
     </span>
    </p>
   </div>
   <div class='ocr_carea' id='block_1_33' title="bbox 273 3301 1865 3373">
    <p class='ocr_par' dir='ltr' id='par_1_33' title="bbox 273 3301 1865 3373">
     <span class='ocr_line' id='line_1_33' title="bbox 273 3301 1865 3373; baseline -0.002 -18"><span class='ocrx_word' id='word_1_247' title='bbox 273 3319 430 3371; x_wconf 87' lang='lat' dir='ltr'><strong>quem</strong></span> <span class='ocrx_word' id='word_1_248' title='bbox 464 3304 604 3357; x_wconf 74' lang='lat' dir='ltr'><strong>dixit</strong></span> <span class='ocrx_word' id='word_1_249' title='bbox 632 3304 914 3373; x_wconf 76' lang='lat' dir='ltr'><strong>Apostolus</strong></span> <span class='ocrx_word' id='word_1_250' title='bbox 937 3342 953 3368; x_wconf 95' lang='lat'><strong>,</strong></span> <span class='ocrx_word' id='word_1_251' title='bbox 997 3301 1167 3356; x_wconf 80' lang='lat' dir='ltr'><strong>Orabo</strong></span> <span class='ocrx_word' id='word_1_252' title='bbox 1193 3301 1374 3370; x_wconf 86' lang='lat' dir='ltr'><strong>spiritu</strong></span> <span class='ocrx_word' id='word_1_253' title='bbox 1399 3342 1414 3366; x_wconf 92' lang='lat'><strong>,</strong></span> <span class='ocrx_word' id='word_1_254' title='bbox 1451 3301 1602 3354; x_wconf 77' lang='lat' dir='ltr'><strong>orabo</strong></span> <span class='ocrx_word' id='word_1_255' title='bbox 1625 3310 1790 3354; x_wconf 82' lang='lat' dir='ltr'><strong>autem</strong></span> <span class='ocrx_word' id='word_1_256' title='bbox 1817 3306 1865 3352; x_wconf 84' lang='lat' dir='ltr'><strong>et</strong></span> 
     </span>
    </p>
   </div>
   <div class='ocr_carea' id='block_1_34' title="bbox 272 3392 1864 3466">
    <p class='ocr_par' dir='ltr' id='par_1_34' title="bbox 272 3392 1864 3466">
     <span class='ocr_line' id='line_1_34' title="bbox 272 3392 1864 3466; baseline 0.002 -21"><span class='ocrx_word' id='word_1_257' title='bbox 272 3405 437 3448; x_wconf 85' lang='lat' dir='ltr'><strong>mente</strong></span> <span class='ocrx_word' id='word_1_258' title='bbox 460 3394 501 3466; x_wconf 92' lang='lat' dir='ltr'><strong>(I</strong></span> <span class='ocrx_word' id='word_1_259' title='bbox 532 3395 652 3449; x_wconf 81' lang='lat' dir='ltr'><strong>Cor.</strong></span> <span class='ocrx_word' id='word_1_260' title='bbox 680 3411 792 3459; x_wconf 68' lang='lat' dir='ltr'><strong>XIV,</strong></span> <span class='ocrx_word' id='word_1_261' title='bbox 821 3395 933 3463; x_wconf 80' lang='grc'><strong>15),</strong></span> <span class='ocrx_word' id='word_1_262' title='bbox 962 3402 1019 3447; x_wconf 90' lang='lat' dir='ltr'><strong>ut</strong></span> <span class='ocrx_word' id='word_1_263' title='bbox 1044 3404 1097 3446; x_wconf 86' lang='lat' dir='ltr'><strong>et</strong></span> <span class='ocrx_word' id='word_1_264' title='bbox 1125 3394 1271 3462; x_wconf 85' lang='lat' dir='ltr'><strong>signa</strong></span> <span class='ocrx_word' id='word_1_265' title='bbox 1298 3408 1476 3446; x_wconf 88' lang='lat' dir='ltr'><strong>rerum</strong></span> <span class='ocrx_word' id='word_1_266' title='bbox 1507 3392 1864 3450; x_wconf 78' lang='lat' dir='ltr'><strong>formarentur</strong></span> 
     </span>
    </p>
   </div>
   <div class='ocr_carea' id='block_1_35' title="bbox 271 3484 1858 3554">
    <p class='ocr_par' dir='ltr' id='par_1_35' title="bbox 271 3484 1858 3554">
     <span class='ocr_line' id='line_1_35' title="bbox 271 3484 1858 3554; baseline -0.001 -16"><span class='ocrx_word' id='word_1_267' title='bbox 271 3484 321 3538; x_wconf 91' lang='lat' dir='ltr'><strong>in</strong></span> <span class='ocrx_word' id='word_1_268' title='bbox 350 3486 544 3554; x_wconf 87' lang='lat' dir='ltr'><strong>spiritu</strong></span> <span class='ocrx_word' id='word_1_269' title='bbox 567 3527 581 3549; x_wconf 96' lang='lat'><strong>,</strong></span> <span class='ocrx_word' id='word_1_270' title='bbox 627 3495 680 3539; x_wconf 83' lang='lat' dir='ltr'><strong>et</strong></span> <span class='ocrx_word' id='word_1_271' title='bbox 715 3501 899 3542; x_wconf 89' lang='lat' dir='ltr'><strong>eorum</strong></span> <span class='ocrx_word' id='word_1_272' title='bbox 939 3485 1222 3554; x_wconf 82' lang='lat' dir='ltr'><strong>refulgerct</strong></span> <span class='ocrx_word' id='word_1_273' title='bbox 1251 3484 1548 3536; x_wconf 88' lang='lat' dir='ltr'><strong>intellectus</strong></span> <span class='ocrx_word' id='word_1_274' title='bbox 1575 3484 1625 3536; x_wconf 89' lang='lat' dir='ltr'><strong>in</strong></span> <span class='ocrx_word' id='word_1_275' title='bbox 1651 3492 1858 3548; x_wconf 81' lang='lat' dir='ltr'><strong>mente;</strong></span> 
     </span>
    </p>
   </div>
   <div class='ocr_carea' id='block_1_36' title="bbox 271 3574 1864 3646">
    <p class='ocr_par' dir='ltr' id='par_1_36' title="bbox 271 3574 1864 3646">
     <span class='ocr_line' id='line_1_36' title="bbox 271 3574 1864 3646; baseline -0.001 -16"><span class='ocrx_word' id='word_1_276' title='bbox 271 3576 567 3630; x_wconf 85' lang='lat' dir='ltr'><strong>secundum</strong></span> <span class='ocrx_word' id='word_1_277' title='bbox 593 3577 751 3640; x_wconf 87' lang='lat' dir='ltr'><strong>hanc,</strong></span> <span class='ocrx_word' id='word_1_278' title='bbox 775 3577 1004 3646; x_wconf 90' lang='lat' dir='ltr'><strong>inquam,</strong></span> <span class='ocrx_word' id='word_1_279' title='bbox 1027 3575 1419 3629; x_wconf 83' lang='lat' dir='ltr'><strong>distinctionem</strong></span> <span class='ocrx_word' id='word_1_280' title='bbox 1442 3574 1710 3642; x_wconf 83' lang='lat' dir='ltr'><strong>spirituale</strong></span> <span class='ocrx_word' id='word_1_281' title='bbox 1723 3587 1864 3630; x_wconf 86' lang='lat' dir='ltr'><strong>nunc</strong></span> 
     </span>
    </p>
   </div>
   <div class='ocr_carea' id='block_1_37' title="bbox 271 3667 1862 3739">
    <p class='ocr_par' dir='ltr' id='par_1_37' title="bbox 271 3667 1862 3739">
     <span class='ocr_line' id='line_1_37' title="bbox 271 3667 1862 3739; baseline 0.001 -19"><span class='ocrx_word' id='word_1_282' title='bbox 271 3669 666 3739; x_wconf 80' lang='lat' dir='ltr'><strong>appellavimus</strong></span> <span class='ocrx_word' id='word_1_283' title='bbox 707 3669 810 3724; x_wconf 89' lang='lat' dir='ltr'><strong>tale</strong></span> <span class='ocrx_word' id='word_1_284' title='bbox 855 3684 1024 3739; x_wconf 86' lang='lat' dir='ltr'><strong>genus</strong></span> <span class='ocrx_word' id='word_1_285' title='bbox 1052 3669 1326 3732; x_wconf 88' lang='lat' dir='ltr'><strong>visorum,</strong></span> <span class='ocrx_word' id='word_1_286' title='bbox 1376 3667 1519 3736; x_wconf 89' lang='lat' dir='ltr'><strong>quali</strong></span> <span class='ocrx_word' id='word_1_287' title='bbox 1554 3667 1713 3721; x_wconf 88' lang='lat' dir='ltr'><strong>etiam</strong></span> <span class='ocrx_word' id='word_1_288' title='bbox 1742 3681 1862 3722; x_wconf 86' lang='lat' dir='ltr'><strong>cor-</strong></span> 
     </span>
    </p>
   </div>
   <div class='ocr_carea' id='block_1_38' title="bbox 272 3760 1422 3831">
    <p class='ocr_par' dir='ltr' id='par_1_38' title="bbox 272 3760 1422 3831">
     <span class='ocr_line' id='line_1_38' title="bbox 272 3760 1422 3831; baseline -0.005 -15"><span class='ocrx_word' id='word_1_289' title='bbox 272 3775 464 3830; x_wconf 85' lang='lat' dir='ltr'><strong>porum</strong></span> <span class='ocrx_word' id='word_1_290' title='bbox 497 3762 797 3816; x_wconf 84' lang='lat' dir='ltr'><strong>absentium</strong></span> <span class='ocrx_word' id='word_1_291' title='bbox 826 3761 1082 3831; x_wconf 85' lang='lat' dir='ltr'><strong>imagines</strong></span> <span class='ocrx_word' id='word_1_292' title='bbox 1109 3760 1422 3829; x_wconf 87' lang='lat' dir='ltr'><strong>cogitamus.</strong></span> 
     </span>
    </p>
   </div>
   <div class='ocr_carea' id='block_1_39' title="bbox 451 3850 1678 3921">
    <p class='ocr_par' dir='ltr' id='par_1_39' title="bbox 451 3850 1678 3921">
     <span class='ocr_line' id='line_1_39' title="bbox 451 3850 1678 3921; baseline -0.003 -13"><span class='ocrx_word' id='word_1_293' title='bbox 451 3854 682 3910; x_wconf 81' lang='lat' dir='ltr'><strong>CAPUT</strong></span> <span class='ocrx_word' id='word_1_294' title='bbox 705 3853 775 3909; x_wconf 78' lang='grc' dir='ltr'><strong>Χ.</strong></span> <span class='ocrx_word' id='word_1_295' title='bbox 806 3883 877 3894; x_wconf 92' lang='grc'><strong><em>--</em></strong></span> <span class='ocrx_word' id='word_1_296' title='bbox 906 3852 1252 3908; x_wconf 83' lang='lat' dir='ltr'><strong>lntellectuule</strong></span> <span class='ocrx_word' id='word_1_297' title='bbox 1275 3867 1431 3921; x_wconf 74' lang='lat' dir='ltr'><strong>genus</strong></span> <span class='ocrx_word' id='word_1_298' title='bbox 1456 3850 1678 3905; x_wconf 76' lang='lat' dir='ltr'><strong>uisionis.</strong></span> 
     </span>
    </p>
   </div>
   <div class='ocr_carea' id='block_1_40' title="bbox 336 3941 1857 4012">
    <p class='ocr_par' dir='ltr' id='par_1_40' title="bbox 336 3941 1857 4012">
     <span class='ocr_line' id='line_1_40' title="bbox 336 3941 1857 4012; baseline -0.002 -12"><span class='ocrx_word' id='word_1_299' title='bbox 336 3945 434 4000; x_wconf 73' lang='grc'><strong>21.</strong></span> <span class='ocrx_word' id='word_1_300' title='bbox 483 3945 846 4000; x_wconf 84' lang='lat' dir='ltr'><strong>lntelleetuale</strong></span> <span class='ocrx_word' id='word_1_301' title='bbox 888 3953 1064 3998; x_wconf 87' lang='lat' dir='ltr'><strong>autem</strong></span> <span class='ocrx_word' id='word_1_302' title='bbox 1110 3942 1236 4004; x_wconf 77' lang='lat' dir='ltr'><strong>illud</strong></span> <span class='ocrx_word' id='word_1_303' title='bbox 1284 3943 1663 4007; x_wconf 83' lang='lat' dir='ltr'><strong>excellentius,</strong></span> <span class='ocrx_word' id='word_1_304' title='bbox 1716 3941 1857 4012; x_wconf 86' lang='lat' dir='ltr'><strong>quod</strong></span> 
     </span>
    </p>
   </div>
   <div class='ocr_carea' id='block_1_41' title="bbox 268 4033 1857 4107">
    <p class='ocr_par' dir='ltr' id='par_1_41' title="bbox 268 4033 1857 4107">
     <span class='ocr_line' id='line_1_41' title="bbox 268 4033 1857 4107; baseline -0.003 -15"><span class='ocrx_word' id='word_1_305' title='bbox 268 4038 468 4092; x_wconf 87' lang='lat' dir='ltr'><strong>mentis</strong></span> <span class='ocrx_word' id='word_1_306' title='bbox 504 4047 588 4092; x_wconf 88' lang='lat' dir='ltr'><strong>est</strong></span> <span class='ocrx_word' id='word_1_307' title='bbox 614 4037 904 4107; x_wconf 84' lang='lat' dir='ltr'><strong>proprium.</strong></span> <span class='ocrx_word' id='word_1_308' title='bbox 953 4035 1057 4090; x_wconf 80' lang='lat' dir='ltr'><strong>Nec</strong></span> <span class='ocrx_word' id='word_1_309' title='bbox 1083 4033 1211 4088; x_wconf 88' lang='lat' dir='ltr'><strong>mihi</strong></span> <span class='ocrx_word' id='word_1_310' title='bbox 1240 4033 1472 4088; x_wconf 83' lang='lat' dir='ltr'><strong>occurrit</strong></span> <span class='ocrx_word' id='word_1_311' title='bbox 1497 4034 1713 4097; x_wconf 77' lang='lat' dir='ltr'><strong>omnino</strong></span> <span class='ocrx_word' id='word_1_312' title='bbox 1736 4073 1751 4098; x_wconf 96' lang='lat'><strong>,</strong></span> <span class='ocrx_word' id='word_1_313' title='bbox 1785 4035 1857 4088; x_wconf 85' lang='lat' dir='ltr'><strong>ita</strong></span> 
     </span>
    </p>
   </div>
   <div class='ocr_carea' id='block_1_42' title="bbox 267 4127 1854 4201">
    <p class='ocr_par' dir='ltr' id='par_1_42' title="bbox 267 4127 1854 4201">
     <span class='ocr_line' id='line_1_42' title="bbox 267 4127 1854 4201; baseline -0.002 -16"><span class='ocrx_word' id='word_1_314' title='bbox 267 4131 519 4201; x_wconf 83' lang='lat' dir='ltr'><strong>pluribus</strong></span> <span class='ocrx_word' id='word_1_315' title='bbox 543 4130 716 4185; x_wconf 87' lang='lat' dir='ltr'><strong>modis</strong></span> <span class='ocrx_word' id='word_1_316' title='bbox 745 4129 848 4184; x_wconf 90' lang='lat' dir='ltr'><strong>dici</strong></span> <span class='ocrx_word' id='word_1_317' title='bbox 880 4144 1038 4198; x_wconf 86' lang='lat' dir='ltr'><strong>posse</strong></span> <span class='ocrx_word' id='word_1_318' title='bbox 1065 4127 1424 4193; x_wconf 76' lang='lat' dir='ltr'><strong>intellectum,</strong></span> <span class='ocrx_word' id='word_1_319' title='bbox 1453 4127 1591 4180; x_wconf 83' lang='lat' dir='ltr'><strong>sicut</strong></span> <span class='ocrx_word' id='word_1_320' title='bbox 1613 4127 1854 4195; x_wconf 78' lang='lat' dir='ltr'><strong>spiritum</strong></span> 
     </span>
    </p>
   </div>
   <div class='ocr_carea' id='block_1_43' title="bbox 266 4219 1856 4292">
    <p class='ocr_par' dir='ltr' id='par_1_43' title="bbox 266 4219 1856 4292">
     <span class='ocr_line' id='line_1_43' title="bbox 266 4219 1856 4292; baseline -0.003 -15"><span class='ocrx_word' id='word_1_321' title='bbox 266 4224 454 4278; x_wconf 89' lang='lat' dir='ltr'><strong>multis</strong></span> <span class='ocrx_word' id='word_1_322' title='bbox 483 4223 656 4277; x_wconf 90' lang='lat' dir='ltr'><strong>modis</strong></span> <span class='ocrx_word' id='word_1_323' title='bbox 682 4222 1002 4292; x_wconf 89' lang='lat' dir='ltr'><strong>appellatum</strong></span> <span class='ocrx_word' id='word_1_324' title='bbox 1046 4235 1165 4276; x_wconf 85' lang='lat' dir='ltr'><strong>esse</strong></span> <span class='ocrx_word' id='word_1_325' title='bbox 1194 4219 1571 4289; x_wconf 84' lang='lat' dir='ltr'><strong>comperimus.</strong></span> <span class='ocrx_word' id='word_1_326' title='bbox 1611 4219 1733 4274; x_wconf 85' lang='lat' dir='ltr'><strong>Sive</strong></span> <span class='ocrx_word' id='word_1_327' title='bbox 1757 4235 1856 4274; x_wconf 87' lang='lat' dir='ltr'><strong>au.-</strong></span> 
     </span>
    </p>
   </div>
   <div class='ocr_carea' id='block_1_44' title="bbox 266 4309 1853 4378">
    <p class='ocr_par' dir='ltr' id='par_1_44' title="bbox 266 4309 1853 4378">
     <span class='ocr_line' id='line_1_44' title="bbox 266 4309 1853 4378; baseline -0.003 -9"><span class='ocrx_word' id='word_1_328' title='bbox 266 4321 378 4369; x_wconf 84' lang='lat' dir='ltr'><strong>tem</strong></span> <span class='ocrx_word' id='word_1_329' title='bbox 404 4313 769 4369; x_wconf 88' lang='lat' dir='ltr'><strong>intellectuale</strong></span> <span class='ocrx_word' id='word_1_330' title='bbox 794 4313 1052 4377; x_wconf 86' lang='lat' dir='ltr'><strong>dicamus,</strong></span> <span class='ocrx_word' id='word_1_331' title='bbox 1078 4311 1195 4365; x_wconf 84' lang='lat' dir='ltr'><strong>sive</strong></span> <span class='ocrx_word' id='word_1_332' title='bbox 1219 4311 1566 4378; x_wconf 78' lang='lat' dir='ltr'><strong>intelligiliile,</strong></span> <span class='ocrx_word' id='word_1_333' title='bbox 1589 4309 1693 4365; x_wconf 89' lang='lat' dir='ltr'><strong>hoc</strong></span> <span class='ocrx_word' id='word_1_334' title='bbox 1707 4310 1853 4366; x_wconf 85' lang='lat' dir='ltr'><strong>idem</strong></span> 
     </span>
    </p>
   </div>
   <div class='ocr_carea' id='block_1_45' title="bbox 268 4403 1854 4478">
    <p class='ocr_par' dir='ltr' id='par_1_45' title="bbox 268 4403 1854 4478">
     <span class='ocr_line' id='line_1_45' title="bbox 268 4403 1854 4478; baseline -0.001 -18"><span class='ocrx_word' id='word_1_335' title='bbox 268 4407 654 4478; x_wconf 77' lang='lat' dir='ltr'><strong>signiﬁcamus.</strong></span> <span class='ocrx_word' id='word_1_336' title='bbox 703 4407 1014 4476; x_wconf 86' lang='lat' dir='ltr'><strong>Quanquam</strong></span> <span class='ocrx_word' id='word_1_337' title='bbox 1054 4403 1291 4458; x_wconf 86' lang='lat' dir='ltr'><strong>nonnihil</strong></span> <span class='ocrx_word' id='word_1_338' title='bbox 1327 4404 1586 4460; x_wconf 86' lang='lat' dir='ltr'><strong>interesse</strong></span> <span class='ocrx_word' id='word_1_339' title='bbox 1614 4404 1854 4459; x_wconf 87' lang='lat' dir='ltr'><strong>nonnulli</strong></span> 
     </span>
    </p>
   </div>
   <div class='ocr_carea' id='block_1_46' title="bbox 269 4497 1856 4569">
    <p class='ocr_par' dir='ltr' id='par_1_46' title="bbox 269 4497 1856 4569">
     <span class='ocr_line' id='line_1_46' title="bbox 269 4497 1856 4569; baseline -0.001 -17"><span class='ocrx_word' id='word_1_340' title='bbox 269 4501 590 4565; x_wconf 85' lang='lat' dir='ltr'><strong>voluerunt,</strong></span> <span class='ocrx_word' id='word_1_341' title='bbox 622 4507 682 4554; x_wconf 91' lang='lat' dir='ltr'><strong>ut</strong></span> <span class='ocrx_word' id='word_1_342' title='bbox 707 4498 1052 4569; x_wconf 83' lang='lat' dir='ltr'><strong>intelligibilis</strong></span> <span class='ocrx_word' id='word_1_343' title='bbox 1083 4497 1151 4551; x_wconf 88' lang='lat' dir='ltr'><strong>sit</strong></span> <span class='ocrx_word' id='word_1_344' title='bbox 1186 4511 1272 4555; x_wconf 88' lang='lat' dir='ltr'><strong>res</strong></span> <span class='ocrx_word' id='word_1_345' title='bbox 1303 4497 1411 4568; x_wconf 90' lang='lat' dir='ltr'><strong>ipsa</strong></span> <span class='ocrx_word' id='word_1_346' title='bbox 1435 4539 1451 4562; x_wconf 88' lang='lat'><strong>,</strong></span> <span class='ocrx_word' id='word_1_347' title='bbox 1486 4513 1604 4566; x_wconf 63' lang='lat' dir='ltr'><strong>quae</strong></span> <span class='ocrx_word' id='word_1_348' title='bbox 1629 4497 1747 4551; x_wconf 89' lang='lat' dir='ltr'><strong>solo</strong></span> <span class='ocrx_word' id='word_1_349' title='bbox 1773 4498 1856 4550; x_wconf 89' lang='lat' dir='ltr'><strong>in-</strong></span> 
     </span>
    </p>
   </div>
   <div class='ocr_carea' id='block_1_47' title="bbox 269 4588 1855 4660">
    <p class='ocr_par' dir='ltr' id='par_1_47' title="bbox 269 4588 1855 4660">
     <span class='ocr_line' id='line_1_47' title="bbox 269 4588 1855 4660; baseline 0.001 -17"><span class='ocrx_word' id='word_1_350' title='bbox 269 4591 489 4644; x_wconf 61' lang='lat' dir='ltr'><strong>tellectu</strong></span> <span class='ocrx_word' id='word_1_351' title='bbox 535 4589 732 4660; x_wconf 88' lang='lat' dir='ltr'><strong>percipi</strong></span> <span class='ocrx_word' id='word_1_352' title='bbox 773 4598 990 4659; x_wconf 87' lang='lat' dir='ltr'><strong>potest;</strong></span> <span class='ocrx_word' id='word_1_353' title='bbox 1036 4588 1407 4642; x_wconf 84' lang='lat' dir='ltr'><strong>intellectualis</strong></span> <span class='ocrx_word' id='word_1_354' title='bbox 1444 4599 1620 4642; x_wconf 87' lang='lat' dir='ltr'><strong>autem</strong></span> <span class='ocrx_word' id='word_1_355' title='bbox 1647 4630 1662 4656; x_wconf 91' lang='lat'><strong>,</strong></span> <span class='ocrx_word' id='word_1_356' title='bbox 1699 4603 1855 4644; x_wconf 87' lang='lat' dir='ltr'><strong>mens</strong></span> 
     </span>
    </p>
   </div>
   <div class='ocr_carea' id='block_1_48' title="bbox 267 4675 1852 4751">
    <p class='ocr_par' dir='ltr' id='par_1_48' title="bbox 267 4675 1852 4751">
     <span class='ocr_line' id='line_1_48' title="bbox 267 4675 1852 4751; baseline 0.003 -21"><span class='ocrx_word' id='word_1_357' title='bbox 267 4698 388 4749; x_wconf 69' lang='lat' dir='ltr'><strong>qua:</strong></span> <span class='ocrx_word' id='word_1_358' title='bbox 420 4681 669 4751; x_wconf 81' lang='lat' dir='ltr'><strong>intelligit</strong></span> <span class='ocrx_word' id='word_1_359' title='bbox 699 4700 712 4737; x_wconf 91' lang='lat'>:</span> <span class='ocrx_word' id='word_1_360' title='bbox 741 4682 834 4736; x_wconf 88' lang='lat' dir='ltr'><strong>sed</strong></span> <span class='ocrx_word' id='word_1_361' title='bbox 860 4697 978 4736; x_wconf 89' lang='lat' dir='ltr'><strong>esse</strong></span> <span class='ocrx_word' id='word_1_362' title='bbox 999 4675 1228 4751; x_wconf 88' lang='lat' dir='ltr'><strong>aliquam</strong></span> <span class='ocrx_word' id='word_1_363' title='bbox 1253 4696 1364 4735; x_wconf 90' lang='lat' dir='ltr'><strong>rem</strong></span> <span class='ocrx_word' id='word_1_364' title='bbox 1393 4697 1512 4750; x_wconf 60' lang='lat' dir='ltr'><strong>quas</strong></span> <span class='ocrx_word' id='word_1_365' title='bbox 1540 4682 1654 4735; x_wconf 88' lang='lat' dir='ltr'><strong>solo</strong></span> <span class='ocrx_word' id='word_1_366' title='bbox 1691 4682 1852 4736; x_wconf 85' lang='lat' dir='ltr'><strong>intel-</strong></span> 
     </span>
    </p>
   </div>
   <div class='ocr_carea' id='block_1_49' title="bbox 268 4773 1854 4846">
    <p class='ocr_par' dir='ltr' id='par_1_49' title="bbox 268 4773 1854 4846">
     <span class='ocr_line' id='line_1_49' title="bbox 268 4773 1854 4846; baseline 0.002 -22"><span class='ocrx_word' id='word_1_367' title='bbox 268 4776 409 4827; x_wconf 64' lang='lat' dir='ltr'><strong>ieetu</strong></span> <span class='ocrx_word' id='word_1_368' title='bbox 447 4775 788 4846; x_wconf 60' lang='lat' dir='ltr'><strong>cerni‘possit</strong></span> <span class='ocrx_word' id='word_1_369' title='bbox 809 4816 824 4841; x_wconf 94' lang='lat'><strong>,</strong></span> <span class='ocrx_word' id='word_1_370' title='bbox 857 4790 918 4828; x_wconf 91' lang='lat' dir='ltr'><strong>ac</strong></span> <span class='ocrx_word' id='word_1_371' title='bbox 944 4790 1050 4828; x_wconf 92' lang='lat' dir='ltr'><strong>non</strong></span> <span class='ocrx_word' id='word_1_372' title='bbox 1081 4774 1239 4828; x_wconf 88' lang='lat' dir='ltr'><strong>etiam</strong></span> <span class='ocrx_word' id='word_1_373' title='bbox 1269 4773 1552 4842; x_wconf 79' lang='lat' dir='ltr'><strong>intelligat,</strong></span> <span class='ocrx_word' id='word_1_374' title='bbox 1583 4788 1769 4842; x_wconf 78' lang='lat' dir='ltr'><strong>magna</strong></span> <span class='ocrx_word' id='word_1_375' title='bbox 1799 4781 1854 4827; x_wconf 87' lang='lat' dir='ltr'><strong>et</strong></span> 
     </span>
    </p>
   </div>
   <div class='ocr_carea' id='block_1_50' title="bbox 270 4865 1851 4943">
    <p class='ocr_par' dir='ltr' id='par_1_50' title="bbox 270 4865 1851 4943">
     <span class='ocr_line' id='line_1_50' title="bbox 270 4865 1851 4943; baseline 0.003 -27"><span class='ocrx_word' id='word_1_376' title='bbox 270 4865 509 4943; x_wconf 72' lang='lat' dir='ltr'><strong>difficilis</strong></span> <span class='ocrx_word' id='word_1_377' title='bbox 534 4867 756 4936; x_wconf 60' lang='lat' dir='ltr'><strong>quaestio</strong></span> <span class='ocrx_word' id='word_1_378' title='bbox 784 4873 886 4922; x_wconf 87' lang='lat' dir='ltr'><strong>est.</strong></span> <span class='ocrx_word' id='word_1_379' title='bbox 937 4867 1070 4922; x_wconf 88' lang='lat' dir='ltr'><strong>Esse</strong></span> <span class='ocrx_word' id='word_1_380' title='bbox 1095 4876 1271 4920; x_wconf 85' lang='lat' dir='ltr'><strong>autem</strong></span> <span class='ocrx_word' id='word_1_381' title='bbox 1303 4882 1414 4919; x_wconf 89' lang='lat' dir='ltr'><strong>rem</strong></span> <span class='ocrx_word' id='word_1_382' title='bbox 1443 4865 1851 4934; x_wconf 70' lang='lat' dir='ltr'><strong>qnzeimelleetu</strong></span> 
     </span>
    </p>
   </div>
   <div class='ocr_carea' id='block_1_51' title="bbox 271 4959 1850 5029">
    <p class='ocr_par' dir='ltr' id='par_1_51' title="bbox 271 4959 1850 5029">
     <span class='ocr_line' id='line_1_51' title="bbox 271 4959 1850 5029; baseline 0.002 -18"><span class='ocrx_word' id='word_1_383' title='bbox 271 4959 545 5029; x_wconf 55' lang='lat' dir='ltr'><strong>percipiat.</strong></span> <span class='ocrx_word' id='word_1_384' title='bbox 583 4969 635 5014; x_wconf 90' lang='lat' dir='ltr'><strong>et</strong></span> <span class='ocrx_word' id='word_1_385' title='bbox 661 4976 764 5015; x_wconf 93' lang='lat' dir='ltr'><strong>non</strong></span> <span class='ocrx_word' id='word_1_386' title='bbox 794 4961 950 5014; x_wconf 90' lang='lat' dir='ltr'><strong>etiam</strong></span> <span class='ocrx_word' id='word_1_387' title='bbox 980 4961 1244 5013; x_wconf 90' lang='lat' dir='ltr'><strong>intellectu</strong></span> <span class='ocrx_word' id='word_1_388' title='bbox 1281 4959 1477 5028; x_wconf 88' lang='lat' dir='ltr'><strong>percipi</strong></span> <span class='ocrx_word' id='word_1_389' title='bbox 1512 4959 1711 5028; x_wconf 87' lang='lat' dir='ltr'><strong>possit,</strong></span> <span class='ocrx_word' id='word_1_390' title='bbox 1742 4976 1850 5016; x_wconf 89' lang='lat' dir='ltr'><strong>non</strong></span> 
     </span>
    </p>
   </div>
   <div class='ocr_carea' id='block_1_52' title="bbox 269 5051 1852 5122">
    <p class='ocr_par' dir='ltr' id='par_1_52' title="bbox 269 5051 1852 5122">
     <span class='ocr_line' id='line_1_52' title="bbox 269 5051 1852 5122; baseline 0.004 -20"><span class='ocrx_word' id='word_1_391' title='bbox 269 5051 501 5104; x_wconf 83' lang='lat' dir='ltr'><strong>arbitror</strong></span> <span class='ocrx_word' id='word_1_392' title='bbox 548 5067 865 5122; x_wconf 89' lang='lat' dir='ltr'><strong>quemquam</strong></span> <span class='ocrx_word' id='word_1_393' title='bbox 912 5052 996 5106; x_wconf 86' lang='lat' dir='ltr'><strong>vel</strong></span> <span class='ocrx_word' id='word_1_394' title='bbox 1049 5060 1264 5122; x_wconf 88' lang='lat' dir='ltr'><strong>putare,</strong></span> <span class='ocrx_word' id='word_1_395' title='bbox 1321 5053 1402 5106; x_wconf 86' lang='lat' dir='ltr'><strong>vel</strong></span> <span class='ocrx_word' id='word_1_396' title='bbox 1441 5052 1648 5118; x_wconf 89' lang='lat' dir='ltr'><strong>dicere;</strong></span> <span class='ocrx_word' id='word_1_397' title='bbox 1700 5069 1852 5110; x_wconf 88' lang='lat' dir='ltr'><strong>mens</strong></span> 
     </span>
    </p>
   </div>
   <div class='ocr_carea' id='block_1_53' title="bbox 271 5141 1851 5213">
    <p class='ocr_par' dir='ltr' id='par_1_53' title="bbox 271 5141 1851 5213">
     <span class='ocr_line' id='line_1_53' title="bbox 271 5141 1851 5213; baseline 0.006 -24"><span class='ocrx_word' id='word_1_398' title='bbox 271 5143 468 5210; x_wconf 74' lang='lat' dir='ltr'><strong>quippe</strong></span> <span class='ocrx_word' id='word_1_399' title='bbox 517 5157 622 5196; x_wconf 89' lang='lat' dir='ltr'><strong>non</strong></span> <span class='ocrx_word' id='word_1_400' title='bbox 669 5142 878 5197; x_wconf 89' lang='lat' dir='ltr'><strong>videtur</strong></span> <span class='ocrx_word' id='word_1_401' title='bbox 920 5143 1021 5196; x_wconf 88' lang='lat' dir='ltr'><strong>nisi</strong></span> <span class='ocrx_word' id='word_1_402' title='bbox 1080 5151 1277 5196; x_wconf 79' lang='lat' dir='ltr'><strong>triente.</strong></span> <span class='ocrx_word' id='word_1_403' title='bbox 1343 5141 1474 5209; x_wconf 85' lang='lat' dir='ltr'><strong>Quia</strong></span> <span class='ocrx_word' id='word_1_404' title='bbox 1513 5159 1640 5213; x_wconf 86' lang='lat' dir='ltr'><strong>ergo</strong></span> <span class='ocrx_word' id='word_1_405' title='bbox 1684 5145 1851 5199; x_wconf 87' lang='lat' dir='ltr'><strong>videri</strong></span> 
     </span>
    </p>
   </div>
   <div class='ocr_carea' id='block_1_54' title="bbox 273 5232 1847 5303">
    <p class='ocr_par' dir='ltr' id='par_1_54' title="bbox 273 5232 1847 5303">
     <span class='ocr_line' id='line_1_54' title="bbox 273 5232 1847 5303; baseline 0.004 -20"><span class='ocrx_word' id='word_1_406' title='bbox 273 5237 465 5299; x_wconf 78' lang='lat' dir='ltr'><strong>potest,</strong></span> <span class='ocrx_word' id='word_1_407' title='bbox 500 5232 874 5302; x_wconf 82' lang='lat' dir='ltr'><strong>intelligibilis;</strong></span> <span class='ocrx_word' id='word_1_408' title='bbox 906 5233 1024 5303; x_wconf 84' lang='lat' dir='ltr'><strong>quia</strong></span> <span class='ocrx_word' id='word_1_409' title='bbox 1047 5243 1102 5288; x_wconf 91' lang='lat' dir='ltr'><strong>et</strong></span> <span class='ocrx_word' id='word_1_410' title='bbox 1124 5233 1324 5299; x_wconf 87' lang='lat' dir='ltr'><strong>videre,</strong></span> <span class='ocrx_word' id='word_1_411' title='bbox 1354 5234 1722 5291; x_wconf 87' lang='lat' dir='ltr'><strong>intellectualis</strong></span> <span class='ocrx_word' id='word_1_412' title='bbox 1745 5247 1847 5301; x_wconf 89' lang='lat' dir='ltr'><strong>est,</strong></span> 
     </span>
    </p>
   </div>
   <div class='ocr_carea' id='block_1_55' title="bbox 273 5317 1851 5398">
    <p class='ocr_par' dir='ltr' id='par_1_55' title="bbox 273 5317 1851 5398">
     <span class='ocr_line' id='line_1_55' title="bbox 273 5317 1851 5398; baseline 0.004 -22"><span class='ocrx_word' id='word_1_413' title='bbox 273 5323 561 5377; x_wconf 87' lang='lat' dir='ltr'><strong>secundum</strong></span> <span class='ocrx_word' id='word_1_414' title='bbox 613 5325 755 5378; x_wconf 89' lang='lat' dir='ltr'><strong>illam</strong></span> <span class='ocrx_word' id='word_1_415' title='bbox 795 5317 1223 5380; x_wconf 84' lang='lat' dir='ltr'><strong>distinctionem.</strong></span> <span class='ocrx_word' id='word_1_416' title='bbox 1280 5326 1615 5396; x_wconf 83' lang='lat' dir='ltr'><strong>Quapropter</strong></span> <span class='ocrx_word' id='word_1_417' title='bbox 1663 5344 1851 5398; x_wconf 81' lang='lat' dir='ltr'><strong>seque-</strong></span> 
     </span>
    </p>
   </div>
   <div class='ocr_carea' id='block_1_56' title="bbox 272 5416 1849 5492">
    <p class='ocr_par' dir='ltr' id='par_1_56' title="bbox 272 5416 1849 5492">
     <span class='ocr_line' id='line_1_56' title="bbox 272 5416 1849 5492; baseline 0.006 -24"><span class='ocrx_word' id='word_1_418' title='bbox 272 5424 431 5470; x_wconf 76' lang='lat' dir='ltr'><strong>strata</strong></span> <span class='ocrx_word' id='word_1_419' title='bbox 479 5417 568 5470; x_wconf 82' lang='lat' dir='ltr'><strong>illa</strong></span> <span class='ocrx_word' id='word_1_420' title='bbox 603 5416 913 5473; x_wconf 75' lang='lat' dir='ltr'><strong>difﬁcillima</strong></span> <span class='ocrx_word' id='word_1_421' title='bbox 959 5419 1253 5488; x_wconf 58' lang='lat' dir='ltr'><strong>quastione</strong></span> <span class='ocrx_word' id='word_1_422' title='bbox 1276 5461 1291 5485; x_wconf 91' lang='lat'><strong>,</strong></span> <span class='ocrx_word' id='word_1_423' title='bbox 1340 5429 1518 5474; x_wconf 90' lang='lat' dir='ltr'><strong>utrum</strong></span> <span class='ocrx_word' id='word_1_424' title='bbox 1549 5423 1617 5475; x_wconf 89' lang='lat' dir='ltr'><strong>sit</strong></span> <span class='ocrx_word' id='word_1_425' title='bbox 1651 5423 1849 5492; x_wconf 83' lang='lat' dir='ltr'><strong>aliquid</strong></span> 
     </span>
    </p>
   </div>
   <div class='ocr_carea' id='block_1_57' title="bbox 274 5505 1847 5583">
    <p class='ocr_par' dir='ltr' id='par_1_57' title="bbox 274 5505 1847 5583">
     <span class='ocr_line' id='line_1_57' title="bbox 274 5505 1847 5583; baseline 0.006 -24"><span class='ocrx_word' id='word_1_426' title='bbox 274 5511 410 5578; x_wconf 84' lang='lat' dir='ltr'><strong>quod</strong></span> <span class='ocrx_word' id='word_1_427' title='bbox 467 5519 670 5564; x_wconf 87' lang='lat' dir='ltr'><strong>tantum</strong></span> <span class='ocrx_word' id='word_1_428' title='bbox 725 5505 1052 5583; x_wconf 72' lang='lat' dir='ltr'><strong>intelligatur</strong></span> <span class='ocrx_word' id='word_1_429' title='bbox 1094 5527 1194 5566; x_wconf 92' lang='lat' dir='ltr'><strong>nec</strong></span> <span class='ocrx_word' id='word_1_430' title='bbox 1235 5510 1528 5583; x_wconf 82' lang='lat' dir='ltr'><strong>intelligat,</strong></span> <span class='ocrx_word' id='word_1_431' title='bbox 1580 5531 1719 5569; x_wconf 89' lang='lat' dir='ltr'><strong>nunc</strong></span> <span class='ocrx_word' id='word_1_432' title='bbox 1764 5517 1847 5569; x_wconf 85' lang='lat' dir='ltr'><strong>in-</strong></span> 
     </span>
    </p>
   </div>
   <div class='ocr_carea' id='block_1_58' title="bbox 274 5599 1849 5677">
    <p class='ocr_par' dir='ltr' id='par_1_58' title="bbox 274 5599 1849 5677">
     <span class='ocr_line' id='line_1_58' title="bbox 274 5599 1849 5677; baseline 0.004 -23"><span class='ocrx_word' id='word_1_433' title='bbox 274 5599 570 5658; x_wconf 77' lang='lat' dir='ltr'><strong>teliectualc</strong></span> <span class='ocrx_word' id='word_1_434' title='bbox 592 5609 648 5658; x_wconf 83' lang='lat' dir='ltr'><strong>et</strong></span> <span class='ocrx_word' id='word_1_435' title='bbox 675 5603 1000 5675; x_wconf 80' lang='lat' dir='ltr'><strong>intelligibile</strong></span> <span class='ocrx_word' id='word_1_436' title='bbox 1019 5602 1120 5660; x_wconf 85' lang='lat' dir='ltr'><strong>sub</strong></span> <span class='ocrx_word' id='word_1_437' title='bbox 1143 5602 1326 5659; x_wconf 84' lang='lat' dir='ltr'><strong>eadem</strong></span> <span class='ocrx_word' id='word_1_438' title='bbox 1353 5602 1731 5674; x_wconf 73' lang='lat' dir='ltr'><strong>signiﬁcatione</strong></span> <span class='ocrx_word' id='word_1_439' title='bbox 1753 5625 1849 5677; x_wconf 85' lang='lat' dir='ltr'><strong>ap-</strong></span> 
     </span>
    </p>
   </div>
   <div class='ocr_carea' id='block_1_59' title="bbox 273 5693 553 5766">
    <p class='ocr_par' dir='ltr' id='par_1_59' title="bbox 273 5693 553 5766">
     <span class='ocr_line' id='line_1_59' title="bbox 273 5693 553 5766; baseline 0.014 -21"><span class='ocrx_word' id='word_1_440' title='bbox 273 5693 553 5766; x_wconf 85' lang='lat' dir='ltr'><strong>pellamus.</strong></span> 
     </span>
    </p>
   </div>
   <div class='ocr_carea' id='block_1_60' title="bbox 1604 329 2296 391">
    <p class='ocr_par' dir='ltr' id='par_1_60' title="bbox 1604 329 2296 391">
     <span class='ocr_line' id='line_1_60' title="bbox 1604 329 2296 391; baseline -0.007 0"><span class='ocrx_word' id='word_1_441' title='bbox 1604 331 1810 391; x_wconf 82' lang='lat' dir='ltr'><strong>LIBER</strong></span> <span class='ocrx_word' id='word_1_442' title='bbox 1839 329 2296 390; x_wconf 76' lang='lat' dir='ltr'><strong>DUODECIMUS.</strong></span> 
     </span>
    </p>
   </div>
   <div class='ocr_carea' id='block_1_61' title="bbox 3469 349 3575 407">
    <p class='ocr_par' dir='ltr' id='par_1_61' title="bbox 3469 349 3575 407">
     <span class='ocr_line' id='line_1_61' title="bbox 3469 349 3575 407; baseline 0.009 -1"><span class='ocrx_word' id='word_1_443' title='bbox 3469 349 3575 407; x_wconf 67' lang='lat'><strong>463</strong></span> 
     </span>
    </p>
   </div>
   <div class='ocr_carea' id='block_1_62' title="bbox 1996 446 3572 534">
    <p class='ocr_par' dir='ltr' id='par_1_62' title="bbox 1996 446 3572 534">
     <span class='ocr_line' id='line_1_62' title="bbox 1996 446 3572 534; baseline 0.011 -32"><span class='ocrx_word' id='word_1_444' title='bbox 1996 446 2219 503; x_wconf 79' lang='lat' dir='ltr'><strong>CAPUT</strong></span> <span class='ocrx_word' id='word_1_445' title='bbox 2251 449 2340 503; x_wconf 81' lang='lat' dir='ltr'><strong>XI.</strong></span> <span class='ocrx_word' id='word_1_446' title='bbox 2383 480 2452 490; x_wconf 97' lang='lat'><strong>—</strong></span> <span class='ocrx_word' id='word_1_447' title='bbox 2487 450 2811 523; x_wconf 83' lang='lat' dir='ltr'><strong>Corporalem</strong></span> <span class='ocrx_word' id='word_1_448' title='bbox 2839 455 3073 510; x_wconf 82' lang='lat' dir='ltr'><strong>visionem</strong></span> <span class='ocrx_word' id='word_1_449' title='bbox 3112 459 3285 530; x_wconf 71' lang='lat' dir='ltr'><strong>referri</strong></span> <span class='ocrx_word' id='word_1_450' title='bbox 3310 462 3377 515; x_wconf 89' lang='lat' dir='ltr'><strong>ad</strong></span> <span class='ocrx_word' id='word_1_451' title='bbox 3412 463 3572 534; x_wconf 83' lang='lat' dir='ltr'><strong>spiri-</strong></span> 
     </span>
    </p>
   </div>
   <div class='ocr_carea' id='block_1_63' title="bbox 2268 543 3299 614">
    <p class='ocr_par' dir='ltr' id='par_1_63' title="bbox 2268 543 3299 614">
     <span class='ocr_line' id='line_1_63' title="bbox 2268 543 3299 614; baseline 0.01 -18"><span class='ocrx_word' id='word_1_452' title='bbox 2268 543 2454 604; x_wconf 79' lang='lat' dir='ltr'><strong>tualem</strong></span> <span class='ocrx_word' id='word_1_453' title='bbox 2476 585 2492 612; x_wconf 92' lang='lat'><strong>,</strong></span> <span class='ocrx_word' id='word_1_454' title='bbox 2519 544 2649 612; x_wconf 75' lang='lat' dir='ltr'><strong>lianc</strong></span> <span class='ocrx_word' id='word_1_455' title='bbox 2672 563 2786 610; x_wconf 78' lang='lat' dir='ltr'><strong>vero</strong></span> <span class='ocrx_word' id='word_1_456' title='bbox 2804 548 2872 607; x_wconf 79' lang='lat' dir='ltr'><strong>ad</strong></span> <span class='ocrx_word' id='word_1_457' title='bbox 2894 549 3299 614; x_wconf 65' lang='lat' dir='ltr'><strong>intellectualem.</strong></span> 
     </span>
    </p>
   </div>
   <div class='ocr_carea' id='block_1_64' title="bbox 2059 630 3568 718">
    <p class='ocr_par' dir='ltr' id='par_1_64' title="bbox 2059 630 3568 718">
     <span class='ocr_line' id='line_1_64' title="bbox 2059 630 3568 718; baseline 0.017 -26"><span class='ocrx_word' id='word_1_458' title='bbox 2059 630 2155 693; x_wconf 67' lang='lat' dir='ltr'><strong>si.</strong></span> <span class='ocrx_word' id='word_1_459' title='bbox 2186 632 2311 706; x_wconf 72' lang='lat' dir='ltr'><strong>:Tria</strong></span> <span class='ocrx_word' id='word_1_460' title='bbox 2357 635 2515 706; x_wconf 75' lang='lat' dir='ltr'><strong>igitur</strong></span> <span class='ocrx_word' id='word_1_461' title='bbox 2557 637 2655 699; x_wconf 76' lang='lat' dir='ltr'><strong>ista</strong></span> <span class='ocrx_word' id='word_1_462' title='bbox 2699 654 2894 708; x_wconf 65' lang='lat' dir='ltr'><strong>genere</strong></span> <span class='ocrx_word' id='word_1_463' title='bbox 2935 640 3232 709; x_wconf 77' lang='lat' dir='ltr'><strong>visionum.</strong></span> <span class='ocrx_word' id='word_1_464' title='bbox 3273 648 3568 718; x_wconf 63' lang='lat' dir='ltr'><strong>corporale.</strong></span> 
     </span>
    </p>
   </div>
   <div class='ocr_carea' id='block_1_65' title="bbox 1996 722 3571 810">
    <p class='ocr_par' dir='ltr' id='par_1_65' title="bbox 1996 722 3571 810">
     <span class='ocr_line' id='line_1_65' title="bbox 1996 722 3571 810; baseline 0.004 -27"><span class='ocrx_word' id='word_1_465' title='bbox 1996 722 2303 790; x_wconf 77' lang='lat' dir='ltr'><strong>spirituale.</strong></span> <span class='ocrx_word' id='word_1_466' title='bbox 2332 735 2386 786; x_wconf 81' lang='lat' dir='ltr'><strong>et</strong></span> <span class='ocrx_word' id='word_1_467' title='bbox 2421 727 2811 798; x_wconf 82' lang='lat' dir='ltr'><strong>intellectuale,</strong></span> <span class='ocrx_word' id='word_1_468' title='bbox 2857 732 3571 810; x_wconf 58' lang='lat' dir='ltr'><strong>singillatim.cppsiderandg</strong></span> 
     </span>
    </p>
   </div>
   <div class='ocr_carea' id='block_1_66' title="bbox 1992 819 3571 898">
    <p class='ocr_par' dir='ltr' id='par_1_66' title="bbox 1992 819 3571 898">
     <span class='ocr_line' id='line_1_66' title="bbox 1992 819 3571 898; baseline 0.012 -29"><span class='ocrx_word' id='word_1_469' title='bbox 1992 824 2148 883; x_wconf 83' lang='lat' dir='ltr'><strong>sunt,</strong></span> <span class='ocrx_word' id='word_1_470' title='bbox 2195 827 2252 876; x_wconf 92' lang='lat' dir='ltr'><strong>ut</strong></span> <span class='ocrx_word' id='word_1_471' title='bbox 2279 819 2346 880; x_wconf 77' lang='lat' dir='ltr'><strong>ab</strong></span> <span class='ocrx_word' id='word_1_472' title='bbox 2378 819 2718 885; x_wconf 77' lang='lat' dir='ltr'><strong>inferioribus</strong></span> <span class='ocrx_word' id='word_1_473' title='bbox 2741 825 2877 884; x_wconf 88' lang='lat' dir='ltr'><strong>ratio</strong></span> <span class='ocrx_word' id='word_1_474' title='bbox 2903 825 2968 888; x_wconf 83' lang='lat' dir='ltr'><strong>ad</strong></span> <span class='ocrx_word' id='word_1_475' title='bbox 2995 826 3269 896; x_wconf 51' lang='lat' dir='ltr'><strong>superior;</strong></span> <span class='ocrx_word' id='word_1_476' title='bbox 3308 844 3571 898; x_wconf 65' lang='grc' dir='ltr'><strong>οοηεοειιτ</strong></span> 
     </span>
    </p>
   </div>
   <div class='ocr_carea' id='block_1_67' title="bbox 1991 905 3565 996">
    <p class='ocr_par' dir='ltr' id='par_1_67' title="bbox 1991 905 3565 996">
     <span class='ocr_line' id='line_1_67' title="bbox 1991 905 3565 996; baseline 0.016 -37"><span class='ocrx_word' id='word_1_477' title='bbox 1991 905 2102 962; x_wconf 87' lang='lat' dir='ltr'><strong>dat.</strong></span> <span class='ocrx_word' id='word_1_478' title='bbox 2151 906 2269 978; x_wconf 71' lang='lat' dir='ltr'><strong>iam</strong></span> <span class='ocrx_word' id='word_1_479' title='bbox 2309 910 2520 980; x_wconf 84' lang='lat' dir='ltr'><strong>quidem</strong></span> <span class='ocrx_word' id='word_1_480' title='bbox 2562 914 2807 988; x_wconf 81' lang='lat' dir='ltr'><strong>superius</strong></span> <span class='ocrx_word' id='word_1_481' title='bbox 2835 917 3132 987; x_wconf 75' lang='lat' dir='ltr'><strong>exemplum</strong></span> <span class='ocrx_word' id='word_1_482' title='bbox 3171 923 3565 996; x_wconf 74' lang='lat' dir='ltr'><strong>proposuimus,</strong></span> 
     </span>
    </p>
   </div>
   <div class='ocr_carea' id='block_1_68' title="bbox 1991 999 3567 1085">
    <p class='ocr_par' dir='ltr' id='par_1_68' title="bbox 1991 999 3567 1085">
     <span class='ocr_line' id='line_1_68' title="bbox 1991 999 3567 1085; baseline 0.011 -32"><span class='ocrx_word' id='word_1_483' title='bbox 1991 1013 2098 1068; x_wconf 85' lang='lat' dir='ltr'><strong>quo</strong></span> <span class='ocrx_word' id='word_1_484' title='bbox 2129 999 2178 1062; x_wconf 86' lang='lat' dir='ltr'><strong>in</strong></span> <span class='ocrx_word' id='word_1_485' title='bbox 2223 1017 2327 1068; x_wconf 77' lang='lat' dir='ltr'><strong>tina</strong></span> <span class='ocrx_word' id='word_1_486' title='bbox 2367 1005 2628 1068; x_wconf 78' lang='lat' dir='ltr'><strong>sententia</strong></span> <span class='ocrx_word' id='word_1_487' title='bbox 2666 1007 2840 1068; x_wconf 84' lang='lat' dir='ltr'><strong>munia</strong></span> <span class='ocrx_word' id='word_1_488' title='bbox 2890 1009 2988 1070; x_wconf 89' lang='lat' dir='ltr'><strong>tria</strong></span> <span class='ocrx_word' id='word_1_489' title='bbox 3036 1011 3314 1072; x_wconf 82' lang='lat' dir='ltr'><strong>videantur</strong></span> <span class='ocrx_word' id='word_1_490' title='bbox 3351 1029 3567 1085; x_wconf 78' lang='lat' dir='ltr'><strong>genera.</strong></span> 
     </span>
    </p>
   </div>
   <div class='ocr_carea' id='block_1_69' title="bbox 1990 1089 3569 1176">
    <p class='ocr_par' dir='ltr' id='par_1_69' title="bbox 1990 1089 3569 1176">
     <span class='ocr_line' id='line_1_69' title="bbox 1990 1089 3569 1176; baseline 0.009 -32"><span class='ocrx_word' id='word_1_491' title='bbox 1990 1089 2120 1148; x_wconf 85' lang='lat' dir='ltr'><strong>Cum</strong></span> <span class='ocrx_word' id='word_1_492' title='bbox 2146 1091 2286 1152; x_wconf 86' lang='lat' dir='ltr'><strong>enim</strong></span> <span class='ocrx_word' id='word_1_493' title='bbox 2325 1093 2549 1163; x_wconf 82' lang='lat' dir='ltr'><strong>legitur,</strong></span> <span class='ocrx_word' id='word_1_494' title='bbox 2591 1094 2783 1176; x_wconf 71' lang='lat' dir='ltr'><strong>Diliges</strong></span> <span class='ocrx_word' id='word_1_495' title='bbox 2825 1101 3109 1168; x_wconf 50' lang='lat' dir='ltr'><strong>proximum</strong></span> <span class='ocrx_word' id='word_1_496' title='bbox 3151 1111 3292 1156; x_wconf 83' lang='lat' dir='ltr'><strong>tuum</strong></span> <span class='ocrx_word' id='word_1_497' title='bbox 3332 1113 3569 1176; x_wconf 66' lang='lat' dir='ltr'><strong>tanquam</strong></span> 
     </span>
    </p>
   </div>
   <div class='ocr_carea' id='block_1_70' title="bbox 1989 1181 3566 1266">
    <p class='ocr_par' dir='ltr' id='par_1_70' title="bbox 1989 1181 3566 1266">
     <span class='ocr_line' id='line_1_70' title="bbox 1989 1181 3566 1266; baseline 0.012 -33"><span class='ocrx_word' id='word_1_498' title='bbox 1989 1181 2203 1252; x_wconf 75' lang='lat' dir='ltr'><strong>teipsum</strong></span> <span class='ocrx_word' id='word_1_499' title='bbox 2229 1183 2440 1252; x_wconf 69' lang='lat' dir='ltr'><strong>(Manli.</strong></span> <span class='ocrx_word' id='word_1_500' title='bbox 2464 1201 2598 1251; x_wconf 67' lang='lat' dir='ltr'><strong>uti,</strong></span> <span class='ocrx_word' id='word_1_501' title='bbox 2629 1187 2718 1257; x_wconf 58' lang='lat'><strong>59)</strong></span> <span class='ocrx_word' id='word_1_502' title='bbox 2739 1228 2752 1252; x_wconf 95' lang='lat'><strong>,</strong></span> <span class='ocrx_word' id='word_1_503' title='bbox 2799 1191 3144 1258; x_wconf 68' lang='lat' dir='ltr'><strong>corporaliter</strong></span> <span class='ocrx_word' id='word_1_504' title='bbox 3170 1192 3361 1254; x_wconf 74' lang='lat' dir='ltr'><strong>littera;</strong></span> <span class='ocrx_word' id='word_1_505' title='bbox 3386 1197 3566 1266; x_wconf 79' lang='lat' dir='ltr'><strong>viden-</strong></span> 
     </span>
    </p>
   </div>
   <div class='ocr_carea' id='block_1_71' title="bbox 1988 1275 3565 1356">
    <p class='ocr_par' dir='ltr' id='par_1_71' title="bbox 1988 1275 3565 1356">
     <span class='ocr_line' id='line_1_71' title="bbox 1988 1275 3565 1356; baseline 0.013 -34"><span class='ocrx_word' id='word_1_506' title='bbox 1988 1279 2092 1336; x_wconf 82' lang='lat' dir='ltr'><strong>tur,</strong></span> <span class='ocrx_word' id='word_1_507' title='bbox 2145 1275 2490 1344; x_wconf 77' lang='lat' dir='ltr'><strong>spiritualith</strong></span> <span class='ocrx_word' id='word_1_508' title='bbox 2533 1277 2807 1345; x_wconf 67' lang='lat' dir='ltr'><strong>proximus</strong></span> <span class='ocrx_word' id='word_1_509' title='bbox 2835 1282 3113 1349; x_wconf 71' lang='lat' dir='ltr'><strong>cogitatur,</strong></span> <span class='ocrx_word' id='word_1_510' title='bbox 3142 1283 3565 1356; x_wconf 68' lang='lat' dir='ltr'><strong>intellectualitcr</strong></span> 
     </span>
    </p>
   </div>
   <div class='ocr_carea' id='block_1_72' title="bbox 1986 1361 3567 1448">
    <p class='ocr_par' dir='ltr' id='par_1_72' title="bbox 1986 1361 3567 1448">
     <span class='ocr_line' id='line_1_72' title="bbox 1986 1361 3567 1448; baseline 0.009 -29"><span class='ocrx_word' id='word_1_511' title='bbox 1986 1361 2200 1424; x_wconf 81' lang='lat' dir='ltr'><strong>dilectio</strong></span> <span class='ocrx_word' id='word_1_512' title='bbox 2236 1367 2580 1435; x_wconf 78' lang='lat' dir='ltr'><strong>conspicitur.</strong></span> <span class='ocrx_word' id='word_1_513' title='bbox 2613 1368 2719 1430; x_wconf 87' lang='lat' dir='ltr'><strong>Sed</strong></span> <span class='ocrx_word' id='word_1_514' title='bbox 2756 1379 2809 1436; x_wconf 90' lang='lat' dir='ltr'><strong>et</strong></span> <span class='ocrx_word' id='word_1_515' title='bbox 2843 1371 3032 1438; x_wconf 63' lang='lat' dir='ltr'><strong>litterati</strong></span> <span class='ocrx_word' id='word_1_516' title='bbox 3062 1375 3308 1442; x_wconf 78' lang='lat' dir='ltr'><strong>absentes</strong></span> <span class='ocrx_word' id='word_1_517' title='bbox 3341 1388 3567 1448; x_wconf 84' lang='lat' dir='ltr'><strong>possunt</strong></span> 
     </span>
    </p>
   </div>
   <div class='ocr_carea' id='block_1_73' title="bbox 1985 1456 3583 1542">
    <p class='ocr_par' dir='ltr' id='par_1_73' title="bbox 1985 1456 3583 1542">
     <span class='ocr_line' id='line_1_73' title="bbox 1985 1456 3583 1542; baseline 0.011 -33"><span class='ocrx_word' id='word_1_518' title='bbox 1985 1456 2330 1524; x_wconf 83' lang='lat' dir='ltr'><strong>spiritualiter</strong></span> <span class='ocrx_word' id='word_1_519' title='bbox 2349 1461 2588 1529; x_wconf 80' lang='lat' dir='ltr'><strong>cogitari,</strong></span> <span class='ocrx_word' id='word_1_520' title='bbox 2613 1472 2664 1520; x_wconf 85' lang='lat' dir='ltr'><strong>et</strong></span> <span class='ocrx_word' id='word_1_521' title='bbox 2696 1464 2970 1531; x_wconf 80' lang='lat' dir='ltr'><strong>proximus</strong></span> <span class='ocrx_word' id='word_1_522' title='bbox 2992 1481 3226 1534; x_wconf 64' lang='lat' dir='ltr'><strong>priesens</strong></span> <span class='ocrx_word' id='word_1_523' title='bbox 3251 1479 3423 1542; x_wconf 77' lang='lat' dir='ltr'><strong>potest</strong></span> <span class='ocrx_word' id='word_1_524' title='bbox 3446 1461 3583 1540; x_wconf 46' lang='lat' dir='ltr'><strong>cor?</strong></span> 
     </span>
    </p>
   </div>
   <div class='ocr_carea' id='block_1_74' title="bbox 1984 1550 3565 1637">
    <p class='ocr_par' dir='ltr' id='par_1_74' title="bbox 1984 1550 3565 1637">
     <span class='ocr_line' id='line_1_74' title="bbox 1984 1550 3565 1637; baseline 0.011 -35"><span class='ocrx_word' id='word_1_525' title='bbox 1984 1550 2235 1618; x_wconf 76' lang='lat' dir='ltr'><strong>por-aliter</strong></span> <span class='ocrx_word' id='word_1_526' title='bbox 2277 1552 2443 1618; x_wconf 77' lang='lat' dir='ltr'><strong>videri</strong></span> <span class='ocrx_word' id='word_1_527' title='bbox 2468 1570 2482 1618; x_wconf 91' lang='lat'><strong>;</strong></span> <span class='ocrx_word' id='word_1_528' title='bbox 2513 1555 2729 1617; x_wconf 86' lang='lat' dir='ltr'><strong>dilectio</strong></span> <span class='ocrx_word' id='word_1_529' title='bbox 2762 1565 2936 1620; x_wconf 84' lang='lat' dir='ltr'><strong>autem</strong></span> <span class='ocrx_word' id='word_1_530' title='bbox 2965 1573 3066 1622; x_wconf 80' lang='lat' dir='ltr'><strong>nec</strong></span> <span class='ocrx_word' id='word_1_531' title='bbox 3093 1575 3188 1630; x_wconf 88' lang='lat' dir='ltr'><strong>per</strong></span> <span class='ocrx_word' id='word_1_532' title='bbox 3215 1561 3565 1637; x_wconf 73' lang='lat' dir='ltr'><strong>substantiam</strong></span> 
     </span>
    </p>
   </div>
   <div class='ocr_carea' id='block_1_75' title="bbox 1983 1645 3565 1726">
    <p class='ocr_par' dir='ltr' id='par_1_75' title="bbox 1983 1645 3565 1726">
     <span class='ocr_line' id='line_1_75' title="bbox 1983 1645 3565 1726; baseline 0.009 -33"><span class='ocrx_word' id='word_1_533' title='bbox 1983 1655 2130 1700; x_wconf 85' lang='lat' dir='ltr'><strong>suam</strong></span> <span class='ocrx_word' id='word_1_534' title='bbox 2161 1653 2334 1710; x_wconf 63' lang='lat' dir='ltr'><strong>potest</strong></span> <span class='ocrx_word' id='word_1_535' title='bbox 2359 1645 2525 1708; x_wconf 76' lang='lat' dir='ltr'><strong>oculis</strong></span> <span class='ocrx_word' id='word_1_536' title='bbox 2553 1649 2792 1716; x_wconf 78' lang='lat' dir='ltr'><strong>corporis</strong></span> <span class='ocrx_word' id='word_1_537' title='bbox 2818 1649 2962 1712; x_wconf 83' lang='lat' dir='ltr'><strong>cerni</strong></span> <span class='ocrx_word' id='word_1_538' title='bbox 2988 1689 3001 1712; x_wconf 97' lang='lat'><strong>,</strong></span> <span class='ocrx_word' id='word_1_539' title='bbox 3036 1663 3136 1720; x_wconf 80' lang='lat' dir='ltr'><strong>nec</strong></span> <span class='ocrx_word' id='word_1_540' title='bbox 3161 1667 3256 1724; x_wconf 83' lang='lat' dir='ltr'><strong>per</strong></span> <span class='ocrx_word' id='word_1_541' title='bbox 3277 1652 3565 1726; x_wconf 73' lang='lat' dir='ltr'><strong>itiiagiiicrn</strong></span> 
     </span>
    </p>
   </div>
   <div class='ocr_carea' id='block_1_76' title="bbox 1983 1734 3565 1814">
    <p class='ocr_par' dir='ltr' id='par_1_76' title="bbox 1983 1734 3565 1814">
     <span class='ocr_line' id='line_1_76' title="bbox 1983 1734 3565 1814; baseline 0.011 -30"><span class='ocrx_word' id='word_1_542' title='bbox 1983 1734 2225 1801; x_wconf 87' lang='lat' dir='ltr'><strong>corporis</strong></span> <span class='ocrx_word' id='word_1_543' title='bbox 2255 1735 2484 1798; x_wconf 80' lang='lat' dir='ltr'><strong>similem</strong></span> <span class='ocrx_word' id='word_1_544' title='bbox 2512 1737 2698 1806; x_wconf 85' lang='lat' dir='ltr'><strong>spiritu</strong></span> <span class='ocrx_word' id='word_1_545' title='bbox 2731 1738 2972 1808; x_wconf 82' lang='lat' dir='ltr'><strong>cogitari,</strong></span> <span class='ocrx_word' id='word_1_546' title='bbox 3001 1739 3095 1808; x_wconf 83' lang='lat' dir='ltr'><strong>sed</strong></span> <span class='ocrx_word' id='word_1_547' title='bbox 3124 1741 3236 1812; x_wconf 79' lang='lat' dir='ltr'><strong>sola</strong></span> <span class='ocrx_word' id='word_1_548' title='bbox 3263 1752 3442 1806; x_wconf 87' lang='lat' dir='ltr'><strong>mente</strong></span> <span class='ocrx_word' id='word_1_549' title='bbox 3465 1783 3481 1808; x_wconf 93' lang='lat'><strong>,</strong></span> <span class='ocrx_word' id='word_1_550' title='bbox 3509 1744 3565 1814; x_wconf 75' lang='lat' dir='ltr'><strong>id</strong></span> 
     </span>
    </p>
   </div>
   <div class='ocr_carea' id='block_1_77' title="bbox 1983 1823 3566 1912">
    <p class='ocr_par' dir='ltr' id='par_1_77' title="bbox 1983 1823 3566 1912">
     <span class='ocr_line' id='line_1_77' title="bbox 1983 1823 3566 1912; baseline 0.011 -36"><span class='ocrx_word' id='word_1_551' title='bbox 1983 1833 2062 1882; x_wconf 66' lang='lat' dir='ltr'><strong>est</strong></span> <span class='ocrx_word' id='word_1_552' title='bbox 2097 1823 2402 1894; x_wconf 82' lang='lat' dir='ltr'><strong>intellectu,</strong></span> <span class='ocrx_word' id='word_1_553' title='bbox 2451 1828 2698 1898; x_wconf 84' lang='lat' dir='ltr'><strong>cognosci</strong></span> <span class='ocrx_word' id='word_1_554' title='bbox 2737 1839 2790 1888; x_wconf 84' lang='lat' dir='ltr'><strong>et</strong></span> <span class='ocrx_word' id='word_1_555' title='bbox 2828 1830 3050 1903; x_wconf 77' lang='lat' dir='ltr'><strong>percipi.</strong></span> <span class='ocrx_word' id='word_1_556' title='bbox 3088 1832 3396 1906; x_wconf 70' lang='lat' dir='ltr'><strong>Corporalis</strong></span> <span class='ocrx_word' id='word_1_557' title='bbox 3432 1849 3566 1912; x_wconf 66' lang='lat' dir='ltr'><strong>satip</strong></span> 
     </span>
    </p>
   </div>
   <div class='ocr_carea' id='block_1_78' title="bbox 1981 1916 3563 2004">
    <p class='ocr_par' dir='ltr' id='par_1_78' title="bbox 1981 1916 3563 2004">
     <span class='ocr_line' id='line_1_78' title="bbox 1981 1916 3563 2004; baseline 0.009 -36"><span class='ocrx_word' id='word_1_558' title='bbox 1981 1916 2114 1972; x_wconf 78' lang='lat' dir='ltr'><strong>visio</strong></span> <span class='ocrx_word' id='word_1_559' title='bbox 2139 1919 2267 1982; x_wconf 80' lang='lat' dir='ltr'><strong>nulli</strong></span> <span class='ocrx_word' id='word_1_560' title='bbox 2295 1919 2483 1994; x_wconf 83' lang='lat' dir='ltr'><strong>horum</strong></span> <span class='ocrx_word' id='word_1_561' title='bbox 2511 1923 2692 1990; x_wconf 82' lang='lat' dir='ltr'><strong>generi</strong></span> <span class='ocrx_word' id='word_1_562' title='bbox 2723 1923 2994 1995; x_wconf 71' lang='lat' dir='ltr'><strong>pt&#39;tpsidet,</strong></span> <span class='ocrx_word' id='word_1_563' title='bbox 3029 1926 3123 1994; x_wconf 84' lang='lat' dir='ltr'><strong>sed</strong></span> <span class='ocrx_word' id='word_1_564' title='bbox 3150 1927 3289 1998; x_wconf 88' lang='lat' dir='ltr'><strong>quod</strong></span> <span class='ocrx_word' id='word_1_565' title='bbox 3325 1944 3420 2001; x_wconf 81' lang='lat' dir='ltr'><strong>per</strong></span> <span class='ocrx_word' id='word_1_566' title='bbox 3442 1944 3563 2004; x_wconf 66' lang='lat' dir='ltr'><strong>eam</strong></span> 
     </span>
    </p>
   </div>
   <div class='ocr_carea' id='block_1_79' title="bbox 1980 2009 3554 2094">
    <p class='ocr_par' dir='ltr' id='par_1_79' title="bbox 1980 2009 3554 2094">
     <span class='ocr_line' id='line_1_79' title="bbox 1980 2009 3554 2094; baseline 0.008 -34"><span class='ocrx_word' id='word_1_567' title='bbox 1980 2009 2224 2073; x_wconf 87' lang='lat' dir='ltr'><strong>sentitur,</strong></span> <span class='ocrx_word' id='word_1_568' title='bbox 2257 2009 2335 2072; x_wconf 92' lang='lat' dir='ltr'><strong>illi</strong></span> <span class='ocrx_word' id='word_1_569' title='bbox 2366 2011 2624 2079; x_wconf 88' lang='lat' dir='ltr'><strong>spirituali</strong></span> <span class='ocrx_word' id='word_1_570' title='bbox 2654 2022 2900 2086; x_wconf 87' lang='lat' dir='ltr'><strong>tanquam</strong></span> <span class='ocrx_word' id='word_1_571' title='bbox 2925 2015 3235 2092; x_wconf 71' lang='lat' dir='ltr'><strong>praesidenti</strong></span> <span class='ocrx_word' id='word_1_572' title='bbox 3259 2018 3554 2094; x_wconf 70' lang='lat' dir='ltr'><strong>npntiatur.</strong></span> 
     </span>
    </p>
   </div>
   <div class='ocr_carea' id='block_1_80' title="bbox 1978 2097 3562 2184">
    <p class='ocr_par' dir='ltr' id='par_1_80' title="bbox 1978 2097 3562 2184">
     <span class='ocr_line' id='line_1_80' title="bbox 1978 2097 3562 2184; baseline 0.003 -28"><span class='ocrx_word' id='word_1_573' title='bbox 1978 2097 2109 2162; x_wconf 68' lang='lat' dir='ltr'><strong>Nam</strong></span> <span class='ocrx_word' id='word_1_574' title='bbox 2136 2116 2254 2164; x_wconf 86' lang='lat' dir='ltr'><strong>cum</strong></span> <span class='ocrx_word' id='word_1_575' title='bbox 2282 2101 2478 2172; x_wconf 81' lang='lat' dir='ltr'><strong>aliquid</strong></span> <span class='ocrx_word' id='word_1_576' title='bbox 2514 2103 2680 2158; x_wconf 88' lang='lat' dir='ltr'><strong>oculis</strong></span> <span class='ocrx_word' id='word_1_577' title='bbox 2708 2103 2977 2176; x_wconf 80' lang='lat' dir='ltr'><strong>cernitur,</strong></span> <span class='ocrx_word' id='word_1_578' title='bbox 3011 2106 3260 2180; x_wconf 82' lang='lat' dir='ltr'><strong>continuo</strong></span> <span class='ocrx_word' id='word_1_579' title='bbox 3292 2107 3349 2182; x_wconf 79' lang='lat' dir='ltr'><strong>ﬁt</strong></span> <span class='ocrx_word' id='word_1_580' title='bbox 3385 2108 3562 2184; x_wconf 78' lang='lat' dir='ltr'><strong>imago</strong></span> 
     </span>
    </p>
   </div>
   <div class='ocr_carea' id='block_1_81' title="bbox 1978 2189 3560 2274">
    <p class='ocr_par' dir='ltr' id='par_1_81' title="bbox 1978 2189 3560 2274">
     <span class='ocr_line' id='line_1_81' title="bbox 1978 2189 3560 2274; baseline 0.009 -33"><span class='ocrx_word' id='word_1_581' title='bbox 1978 2189 2092 2257; x_wconf 75' lang='lat' dir='ltr'><strong>eius</strong></span> <span class='ocrx_word' id='word_1_582' title='bbox 2119 2191 2169 2256; x_wconf 82' lang='lat' dir='ltr'><strong>in</strong></span> <span class='ocrx_word' id='word_1_583' title='bbox 2197 2191 2422 2262; x_wconf 78' lang='lat' dir='ltr'><strong>spiritu;</strong></span> <span class='ocrx_word' id='word_1_584' title='bbox 2469 2192 2567 2262; x_wconf 77' lang='lat' dir='ltr'><strong>sed</strong></span> <span class='ocrx_word' id='word_1_585' title='bbox 2613 2209 2718 2248; x_wconf 90' lang='lat' dir='ltr'><strong>non</strong></span> <span class='ocrx_word' id='word_1_586' title='bbox 2760 2195 3086 2268; x_wconf 84' lang='lat' dir='ltr'><strong>dignoscitur</strong></span> <span class='ocrx_word' id='word_1_587' title='bbox 3109 2195 3269 2274; x_wconf 72' lang='lat' dir='ltr'><strong>facta,</strong></span> <span class='ocrx_word' id='word_1_588' title='bbox 3312 2199 3413 2274; x_wconf 79' lang='lat' dir='ltr'><strong>pisi</strong></span> <span class='ocrx_word' id='word_1_589' title='bbox 3437 2214 3560 2268; x_wconf 77' lang='lat' dir='ltr'><strong>cum</strong></span> 
     </span>
    </p>
   </div>
   <div class='ocr_carea' id='block_1_82' title="bbox 1976 2271 3564 2371">
    <p class='ocr_par' dir='ltr' id='par_1_82' title="bbox 1976 2271 3564 2371">
     <span class='ocr_line' id='line_1_82' title="bbox 1976 2271 3564 2371; baseline 0.008 -37"><span class='ocrx_word' id='word_1_590' title='bbox 1976 2281 2164 2336; x_wconf 87' lang='lat' dir='ltr'><strong>ablatis</strong></span> <span class='ocrx_word' id='word_1_591' title='bbox 2193 2284 2359 2337; x_wconf 73' lang='lat' dir='ltr'><strong>oculis</strong></span> <span class='ocrx_word' id='word_1_592' title='bbox 2387 2285 2453 2339; x_wconf 91' lang='lat' dir='ltr'><strong>ab</strong></span> <span class='ocrx_word' id='word_1_593' title='bbox 2477 2301 2541 2341; x_wconf 90' lang='lat' dir='ltr'><strong>eo</strong></span> <span class='ocrx_word' id='word_1_594' title='bbox 2564 2287 2704 2356; x_wconf 89' lang='lat' dir='ltr'><strong>quod</strong></span> <span class='ocrx_word' id='word_1_595' title='bbox 2730 2303 2824 2356; x_wconf 92' lang='lat' dir='ltr'><strong>per</strong></span> <span class='ocrx_word' id='word_1_596' title='bbox 2845 2287 3027 2343; x_wconf 90' lang='lat' dir='ltr'><strong>oculos</strong></span> <span class='ocrx_word' id='word_1_597' title='bbox 3057 2271 3402 2371; x_wconf 70' lang='lat' dir='ltr'><strong>videbamus,</strong></span> <span class='ocrx_word' id='word_1_598' title='bbox 3427 2292 3564 2371; x_wconf 72' lang='lat' dir='ltr'><strong>ima-</strong></span> 
     </span>
    </p>
   </div>
   <div class='ocr_carea' id='block_1_83' title="bbox 1975 2359 3564 2456">
    <p class='ocr_par' dir='ltr' id='par_1_83' title="bbox 1975 2359 3564 2456">
     <span class='ocr_line' id='line_1_83' title="bbox 1975 2359 3564 2456; baseline 0.008 -31"><span class='ocrx_word' id='word_1_599' title='bbox 1975 2374 2150 2442; x_wconf 88' lang='lat' dir='ltr'><strong>ginem</strong></span> <span class='ocrx_word' id='word_1_600' title='bbox 2178 2375 2293 2443; x_wconf 79' lang='lat' dir='ltr'><strong>eius</strong></span> <span class='ocrx_word' id='word_1_601' title='bbox 2328 2376 2379 2429; x_wconf 89' lang='lat' dir='ltr'><strong>in</strong></span> <span class='ocrx_word' id='word_1_602' title='bbox 2423 2378 2602 2452; x_wconf 85' lang='lat' dir='ltr'><strong>animo</strong></span> <span class='ocrx_word' id='word_1_603' title='bbox 2643 2378 3022 2456; x_wconf 72' lang='lat' dir='ltr'><strong>invenerinuis.</strong></span> <span class='ocrx_word' id='word_1_604' title='bbox 3073 2359 3564 2456; x_wconf 42' lang='lat' dir='ltr'><strong>Etsiquidemlspi-</strong></span> 
     </span>
    </p>
   </div>
   <div class='ocr_carea' id='block_1_84' title="bbox 1976 2451 3561 2543">
    <p class='ocr_par' dir='ltr' id='par_1_84' title="bbox 1976 2451 3561 2543">
     <span class='ocr_line' id='line_1_84' title="bbox 1976 2451 3561 2543; baseline 0.006 -25"><span class='ocrx_word' id='word_1_605' title='bbox 1976 2467 2110 2518; x_wconf 89' lang='lat' dir='ltr'><strong>ritus</strong></span> <span class='ocrx_word' id='word_1_606' title='bbox 2139 2451 2458 2522; x_wconf 76' lang='lat' dir='ltr'><strong>irrationalis</strong></span> <span class='ocrx_word' id='word_1_607' title='bbox 2487 2478 2566 2523; x_wconf 88' lang='lat' dir='ltr'><strong>cst</strong></span> <span class='ocrx_word' id='word_1_608' title='bbox 2590 2509 2604 2534; x_wconf 96' lang='lat'><strong>,</strong></span> <span class='ocrx_word' id='word_1_609' title='bbox 2632 2469 2790 2523; x_wconf 87' lang='lat' dir='ltr'><strong>veluti</strong></span> <span class='ocrx_word' id='word_1_610' title='bbox 2827 2471 3055 2540; x_wconf 90' lang='lat' dir='ltr'><strong>pecoris,</strong></span> <span class='ocrx_word' id='word_1_611' title='bbox 3086 2471 3186 2527; x_wconf 90' lang='lat' dir='ltr'><strong>hoc</strong></span> <span class='ocrx_word' id='word_1_612' title='bbox 3227 2452 3394 2543; x_wconf 79' lang='lat' dir='ltr'><strong>usque</strong></span> <span class='ocrx_word' id='word_1_613' title='bbox 3421 2455 3561 2528; x_wconf 83' lang='lat' dir='ltr'><strong>oculi</strong></span> 
     </span>
    </p>
   </div>
   <div class='ocr_carea' id='block_1_85' title="bbox 1976 2557 3563 2637">
    <p class='ocr_par' dir='ltr' id='par_1_85' title="bbox 1976 2557 3563 2637">
     <span class='ocr_line' id='line_1_85' title="bbox 1976 2557 3563 2637; baseline 0.003 -26"><span class='ocrx_word' id='word_1_614' title='bbox 1976 2557 2239 2612; x_wconf 89' lang='lat' dir='ltr'><strong>nuntiant.</strong></span> <span class='ocrx_word' id='word_1_615' title='bbox 2285 2559 2341 2614; x_wconf 88' lang='lat' dir='ltr'><strong>Si</strong></span> <span class='ocrx_word' id='word_1_616' title='bbox 2371 2571 2547 2619; x_wconf 79' lang='lat' dir='ltr'><strong>autem</strong></span> <span class='ocrx_word' id='word_1_617' title='bbox 2577 2560 2751 2622; x_wconf 80' lang='lat' dir='ltr'><strong>anima</strong></span> <span class='ocrx_word' id='word_1_618' title='bbox 2781 2562 3056 2626; x_wconf 77' lang='lat' dir='ltr'><strong>rationalis</strong></span> <span class='ocrx_word' id='word_1_619' title='bbox 3082 2574 3184 2632; x_wconf 82' lang='lat' dir='ltr'><strong>est,</strong></span> <span class='ocrx_word' id='word_1_620' title='bbox 3214 2565 3374 2632; x_wconf 71' lang='lat' dir='ltr'><strong>etiam</strong></span> <span class='ocrx_word' id='word_1_621' title='bbox 3405 2565 3563 2637; x_wconf 70' lang='lat' dir='ltr'><strong>intel-</strong></span> 
     </span>
    </p>
   </div>
   <div class='ocr_carea' id='block_1_86' title="bbox 1974 2647 3558 2726">
    <p class='ocr_par' dir='ltr' id='par_1_86' title="bbox 1974 2647 3558 2726">
     <span class='ocr_line' id='line_1_86' title="bbox 1974 2647 3558 2726; baseline 0.004 -24"><span class='ocrx_word' id='word_1_622' title='bbox 1974 2647 2132 2703; x_wconf 86' lang='lat' dir='ltr'><strong>lectui</strong></span> <span class='ocrx_word' id='word_1_623' title='bbox 2176 2651 2467 2715; x_wconf 86' lang='lat' dir='ltr'><strong>nuntiatur,</strong></span> <span class='ocrx_word' id='word_1_624' title='bbox 2514 2652 2601 2721; x_wconf 85' lang='lat' dir='ltr'><strong>qui</strong></span> <span class='ocrx_word' id='word_1_625' title='bbox 2631 2659 2688 2707; x_wconf 88' lang='lat' dir='ltr'><strong>et</strong></span> <span class='ocrx_word' id='word_1_626' title='bbox 2721 2653 2927 2721; x_wconf 85' lang='lat' dir='ltr'><strong>spiritui</strong></span> <span class='ocrx_word' id='word_1_627' title='bbox 2955 2654 3233 2726; x_wconf 63' lang='lat' dir='ltr'><strong>pt‘tesidct,</strong></span> <span class='ocrx_word' id='word_1_628' title='bbox 3266 2666 3318 2722; x_wconf 83' lang='lat' dir='ltr'><strong>ut</strong></span> <span class='ocrx_word' id='word_1_629' title='bbox 3349 2657 3397 2726; x_wconf 74' lang='lat' dir='ltr'><strong>si</strong></span> <span class='ocrx_word' id='word_1_630' title='bbox 3427 2655 3558 2726; x_wconf 73' lang='lat' dir='ltr'><strong>illud</strong></span> 
     </span>
    </p>
   </div>
   <div class='ocr_carea' id='block_1_87' title="bbox 1975 2739 3561 2818">
    <p class='ocr_par' dir='ltr' id='par_1_87' title="bbox 1975 2739 3561 2818">
     <span class='ocr_line' id='line_1_87' title="bbox 1975 2739 3561 2818; baseline 0.008 -25"><span class='ocrx_word' id='word_1_631' title='bbox 1975 2740 2112 2809; x_wconf 90' lang='lat' dir='ltr'><strong>quod</strong></span> <span class='ocrx_word' id='word_1_632' title='bbox 2152 2739 2442 2799; x_wconf 84' lang='lat' dir='ltr'><strong>hauserunt</strong></span> <span class='ocrx_word' id='word_1_633' title='bbox 2485 2742 2643 2810; x_wconf 83' lang='lat' dir='ltr'><strong>oculi,</strong></span> <span class='ocrx_word' id='word_1_634' title='bbox 2682 2751 2839 2812; x_wconf 83' lang='lat' dir='ltr'><strong>atque</strong></span> <span class='ocrx_word' id='word_1_635' title='bbox 2868 2743 2919 2808; x_wconf 85' lang='lat' dir='ltr'><strong>id</strong></span> <span class='ocrx_word' id='word_1_636' title='bbox 2951 2744 3179 2814; x_wconf 80' lang='lat' dir='ltr'><strong>Spiritui,</strong></span> <span class='ocrx_word' id='word_1_637' title='bbox 3224 2755 3278 2812; x_wconf 84' lang='lat' dir='ltr'><strong>ut</strong></span> <span class='ocrx_word' id='word_1_638' title='bbox 3313 2747 3427 2816; x_wconf 82' lang='lat' dir='ltr'><strong>ejus</strong></span> <span class='ocrx_word' id='word_1_639' title='bbox 3454 2750 3561 2818; x_wconf 78' lang='lat' dir='ltr'><strong>iliic</strong></span> 
     </span>
    </p>
   </div>
   <div class='ocr_carea' id='block_1_88' title="bbox 1973 2837 3555 2918">
    <p class='ocr_par' dir='ltr' id='par_1_88' title="bbox 1973 2837 3555 2918">
     <span class='ocr_line' id='line_1_88' title="bbox 1973 2837 3555 2918; baseline 0.01 -27"><span class='ocrx_word' id='word_1_640' title='bbox 1973 2837 2148 2909; x_wconf 83' lang='lat' dir='ltr'><strong>imago</strong></span> <span class='ocrx_word' id='word_1_641' title='bbox 2188 2839 2378 2904; x_wconf 85' lang='lat' dir='ltr'><strong>ﬁeret,</strong></span> <span class='ocrx_word' id='word_1_642' title='bbox 2428 2843 2830 2910; x_wconf 84' lang='lat' dir='ltr'><strong>nuntiaverunt,</strong></span> <span class='ocrx_word' id='word_1_643' title='bbox 2869 2845 3091 2914; x_wconf 79' lang='lat' dir='ltr'><strong>alicujus</strong></span> <span class='ocrx_word' id='word_1_644' title='bbox 3120 2849 3191 2908; x_wconf 86' lang='lat' dir='ltr'><strong>rei</strong></span> <span class='ocrx_word' id='word_1_645' title='bbox 3216 2849 3422 2918; x_wconf 80' lang='lat' dir='ltr'><strong>signum</strong></span> <span class='ocrx_word' id='word_1_646' title='bbox 3453 2860 3555 2917; x_wconf 81' lang='lat' dir='ltr'><strong>est,</strong></span> 
     </span>
    </p>
   </div>
   <div class='ocr_carea' id='block_1_89' title="bbox 1972 2932 3560 3010">
    <p class='ocr_par' dir='ltr' id='par_1_89' title="bbox 1972 2932 3560 3010">
     <span class='ocr_line' id='line_1_89' title="bbox 1972 2932 3560 3010; baseline 0.006 -26"><span class='ocrx_word' id='word_1_647' title='bbox 1972 2939 2063 2984; x_wconf 87' lang='lat' dir='ltr'><strong>aut</strong></span> <span class='ocrx_word' id='word_1_648' title='bbox 2103 2932 2429 3002; x_wconf 76' lang='lat' dir='ltr'><strong>intelligatur</strong></span> <span class='ocrx_word' id='word_1_649' title='bbox 2451 2933 2706 2989; x_wconf 86' lang='lat' dir='ltr'><strong>continuo</strong></span> <span class='ocrx_word' id='word_1_650' title='bbox 2745 2935 2869 3004; x_wconf 91' lang='lat' dir='ltr'><strong>quid</strong></span> <span class='ocrx_word' id='word_1_651' title='bbox 2907 2937 3187 3008; x_wconf 75' lang='lat' dir='ltr'><strong>signiticet,</strong></span> <span class='ocrx_word' id='word_1_652' title='bbox 3233 2950 3321 2999; x_wconf 81' lang='lat' dir='ltr'><strong>aut</strong></span> <span class='ocrx_word' id='word_1_653' title='bbox 3351 2956 3560 3010; x_wconf 65' lang='lat' dir='ltr'><strong>quara-</strong></span> 
     </span>
    </p>
   </div>
   <div class='ocr_carea' id='block_1_90' title="bbox 1973 3023 3559 3098">
    <p class='ocr_par' dir='ltr' id='par_1_90' title="bbox 1973 3023 3559 3098">
     <span class='ocr_line' id='line_1_90' title="bbox 1973 3023 3559 3098; baseline 0.008 -24"><span class='ocrx_word' id='word_1_654' title='bbox 1973 3027 2095 3086; x_wconf 89' lang='lat' dir='ltr'><strong>tur;</strong></span> <span class='ocrx_word' id='word_1_655' title='bbox 2143 3023 2391 3091; x_wconf 89' lang='lat' dir='ltr'><strong>quoniam</strong></span> <span class='ocrx_word' id='word_1_656' title='bbox 2439 3040 2540 3080; x_wconf 88' lang='lat' dir='ltr'><strong>nec</strong></span> <span class='ocrx_word' id='word_1_657' title='bbox 2585 3025 2809 3095; x_wconf 79' lang='lat' dir='ltr'><strong>intelligi</strong></span> <span class='ocrx_word' id='word_1_658' title='bbox 2855 3041 2954 3084; x_wconf 79' lang='lat' dir='ltr'><strong>nec</strong></span> <span class='ocrx_word' id='word_1_659' title='bbox 2999 3029 3198 3097; x_wconf 81' lang='lat' dir='ltr'><strong>requiri</strong></span> <span class='ocrx_word' id='word_1_660' title='bbox 3249 3030 3349 3098; x_wconf 73' lang='lat' dir='ltr'><strong>nisi</strong></span> <span class='ocrx_word' id='word_1_661' title='bbox 3380 3031 3559 3095; x_wconf 74' lang='lat' dir='ltr'><strong>cilicio</strong></span> 
     </span>
    </p>
   </div>
   <div class='ocr_carea' id='block_1_91' title="bbox 1971 3111 2399 3181">
    <p class='ocr_par' dir='ltr' id='par_1_91' title="bbox 1971 3111 2399 3181">
     <span class='ocr_line' id='line_1_91' title="bbox 1971 3111 2399 3181; baseline 0.005 -17"><span class='ocrx_word' id='word_1_662' title='bbox 1971 3111 2168 3166; x_wconf 87' lang='lat' dir='ltr'><strong>mentis</strong></span> <span class='ocrx_word' id='word_1_663' title='bbox 2205 3122 2399 3181; x_wconf 82' lang='lat' dir='ltr'><strong>potest.</strong></span> 
     </span>
    </p>
   </div>
   <div class='ocr_carea' id='block_1_92' title="bbox 2039 3205 3556 3279">
    <p class='ocr_par' dir='ltr' id='par_1_92' title="bbox 2039 3205 3556 3279">
     <span class='ocr_line' id='line_1_92' title="bbox 2039 3205 3556 3279; baseline 0.009 -22"><span class='ocrx_word' id='word_1_664' title='bbox 2039 3206 2130 3258; x_wconf 66' lang='lat'><strong>225.</strong></span> <span class='ocrx_word' id='word_1_665' title='bbox 2177 3205 2320 3260; x_wconf 81' lang='lat' dir='ltr'><strong>Vidit</strong></span> <span class='ocrx_word' id='word_1_666' title='bbox 2353 3222 2445 3262; x_wconf 83' lang='lat' dir='ltr'><strong>rex</strong></span> <span class='ocrx_word' id='word_1_667' title='bbox 2473 3207 2748 3266; x_wconf 81' lang='lat' dir='ltr'><strong>Baltliasar</strong></span> <span class='ocrx_word' id='word_1_668' title='bbox 2772 3211 3021 3271; x_wconf 79' lang='lat' dir='ltr'><strong>articulos</strong></span> <span class='ocrx_word' id='word_1_669' title='bbox 3060 3227 3250 3272; x_wconf 83' lang='lat' dir='ltr'><strong>manus</strong></span> <span class='ocrx_word' id='word_1_670' title='bbox 3275 3213 3556 3279; x_wconf 71' lang='lat' dir='ltr'><strong>scribentis</strong></span> 
     </span>
    </p>
   </div>
   <div class='ocr_carea' id='block_1_93' title="bbox 1970 3296 3554 3377">
    <p class='ocr_par' dir='ltr' id='par_1_93' title="bbox 1970 3296 3554 3377">
     <span class='ocr_line' id='line_1_93' title="bbox 1970 3296 3554 3377; baseline 0.006 -27"><span class='ocrx_word' id='word_1_671' title='bbox 1970 3297 2021 3350; x_wconf 91' lang='lat' dir='ltr'><strong>in</strong></span> <span class='ocrx_word' id='word_1_672' title='bbox 2051 3296 2254 3365; x_wconf 89' lang='lat' dir='ltr'><strong>pariete</strong></span> <span class='ocrx_word' id='word_1_673' title='bbox 2274 3337 2287 3359; x_wconf 96' lang='lat'><strong>,</strong></span> <span class='ocrx_word' id='word_1_674' title='bbox 2331 3298 2685 3368; x_wconf 81' lang='lat' dir='ltr'><strong>continuoque</strong></span> <span class='ocrx_word' id='word_1_675' title='bbox 2717 3316 2808 3368; x_wconf 81' lang='lat' dir='ltr'><strong>per</strong></span> <span class='ocrx_word' id='word_1_676' title='bbox 2841 3304 3083 3371; x_wconf 87' lang='lat' dir='ltr'><strong>corporis</strong></span> <span class='ocrx_word' id='word_1_677' title='bbox 3125 3319 3338 3366; x_wconf 82' lang='lat' dir='ltr'><strong>sensum</strong></span> <span class='ocrx_word' id='word_1_678' title='bbox 3379 3307 3554 3377; x_wconf 66' lang='lat' dir='ltr'><strong>imago</strong></span> 
     </span>
    </p>
   </div>
   <div class='ocr_carea' id='block_1_94' title="bbox 1970 3389 3554 3465">
    <p class='ocr_par' dir='ltr' id='par_1_94' title="bbox 1970 3389 3554 3465">
     <span class='ocr_line' id='line_1_94' title="bbox 1970 3389 3554 3465; baseline 0.008 -23"><span class='ocrx_word' id='word_1_679' title='bbox 1970 3389 2045 3442; x_wconf 88' lang='lat' dir='ltr'><strong>rei</strong></span> <span class='ocrx_word' id='word_1_680' title='bbox 2076 3390 2423 3458; x_wconf 84' lang='lat' dir='ltr'><strong>corporaliter</strong></span> <span class='ocrx_word' id='word_1_681' title='bbox 2450 3390 2602 3448; x_wconf 67' lang='lat' dir='ltr'><strong>luctu:</strong></span> <span class='ocrx_word' id='word_1_682' title='bbox 2633 3391 2843 3460; x_wconf 84' lang='lat' dir='ltr'><strong>spiritui</strong></span> <span class='ocrx_word' id='word_1_683' title='bbox 2875 3395 2990 3462; x_wconf 77' lang='lat' dir='ltr'><strong>eius</strong></span> <span class='ocrx_word' id='word_1_684' title='bbox 3015 3395 3270 3464; x_wconf 79' lang='lat' dir='ltr'><strong>impressa</strong></span> <span class='ocrx_word' id='word_1_685' title='bbox 3313 3407 3422 3465; x_wconf 87' lang='lat' dir='ltr'><strong>est,</strong></span> <span class='ocrx_word' id='word_1_686' title='bbox 3473 3410 3554 3462; x_wconf 83' lang='lat' dir='ltr'><strong>at-</strong></span> 
     </span>
    </p>
   </div>
   <div class='ocr_carea' id='block_1_95' title="bbox 1968 3480 3553 3559">
    <p class='ocr_par' dir='ltr' id='par_1_95' title="bbox 1968 3480 3553 3559">
     <span class='ocr_line' id='line_1_95' title="bbox 1968 3480 3553 3559; baseline 0.006 -25"><span class='ocrx_word' id='word_1_687' title='bbox 1968 3495 2072 3550; x_wconf 85' lang='lat' dir='ltr'><strong>que</strong></span> <span class='ocrx_word' id='word_1_688' title='bbox 2114 3481 2230 3551; x_wconf 90' lang='lat' dir='ltr'><strong>ipso</strong></span> <span class='ocrx_word' id='word_1_689' title='bbox 2257 3481 2370 3536; x_wconf 67' lang='lat' dir='ltr'><strong>viso</strong></span> <span class='ocrx_word' id='word_1_690' title='bbox 2407 3480 2547 3540; x_wconf 78' lang='lat' dir='ltr'><strong>laeto</strong></span> <span class='ocrx_word' id='word_1_691' title='bbox 2573 3496 2637 3542; x_wconf 88' lang='lat' dir='ltr'><strong>ac</strong></span> <span class='ocrx_word' id='word_1_692' title='bbox 2664 3483 2971 3551; x_wconf 81' lang='lat' dir='ltr'><strong>praeterito,</strong></span> <span class='ocrx_word' id='word_1_693' title='bbox 3016 3485 3102 3540; x_wconf 90' lang='lat' dir='ltr'><strong>illa</strong></span> <span class='ocrx_word' id='word_1_694' title='bbox 3141 3487 3193 3540; x_wconf 91' lang='lat' dir='ltr'><strong>in</strong></span> <span class='ocrx_word' id='word_1_695' title='bbox 3235 3489 3553 3559; x_wconf 66' lang='lat' dir='ltr'><strong>cogitatione</strong></span> 
     </span>
    </p>
   </div>
   <div class='ocr_carea' id='block_1_96' title="bbox 1970 3572 3552 3649">
    <p class='ocr_par' dir='ltr' id='par_1_96' title="bbox 1970 3572 3552 3649">
     <span class='ocr_line' id='line_1_96' title="bbox 1970 3572 3552 3649; baseline 0.013 -24"><span class='ocrx_word' id='word_1_696' title='bbox 1970 3572 2256 3641; x_wconf 74' lang='lat' dir='ltr'><strong>permansit</strong></span> <span class='ocrx_word' id='word_1_697' title='bbox 2289 3589 2302 3626; x_wconf 91' lang='lat'><strong>:</strong></span> <span class='ocrx_word' id='word_1_698' title='bbox 2333 3572 2608 3630; x_wconf 79' lang='lat' dir='ltr'><strong>videbatur</strong></span> <span class='ocrx_word' id='word_1_699' title='bbox 2636 3574 2689 3632; x_wconf 88' lang='lat' dir='ltr'><strong>in</strong></span> <span class='ocrx_word' id='word_1_700' title='bbox 2712 3573 2922 3642; x_wconf 69' lang='lat' dir='ltr'><strong>spiritu,</strong></span> <span class='ocrx_word' id='word_1_701' title='bbox 2947 3585 3000 3630; x_wconf 70' lang='grc' dir='ltr'>ει</span> <span class='ocrx_word' id='word_1_702' title='bbox 3027 3577 3262 3643; x_wconf 74' lang='lat' dir='ltr'><strong>nondum</strong></span> <span class='ocrx_word' id='word_1_703' title='bbox 3290 3579 3552 3649; x_wconf 64' lang='grc' dir='ltr'><strong>ἱμωυίίςβ·</strong></span> 
     </span>
    </p>
   </div>
   <div class='ocr_carea' id='block_1_97' title="bbox 1967 3663 3549 3746">
    <p class='ocr_par' dir='ltr' id='par_1_97' title="bbox 1967 3663 3549 3746">
     <span class='ocr_line' id='line_1_97' title="bbox 1967 3663 3549 3746; baseline 0.003 -26"><span class='ocrx_word' id='word_1_704' title='bbox 1967 3663 2156 3730; x_wconf 79' lang='lat' dir='ltr'><strong>batur,</strong></span> <span class='ocrx_word' id='word_1_705' title='bbox 2203 3678 2302 3722; x_wconf 81' lang='lat' dir='ltr'><strong>nec</strong></span> <span class='ocrx_word' id='word_1_706' title='bbox 2347 3673 2473 3732; x_wconf 78' lang='lat' dir='ltr'><strong>tunc</strong></span> <span class='ocrx_word' id='word_1_707' title='bbox 2519 3664 2840 3729; x_wconf 72' lang='lat' dir='ltr'><strong>intellectum</strong></span> <span class='ocrx_word' id='word_1_708' title='bbox 2869 3675 2984 3732; x_wconf 85' lang='lat' dir='ltr'><strong>erat</strong></span> <span class='ocrx_word' id='word_1_709' title='bbox 3014 3668 3112 3723; x_wconf 92' lang='lat' dir='ltr'><strong>hoc</strong></span> <span class='ocrx_word' id='word_1_710' title='bbox 3148 3669 3385 3738; x_wconf 73' lang='lat' dir='ltr'><strong>signum,</strong></span> <span class='ocrx_word' id='word_1_711' title='bbox 3421 3686 3549 3746; x_wconf 79' lang='lat' dir='ltr'><strong>cum</strong></span> 
     </span>
    </p>
   </div>
   <div class='ocr_carea' id='block_1_98' title="bbox 1965 3757 3547 3834">
    <p class='ocr_par' dir='ltr' id='par_1_98' title="bbox 1965 3757 3547 3834">
     <span class='ocr_line' id='line_1_98' title="bbox 1965 3757 3547 3834; baseline 0.006 -22"><span class='ocrx_word' id='word_1_712' title='bbox 1965 3757 2310 3824; x_wconf 81' lang='lat' dir='ltr'><strong>corporaliter</strong></span> <span class='ocrx_word' id='word_1_713' title='bbox 2335 3757 2487 3816; x_wconf 69' lang='lat' dir='ltr'><strong>ﬁeret</strong></span> <span class='ocrx_word' id='word_1_714' title='bbox 2524 3767 2682 3828; x_wconf 82' lang='lat' dir='ltr'><strong>atque</strong></span> <span class='ocrx_word' id='word_1_715' title='bbox 2719 3758 2890 3834; x_wconf 73' lang='lat' dir='ltr'><strong>pculis</strong></span> <span class='ocrx_word' id='word_1_716' title='bbox 2934 3761 3294 3829; x_wconf 79' lang='lat' dir='ltr'><strong>Corporalibus</strong></span> <span class='ocrx_word' id='word_1_717' title='bbox 3319 3778 3547 3833; x_wconf 77' lang='lat' dir='ltr'><strong>appare-</strong></span> 
     </span>
    </p>
   </div>
   <div class='ocr_carea' id='block_1_99' title="bbox 1964 3841 3592 3926">
    <p class='ocr_par' dir='ltr' id='par_1_99' title="bbox 1964 3841 3592 3926">
     <span class='ocr_line' id='line_1_99' title="bbox 1964 3841 3592 3926; baseline 0.005 -24"><span class='ocrx_word' id='word_1_718' title='bbox 1964 3857 2084 3914; x_wconf 80' lang='lat' dir='ltr'><strong>ret;</strong></span> <span class='ocrx_word' id='word_1_719' title='bbox 2113 3849 2429 3917; x_wconf 73' lang='lat' dir='ltr'><strong>iatn-tamen</strong></span> <span class='ocrx_word' id='word_1_720' title='bbox 2458 3849 2666 3920; x_wconf 84' lang='lat' dir='ltr'><strong>signum</strong></span> <span class='ocrx_word' id='word_1_721' title='bbox 2688 3865 2806 3906; x_wconf 83' lang='lat' dir='ltr'><strong>esse</strong></span> <span class='ocrx_word' id='word_1_722' title='bbox 2831 3851 3237 3921; x_wconf 81' lang='lat' dir='ltr'><strong>intelligebatur,</strong></span> <span class='ocrx_word' id='word_1_723' title='bbox 3268 3855 3317 3910; x_wconf 90' lang='lat' dir='ltr'><strong>id</strong></span> <span class='ocrx_word' id='word_1_724' title='bbox 3345 3855 3549 3926; x_wconf 65' lang='lat' dir='ltr'><strong>habens</strong></span> <span class='ocrx_word' id='word_1_725' title='bbox 3585 3841 3592 3850; x_wconf 71' lang='grc'><em>’</em></span> 
     </span>
    </p>
   </div>
   <div class='ocr_carea' id='block_1_100' title="bbox 1964 3939 3546 4019">
    <p class='ocr_par' dir='ltr' id='par_1_100' title="bbox 1964 3939 3546 4019">
     <span class='ocr_line' id='line_1_100' title="bbox 1964 3939 3546 4019; baseline 0.006 -24"><span class='ocrx_word' id='word_1_726' title='bbox 1964 3957 2030 3997; x_wconf 79' lang='lat' dir='ltr'><strong>ex</strong></span> <span class='ocrx_word' id='word_1_727' title='bbox 2074 3942 2270 3998; x_wconf 83' lang='lat' dir='ltr'><strong>tuentis</strong></span> <span class='ocrx_word' id='word_1_728' title='bbox 2305 3939 2505 4000; x_wconf 79' lang='lat' dir='ltr'><strong>ofﬁcio.</strong></span> <span class='ocrx_word' id='word_1_729' title='bbox 2554 3943 2622 4001; x_wconf 81' lang='lat' dir='ltr'><strong>Et</strong></span> <span class='ocrx_word' id='word_1_730' title='bbox 2645 3942 2764 4014; x_wconf 88' lang='lat' dir='ltr'><strong>quia</strong></span> <span class='ocrx_word' id='word_1_731' title='bbox 2791 3945 3161 4016; x_wconf 80' lang='lat' dir='ltr'><strong>requirebatur</strong></span> <span class='ocrx_word' id='word_1_732' title='bbox 3185 3947 3311 4017; x_wconf 89' lang='lat' dir='ltr'><strong>quid</strong></span> <span class='ocrx_word' id='word_1_733' title='bbox 3339 3948 3546 4019; x_wconf 51' lang='lat' dir='ltr'><strong>signiﬁe</strong></span> 
     </span>
    </p>
   </div>
   <div class='ocr_carea' id='block_1_101' title="bbox 1962 4036 3536 4116">
    <p class='ocr_par' dir='ltr' id='par_1_101' title="bbox 1962 4036 3536 4116">
     <span class='ocr_line' id='line_1_101' title="bbox 1962 4036 3536 4116; baseline 0.007 -27"><span class='ocrx_word' id='word_1_734' title='bbox 1962 4045 2128 4102; x_wconf 88' lang='lat' dir='ltr'><strong>caret,</strong></span> <span class='ocrx_word' id='word_1_735' title='bbox 2156 4036 2314 4092; x_wconf 86' lang='lat' dir='ltr'><strong>etiam</strong></span> <span class='ocrx_word' id='word_1_736' title='bbox 2335 4036 2501 4105; x_wconf 87' lang='lat' dir='ltr'><strong>ipsam</strong></span> <span class='ocrx_word' id='word_1_737' title='bbox 2531 4036 2925 4107; x_wconf 79' lang='lat' dir='ltr'><strong>inquisitionem</strong></span> <span class='ocrx_word' id='word_1_738' title='bbox 2949 4039 3129 4109; x_wconf 86' lang='lat' dir='ltr'><strong>utique</strong></span> <span class='ocrx_word' id='word_1_739' title='bbox 3151 4056 3303 4096; x_wconf 90' lang='lat' dir='ltr'><strong>mens</strong></span> <span class='ocrx_word' id='word_1_740' title='bbox 3327 4043 3536 4116; x_wconf 80' lang='lat' dir='ltr'><strong>agebat.</strong></span> 
     </span>
    </p>
   </div>
   <div class='ocr_carea' id='block_1_102' title="bbox 1962 4128 3542 4203">
    <p class='ocr_par' dir='ltr' id='par_1_102' title="bbox 1962 4128 3542 4203">
     <span class='ocr_line' id='line_1_102' title="bbox 1962 4128 3542 4203; baseline 0.004 -22"><span class='ocrx_word' id='word_1_741' title='bbox 1962 4128 2078 4194; x_wconf 81' lang='lat' dir='ltr'><strong>Quo</strong></span> <span class='ocrx_word' id='word_1_742' title='bbox 2101 4144 2206 4184; x_wconf 91' lang='lat' dir='ltr'><strong>non</strong></span> <span class='ocrx_word' id='word_1_743' title='bbox 2244 4139 2517 4196; x_wconf 82' lang='lat' dir='ltr'><strong>comperto</strong></span> <span class='ocrx_word' id='word_1_744' title='bbox 2543 4128 2727 4188; x_wconf 88' lang='lat' dir='ltr'><strong>Daniel</strong></span> <span class='ocrx_word' id='word_1_745' title='bbox 2753 4131 2999 4194; x_wconf 88' lang='lat' dir='ltr'><strong>accessit,</strong></span> <span class='ocrx_word' id='word_1_746' title='bbox 3021 4140 3073 4198; x_wconf 85' lang='lat' dir='ltr'><strong>et</strong></span> <span class='ocrx_word' id='word_1_747' title='bbox 3093 4132 3280 4201; x_wconf 88' lang='lat' dir='ltr'><strong>spiritu</strong></span> <span class='ocrx_word' id='word_1_748' title='bbox 3309 4135 3542 4203; x_wconf 87' lang='lat' dir='ltr'><strong>prophe-</strong></span> 
     </span>
    </p>
   </div>
   <div class='ocr_carea' id='block_1_103' title="bbox 1963 4219 3544 4298">
    <p class='ocr_par' dir='ltr' id='par_1_103' title="bbox 1963 4219 3544 4298">
     <span class='ocr_line' id='line_1_103' title="bbox 1963 4219 3544 4298; baseline 0.006 -26"><span class='ocrx_word' id='word_1_749' title='bbox 1963 4221 2066 4284; x_wconf 81' lang='lat' dir='ltr'><strong>tico</strong></span> <span class='ocrx_word' id='word_1_750' title='bbox 2103 4228 2282 4288; x_wconf 85' lang='lat' dir='ltr'><strong>mente</strong></span> <span class='ocrx_word' id='word_1_751' title='bbox 2318 4219 2580 4292; x_wconf 81' lang='lat' dir='ltr'><strong>illustrata</strong></span> <span class='ocrx_word' id='word_1_752' title='bbox 2603 4259 2616 4285; x_wconf 91' lang='lat'><strong>,</strong></span> <span class='ocrx_word' id='word_1_753' title='bbox 2650 4220 2956 4288; x_wconf 79' lang='lat' dir='ltr'><strong>perturbato</strong></span> <span class='ocrx_word' id='word_1_754' title='bbox 2983 4222 3091 4292; x_wconf 87' lang='lat' dir='ltr'><strong>regi</strong></span> <span class='ocrx_word' id='word_1_755' title='bbox 3120 4223 3242 4293; x_wconf 84' lang='lat' dir='ltr'><strong>quid</strong></span> <span class='ocrx_word' id='word_1_756' title='bbox 3275 4224 3364 4278; x_wconf 91' lang='lat' dir='ltr'><strong>illo</strong></span> <span class='ocrx_word' id='word_1_757' title='bbox 3392 4226 3544 4298; x_wconf 76' lang='lat' dir='ltr'><strong>signo</strong></span> 
     </span>
    </p>
   </div>
   <div class='ocr_carea' id='block_1_104' title="bbox 1962 4311 3543 4386">
    <p class='ocr_par' dir='ltr' id='par_1_104' title="bbox 1962 4311 3543 4386">
     <span class='ocr_line' id='line_1_104' title="bbox 1962 4311 3543 4386; baseline 0.006 -21"><span class='ocrx_word' id='word_1_758' title='bbox 1962 4311 2373 4381; x_wconf 83' lang='lat' dir='ltr'><strong>portenderetur</strong></span> <span class='ocrx_word' id='word_1_759' title='bbox 2401 4312 2609 4381; x_wconf 84' lang='lat' dir='ltr'><strong>aperuit</strong></span> <span class='ocrx_word' id='word_1_760' title='bbox 2653 4312 2814 4383; x_wconf 84' lang='lat' dir='ltr'><strong>(Dan.</strong></span> <span class='ocrx_word' id='word_1_761' title='bbox 2847 4328 2902 4378; x_wconf 88' lang='lat' dir='ltr'><strong>v,</strong></span> <span class='ocrx_word' id='word_1_762' title='bbox 2935 4313 3119 4386; x_wconf 69' lang='lat'><strong>5-28)</strong></span> <span class='ocrx_word' id='word_1_763' title='bbox 3146 4331 3162 4380; x_wconf 87' lang='lat'><strong>;</strong></span> <span class='ocrx_word' id='word_1_764' title='bbox 3207 4316 3318 4386; x_wconf 77' lang='lat' dir='ltr'><strong>ipse</strong></span> <span class='ocrx_word' id='word_1_765' title='bbox 3365 4319 3543 4386; x_wconf 82' lang='lat' dir='ltr'><strong>potius</strong></span> 
     </span>
    </p>
   </div>
   <div class='ocr_carea' id='block_1_105' title="bbox 1960 4403 3544 4474">
    <p class='ocr_par' dir='ltr' id='par_1_105' title="bbox 1960 4403 3544 4474">
     <span class='ocr_line' id='line_1_105' title="bbox 1960 4403 3544 4474; baseline 0.004 -14"><span class='ocrx_word' id='word_1_766' title='bbox 1960 4403 2220 4473; x_wconf 79' lang='lat' dir='ltr'><strong>propheta</strong></span> <span class='ocrx_word' id='word_1_767' title='bbox 2264 4419 2363 4474; x_wconf 86' lang='lat' dir='ltr'><strong>per</strong></span> <span class='ocrx_word' id='word_1_768' title='bbox 2403 4403 2507 4459; x_wconf 86' lang='lat' dir='ltr'><strong>hoc</strong></span> <span class='ocrx_word' id='word_1_769' title='bbox 2546 4420 2713 4474; x_wconf 84' lang='lat' dir='ltr'><strong>genus</strong></span> <span class='ocrx_word' id='word_1_770' title='bbox 2763 4405 3017 4472; x_wconf 90' lang='lat' dir='ltr'><strong>visionis,</strong></span> <span class='ocrx_word' id='word_1_771' title='bbox 3063 4407 3202 4474; x_wconf 86' lang='lat' dir='ltr'><strong>quod</strong></span> <span class='ocrx_word' id='word_1_772' title='bbox 3239 4409 3429 4470; x_wconf 86' lang='lat' dir='ltr'><strong>mentis</strong></span> <span class='ocrx_word' id='word_1_773' title='bbox 3460 4420 3544 4468; x_wconf 83' lang='lat' dir='ltr'><strong>est</strong></span> 
     </span>
    </p>
   </div>
   <div class='ocr_carea' id='block_1_106' title="bbox 1963 4497 3540 4574">
    <p class='ocr_par' dir='ltr' id='par_1_106' title="bbox 1963 4497 3540 4574">
     <span class='ocr_line' id='line_1_106' title="bbox 1963 4497 3540 4574; baseline 0.004 -22"><span class='ocrx_word' id='word_1_774' title='bbox 1963 4499 2271 4567; x_wconf 85' lang='lat' dir='ltr'><strong>proprium,</strong></span> <span class='ocrx_word' id='word_1_775' title='bbox 2329 4513 2488 4567; x_wconf 90' lang='lat' dir='ltr'><strong>quam</strong></span> <span class='ocrx_word' id='word_1_776' title='bbox 2543 4497 2630 4552; x_wconf 91' lang='lat' dir='ltr'><strong>ille</strong></span> <span class='ocrx_word' id='word_1_777' title='bbox 2684 4499 2772 4568; x_wconf 90' lang='lat' dir='ltr'><strong>qui</strong></span> <span class='ocrx_word' id='word_1_778' title='bbox 2827 4506 2884 4560; x_wconf 86' lang='lat' dir='ltr'><strong>et</strong></span> <span class='ocrx_word' id='word_1_779' title='bbox 2927 4500 3134 4569; x_wconf 82' lang='lat' dir='ltr'><strong>signum</strong></span> <span class='ocrx_word' id='word_1_780' title='bbox 3189 4503 3540 4574; x_wconf 79' lang='lat' dir='ltr'><strong>corporaliter</strong></span> 
     </span>
    </p>
   </div>
   <div class='ocr_carea' id='block_1_107' title="bbox 1963 4586 3542 4664">
    <p class='ocr_par' dir='ltr' id='par_1_107' title="bbox 1963 4586 3542 4664">
     <span class='ocr_line' id='line_1_107' title="bbox 1963 4586 3542 4664; baseline 0.004 -23"><span class='ocrx_word' id='word_1_781' title='bbox 1963 4588 2157 4644; x_wconf 77' lang='lat' dir='ltr'><strong>factum</strong></span> <span class='ocrx_word' id='word_1_782' title='bbox 2205 4587 2554 4656; x_wconf 86' lang='lat' dir='ltr'><strong>corporaliter</strong></span> <span class='ocrx_word' id='word_1_783' title='bbox 2597 4586 2832 4654; x_wconf 82' lang='lat' dir='ltr'><strong>viderat,</strong></span> <span class='ocrx_word' id='word_1_784' title='bbox 2868 4596 2923 4644; x_wconf 89' lang='lat' dir='ltr'><strong>et</strong></span> <span class='ocrx_word' id='word_1_785' title='bbox 2963 4591 3214 4657; x_wconf 76' lang='lat' dir='ltr'><strong>transacti</strong></span> <span class='ocrx_word' id='word_1_786' title='bbox 3253 4593 3367 4662; x_wconf 85' lang='lat' dir='ltr'><strong>ejus</strong></span> <span class='ocrx_word' id='word_1_787' title='bbox 3407 4595 3542 4664; x_wconf 83' lang='lat' dir='ltr'><strong>ima-</strong></span> 
     </span>
    </p>
   </div>
   <div class='ocr_carea' id='block_1_108' title="bbox 1960 4678 3540 4760">
    <p class='ocr_par' dir='ltr' id='par_1_108' title="bbox 1960 4678 3540 4760">
     <span class='ocr_line' id='line_1_108' title="bbox 1960 4678 3540 4760; baseline 0.007 -29"><span class='ocrx_word' id='word_1_788' title='bbox 1960 4681 2134 4751; x_wconf 80' lang='lat' dir='ltr'><strong>ginem</strong></span> <span class='ocrx_word' id='word_1_789' title='bbox 2175 4681 2228 4736; x_wconf 86' lang='lat' dir='ltr'><strong>in</strong></span> <span class='ocrx_word' id='word_1_790' title='bbox 2268 4679 2454 4748; x_wconf 84' lang='lat' dir='ltr'><strong>spiritu</strong></span> <span class='ocrx_word' id='word_1_791' title='bbox 2484 4678 2765 4748; x_wconf 76' lang='lat' dir='ltr'><strong>cogitando</strong></span> <span class='ocrx_word' id='word_1_792' title='bbox 2792 4681 3076 4746; x_wconf 82' lang='lat' dir='ltr'><strong>cernebat,</strong></span> <span class='ocrx_word' id='word_1_793' title='bbox 3105 4697 3207 4747; x_wconf 80' lang='lat' dir='ltr'><strong>nec</strong></span> <span class='ocrx_word' id='word_1_794' title='bbox 3235 4686 3429 4755; x_wconf 82' lang='lat' dir='ltr'><strong>aliquid</strong></span> <span class='ocrx_word' id='word_1_795' title='bbox 3457 4689 3540 4760; x_wconf 72' lang='lat' dir='ltr'><strong>iii--</strong></span> 
     </span>
    </p>
   </div>
   <div class='ocr_carea' id='block_1_109' title="bbox 1960 4769 3538 4848">
    <p class='ocr_par' dir='ltr' id='par_1_109' title="bbox 1960 4769 3538 4848">
     <span class='ocr_line' id='line_1_109' title="bbox 1960 4769 3538 4848; baseline -0.001 -22"><span class='ocrx_word' id='word_1_796' title='bbox 1960 4773 2171 4828; x_wconf 83' lang='lat' dir='ltr'><strong>tellectu</strong></span> <span class='ocrx_word' id='word_1_797' title='bbox 2205 4779 2432 4841; x_wconf 78' lang='lat' dir='ltr'><strong>poterat,</strong></span> <span class='ocrx_word' id='word_1_798' title='bbox 2459 4769 2555 4832; x_wconf 78' lang='lat' dir='ltr'><strong>nisi</strong></span> <span class='ocrx_word' id='word_1_799' title='bbox 2584 4786 2742 4828; x_wconf 86' lang='lat' dir='ltr'><strong>nosse</strong></span> <span class='ocrx_word' id='word_1_800' title='bbox 2767 4772 2975 4842; x_wconf 81' lang='lat' dir='ltr'><strong>signum</strong></span> <span class='ocrx_word' id='word_1_801' title='bbox 2995 4788 3137 4842; x_wconf 80' lang='lat' dir='ltr'><strong>esse,</strong></span> <span class='ocrx_word' id='word_1_802' title='bbox 3160 4778 3358 4847; x_wconf 80' lang='lat' dir='ltr'><strong>etquid</strong></span> <span class='ocrx_word' id='word_1_803' title='bbox 3383 4779 3538 4848; x_wconf 63' lang='lat' dir='ltr'><strong>signi.</strong></span> 
     </span>
    </p>
   </div>
   <div class='ocr_carea' id='block_1_110' title="bbox 1959 4864 2451 4936">
    <p class='ocr_par' dir='ltr' id='par_1_110' title="bbox 1959 4864 2451 4936">
     <span class='ocr_line' id='line_1_110' title="bbox 1959 4864 2451 4936; baseline -0.008 -18"><span class='ocrx_word' id='word_1_804' title='bbox 1959 4865 2142 4922; x_wconf 83' lang='lat' dir='ltr'><strong>licarct</strong></span> <span class='ocrx_word' id='word_1_805' title='bbox 2165 4864 2451 4936; x_wconf 77' lang='lat' dir='ltr'><strong>inquirere.</strong></span> 
     </span>
    </p>
   </div>
   <div class='ocr_carea' id='block_1_111' title="bbox 2027 4955 3537 5034">
    <p class='ocr_par' dir='ltr' id='par_1_111' title="bbox 2027 4955 3537 5034">
     <span class='ocr_line' id='line_1_111' title="bbox 2027 4955 3537 5034; baseline 0.004 -24"><span class='ocrx_word' id='word_1_806' title='bbox 2027 4956 2115 5012; x_wconf 74' lang='grc'><strong>24.</strong></span> <span class='ocrx_word' id='word_1_807' title='bbox 2143 4955 2282 5012; x_wconf 86' lang='lat' dir='ltr'><strong>Vidit</strong></span> <span class='ocrx_word' id='word_1_808' title='bbox 2302 4957 2492 5020; x_wconf 71' lang='lat' dir='ltr'><strong>Petrus</strong></span> <span class='ocrx_word' id='word_1_809' title='bbox 2519 4955 2571 5010; x_wconf 91' lang='lat' dir='ltr'><strong>in</strong></span> <span class='ocrx_word' id='word_1_810' title='bbox 2614 4955 2932 5026; x_wconf 65' lang='lat' dir='ltr'><strong>alienatione</strong></span> <span class='ocrx_word' id='word_1_811' title='bbox 2961 4958 3156 5028; x_wconf 78' lang='lat' dir='ltr'><strong>mentis</strong></span> <span class='ocrx_word' id='word_1_812' title='bbox 3187 4975 3277 5028; x_wconf 76' lang='lat' dir='ltr'><strong>vas</strong></span> <span class='ocrx_word' id='word_1_813' title='bbox 3301 4971 3537 5034; x_wconf 62' lang='lat' dir='ltr'><strong>quatitur</strong></span> 
     </span>
    </p>
   </div>
   <div class='ocr_carea' id='block_1_112' title="bbox 1959 5047 3509 5124">
    <p class='ocr_par' dir='ltr' id='par_1_112' title="bbox 1959 5047 3509 5124">
     <span class='ocr_line' id='line_1_112' title="bbox 1959 5047 3509 5124; baseline 0.003 -22"><span class='ocrx_word' id='word_1_814' title='bbox 1959 5050 2110 5106; x_wconf 90' lang='lat' dir='ltr'><strong>lineis</strong></span> <span class='ocrx_word' id='word_1_815' title='bbox 2137 5049 2404 5118; x_wconf 83' lang='lat' dir='ltr'><strong>alligatum</strong></span> <span class='ocrx_word' id='word_1_816' title='bbox 2431 5047 2665 5106; x_wconf 83' lang='lat' dir='ltr'><strong>submitti</strong></span> <span class='ocrx_word' id='word_1_817' title='bbox 2683 5047 2750 5104; x_wconf 92' lang='lat' dir='ltr'><strong>de</strong></span> <span class='ocrx_word' id='word_1_818' title='bbox 2769 5049 2905 5114; x_wconf 68' lang='lat' dir='ltr'><strong>coelo</strong></span> <span class='ocrx_word' id='word_1_819' title='bbox 2924 5049 3135 5118; x_wconf 83' lang='lat' dir='ltr'><strong>plenum</strong></span> <span class='ocrx_word' id='word_1_820' title='bbox 3157 5051 3314 5120; x_wconf 73' lang='lat' dir='ltr'><strong>variis</strong></span> <span class='ocrx_word' id='word_1_821' title='bbox 3332 5055 3509 5124; x_wconf 70' lang='lat' dir='ltr'><strong>apiina</strong></span> 
     </span>
    </p>
   </div>
   <div class='ocr_carea' id='block_1_113' title="bbox 1957 5131 3533 5224">
    <p class='ocr_par' dir='ltr' id='par_1_113' title="bbox 1957 5131 3533 5224">
     <span class='ocr_line' id='line_1_113' title="bbox 1957 5131 3533 5224; baseline -0.001 -26"><span class='ocrx_word' id='word_1_822' title='bbox 1957 5143 2115 5206; x_wconf 83' lang='lat' dir='ltr'><strong>libus,</strong></span> <span class='ocrx_word' id='word_1_823' title='bbox 2147 5157 2266 5196; x_wconf 90' lang='lat' dir='ltr'><strong>cum</strong></span> <span class='ocrx_word' id='word_1_824' title='bbox 2297 5141 2499 5200; x_wconf 72' lang='lat' dir='ltr'><strong>audivit</strong></span> <span class='ocrx_word' id='word_1_825' title='bbox 2525 5151 2579 5196; x_wconf 88' lang='lat' dir='ltr'><strong>et</strong></span> <span class='ocrx_word' id='word_1_826' title='bbox 2594 5156 2800 5208; x_wconf 88' lang='lat' dir='ltr'><strong>vocem,</strong></span> <span class='ocrx_word' id='word_1_827' title='bbox 2830 5141 3021 5208; x_wconf 66' lang='lat' dir='ltr'><strong>Macta,</strong></span> <span class='ocrx_word' id='word_1_828' title='bbox 3055 5153 3101 5197; x_wconf 85' lang='lat' dir='ltr'><strong>et</strong></span> <span class='ocrx_word' id='word_1_829' title='bbox 3129 5145 3396 5224; x_wconf 59' lang='lat' dir='ltr'><strong>nitendum.</strong></span> <span class='ocrx_word' id='word_1_830' title='bbox 3425 5131 3533 5212; x_wconf 70' lang='lat' dir='ltr'><strong>Qui</strong></span> 
     </span>
    </p>
   </div>
   <div class='ocr_carea' id='block_1_114' title="bbox 1957 5231 3535 5308">
    <p class='ocr_par' dir='ltr' id='par_1_114' title="bbox 1957 5231 3535 5308">
     <span class='ocr_line' id='line_1_114' title="bbox 1957 5231 3535 5308; baseline 0.003 -20"><span class='ocrx_word' id='word_1_831' title='bbox 1957 5250 2075 5288; x_wconf 90' lang='lat' dir='ltr'><strong>cum</strong></span> <span class='ocrx_word' id='word_1_832' title='bbox 2108 5233 2341 5294; x_wconf 81' lang='lat' dir='ltr'><strong>redditus</strong></span> <span class='ocrx_word' id='word_1_833' title='bbox 2359 5231 2602 5298; x_wconf 73' lang='lat' dir='ltr'><strong>sensibus</strong></span> <span class='ocrx_word' id='word_1_834' title='bbox 2633 5231 2698 5288; x_wconf 79' lang='lat' dir='ltr'><strong>de</strong></span> <span class='ocrx_word' id='word_1_835' title='bbox 2728 5233 2841 5301; x_wconf 77' lang='lat' dir='ltr'><strong>visu</strong></span> <span class='ocrx_word' id='word_1_836' title='bbox 2868 5233 3212 5303; x_wconf 81' lang='lat' dir='ltr'><strong>disceptaret,</strong></span> <span class='ocrx_word' id='word_1_837' title='bbox 3245 5252 3370 5300; x_wconf 83' lang='lat' dir='ltr'><strong>ecce</strong></span> <span class='ocrx_word' id='word_1_838' title='bbox 3397 5254 3535 5308; x_wconf 79' lang='lat' dir='ltr'><strong>quos</strong></span> 
     </span>
    </p>
   </div>
   <div class='ocr_carea' id='block_1_115' title="bbox 1956 5323 3536 5401">
    <p class='ocr_par' dir='ltr' id='par_1_115' title="bbox 1956 5323 3536 5401">
     <span class='ocr_line' id='line_1_115' title="bbox 1956 5323 3536 5401; baseline 0.003 -23"><span class='ocrx_word' id='word_1_839' title='bbox 1956 5323 2231 5386; x_wconf 84' lang='lat' dir='ltr'><strong>Cornelius</strong></span> <span class='ocrx_word' id='word_1_840' title='bbox 2261 5324 2494 5384; x_wconf 84' lang='lat' dir='ltr'><strong>miserat,</strong></span> <span class='ocrx_word' id='word_1_841' title='bbox 2530 5323 2789 5388; x_wconf 80' lang='lat' dir='ltr'><strong>nuntiavit</strong></span> <span class='ocrx_word' id='word_1_842' title='bbox 2811 5325 2858 5382; x_wconf 90' lang='lat' dir='ltr'><strong>ei</strong></span> <span class='ocrx_word' id='word_1_843' title='bbox 2903 5324 3122 5394; x_wconf 86' lang='lat' dir='ltr'><strong>spiritus</strong></span> <span class='ocrx_word' id='word_1_844' title='bbox 3147 5325 3326 5398; x_wconf 83' lang='lat' dir='ltr'><strong>dicens</strong></span> <span class='ocrx_word' id='word_1_845' title='bbox 3357 5346 3369 5383; x_wconf 87' lang='lat'><strong>:</strong></span> <span class='ocrx_word' id='word_1_846' title='bbox 3401 5328 3536 5401; x_wconf 69' lang='lat' dir='ltr'><strong>Ecce</strong></span> 
     </span>
    </p>
   </div>
   <div class='ocr_carea' id='block_1_116' title="bbox 1957 5413 3530 5490">
    <p class='ocr_par' dir='ltr' id='par_1_116' title="bbox 1957 5413 3530 5490">
     <span class='ocr_line' id='line_1_116' title="bbox 1957 5413 3530 5490; baseline 0.005 -24"><span class='ocrx_word' id='word_1_847' title='bbox 1957 5417 2047 5478; x_wconf 75' lang='lat' dir='ltr'><strong>piri</strong></span> <span class='ocrx_word' id='word_1_848' title='bbox 2068 5425 2294 5486; x_wconf 66' lang='lat' dir='ltr'><strong>quierunt</strong></span> <span class='ocrx_word' id='word_1_849' title='bbox 2321 5425 2407 5482; x_wconf 77' lang='lat' dir='ltr'><strong>te;</strong></span> <span class='ocrx_word' id='word_1_850' title='bbox 2433 5414 2522 5476; x_wconf 81' lang='lat' dir='ltr'><strong>sed</strong></span> <span class='ocrx_word' id='word_1_851' title='bbox 2539 5430 2709 5484; x_wconf 74' lang='lat' dir='ltr'><strong>surge,</strong></span> <span class='ocrx_word' id='word_1_852' title='bbox 2739 5413 3001 5486; x_wconf 67' lang='grc' dir='ltr'><strong>ὀεεεβηᾷβ,</strong></span> <span class='ocrx_word' id='word_1_853' title='bbox 3028 5424 3074 5472; x_wconf 82' lang='lat' dir='ltr'><strong>et</strong></span> <span class='ocrx_word' id='word_1_854' title='bbox 3093 5416 3217 5471; x_wconf 77' lang='lat' dir='ltr'><strong>vade</strong></span> <span class='ocrx_word' id='word_1_855' title='bbox 3259 5434 3371 5474; x_wconf 84' lang='lat' dir='ltr'><strong>cum</strong></span> <span class='ocrx_word' id='word_1_856' title='bbox 3401 5421 3530 5490; x_wconf 74' lang='lat' dir='ltr'><strong>iiiis,</strong></span> 
     </span>
    </p>
   </div>
   <div class='ocr_carea' id='block_1_117' title="bbox 1956 5503 3533 5590">
    <p class='ocr_par' dir='ltr' id='par_1_117' title="bbox 1956 5503 3533 5587">
     <span class='ocr_line' id='line_1_117' title="bbox 1956 5503 3533 5587; baseline 0.003 -26"><span class='ocrx_word' id='word_1_857' title='bbox 1956 5509 2072 5578; x_wconf 65' lang='lat' dir='ltr'><strong>quia</strong></span> <span class='ocrx_word' id='word_1_858' title='bbox 2096 5525 2183 5578; x_wconf 74' lang='lat' dir='ltr'><strong>ego</strong></span> <span class='ocrx_word' id='word_1_859' title='bbox 2211 5507 2321 5579; x_wconf 58' lang='lat' dir='ltr'><strong>ptis;</strong></span> <span class='ocrx_word' id='word_1_860' title='bbox 2339 5522 2442 5576; x_wconf 74' lang='lat' dir='ltr'><strong>eos.</strong></span> <span class='ocrx_word' id='word_1_861' title='bbox 2463 5503 2696 5576; x_wconf 83' lang='lat' dir='ltr'><strong>Quicum</strong></span> <span class='ocrx_word' id='word_1_862' title='bbox 2721 5505 2950 5586; x_wconf 75' lang='lat' dir='ltr'><strong>venisset</strong></span> <span class='ocrx_word' id='word_1_863' title='bbox 2969 5505 3033 5579; x_wconf 72' lang='lat' dir='ltr'><strong>ad</strong></span> <span class='ocrx_word' id='word_1_864' title='bbox 3053 5504 3376 5580; x_wconf 49' lang='lat' dir='ltr'><strong>&#39;Cornelium,</strong></span> <span class='ocrx_word' id='word_1_865' title='bbox 3407 5511 3533 5587; x_wconf 77' lang='lat' dir='ltr'><strong>quid</strong></span> 
     </span>
    </p>
   </div>
   <div class='ocr_carea' id='block_1_118' title="bbox 1957 5596 3534 5678">
    <p class='ocr_par' dir='ltr' id='par_1_118' title="bbox 1957 5596 3534 5678">
     <span class='ocr_line' id='line_1_118' title="bbox 1957 5596 3534 5678; baseline -0.004 -26"><span class='ocrx_word' id='word_1_866' title='bbox 1957 5599 2008 5652; x_wconf 90' lang='lat' dir='ltr'><strong>in</strong></span> <span class='ocrx_word' id='word_1_867' title='bbox 2042 5599 2128 5652; x_wconf 90' lang='lat' dir='ltr'><strong>illa</strong></span> <span class='ocrx_word' id='word_1_868' title='bbox 2171 5597 2375 5651; x_wconf 63' lang='lat' dir='ltr'><strong>visione</strong></span> <span class='ocrx_word' id='word_1_869' title='bbox 2428 5596 2763 5659; x_wconf 81' lang='lat' dir='ltr'><strong>intellexerit,</strong></span> <span class='ocrx_word' id='word_1_870' title='bbox 2799 5596 2884 5649; x_wconf 86' lang='lat' dir='ltr'><strong>tibi</strong></span> <span class='ocrx_word' id='word_1_871' title='bbox 2928 5596 3188 5664; x_wconf 87' lang='lat' dir='ltr'><strong>audierat,</strong></span> <span class='ocrx_word' id='word_1_872' title='bbox 3227 5601 3353 5676; x_wconf 65' lang='grc' dir='ltr'><strong>ραφ</strong></span> <span class='ocrx_word' id='word_1_873' title='bbox 3393 5604 3534 5678; x_wconf 42' lang='grc' dir='ltr'><strong>μεμε</strong></span> 
     </span>
    </p>
   </div>
   <div class='ocr_carea' id='block_1_119' title="bbox 1957 5687 3527 5757">
    <p class='ocr_par' dir='ltr' id='par_1_119' title="bbox 1957 5687 3527 5757">
     <span class='ocr_line' id='line_1_119' title="bbox 1957 5687 3527 5757; baseline 0.001 -13"><span class='ocrx_word' id='word_1_874' title='bbox 1957 5692 2234 5756; x_wconf 72' lang='lat' dir='ltr'><strong>mandarit,</strong></span> <span class='ocrx_word' id='word_1_875' title='bbox 2257 5700 2306 5743; x_wconf 88' lang='lat' dir='ltr'><strong>tu</strong></span> <span class='ocrx_word' id='word_1_876' title='bbox 2329 5705 2391 5742; x_wconf 83' lang='lat' dir='ltr'><strong>ne</strong></span> <span class='ocrx_word' id='word_1_877' title='bbox 2405 5687 2686 5741; x_wconf 84' lang='lat' dir='ltr'><strong>communio</strong></span> <span class='ocrx_word' id='word_1_878' title='bbox 2706 5687 2913 5754; x_wconf 69' lang='lat' dir='ltr'><strong>dixeris,</strong></span> <span class='ocrx_word' id='word_1_879' title='bbox 2930 5687 3041 5757; x_wconf 87' lang='lat' dir='ltr'><strong>ipse</strong></span> <span class='ocrx_word' id='word_1_880' title='bbox 3063 5689 3309 5747; x_wconf 85' lang='lat' dir='ltr'><strong>indicavit</strong></span> <span class='ocrx_word' id='word_1_881' title='bbox 3325 5695 3527 5753; x_wconf 75' lang='lat' dir='ltr'><strong>dicens;</strong></span> 
     </span>
    </p>
   </div>
   <div class='ocr_carea' id='block_1_120' title="bbox 1957 5781 3531 5877">
    <p class='ocr_par' dir='ltr' id='par_1_120' title="bbox 1957 5781 3531 5877">
     <span class='ocr_line' id='line_1_120' title="bbox 1957 5781 3531 5877; baseline -0.003 -39"><span class='ocrx_word' id='word_1_882' title='bbox 1957 5787 2060 5865; x_wconf 56' lang='grc' dir='ltr'><strong>δρᾷ</strong></span> <span class='ocrx_word' id='word_1_883' title='bbox 2079 5787 2201 5864; x_wconf 60' lang='lat' dir='ltr'><strong>mitti</strong></span> <span class='ocrx_word' id='word_1_884' title='bbox 2230 5784 2366 5863; x_wconf 49' lang='lat' dir='ltr'><strong>item</strong></span> <span class='ocrx_word' id='word_1_885' title='bbox 2381 5782 2592 5863; x_wconf 66' lang='lat' dir='ltr'><strong>osteitdit</strong></span> <span class='ocrx_word' id='word_1_886' title='bbox 2615 5781 2856 5866; x_wconf 59' lang='lat' dir='ltr'><strong>neiitineni</strong></span> <span class='ocrx_word' id='word_1_887' title='bbox 2869 5797 3180 5872; x_wconf 66' lang='lat' dir='ltr'><strong>epinmuneni</strong></span> <span class='ocrx_word' id='word_1_888' title='bbox 3201 5796 3286 5873; x_wconf 56' lang='lat' dir='ltr'><strong>fit:</strong></span> <span class='ocrx_word' id='word_1_889' title='bbox 3307 5789 3531 5877; x_wconf 57' lang='lat' dir='ltr'><strong>imum”-</strong></span> 
     </span>
    </p>
   </div>
  </div>
