4090 6484
507 414 616 477 ιδδ

514 541 638 592 dum
661 536 915 592 hominem
937 538 1104 592 dicere
1125 537 1144 610 (
1165 538 1277 592 Act.
1299 553 1358 605 x,
1381 537 1544 594 10-28
1569 536 1612 610 ).
1643 538 1775 594 Cum
1789 552 1918 610 ergo
1943 538 2093 594 illum

511 633 721 691 discum
751 630 954 688 videret
979 630 1240 688 alienatus
1261 647 1293 687 a
1316 631 1557 703 corporis
1594 632 1860 699 sensibus,
1887 641 1941 689 et
1980 632 2098 688 illas

515 741 696 795 voces,
726 724 922 792 Macta,
943 733 991 780 et
1019 724 1293 790 manduca,
1313 733 1392 792 et,
1427 723 1554 790 ρυω
1579 723 1719 780 Deus
1743 725 2023 792 inundavit,
2041 733 2096 779 tu

513 821 802 877 communia
829 835 894 875 ne
911 818 1122 885 dixeris,
1143 818 1195 873 in
1219 817 1410 889 spiritu
1430 817 1698 874 audiebat.
1722 817 1982 874 Redditus
2001 832 2098 872 au-

513 923 622 968 tem
649 911 892 983 corporis
919 910 1183 978 sensibus,
1211 909 1438 980 idipsum
1459 910 1600 982 quod
1617 911 1786 965 visum
1813 919 1972 980 atque
1997 925 2096 964 au-

512 1006 682 1061 (litum
710 1004 966 1060 memoria
1005 1010 1266 1066 tenuerat,
1299 1001 1352 1057 in
1379 1001 1568 1058 eodem
1597 1002 1786 1072 spiritu
1811 999 2098 1072 cogitando

512 1097 788 1153 cernebat.
811 1095 939 1164 Quae
963 1094 1142 1150 omnia
1159 1109 1264 1150 non
1290 1087 1606 1164 corporalia,
1627 1093 1722 1148 sed
1737 1093 2096 1164 corporalium

515 1189 770 1259 nnagines
798 1195 970 1252 erant,
1001 1187 1116 1242 sive
1137 1201 1258 1242 cum
1290 1185 1520 1256 primum
1560 1186 1612 1239 in
1639 1185 1752 1256 ipsa
1778 1183 2098 1238 alienatione

513 1282 638 1338 \iszn
658 1290 801 1348 sunt,
829 1280 943 1335 sive
968 1294 1088 1334 cum
1111 1287 1294 1348 postea
1327 1277 1619 1334 recordata:
1646 1286 1806 1346 atque
1828 1275 2094 1346 cogitatae.

513 1374 644 1427 Cum
671 1387 798 1425 vero
821 1369 1239 1440 disceptabatur,
1271 1377 1325 1424 et
1351 1368 1722 1438 requirebatur
1745 1377 1802 1421 ut
1827 1366 1915 1421 illa
1947 1366 2096 1435 signa

511 1463 954 1533 intelligerentur,
983 1460 1177 1516 mentis
1205 1469 1320 1516 erat
1342 1461 1480 1516 actio
1499 1460 1760 1524 conantis,
1791 1457 1886 1512 sed
1915 1457 2099 1512 deerat

512 1554 732 1610 cﬂ‘ectus
754 1555 772 1586 ⁸
795 1555 968 1610 donec
983 1555 1207 1609 nuntiati
1228 1562 1351 1608 sunt
1371 1553 1460 1624 qui
1484 1561 1784 1607 veneranta
1806 1549 2094 1616 Cornelio;

512 1649 615 1704 hac
642 1664 769 1704 vero
815 1648 1081 1719 corporali
1119 1647 1282 1704 etiam
1323 1645 1616 1702 accedente
1640 1645 1867 1709 visione,
1895 1658 2016 1697 cum
2043 1650 2100 1696 et

511 1740 743 1811 Spiritus
792 1749 1008 1795 sanctus
1049 1754 1234 1795 rursus
1278 1739 1329 1793 in
1375 1738 1562 1808 spiritu
1597 1737 1646 1792 ei
1695 1736 1915 1802 diceret,
1960 1732 2100 1788 Vade

510 1850 624 1887 cum
651 1834 743 1899 eis,
773 1832 863 1888 ubi
892 1840 946 1887 et
961 1831 1088 1886 illud
1106 1832 1312 1901 signum
1338 1830 1737 1895 ostenderat,et
1756 1828 2100 1896 impresserat

509 1941 694 1992 voces,
725 1926 902 1994 adjuta
919 1924 1170 1980 divinitus
1196 1938 1346 1978 mens
1373 1922 1629 1977 intellexit
1655 1919 1781 1990 quid
1810 1920 1914 1974 illis
1933 1919 2099 1988 signis

510 2020 760 2076 omnibus
783 2028 1050 2091 ageretur.
1079 2017 1171 2072 His
1190 2027 1350 2087 atque
1370 2015 1672 2085 hujusmodi
1700 2013 1859 2068 rebus
1872 2012 2100 2082 diligen-

506 2123 591 2170 ter
617 2113 985 2177 consideratis,
1018 2111 1147 2165 satis
1189 2118 1409 2180 apparet
1456 2107 1786 2178 corporalem
1836 2105 2097 2160 visionem

506 2203 694 2260 referri
721 2202 788 2258 ad
813 2202 1160 2276 spiritualem,
1191 2215 1416 2270 eamque
1443 2198 1776 2270 spiritualem
1817 2196 2004 2252 referri
2028 2194 2097 2251 ad

502 2296 934 2354 intellectualem.

533 2387 536 2390 ἢ
625 2421 856 2481 CAPUT
893 2421 1011 2479 XII.
1043 2452 1117 2464 —
1135 2421 1426 2494 Corporalis
1449 2429 1496 2474 et
1516 2417 1798 2490 spiritualis
1826 2416 1972 2472 visio.

575 2558 668 2615 25.
690 2556 797 2614 Sed
817 2572 940 2612 cum
960 2556 1259 2628 vigilantes,
1279 2569 1450 2625 neque
1471 2563 1649 2608 mente
1668 2566 1696 2606 a
1719 2550 1962 2606 sensibus
1977 2564 2097 2604 cor-

509 2651 660 2720 poris
679 2649 927 2715 alienata,
956 2649 1010 2704 in
1055 2649 1260 2703 visione
1283 2645 1550 2717 corporali
1597 2659 1806 2710 sumus,
1837 2641 2097 2698 discerni-

506 2757 628 2797 mus
647 2741 716 2796 ab
739 2757 802 2796 ea
830 2741 1087 2796 visionem
1117 2738 1470 2810 spiritualem,
1485 2753 1586 2808 qua
1607 2751 1830 2806 corpora
1855 2734 2096 2790 absentia

511 2835 871 2906 imaginaliter
920 2835 1236 2904 cogitamus,
1268 2835 1380 2888 sive
1410 2833 1721 2887 memoriter
1750 2829 2096 2886 recordantes

509 2940 630 2995 quae
653 2925 921 2991 novimus,
953 2925 1064 2978 sive
1084 2939 1205 2993 qum
1230 2940 1333 2978 non
1361 2925 1606 2977 novimus
1625 2930 1679 2976 et
1722 2931 1904 2976 tamen
1946 2928 2094 2987 sunt,

504 3013 562 3068 in
593 3015 705 3084 ipsa
725 3015 943 3084 spiritus
979 3015 1298 3084 cogitatione
1321 3024 1607 3083 utcumque
1637 3013 1949 3080 formantes,
1982 3013 2096 3068 sive

504 3121 625 3178 qua:
654 3107 873 3161 omnino
895 3121 1156 3177 nusquam
1183 3114 1325 3172 sunt,
1359 3122 1455 3174 pro
1480 3105 1699 3160 arbitrio
1725 3105 1807 3160 vel
1835 3104 2096 3174 opinatio-

504 3213 576 3253 ne
605 3197 882 3268 (iungentes.
917 3197 998 3252 Ab
1015 3197 1100 3252 his
1125 3197 1372 3252 omnibus
1394 3197 1463 3250 ita
1490 3195 1842 3250 discernimus
1865 3194 1953 3249 illa
1975 3209 2095 3248 cor-

504 3291 711 3362 poralia
732 3307 850 3362 qure
888 3290 1152 3356 videmus,
1199 3301 1253 3345 et
1281 3289 1338 3342 in
1365 3289 1557 3358 quibus
1583 3287 1930 3358 prmsentibus
1971 3294 2095 3341 sunt

503 3400 695 3440 sensus
741 3385 984 3455 corporis
1034 3385 1226 3447 nostri,
1259 3393 1451 3437 utnon
1480 3382 1784 3437 dubitemus
1832 3380 1946 3434 [nec
1974 3393 2094 3435 esse

505 3491 754 3548 corpora,
789 3477 905 3532 illas
933 3493 1060 3532 vero
1111 3475 1370 3547 imagines
1397 3491 1700 3546 corporum.
1745 3473 1879 3531 Cum
1907 3483 2090 3530 autem

502 3569 586 3624 vel
611 3569 770 3623 nimia
796 3568 1133 3640 cogitationis
1162 3568 1475 3635 intentione,
1506 3568 1590 3622 vel
1614 3569 1789 3639 aliqua
1815 3568 1865 3622 vi
1893 3568 2089 3635 morbi,

502 3667 563 3714 ut
584 3659 908 3732 phreneticis
938 3676 1034 3730 per
1070 3659 1276 3716 febrem
1300 3660 1541 3716 accidere
1569 3661 1727 3728 solet,
1748 3661 1831 3716 vel
1861 3661 2092 3715 commi-

505 3752 689 3807 xtione
713 3751 1024 3822 cujusquam
1049 3751 1271 3807 alterius
1298 3753 1513 3822 spiritus
1537 3768 1632 3808 seu
1670 3753 1793 3807 mali
1822 3769 1914 3808 seu
1939 3752 2088 3820 boni,

505 3844 579 3899 ita
605 3845 960 3915 corporalium
1007 3861 1187 3900 rerum
1217 3845 1269 3900 in
1297 3844 1487 3914 spiritu
1511 3845 1879 3914 exprimuntur
1906 3846 2094 3916 imagi-

504 3952 624 4003 nes,
648 3946 899 4007 tanquam
920 3936 1047 4006 ipsis
1071 3937 1310 4006 corporis
1337 3936 1584 3992 sensibus
1610 3951 1831 4006 corpora
1859 3953 2092 4007 praesen-

511 4039 713 4098 tentur,
742 4039 992 4086 manente
1045 4043 1224 4085 tamen
1271 4031 1433 4085 etiam
1487 4030 1539 4084 in
1580 4030 1824 4084 sensibus
1850 4031 2092 4101 corporis

503 4123 839 4190 intentione;
871 4123 948 4179 sic
969 4123 1214 4178 videntur
1241 4139 1359 4194 qua:
1385 4123 1436 4178 in
1464 4124 1650 4194 spiritu
1673 4124 1807 4178 ﬁunt
1835 4123 2092 4194 imagines

503 4232 811 4287 corporum,
863 4215 1309 4286 quemadmodum
1340 4231 1565 4287 corpora
1597 4217 1707 4286 ipsa
1735 4232 1830 4287 per
1855 4232 2086 4286 corpus;

503 4313 577 4366 ita
604 4311 837 4366 utsimul
860 4318 1110 4366 cernatur
1139 4318 1194 4365 et
1221 4310 1381 4363 homo
1409 4309 1600 4379 aliquis
1630 4325 1865 4378 przcsens
1891 4310 2088 4378 oculis,

505 4413 560 4460 et
604 4405 798 4459 absens
845 4402 982 4458 alius
1010 4403 1198 4473 spiritu
1225 4410 1474 4472 tanquam
1505 4403 1690 4456 oculis.
1725 4403 1854 4457 Nam
1885 4405 2091 4475 experti

465 4539 468 4544 .
501 4509 689 4550 sumus
709 4494 787 4549 sic
805 4493 1024 4550 affectos
1049 4505 1238 4549 etcum
1263 4494 1343 4549 eis
1369 4493 1574 4548 locutos
1589 4493 1677 4564 qui
1694 4510 1820 4550 vere
1844 4494 2087 4562 aderant,

474 4597 476 4600 '
505 4594 564 4641 et
588 4601 708 4640 cum
738 4585 854 4639 aliis
878 4585 968 4656 qui
994 4600 1098 4640 non
1122 4584 1364 4649 aderant,
1391 4596 1642 4655 tanquam
1665 4587 1937 4641 adessent.
1980 4586 2090 4643 Re-

506 4677 822 4748 sipiseentes
846 4687 1025 4732 autem
1047 4677 1209 4746 aliqui
1245 4676 1486 4733 referunt
1509 4677 1652 4748 quod
1681 4677 1960 4745 vidissent,
1989 4678 2090 4735 ali-

507 4769 598 4840 qui
647 4783 752 4823 non
784 4776 1024 4838 possunt.
1053 4768 1141 4823 Sic
1169 4769 1310 4823 enim
1342 4778 1396 4823 et
1425 4771 1629 4824 somnia
1655 4770 1866 4840 quidam
1895 4769 2090 4826 oblivi-

505 4860 980 4932 scuntur,quidam
1011 4861 1393 4916 meminerunt.
1425 4861 1651 4929 Quando
1675 4873 1851 4920 autem
1872 4865 2089 4936 penitus

501 4953 760 5009 avertitur
797 4963 956 5022 atque
1009 4951 1267 5024 abripitur
1313 4954 1475 5007 animi
1526 4955 1750 5010 intentio
1786 4971 1816 5010 a
1841 4956 2090 5013 sensibus

503 5045 764 5115 corporis,
796 5053 922 5098 tunc
947 5045 1114 5114 magis
1167 5043 1389 5098 ecstasis
1411 5044 1515 5099 dici
1545 5047 1701 5100 solet.
1733 5047 1882 5103 Tunc
1910 5049 2089 5103 omni-

507 5153 578 5191 no
613 5151 963 5206 quazcumque
987 5137 1097 5189 sint
1124 5137 1404 5205 praesentia
1433 5152 1680 5207 corpora,
1711 5139 1871 5194 etiam
1896 5151 2088 5210 paten-

503 5231 644 5286 tibus
662 5229 830 5286 oculis
860 5245 965 5284 non
993 5228 1260 5295 videntur,
1293 5247 1391 5285 nec
1416 5231 1536 5286 ullae
1566 5247 1722 5288 voces
1754 5248 1972 5303 prorsus
1988 5251 2087 5291 au-

502 5321 720 5378 diuntur
753 5340 766 5378 :
795 5329 938 5376 totus
968 5321 1129 5376 animi
1160 5322 1430 5377 contuitus
1456 5333 1547 5377 aut
1573 5323 1626 5378 in
1647 5339 1930 5395 corporum
1949 5327 2087 5382 imae

502 5415 713 5486 ginibus
745 5426 828 5472 est
857 5431 952 5486 per
990 5415 1343 5486 spiritualem,
1371 5425 1461 5471 aut
1491 5418 1543 5472 in
1574 5418 1732 5474 rebus
1760 5420 2090 5492 incorporeis

501 5510 644 5565 nulla
701 5509 942 5580 corporis
980 5509 1213 5581 imagine
1257 5509 1492 5582 ﬁguratis
1527 5527 1626 5584 per
1672 5513 2087 5574 intellectualem

501 5613 786 5657 νιδιοιιθω.

564 5801 715 5853 ιω.

497 5861 680 5915 delicet
699 5865 822 5928 signi

494 5935 772 5992 usurpawr.

963 5811 1204 5853 consensu
1224 5834 1240 5860 ,
1283 5802 1482 5868 enectus
1509 5813 1526 5852 :
1550 5801 1674 5868 forte
1717 5805 1911 5868 melius,
1935 5821 1998 5859 eo
2017 5811 2089 5861 vt-

918 5873 986 5926 tu,
1010 5877 1107 5927 quo
1131 5872 1300 5928 postea
1316 5864 1370 5914 *n.
1400 5864 1462 5915 αὖ
1477 5899 1494 5928 ,
1517 5865 1777 5931 aﬂbctioms
1805 5864 2087 5924 vocabulum

1399 419 1488 477 DE
1525 419 1771 479 GENESI
1806 419 1900 476 AD
1937 413 2307 489 LITTERAM,
2345 419 2404 477 S.
2444 414 2811 479 AUGUSTINI

3681 422 3792 483 464

2272 539 2363 595 26.
2395 539 2502 596 Sed
2527 554 2648 596 cum
2678 539 2967 611 spiritualis
3005 540 3160 608 visio,
3213 542 3426 614 penitus
3476 543 3711 602 alienato
3749 561 3787 602 a

2201 631 2447 688 sensibus
2471 633 2711 702 corporis
2735 632 2935 703 animo,
2966 633 3283 707 imaginibus
3308 638 3669 708 corporalium
3691 639 3794 695 de-

2203 725 2422 792 tinetur,
2454 725 2568 780 sive
2594 726 2647 780 in
2673 727 2878 782 somnis
2899 726 3014 784 sive
3034 727 3086 783 in
3117 729 3329 795 ecstasi,
3348 731 3392 785 si
3423 730 3556 786 nihil
3581 729 3796 800 signia-

2202 825 2326 872 cant
2349 833 2469 886 qua)
2487 817 2754 886 videntur,
2777 818 2942 890 ipsius
2962 821 3157 877 anima:
3181 832 3306 876 sunt
3330 821 3741 892 imaginationes
3767 839 3785 877 :

2201 911 2338 966 sicut
2361 912 2522 967 etiam
2544 911 2824 982 vigilantes
2845 923 2898 968 et
2917 914 3054 982 sani,
3082 924 3138 969 et
3165 915 3309 971 nulla
3329 914 3650 970 alienatione
3670 931 3793 971 mo-

2201 1003 2262 1071 ti,
2285 1005 2573 1060 multorum
2600 1019 2884 1074 corporum
2907 1022 3027 1076 qua:
3057 1021 3162 1061 non
3179 1006 3375 1061 adsunt
3398 1007 3641 1062 sensibus
3662 1021 3792 1062 cor-

2201 1095 2367 1164 poris,
2394 1096 2718 1166 cogitatione
2764 1097 3022 1168 imagines
3071 1107 3308 1154 versant.
3347 1099 3543 1154 Verum
3572 1097 3676 1155 hoc
3704 1099 3794 1154 in-

2202 1193 2387 1250 terest,
2416 1187 2558 1257 quod
2601 1201 2696 1243 eas
2721 1203 2752 1242 a
2800 1189 3157 1258 praasentibus
3185 1188 3432 1260 verisque
3475 1190 3795 1260 corporibus

2201 1278 2465 1331 constanti
2493 1277 2774 1334 aﬁ‘ectione
2798 1279 3128 1336 discernunt.
3161 1282 3216 1336 Si
3257 1291 3435 1336 autem
3479 1281 3680 1352 aliquid
3712 1283 3794 1337 si-

2201 1367 2471 1436 gniﬁcant;
2499 1369 2612 1424 sive
2627 1369 3018 1427 dormientibus
3042 1372 3418 1438 exliibeantur,
3442 1373 3556 1428 sive
3575 1373 3797 1443 vigilan-

2203 1459 2362 1524 tibus,
2384 1470 2576 1517 cumet
2599 1463 2770 1519 oculis
2799 1463 2972 1520 vident
3006 1465 3288 1535 praasentia
3310 1481 3557 1535 corpora,
3581 1475 3635 1521 et
3661 1467 3794 1522 abs-

2201 1554 2400 1608 entium
2432 1554 2690 1626 imagines
2707 1566 2932 1612 cernunt
2960 1558 3170 1628 spiritu,
3195 1567 3446 1630 tanquam
3464 1559 3632 1613 oculis
3655 1575 3796 1629 prae.

2201 1652 2288 1700 sto
2314 1644 2444 1712 sint,
2466 1645 2580 1700 sive
2596 1646 2684 1700 illa
2700 1662 2818 1717 quae
2835 1648 3058 1704 ecstasis
3072 1648 3286 1717 dicitur,
3310 1649 3541 1704 alienato
3563 1665 3791 1720 prorsus

2201 1734 2380 1791 animo
2427 1750 2458 1789 a
2499 1737 2749 1792 sensibus
2789 1739 3072 1808 corporis;
3113 1740 3281 1794 mirus
3309 1739 3497 1795 modus
3539 1753 3621 1796 est
3651 1759 3665 1796 :
3695 1740 3797 1797 sed

2201 1828 2585 1885 commixtione
2612 1831 2629 1862 ί
2657 1830 2874 1885 alterius
2895 1831 3112 1901 spiritus
3139 1831 3254 1887 ﬁeri
3284 1841 3459 1904 potest
3481 1841 3538 1888 ut
3573 1849 3634 1888 ea
3665 1849 3793 1903 qua:

2202 1919 2314 1988 ipse
2343 1920 2466 1988 scit,
2519 1937 2616 1991 per
2661 1921 2966 1991 bnjusmodi
3013 1923 3268 1993 imagines
3309 1925 3360 1980 ei
3403 1924 3490 1979 cui
3539 1926 3798 1980 miscetur

2200 2011 2464 2077 ostendat,
2488 2013 2599 2068 sive
2629 2014 2962 2085 intelligenti,
2994 2015 3110 2070 sive
3159 2024 3218 2070 ut
3263 2015 3334 2070 ab
3373 2017 3477 2071 alio
3524 2016 3796 2072 intellecta

2200 2101 2522 2171 pandantur.
2555 2104 2610 2159 Si
2631 2105 2772 2161 enim
2802 2105 3241 2162 demonstrantur
3267 2107 3401 2174 ham,
3432 2121 3533 2162 nec
3551 2107 3733 2178 utique
3760 2121 3795 2160 a

2199 2206 2424 2262 corpore
2453 2193 2810 2250 demonstrari
2839 2206 3082 2268 possunt,
3125 2197 3254 2270 quid
3297 2207 3466 2254 restat
3509 2199 3612 2254 nisi
3638 2207 3697 2254 ut
3722 2199 3796 2254 ab

2200 2284 2378 2356 aliquo
2403 2286 2592 2356 spiritu
2616 2287 3091 2346 demonstrentur?

2245 2420 2469 2478 CAPUT
2506 2421 2644 2478 Xlll.
2671 2453 2744 2466 —-
2770 2425 2848 2480 An
2873 2425 2990 2480 insit
3010 2425 3062 2480 in
3085 2426 3257 2481 anima
3279 2426 3354 2482 vis
3379 2426 3722 2482 divinationis.

2269 2549 2360 2604 27.
2390 2549 2635 2606 Nonnuili
2666 2552 2880 2622 quidem
2909 2552 3094 2608 volunt
3120 2553 3351 2608 animam
3380 2552 3668 2608 humanam
3696 2552 3796 2607 ha-

2200 2640 2330 2698 bere
2367 2641 2474 2696 vim
2505 2643 2786 2714 quamdam
2836 2643 3178 2700 divinationis
3210 2647 3262 2700 in
3293 2647 3488 2717 seipsa.
3515 2645 3619 2702 Sed
3640 2647 3686 2700 si
3718 2646 3795 2701 ita

2199 2745 2301 2798 est,
2349 2750 2447 2790 cur
2476 2752 2581 2790 non
2629 2751 2843 2806 semper
2883 2745 3078 2807 potest,
3110 2752 3230 2792 cum
3265 2753 3479 2808 semper
3506 2737 3674 2793 velit?
3701 2737 3789 2794 Au

2199 2826 2322 2896 quia
2349 2842 2453 2883 non
2475 2842 2687 2898 semper
2713 2829 2994 2900 adjuvatur
3020 2839 3076 2885 ut
3092 2831 3259 2900 possit
3281 2831 3305 2884 ?
3331 2828 3463 2886 Cum
3489 2847 3618 2902 ergo
3635 2829 3798 2899 adju-

2199 2929 2373 2986 vatur,
2403 2922 2656 2991 numquid
2680 2938 2712 2977 a
2735 2924 2899 2991 nullo,
2916 2933 3008 2978 aut
3033 2939 3062 2978 a
3083 2938 3309 2994 corpore
3328 2924 3514 2980 adhoc
3533 2924 3787 2993 adjuvari

2197 3015 2422 3090 potest?
2449 3015 2680 3072 Proinde
2704 3028 2866 3073 restat
2893 3026 2952 3072 ut
2979 3033 3010 3072 a
3038 3017 3226 3088 spiritu
3251 3017 3546 3089 adjuvetur.
3573 3017 3788 3074 Deinde

2199 3112 2468 3184 quomodo
2495 3111 2810 3182 adjuvatur?
2834 3111 3023 3170 Utrum
3051 3113 3102 3167 in
3129 3127 3356 3184 corpore
3395 3113 3455 3167 ﬁt
3478 3097 3698 3183 aliquid,
3730 3120 3796 3166 ut

2200 3204 2324 3258 inde
2343 3203 2494 3274 quasi
2514 3203 2780 3260 relaxetur
2808 3213 2862 3259 et
2889 3205 3082 3260 emicet
3105 3205 3221 3272 ejus
3248 3205 3490 3270 intentio,
3524 3220 3629 3276 quo
3659 3205 3714 3258 in
3734 3204 3793 3259 id

2198 3295 2400 3361 veniat,
2428 3295 2515 3350 ubi
2543 3295 2595 3350 in
2617 3296 2792 3367 seipsa
2819 3295 3368 3366 videatsigniﬁcantes
3384 3295 3788 3363 similitudines,

2197 3402 2318 3457 qua:
2346 3387 2418 3441 ibi
2437 3387 2546 3456 jam
2580 3397 2753 3453 erant,
2779 3403 2878 3444 nec
2897 3387 3232 3456 videbantur,
3261 3387 3401 3443 sicut
3425 3389 3587 3442 multa
3615 3388 3790 3444 habe-

2198 3495 2318 3534 mus
2342 3488 2398 3534 et
2427 3481 2477 3534 in
2506 3479 2785 3545 memoria,
2818 3495 2936 3550 qua:
2959 3495 3065 3534 non
3093 3495 3305 3550 semper
3351 3479 3664 3534 intuemur?
3703 3480 3792 3533 An

2199 3570 2332 3624 ﬁunt
2358 3569 2485 3638 illic,
2503 3587 2620 3641 qua:
2649 3579 2773 3626 ante
2803 3586 2908 3625 non
2934 3567 3167 3638 fuerant,
3199 3571 3284 3627 vel
3313 3570 3364 3625 in
3391 3571 3570 3640 aliquo
3593 3569 3792 3639 spiritu

2197 3673 2341 3730 sunt,
2373 3678 2480 3733 quo
2518 3663 2606 3716 illa
2633 3677 2918 3734 erumpens
2952 3671 3008 3718 et
3047 3677 3328 3733 emergens
3353 3663 3423 3717 ibi
3449 3677 3542 3718 eas
3563 3661 3793 3716 videat?

2197 3753 2304 3809 Sed
2331 3754 2376 3809 si
2405 3754 2516 3825 jam
2563 3755 2616 3809 in
2661 3755 2749 3809 illa
2791 3763 2947 3811 erant
2973 3756 3124 3826 quasi
3154 3757 3387 3826 proprie,
3417 3771 3512 3811 cur
3535 3770 3629 3812 eas
3676 3769 3791 3809 non

2196 3845 2358 3900 etiam
2404 3857 2792 3918 consequenter
2830 3847 3116 3920 intelligit?
3146 3849 3446 3919 Aliquando
3469 3849 3637 3915 enim,
3670 3847 3784 3902 imo

2197 3939 2509 4011 plerumque
2539 3955 2646 3996 non
2674 3941 2938 4012 intelligit.
2966 3944 3047 3996 An
3068 3942 3206 3997 sicut
3225 3941 3442 4013 spiritus
3483 3941 3600 4011 ejus
3623 3940 3785 4010 adju-

2199 4039 2282 4086 tus
2306 4041 2410 4099 est,
2443 4042 2499 4086 ut
2520 4047 2612 4088 eas
2641 4031 2698 4087 in
2721 4046 2781 4089 se
2824 4032 3049 4099 videret,
3083 4032 3154 4088 ita
3180 4042 3234 4088 et
3259 4047 3410 4088 mens
3435 4031 3538 4087 nisi
3565 4031 3790 4101 adjuve-

2196 4132 2303 4191 tur,
2331 4140 2394 4181 ea
2419 4141 2538 4196 quae
2589 4125 2753 4182 habet
2796 4126 3042 4198 Spiritus,
3081 4125 3379 4196 intelligere
3407 4140 3514 4180 non
3565 4123 3788 4193 potest?

2195 4217 2278 4272 An
2304 4215 2442 4272 forte
2469 4233 2575 4273 non
2595 4233 2852 4288 corporea
2875 4226 3237 4284 removentur,
3261 4216 3344 4272 vel
3371 4215 3522 4287 quasi
3545 4215 3790 4270 relaxan-

2196 4314 2289 4366 tur
2323 4307 2722 4379 impedimenta,
2751 4318 2804 4364 ut
2836 4323 2933 4363 suo
2960 4309 3159 4379 impetu
3185 4309 3361 4363 anima
3384 4309 3438 4362 in
3463 4322 3526 4363 ea
3555 4322 3673 4375 qua:
3699 4305 3781 4361 vi-

2195 4397 2368 4455 denda
2383 4406 2527 4467 sunt,
2554 4399 2976 4466 exseratur;sed
2998 4399 3111 4470 ipsa
3129 4415 3346 4469 prorsus
3380 4398 3434 4453 in
3472 4397 3586 4454 tunc
3628 4412 3787 4452 assu-

2194 4491 2378 4556 mitur,
2410 4490 2523 4546 sive
2539 4497 2746 4546 tantum
2767 4491 3114 4564 spiritualiter
3155 4489 3439 4558 cernenda,
3485 4489 3596 4544 sive
3619 4490 3783 4544 etiam

2195 4581 2626 4638 intellectualiter
2652 4582 3064 4655 cognoscenda?
3087 4585 3168 4638 An
3192 4583 3477 4654 aliquando
3509 4583 3560 4637 in
3594 4584 3772 4652 seipsa

2194 4670 2340 4728 videt
2365 4671 2485 4740 ista,
2517 4671 2800 4744 aliquando
2839 4689 2937 4744 per
2958 4673 3178 4730 alterius
3201 4673 3420 4744 spiritus
3440 4673 3786 4728 commixtio-

2196 4763 2359 4818 nem?
2381 4763 2651 4835 Quidquid
2671 4764 2862 4820 horum
2877 4773 2980 4833 est,
3005 4773 3205 4821 temere
3224 4765 3481 4822 aiﬁrmari
3500 4782 3607 4821 non
3625 4781 3782 4838 opor-

2196 4864 2294 4911 tet.
2340 4854 2474 4911 Illud
2502 4864 2682 4913 tamen
2709 4856 2931 4912 dubium
2969 4871 3089 4914 esse
3119 4874 3225 4913 non
3264 4857 3445 4927 debet,
3472 4858 3785 4928 corporales

2194 4948 2474 5020 imagines,
2523 4963 2646 5021 quas
2689 4949 2880 5020 spiritu
2908 4961 3224 5018 cernuntur,
3257 4967 3365 5007 non
3391 4965 3604 5020 semper
3630 4951 3780 5020 signa

2193 5054 2316 5095 esse
2339 5040 2564 5094 aliarum
2593 5055 2795 5107 rerum,
2833 5041 2948 5096 sive
2971 5042 3024 5096 in
3045 5042 3402 5112 vigilantibus,
3434 5041 3547 5098 sive
3573 5042 3628 5096 in
3651 5041 3752 5097 dor
3766 5073 3783 5083 --

2195 5126 2504 5198 mientibus,
2537 5131 2650 5188 sive
2685 5131 2738 5186 in
2787 5133 3166 5203 aegrotantibus
3200 5151 3214 5188 :
3247 5135 3438 5188 mirum
3469 5141 3553 5188 est
3578 5141 3781 5200 autem,

2195 5222 2240 5277 si
2267 5221 2550 5292 aliquando
2573 5224 2796 5279 ecstasis
2821 5225 2935 5280 ﬁeri
2957 5233 3151 5295 potest,
3185 5236 3243 5280 ut
3265 5242 3372 5281 non
3403 5225 3510 5281 illae
3524 5240 3782 5296 corpora-

2196 5312 2327 5368 lium
2353 5330 2532 5369 rerum
2561 5315 2942 5374 similitudines
2969 5319 3170 5390 aliquid
3194 5319 3515 5391 signiﬁcent.

2262 5405 2355 5462 28.
2378 5405 2498 5462 Non
2523 5421 2656 5464 sane
2684 5409 2878 5465 mirum
2897 5420 2981 5466 est
3008 5412 3056 5468 si
3085 5423 3140 5468 et
3165 5411 3488 5468 daemonium
3519 5411 3782 5469 habentes

2194 5498 2479 5570 aliquando
2509 5515 2635 5556 vera
2654 5501 2859 5571 dicunt,
2881 5518 3000 5574 qua:
3023 5504 3218 5560 absunt
3236 5519 3267 5558 a
3289 5505 3630 5575 przesentium
3649 5517 3777 5558 sen-

2193 5593 2378 5663 sibus;
2404 5594 2546 5666 quod
2565 5605 2712 5653 certe
2726 5597 2907 5653 nescio
2927 5611 3033 5669 qua
3049 5598 3260 5654 occulta
3285 5598 3517 5654 mixtura
3537 5596 3780 5668 ejusdem

2195 5687 2414 5758 spiritus
2431 5688 2511 5758 ﬁt,
2530 5697 2588 5745 ut
2605 5698 2854 5761 tanquam
2879 5705 3014 5746 unus
3036 5691 3106 5746 sit
3124 5691 3375 5762 patientis
3399 5701 3559 5762 atque
3577 5705 3781 5746 vexan-

2255 5876 2274 5908 ί
2299 5873 2437 5933 Editi,
2455 5871 2499 5924 si
2519 5871 2852 5924 mixtione
2868 5906 2884 5932 ,
2909 5879 3004 5922 etc.
3033 5880 3096 5923 tta
3123 5875 3270 5923 etiam
3291 5879 3398 5923 uss.
3428 5878 3640 5934 excepto
3663 5874 3785 5920 Iar-

2193 5937 2391 5997 tégensi,
2415 5939 2558 6000 cujus
2579 5937 2863 5987 auctoritate
2885 5935 3184 5999 reponimus,
3209 5938 3314 5988 scd.
