4090 6460
279 428 387 487 ωδ

281 540 518 599 tis.Cnm
542 548 722 596 autem
750 536 970 611 spiritus
996 537 1168 595 bonus
1197 539 1251 595 in
1279 538 1396 596 hac
1433 537 1546 595 visa
1571 539 1865 595 humanum

274 634 529 704 spiritum
555 632 779 688 assumit
794 638 887 687 aut
905 632 1065 702 rapit,
1095 631 1244 686 nullo
1272 630 1430 687 modo
1453 631 1571 686 illas
1599 630 1863 701 imagines

274 725 428 795 signa
452 739 634 779 rerum
682 724 905 778 aliarum
940 738 1063 778 esse
1090 722 1438 780 dubitandum
1466 730 1569 787 est,
1598 730 1654 779 et
1678 736 1866 777 earum

274 830 413 885 quas
441 829 600 869 nosse
624 814 754 869 utile
782 822 864 869 est
888 832 901 869 :
930 815 1022 869 Dei
1049 814 1191 869 enim
1235 828 1429 868 munus
1454 821 1556 868 est.
1605 812 1868 867 Discretio

273 917 407 959 sane
428 904 743 959 difﬁcillima
764 913 867 972 est,
883 920 1004 959 cum
1022 904 1239 974 spiritus
1266 904 1528 975 malignus
1547 904 1698 974 quasi
1717 911 1866 957 tran-

274 994 476 1063 quillus
501 996 629 1065 agit,
656 1010 721 1049 ac
746 995 863 1050 sine
879 995 1054 1065 aliqua
1085 996 1363 1049 vexatione
1393 993 1635 1064 corporis
1659 1007 1869 1047 assum-

273 1093 367 1155 pto
406 1084 641 1139 humano
670 1085 861 1155 spiritu
893 1085 1021 1139 dicit
1044 1084 1187 1155 quod
1230 1092 1440 1155 potest;
1468 1084 1679 1155 quando
1707 1085 1866 1139 etiam

274 1192 406 1231 vera
437 1177 586 1243 dicit,
619 1187 674 1233 et
711 1177 853 1232 utilia
882 1179 1155 1250 prtedicat,
1186 1178 1569 1250 transﬁgurans
1609 1194 1690 1245 se,
1722 1179 1867 1233 sicut

269 1268 536 1338 scriptum
563 1278 665 1336 est,
694 1270 827 1323 velut
867 1268 1102 1341 angelum
1130 1270 1254 1324 lucis
1282 1269 1360 1344 (ιι
1382 1269 1500 1326 Cor.
1534 1286 1614 1337 xu,
1645 1270 1713 1325 14
1729 1269 1771 1343 ),
1798 1270 1867 1325 ad

270 1361 376 1415 huc
408 1370 467 1415 ut
511 1378 634 1417 eum
686 1363 762 1417 illi
809 1364 861 1418 in
893 1364 1189 1418 manifestis
1220 1364 1371 1419 bonis
1399 1363 1658 1419 creditum
1690 1363 1863 1429 fuerit,

269 1453 498 1507 seducat
527 1453 594 1508 ad
619 1470 737 1509 sua.
767 1454 919 1510 Hunc
936 1455 1166 1510 discerni
1191 1472 1295 1509 non
1317 1456 1568 1524 arbitror,
1594 1456 1695 1511 nisi
1725 1456 1866 1511 dono

270 1544 362 1597 illo
394 1544 464 1600 de
493 1561 601 1617 quo
625 1547 698 1601 ait
724 1547 1039 1617 Apostolus,
1062 1563 1183 1603 cum
1200 1547 1267 1603 de
1294 1548 1521 1603 diversis
1550 1550 1642 1604 Dei
1671 1565 1864 1605 mune-

270 1636 422 1690 ribus
463 1638 776 1707 loqueretur
799 1680 814 1706 ,
863 1640 967 1694 Alii
1005 1640 1303 1712 dijudicatio
1351 1640 1706 1716 spirituum(l
1745 1640 1862 1697 Cor.

271 1742 368 1793 xu,
397 1728 467 1784 10
496 1729 542 1802 ).
1594 1786 1601 1791 .

267 1820 502 1877 CAPUT
542 1822 681 1879 XIV.
698 1853 771 1864 —
787 1822 1153 1879 Intelleclualis
1174 1824 1298 1879 visio
1320 1840 1421 1878 non
1468 1823 1623 1894 fallit.
1655 1820 1725 1878 In
1745 1822 1867 1879 aliis

566 1911 683 1983 falli
716 1928 817 1965 non
842 1928 1037 1983 semper
1061 1921 1131 1967 est
1154 1913 1508 1983 perniciosum.

342 2000 463 2055 Non
494 2001 642 2056 enim
680 2017 929 2074 magnum
958 2012 1060 2070 est,
1086 2012 1210 2058 tunc
1234 2019 1356 2059 eum
1380 2003 1713 2073 dignoscere,
1743 2017 1866 2058 cum

268 2094 335 2147 ad
361 2095 543 2163 aliqua
574 2095 876 2164 pervenerit
896 2096 978 2151 vel
1009 2096 1341 2165 perduxerit,
1373 2110 1496 2165 qua
1534 2102 1658 2149 sunt
1680 2104 1865 2150 contra

262 2184 445 2241 bonos
474 2202 654 2241 mores
677 2187 761 2241 vel
795 2187 1031 2257 regulam
1080 2186 1203 2241 ﬁdei
1232 2204 1246 2241 :
1278 2195 1403 2241 tunc
1437 2186 1579 2241 enim
1626 2201 1654 2238 a
1686 2186 1865 2239 multis

269 2278 625 2333 discernitur.
655 2279 752 2333 lllo
773 2290 949 2333 autem
994 2279 1159 2347 dono,
1205 2279 1258 2333 in
1288 2279 1404 2349 ipso
1428 2276 1719 2349 primordio
1761 2292 1867 2347 quo

268 2372 457 2425 multis
483 2371 661 2427 adhuc
686 2371 861 2427 bonus
880 2379 1122 2443 apparet,
1152 2372 1408 2427 continuo
1446 2370 1769 2441 diiudicatur
1795 2385 1865 2425 an

268 2462 446 2515 malus
471 2463 562 2516 sit.

338 2553 438 2607 29.
469 2552 673 2608 Tamen
719 2561 773 2608 et
821 2568 919 2625 per
964 2554 1298 2625 corporalem
1349 2552 1631 2621 visionem,
1674 2560 1731 2608 et
1772 2568 1868 2623 per

269 2643 537 2715 innagines
560 2646 917 2715 corporalium
944 2662 1071 2717 qua:
1095 2646 1530 2703 demonstrantur
1570 2646 1623 2699 in
1651 2645 1862 2715 spiritu,

268 2746 323 2791 et
346 2738 475 2791 boni
507 2740 794 2803 instruunt,
822 2748 873 2793 et
900 2738 1024 2792 ntali
1047 2736 1253 2792 fallunt.
1286 2736 1664 2792 lntellectualis
1688 2747 1867 2790 autem

269 2830 411 2883 visio
439 2845 547 2884 non
596 2831 815 2885 fallitur.
844 2832 950 2885 Aut
979 2830 1120 2885 enim
1152 2845 1257 2884 non
1300 2829 1564 2899 intelligit,
1596 2829 1685 2899 qui
1721 2828 1868 2884 aliud

272 2923 531 2991 Opinatur
556 2937 712 2992 quam
739 2931 823 2977 est
848 2938 864 2989 ;
893 2932 984 2977 aut
1028 2922 1073 2977 si
1100 2921 1370 2992 intelligit,
1392 2922 1644 2976 continuo
1679 2936 1865 2975 verum

269 3022 373 3066 est.
412 3012 553 3080 Quid
583 3014 726 3067 enim
760 3013 954 3067 faciant
995 3013 1133 3068 oeuli
1162 3026 1268 3067 neu
1296 3012 1516 3079 habent,
1546 3026 1667 3066 cum
1694 3011 1870 3067 simile

270 3122 472 3176 corpus
494 3106 745 3175 viderint,
781 3108 921 3178 quod
950 3108 1020 3163 ab
1048 3108 1152 3161 alio
1171 3107 1477 3162 discernere
1498 3121 1604 3161 non
1622 3105 1865 3177 possint:

272 3209 362 3252 aut
390 3198 523 3268 quid
568 3198 725 3254 faciat
750 3199 928 3270 laniati
984 3199 1234 3266 intentio,
1263 3213 1383 3254 cum
1411 3198 1465 3252 in
1494 3197 1680 3267 spiritu
1730 3196 1871 3253 facta

275 3289 436 3347 fuerit
460 3292 705 3361 corporis
725 3291 1037 3358 similitudo,
1055 3306 1214 3362 quam
1242 3304 1349 3345 non
1375 3290 1550 3344 valeat
1577 3289 1871 3357 distingue-

276 3400 333 3438 re
361 3399 391 3436 a
409 3398 638 3452 corpore
658 3385 680 3436 ?
707 3384 811 3438 Sed
829 3383 1108 3437 adhibetur
1126 3381 1448 3448 intellectus,
1475 3395 1722 3450 quarens
1740 3379 1871 3450 quid

276 3476 365 3528 illa
396 3476 707 3545 significent
748 3476 828 3530 vel
865 3477 994 3531 utile
1019 3475 1280 3543 doceant;
1308 3480 1364 3529 et
1387 3481 1478 3527 aut
1502 3472 1777 3527 inveniens
1803 3472 1871 3527 ad

274 3565 512 3621 fructum
538 3582 692 3621 suum
718 3568 976 3637 pervenit,
994 3575 1085 3621 aut
1105 3582 1209 3621 non
1239 3563 1512 3620 inveniens
1538 3565 1591 3618 in
1608 3564 1871 3633 discepta-

276 3659 425 3711 tione
444 3674 505 3713 se
537 3667 699 3725 tenet,
728 3675 797 3713 ne
815 3660 991 3729 aliqua
1045 3657 1342 3728 perniciosa
1364 3656 1661 3711 temeritate
1687 3656 1869 3725 prola-

277 3748 438 3803 batur
462 3750 515 3802 iu
539 3750 863 3805 exitiabilem
900 3765 1163 3805 errorem.

348 3840 442 3894 30.
468 3839 679 3894 Judicat
700 3850 877 3896 autem
918 3841 1129 3897 sobrius
1162 3840 1466 3897 intellectus
1503 3839 1755 3896 divinitus
1774 3840 1872 3896 ad-

274 3929 445 3999 jutus,
472 3947 591 4000 quae
608 3932 690 3986 vel
717 3941 913 4002 quanta
939 3931 1063 3999 sint,
1088 3933 1144 3987 in
1181 3932 1373 4004 quibus
1412 3932 1574 3987 etiam
1596 3932 1741 3987 aliud
1772 3948 1874 4002 pu-

280 4032 398 4077 tare
425 4038 586 4092 quam
613 4032 715 4089 est,
747 4038 855 4078 non
888 4024 957 4077 sit
979 4025 1170 4078 animm
1200 4024 1577 4093 perniciosum.
1596 4023 1705 4078 Nec
1728 4024 1874 4078 enim

279 4115 585 4183 putantium
614 4115 870 4183 periculo,
898 4124 1073 4169 etnon
1103 4117 1283 4185 potius
1312 4114 1476 4169 exitio
1500 4128 1619 4179 suo,
1649 4114 1876 4184 quisque

282 4221 311 4259 a
342 4208 500 4260 bonis
529 4216 743 4276 putatur
772 4207 963 4273 bonus,
1010 4207 1224 4262 etiamsi
1247 4206 1488 4261 occultus
1512 4207 1581 4260 sit
1604 4206 1794 4273 malus,
1829 4206 1875 4260 si

284 4301 337 4353 in
362 4300 527 4353 rebus
545 4298 694 4369 ipsis,
724 4298 776 4353 id
814 4309 896 4353 est
920 4300 973 4353 in
998 4298 1114 4369 ipso
1136 4300 1277 4354 bono
1309 4316 1414 4369 quo
1443 4300 1501 4354 ﬁt
1530 4300 1754 4370 quisque
1781 4301 1878 4355 bo-

283 4408 408 4456 nus,
433 4408 541 4447 non
567 4402 775 4449 erretur
800 4410 815 4448 :
848 4404 941 4449 aut
963 4394 1161 4465 aliquid
1187 4395 1341 4449 obest
1359 4395 1605 4449 omnibus
1642 4395 1878 4451 homini-

287 4484 408 4551 bus,
429 4485 571 4555 quod
592 4500 712 4539 cum
729 4485 1018 4553 dormiunt,
1051 4500 1175 4541 vera
1203 4500 1429 4555 corpora
1458 4500 1580 4541 esse
1609 4486 1874 4540 arbitran-

196 4571 205 4578 ’
288 4570 401 4643 tur,
429 4592 656 4647 quorum
682 4577 1057 4632 similitudines
1082 4578 1134 4632 in
1169 4578 1373 4633 somnis
1410 4578 1592 4632 vident
1620 4594 1634 4631 :
1662 4586 1754 4631 aut
1782 4579 1880 4632 ali-

288 4666 421 4738 quid
438 4668 609 4722 ubfuit
630 4670 808 4737 Petro,
830 4670 973 4740 quod
993 4670 1169 4724 soluto
1195 4685 1253 4725 se
1274 4670 1559 4735 avinculis,
1593 4684 1756 4740 seque
1780 4687 1879 4725 an-

289 4759 414 4829 gelo
448 4758 764 4827 deducente,
798 4762 989 4813 factum
1013 4770 1095 4815 est
1120 4762 1399 4830 repentino
1422 4762 1677 4815 miraculo
1708 4769 1764 4815 ut
1783 4777 1879 4831 pu-

290 4858 509 4905 taretse
538 4850 708 4904 visum
734 4850 1081 4923 viderc(Act.
1114 4867 1205 4917 xu,
1239 4852 1339 4907 7-9
1366 4852 1383 4921 )
1417 4870 1432 4906 :
1462 4853 1543 4907 vel
1568 4867 1689 4906 cum
1718 4853 1771 4906 in
1790 4853 1877 4907 illa

291 4943 483 4997 ecstasi
512 4942 803 5009 respondit,
838 4940 1190 5013 Nequaquam,
1214 4941 1451 5008 Domine,
1478 4944 1597 5014 quia
1618 4959 1878 5013 nunquam

294 5034 596 5087 manducaui
628 5049 773 5086 omne
815 5050 1078 5087 commune
1102 5043 1148 5087 et
1191 5034 1509 5087 immundum
1537 5052 1556 5099 ;
1592 5044 1782 5103 putans
1814 5050 1878 5089 ea

296 5127 412 5195 ipsa
438 5140 556 5195 quae
572 5124 627 5179 in
644 5124 790 5179 disco
807 5125 1327 5187 demonstrabantur,
1348 5134 1595 5194 tanquam
1620 5140 1743 5180 vera
1764 5125 1880 5178 ani-

296 5218 451 5270 malia
481 5218 503 5288 (
526 5214 615 5269 Id.
644 5232 701 5284 ι,
726 5216 951 5290 11-14).
974 5216 1101 5272 Hice
1119 5216 1330 5286 quando
1354 5216 1508 5271 aliter
1530 5219 1738 5271 inventa
1762 5217 1877 5272 fue-

295 5313 591 5382 rint,quam
610 5318 791 5380 putata
808 5319 951 5377 sunt,
976 5325 1097 5366 cum
1116 5310 1439 5373 viderentur,
1462 5326 1564 5364 non
1583 5326 1682 5365 nos
1704 5312 1878 5381 poeni-

300 5413 376 5459 tet
409 5406 479 5459 ita
515 5404 673 5458 nobis
696 5403 861 5459 fuisse
881 5404 1018 5469 visa,
1044 5404 1089 5457 si
1118 5418 1224 5457 non
1262 5412 1515 5472 arguatur
1543 5405 1626 5458 vel
1653 5405 1879 5459 infideli-

302 5506 379 5551 tas
400 5496 555 5577 dura.
587 5496 672 5550 vel
694 5495 929 5565 Opinatio
950 5509 1083 5548 vana
1110 5495 1221 5548 sive
1248 5494 1523 5563 sacrilega.
1546 5495 1882 5566 Quapropter

300 5600 353 5645 et
380 5605 502 5644 cum
531 5590 663 5644 visis
713 5589 1080 5659 corporalibus
1107 5589 1350 5643 diabolus
1380 5590 1530 5652 fallit,
1573 5590 1702 5643 nihil
1728 5591 1881 5645 obest

300 5684 437 5753 quod
453 5682 791 5737 ludiﬁcantur
806 5682 967 5747 oculi,
985 5682 1031 5737 si
1058 5696 1163 5735 non
1182 5690 1393 5737 erratur
1416 5682 1466 5734 in
1495 5682 1715 5735 veritate
1733 5681 1876 5750 ﬁdei,

302 5785 352 5830 et
379 5777 739 5846 intelligentiae
764 5777 1010 5842 sanitate,
1041 5791 1142 5845 qua
1169 5776 1325 5831 docet
1349 5778 1486 5830 Deus
1516 5775 1783 5844 subjectos
1803 5778 1881 5831 si-

302 5866 373 5924 bi.
395 5869 502 5923 Aut
528 5868 574 5923 si
602 5866 838 5924 ludiﬁcet
862 5868 1094 5924 animam
1129 5867 1391 5941 spirituali
1415 5868 1619 5924 visione
1640 5869 1882 5941 imagini-

1552 424 1753 483 LlBER
1792 424 2239 488 DUODECIMUS.

3450 442 3557 501 ωδ

1969 542 2070 599 bus
2108 560 2414 617 corporum,
2442 559 2501 604 ut
2543 556 2693 619 putet
2725 563 2922 622 corpus
2948 566 3068 609 esse
3115 553 3256 627 quod
3292 571 3398 612 non
3442 567 3551 626 est,

1973 651 2079 691 non
2110 638 2306 709 aliquid
2336 640 2490 695 abest
2518 642 2711 697 anima:
2760 644 2805 697 si
2835 644 3151 702 oerniciosaa
3187 649 3423 705 suasioni
3444 665 3551 707 non

1974 731 2288 785 consentiat.

1969 817 2194 876 CAPUT
2209 820 2324 879 XV.
2340 852 2409 862 ——
2433 822 2646 877 Somnia
2670 842 2872 880 venerea
2894 828 3001 881 sine
3025 837 3223 895 peccato
3247 833 3555 903 contingere.

2044 913 2132 967 51.
2176 911 2327 969 Unde
2356 915 2636 984 aliquando
2666 917 2721 970 fit
2747 919 2970 989 quaestio
3007 920 3073 973 de
3118 925 3556 978 consensionibus

1971 1006 2375 1081 somniantium,
2410 1022 2528 1061 cum
2569 1009 2727 1062 etiam
2770 1012 3123 1066 concumbere
3153 1013 3249 1067 sibi
3290 1014 3556 1081 videntur,

1969 1096 2055 1152 vel
2083 1106 2265 1152 contra
2293 1077 2619 1169 propositum
2642 1115 2816 1165 suum,
2848 1101 2931 1155 vel
2958 1112 3143 1157 contra
3184 1104 3343 1158 etiam
3384 1105 3557 1161 licitas

1970 1206 2167 1247 mores.
2209 1190 2359 1259 Quod
2390 1208 2495 1248 non
2524 1194 2799 1263 contingit,
2830 1195 2929 1250 nisi
2955 1210 3075 1251 cum
3104 1211 3165 1250 ea
3192 1212 3306 1265 qua:
3333 1197 3554 1261 vigilan—

1970 1293 2050 1341 tes
2078 1286 2234 1340 ctiam
2268 1286 2580 1355 cogitamus,
2617 1303 2723 1342 non
2757 1303 2877 1342 cum
2932 1289 3122 1357 placito
3167 1290 3554 1352 consensionis,

1970 1377 2063 1431 sed
2092 1378 2227 1431 sicut
2255 1378 2413 1432 etiam
2462 1378 2584 1432 talia
2620 1388 2837 1449 propter
2890 1379 3087 1449 aliquid
3134 1380 3420 1449 loquimur,
3478 1380 3554 1436 sic

1969 1472 2317 1529 admoventur
2341 1474 2392 1528 in
2414 1474 2634 1537 somnis,
2665 1483 2719 1528 et
2743 1475 3131 1544 exprimuntur,
3163 1483 3221 1528 ut
3240 1475 3319 1529 eis
3341 1484 3556 1528 natura-

1969 1565 2091 1620 liter
2120 1566 2278 1620 etiam
2308 1580 2433 1620 caro
2459 1574 2753 1630 moveatur,
2786 1574 2841 1621 et
2870 1566 3013 1635 quod
3048 1566 3360 1620 naturaliter
3401 1565 3556 1619 colli-

1968 1659 2064 1729 git,
2091 1674 2186 1729 per
2208 1659 2467 1729 genitales
2498 1660 2609 1714 vias
2632 1661 2867 1724 emittat;
2895 1661 3031 1715 sicut
3053 1661 3153 1714 hoc
3174 1661 3344 1730 ipsum
3376 1660 3557 1715 dicere

1969 1752 2151 1821 utique
2171 1766 2277 1806 non
2308 1767 2541 1822 possem,
2573 1752 2672 1807 nisi
2702 1753 2859 1807 etiam
2890 1752 3195 1822 cogitarem.
3232 1752 3397 1806 Porro
3423 1751 3558 1806 ima-

1968 1844 2117 1914 gines
2142 1859 2319 1898 rerum
2340 1844 2715 1914 corporalium,
2746 1860 2876 1913 quas
2901 1844 3203 1899 necessario
3223 1844 3470 1914 cogitavi,
3497 1852 3555 1899 ut

1970 1936 2071 1991 hoc
2089 1937 2341 2003 dicerem,
2368 1935 2413 1991 si
2443 1946 2587 1991 tanta
2628 1936 2970 2005 expressione
3003 1945 3455 2005 prazsentarcntur
3499 1936 3558 1989 in

1969 2030 2190 2093 somnis,
2237 2038 2431 2098 quanta
2470 2035 2861 2098 praesentiuntur
2910 2042 3133 2096 corpora
3190 2026 3554 2097 vigilantibus.

1971 2122 2122 2177 ﬁeret
2161 2119 2290 2175 illud
2316 2119 2458 2191 quod
2502 2120 2618 2175 sine
2660 2127 2878 2189 peccato
2918 2118 3030 2174 ﬁeri
3076 2134 3105 2172 a
3154 2119 3401 2189 vigilante
3449 2118 3558 2171 non

1971 2222 2167 2282 posset.
2208 2212 2337 2278 Quis
2366 2211 2507 2267 enim
2543 2210 2628 2265 vel
2674 2226 2794 2265 cum
2844 2210 3096 2279 loquitur,
3150 2218 3203 2264 et
3257 2209 3558 2279 postulante

1970 2304 2289 2359 necessitate
2316 2302 2577 2357 sermonis
2602 2301 2669 2356 de
2716 2317 2812 2356 suo
2851 2302 3135 2356 concubitu
3165 2299 3363 2369 aliquid
3406 2299 3556 2365 dicit,

1970 2395 2139 2465 possit
2166 2410 2273 2449 non
2298 2395 2533 2464 cogitare
2560 2393 2702 2464 quod
2727 2394 2895 2448 dicit?
2922 2394 3087 2447 Porro
3116 2394 3226 2462 ipsa
3255 2393 3555 2463 phantasia,

1968 2500 2087 2556 qua:
2110 2485 2168 2539 fit
2195 2487 2244 2539 in
2266 2486 2585 2554 cogitatione
2604 2486 3026 2548 sermocinantis,
3058 2500 3179 2539 cum
3211 2485 3280 2538 ita
3301 2500 3556 2555 expressa

1970 2575 2129 2631 fuerit
2159 2577 2210 2630 in
2236 2576 2437 2630 visione
2461 2576 2804 2641 somniantis,
2841 2584 2899 2629 ut
2942 2576 3078 2629 inter
3106 2576 3247 2629 illam
3280 2582 3335 2629 et
3376 2589 3557 2630 veram

1970 2667 2403 2723 commuttionem
2440 2682 2722 2736 corporum
2761 2681 2870 2720 non
2900 2666 3264 2732 discernatur,
3304 2667 3559 2720 Continuo

1970 2766 2215 2814 movetur
2241 2773 2383 2823 caro,
2417 2765 2473 2813 et
2490 2760 2730 2828 sequitur
2749 2758 2889 2828 quod
2911 2774 3031 2813 eum
3055 2767 3253 2811 motum
3286 2758 3436 2827 sequi
3464 2772 3561 2810 so~

1972 2851 2064 2917 let,
2087 2867 2207 2905 cum
2236 2850 2337 2905 hoc
2361 2858 2468 2904 tam
2496 2851 2612 2905 sine
2635 2860 2853 2919 peccato
2884 2850 2989 2914 ﬁat,
3015 2865 3173 2919 quam
3204 2850 3322 2903 sine
3340 2858 3561 2917 peccato

1971 2959 2001 2998 a
2022 2944 2271 3014 vigilante
2290 2942 2503 3009 dicitur,
2530 2942 2671 3013 quod
2699 2950 2757 2995 ut
2782 2941 3067 3007 diceretur,
3090 2942 3205 2995 sine
3230 2940 3392 2995 dubio
3412 2940 3558 3009 cogi-

1972 3042 2137 3089 tatum
2158 3043 2259 3088 est.
2311 3032 2687 3087 Verumtamen
2729 3041 2947 3102 prepter
2992 3032 3182 3086 anima:
3225 3030 3562 3085 affectionem

1971 3127 2189 3190 bonam,
2213 3140 2331 3196 qua:
2356 3124 2622 3180 desiderio
2652 3124 2873 3179 meliore
2892 3123 3139 3177 mundata
3175 3124 3367 3177 multas
3394 3124 3563 3175 inter-

1974 3218 2085 3273 ﬁcit
2106 3218 2443 3289 cupiditates,
2476 3232 2593 3286 quae
2613 3216 2681 3270 ad
2711 3215 3002 3271 naturalem
3026 3214 3204 3270 carnis
3228 3222 3428 3268 motum
3457 3228 3564 3268 non

1974 3312 2242 3381 pertinent
2262 3327 2277 3373 ;
2300 3326 2457 3380 quem
2476 3309 2608 3364 casti
2629 3309 2907 3378 vigilantes
2924 3309 3174 3363 cohibent
3194 3316 3249 3363 et
3268 3307 3561 3372 refrenant,

1974 3400 2300 3457 dormientes
2326 3408 2500 3453 autem
2528 3399 2648 3453 ideo
2677 3415 2782 3453 non
2814 3407 3056 3468 possunt,
3083 3398 3202 3467 quia
3232 3412 3337 3450 non
3369 3396 3567 3449 habent

1977 3491 2032 3546 in
2082 3498 2345 3560 potestate
2395 3505 2513 3559 qua:
2555 3487 2903 3542 admoveatur
2946 3488 3218 3555 expressio
3272 3485 3567 3554 corporalis

1976 3583 2238 3654 imaginis,
2272 3597 2391 3652 quae
2419 3580 2650 3635 discerni
2673 3595 2776 3634 nou
2806 3578 2972 3649 possit
2995 3594 3024 3631 a
3052 3592 3276 3647 corpore
3302 3595 3316 3631 :
3352 3584 3568 3647 propter

1976 3676 2122 3731 illam
2152 3689 2281 3745 ergo
2319 3674 2655 3729 affectionem
2682 3671 2873 3727 animae
2900 3672 3114 3738 bonam,
3143 3672 3300 3724 etiam
3334 3670 3385 3723 in
3421 3685 3567 3724 som-

1976 3770 2062 3824 nis
2084 3768 2327 3839 quaadam
2358 3767 2474 3837 ejus
2499 3767 2683 3821 merita
2702 3766 2921 3819 clarent.
2946 3764 3075 3818 Nam
3102 3764 3260 3818 etiam
3295 3762 3569 3816 dormiens

1976 3860 2228 3917 Salomon
2257 3860 2569 3929 sapientiam
2602 3858 2891 3928 pra-posuit
2926 3857 3173 3910 erunibus
3200 3855 3361 3909 rebus
3380 3896 3393 3919 ,
3423 3869 3572 3909 eam-

1978 3967 2082 4023 que
2106 3952 2360 4022 neglectis
2384 3949 2592 4005 cteteris
2618 3957 2702 4003 est
2725 3956 2968 4019 precatus
2997 3962 3027 4001 a
3053 3948 3275 4001 Domino
3303 3960 3319 3999 :
3352 3954 3405 3999 et
3432 3945 3572 3999 sicut

1978 4045 2247 4115 Scriptura
2282 4052 2526 4109 testatur,
2558 4042 2751 4111 placuit
2794 4040 2897 4095 hoc
2944 4055 3123 4095 coram
3170 4038 3429 4103 Domino,
3470 4050 3571 4092 nec

1980 4136 2183 4191 distulit
2217 4134 2622 4189 retributionem
2658 4133 2851 4187 bonam
2894 4147 2990 4203 pro
3018 4129 3285 4185 desiderio
3313 4129 3453 4183 bono
3477 4125 3568 4199 (lli

1980 4224 2109 4297 Reg.
2132 4242 2210 4291 nl,
2240 4226 2273 4280 5
2307 4224 2418 4297 15).

1980 4316 2205 4374 CAPUT
2242 4315 2383 4372 XVI.
2423 4344 2496 4357 ——
2535 4314 2888 4383 Corporafium
2918 4309 3272 4367 similitudines
3307 4326 3341 4363 α
3383 4308 3570 4380 spiritu

2511 4406 2566 4460 in
2600 4408 2766 4475 seipso
2806 4404 3037 4475 formari.

2054 4500 2145 4555 52.
2184 4500 2313 4567 Qua:
2340 4514 2460 4554 cum
2488 4498 2558 4552 ita
2585 4497 2713 4562 sint,
2750 4496 2981 4566 pertinet
3008 4493 3250 4565 corporis
3280 4507 3471 4549 sensus
3500 4493 3569 4550 ad

1984 4592 2093 4647 visa
2120 4590 2438 4660 corporalia,
2464 4589 2551 4658 qui
2584 4602 2677 4656 per
2707 4588 2940 4656 quinque
2968 4586 3118 4656 quasi
3146 4585 3343 4640 rivulos
3360 4584 3569 4639 distan-

1984 4697 2067 4743 ter
2086 4686 2325 4740 valentes
2361 4683 2736 4739 distribuitur:
2768 4695 2889 4735 cum
2933 4679 3065 4735 illud
3106 4679 3246 4751 quod
3286 4689 3367 4734 est
3405 4679 3573 4735 subti-

1984 4780 2245 4834 lissimum
2280 4779 2329 4831 in
2360 4791 2603 4846 corpore,
2633 4784 2687 4829 et
2713 4774 2783 4829 ob
2811 4774 2914 4828 hoc
2941 4774 3131 4828 animae
3161 4774 3383 4828 vicinius
3410 4789 3569 4843 quam

1983 4880 2196 4936 caetera,
2222 4870 2274 4924 id
2299 4878 2381 4925 est
2402 4869 2511 4934 lux,
2542 4868 2770 4938 primum
2794 4882 2890 4937 per
2909 4870 3091 4921 oculos
3110 4867 3222 4921 sola
3240 4867 3570 4933 diffunditur,

1983 4965 2282 5034 emicatque
2314 4963 2366 5016 in
2386 4962 2556 5016 'radiis
2586 4961 2856 5016 oculorum
2887 4960 2953 5014 ad
2984 4961 3207 5015 visibilia
3235 4959 3569 5023 COIIlllf‘Dda;

1983 5053 2177 5111 deinde
2202 5053 2429 5108 mixtura
2457 5052 2681 5123 quadam
2707 5094 2722 5117 ,
2753 5053 2981 5122 primum
3008 5066 3128 5105 cum
3157 5065 3281 5105 aere
3303 5067 3453 5119 puro,
3484 5062 3572 5101 se-

1982 5147 2159 5202 cundo
2204 5161 2327 5201 cum
2364 5160 2488 5201 aere
2538 5145 2828 5213 caliginoso
2876 5154 3034 5214 atque
3086 5144 3362 5203 nebuloso,
3414 5141 3571 5195 tertio

1983 5253 2103 5291 cum
2126 5237 2519 5307 corpulentiore
2542 5235 2783 5301 humore,
2816 5245 3006 5306 quarto
3028 5250 3149 5289 cum
3182 5245 3389 5289 terrena
3420 5248 3572 5287 eras-

1984 5329 2213 5383 situdine
2232 5369 2247 5392 ,
2276 5328 2509 5398 quinque
2536 5342 2723 5383 sensus
2748 5342 2869 5381 cum
2898 5328 3031 5396 ipso,
3064 5327 3151 5380 ubi
3179 5326 3291 5380 sola
3320 5325 3565 5393 excellit,

1983 5419 2258 5473 oculorum
2288 5433 2446 5472 sensu
2470 5416 2668 5472 efficit:
2696 5418 2833 5473 sicut
2854 5419 2906 5471 in
2939 5418 3073 5472 libro
3096 5426 3307 5485 quarto,
3337 5418 3571 5487 itemque

1985 5511 2040 5565 in
2069 5512 2296 5578 septimo
2326 5510 2641 5565 disseruisse
2670 5525 2755 5565 me
2784 5510 2983 5564 recolo.
3013 5510 3106 5563 Est
3131 5520 3307 5564 autem
3337 5515 3435 5564 hoc
3458 5523 3569 5565 cm-

1984 5605 2096 5658 lum
2142 5602 2311 5657 oculis
2348 5604 2731 5671 conspicuum,
2783 5602 2926 5656 unde
2978 5602 3255 5655 luminaria
3296 5614 3348 5657 et
3395 5603 3568 5655 sidera

1984 5695 2267 5763 effulgent,
2303 5694 2645 5748 excellentius
2672 5693 2853 5761 utique
2886 5694 3131 5746 omnibus
3167 5696 3437 5762 corporeis
3464 5695 3569 5747 ele-

1984 5785 2199 5850 mentis,
2230 5785 2365 5839 sicut
2413 5785 2685 5839 oculornm
2732 5797 2920 5837 sensus
2962 5783 3176 5838 excellit
3224 5786 3275 5837 in
3321 5799 3565 5853 corpore.

1987 5876 2121 5945 Quia
2148 5890 2275 5931 vero
2302 5874 2522 5945 spiritus
2550 5874 2723 5929 omnis
2750 5875 2896 5929 omni
2925 5884 3006 5931 est
3027 5890 3251 5947 corpore
3276 5877 3390 5933 sine
3412 5876 3571 5933 dubio
