4090 6460
526 356 616 409 £71
1344 357 1430 412 DE
1467 355 1711 413 GENESI
1749 355 1840 410 AD
1877 347 2247 418 LITTERAM,
2287 349 2347 409 8.
2387 353 2754 413 AUGUSTINI

521 474 714 529 existat
732 488 760 526 a
783 489 1025 544 corpore.
1052 475 1215 546 Magis
1235 476 1374 530 enim
1397 475 1524 531 caeci
1547 473 1746 544 aliquid
1771 473 2097 528 dormientes

517 581 675 636 quam
699 566 974 634 vigilantes
993 567 1191 621 vident.
1223 567 1612 621 Dormientibus
1637 567 1832 636 quippe
1860 565 1911 620 in
1946 579 2095 621 cere-

516 655 615 712 bro
657 657 964 726 consopitur
1007 657 1092 713 via
1138 657 1419 720 sentiendi,
1472 673 1590 728 qua:
1634 658 1979 713 intentionem
2026 658 2094 713 ad

514 746 701 803 oculos
737 747 917 813 ducit,
951 747 1176 819 ideoque
1207 749 1321 819 ipsa
1360 749 1584 804 intentio
1621 749 1674 804 in
1711 749 1852 804 aliud
1882 765 2090 815 aversa,

513 841 691 894 cernit
733 838 846 893 visa
887 839 1216 894 somniorum
1255 847 1501 910 tanquam
1543 840 1750 908 species
1789 841 2094 910 corporales

513 929 717 996 adsint,
749 938 805 987 ut
831 929 929 983 sibi
956 930 1227 986 dormiens
1251 931 1471 1002 vigilare
1507 931 1766 998 videatur,
1800 941 1855 988 et
1881 947 1989 988 non
2014 933 2092 988 si-

513 1019 657 1074 milia
687 1020 1013 1088 corporibus,
1047 1021 1141 1076 sed
1181 1021 1294 1092 ipsa
1332 1037 1554 1092 corpora
1581 1023 1773 1078 intueri
1810 1038 1870 1080 se
1902 1033 2088 1092 putet:

512 1123 631 1164 cum
661 1119 837 1165 autem
863 1111 1080 1178 vigilant
1113 1114 1273 1178 czcci,
1303 1113 1515 1170 ducitur
1552 1130 1647 1185 per
1675 1116 1760 1171 illa
1789 1115 1978 1172 itinera
2005 1111 2090 1173 in-

512 1204 679 1258 tentio
707 1205 990 1271 cernendi,
1020 1222 1138 1276 qum
1175 1222 1296 1262 cum
1324 1208 1390 1264 ad
1418 1209 1532 1264 loca
1560 1211 1764 1265 venerit
1786 1211 2086 1279 oculorum,

461 1358 487 1370 ,Ι
511 1308 616 1347 non
655 1296 917 1350 exseritur
945 1296 1124 1356 foras.
1153 1298 1246 1354 sed
1288 1299 1359 1353 ibi
1401 1309 1672 1367 remanet,
1705 1310 1763 1356 ut
1788 1302 2006 1371 vigilare
2030 1317 2089 1359 se

510 1385 744 1439 sentiant
767 1427 781 1449 ,
815 1387 1098 1458 pmiusque
1135 1403 1251 1443 esse
1280 1389 1333 1444 in
1363 1390 1596 1445 tenebris
1640 1391 1905 1461 vigilando
1928 1393 2088 1447 etiam

459 1525 473 1546 π
510 1491 605 1544 per
630 1475 771 1531 diem
792 1518 806 1541 ,
845 1492 1002 1546 quam
1033 1477 1380 1548 dormiendo,
1411 1480 1524 1536 sive
1553 1496 1648 1550 per
1682 1481 1824 1537 diem
1855 1483 1967 1538 sive
1993 1498 2091 1554 per

465 1563 483 1640 ξ
507 1576 740 1624 noctem.
770 1570 900 1624 Nam
929 1579 982 1624 et
1008 1572 1096 1641 qui
1127 1572 1253 1626 caaci
1281 1587 1384 1626 non
1415 1580 1559 1639 sunt,
1590 1573 1826 1643 plerique
1857 1576 2087 1644 patenti-

506 1659 607 1714 bus
631 1661 798 1715 oculis
837 1660 1110 1716 dormiunt
1147 1662 1278 1716 nihil
1309 1677 1404 1732 per
1432 1677 1526 1718 eos
1550 1663 1789 1720 videntes
1809 1705 1824 1730 ,
1857 1664 1952 1720 sed
1981 1679 2088 1721 non

505 1749 628 1804 ideo
658 1749 789 1804 nihil
818 1751 1075 1815 videntes,
1101 1765 1221 1805 cum
1248 1752 1440 1821 spiritu
1467 1761 1690 1808 cernant
1713 1755 1823 1809 visa
1851 1756 2088 1810 somnio-

505 1855 624 1896 rum
667 1857 680 1894 :
724 1841 769 1895 si
811 1851 992 1897 autem
1030 1843 1227 1898 clausis
1266 1843 1434 1898 oculis
1477 1845 1710 1914 vigilent,
1752 1861 1926 1917 neque
1961 1847 2086 1902 dor-

502 1931 780 1986 mientium
823 1941 1016 2001 praesto
1051 1943 1172 1988 sunt
1201 1933 1492 1988 visionibus
1520 1949 1693 2005 neque
1730 1937 2081 2007 vigilantium.

505 2022 732 2078 Tantum
771 2032 944 2078 tamen
984 2025 1156 2091 valet,
1190 2025 1333 2096 quod
1367 2041 1535 2096 usque
1571 2027 1639 2081 ad
1677 2028 1861 2083 oculos
1899 2044 2083 2086 eorum

502 2129 605 2172 nec
639 2116 807 2187 sopita
852 2133 950 2172 nec
984 2120 1288 2187 perturbata
1319 2134 1417 2174 nec
1457 2121 1740 2176 interclusa
1779 2124 2019 2192 pervenit
2053 2139 2084 2179 a

501 2207 722 2263 cerebro
764 2209 848 2263 via
880 2211 1178 2278 sentiendi,
1210 2219 1264 2266 et
1303 2211 1493 2265 animae
1524 2213 1870 2269 intentionem
1913 2230 2085 2286 usque

499 2299 569 2354 ad
612 2299 756 2370 ipsas
798 2302 1041 2372 quamvis
1078 2303 1284 2359 clausas
1332 2303 1473 2359 l‘ores
1515 2306 1754 2374 corporis
1793 2305 1976 2373 ducit,
2026 2315 2088 2365 ut

469 2391 800 2462 cogitentur
845 2392 1058 2463 quidem
1112 2395 1370 2465 imagines
1425 2411 1750 2466 corporum,
1795 2397 1888 2452 sed
1937 2398 2084 2454 nullo

495 2483 660 2538 modo
687 2500 782 2554 pro
819 2485 897 2540 eis
931 2484 1226 2542 habeantur
1263 2487 1575 2558 corporibus
1611 2503 1730 2560 quae
1774 2503 1870 2558 per
1895 2490 2084 2547 oculos

497 2575 817 2632 sentiuntur.

565 2672 655 2728 45.
696 2673 926 2729 Tantum
961 2673 1218 2740 interest,
1247 2676 1337 2731 ubi
1366 2676 1457 2732 ﬁat
1485 2675 1927 2746 impedimentum
1957 2691 2082 2733 sen-

495 2763 664 2819 tiendi
692 2766 1010 2834 corporalia,
1042 2781 1165 2822 eum
1195 2767 1254 2822 lit
1280 2768 1332 2822 in
1355 2782 1601 2838 corpore.
1628 2767 1684 2825 Si
1713 2769 1855 2824 enim
1886 2784 1993 2825 non
2022 2771 2083 2827 ﬁt

493 2854 597 2909 nisi
629 2855 684 2909 in
712 2854 844 2927 ipsis
872 2857 1102 2913 aditibus
1121 2899 1136 2925 ,
1161 2867 1216 2914 et
1243 2860 1393 2930 quasi
1415 2859 1595 2930 januis
1619 2875 1871 2916 sensuum
1891 2901 1907 2928 ,
1935 2861 2081 2916 velut

491 2944 550 3000 in
576 2946 776 3013 oculis,
808 2949 861 3003 in
886 2949 1104 3005 auribus
1122 2990 1138 3016 ,
1171 2951 1482 3021 ueterisque
1509 2952 1755 3007 sensibus
1787 2954 2079 3023 corporali-

492 3035 624 3100 bus,
651 3036 765 3091 sola
801 3039 1089 3109 impeditur
1117 3043 1388 3111 perceptio
1415 3042 1772 3111 corporalium
1795 3060 1811 3104 :
1846 3059 1952 3097 non
1979 3059 2078 3098 au-

493 3131 603 3180 tem
629 3127 822 3196 animae
848 3128 1069 3184 intentio
1094 3129 1147 3184 in
1177 3130 1320 3185 aliud
1349 3132 1428 3188 sic
1453 3133 1730 3200 avertitur,
1753 3143 1812 3187 ut
1837 3149 1935 3204 pro
1958 3148 2080 3189 cor-

493 3215 716 3285 poribus
744 3218 939 3274 habeat
975 3221 1235 3291 imagines
1263 3237 1546 3292 corporum
1573 3241 1585 3278 :
1618 3225 1662 3278 si
1701 3235 1876 3280 autem
1917 3241 2077 3281 causa

490 3317 576 3364 est
611 3309 755 3366 intus
782 3312 834 3366 in
862 3313 1106 3381 cerebro,
1141 3314 1280 3369 unde
1303 3315 1602 3386 diriguntur
1623 3317 1722 3371 vim
1759 3316 1824 3372 ad
1867 3333 1928 3372 ea
1958 3334 2077 3387 qua:

488 3399 624 3458 foris
652 3413 796 3467 sunt,
821 3404 1099 3460 sentienda
1126 3421 1141 3469 ;
1168 3405 1334 3474 ipsius
1365 3406 1671 3460 intentionis
1702 3423 1824 3463 vasa
1854 3409 2074 3478 50piun-

487 3497 598 3560 tur,
625 3493 710 3548 vel
739 3494 1037 3562 turbantur,
1074 3496 1158 3551 vel
1187 3497 1640 3564 intercludantur,
1671 3499 1864 3569 quibus
1892 3500 2076 3558 nititur

486 3583 665 3640 anima
696 3587 747 3640 in
773 3602 834 3642 ea
864 3604 983 3658 quae
1009 3587 1138 3645 foris
1167 3598 1312 3656 sunt,
1353 3590 1608 3646 intuenda
1648 3591 1733 3647 vel
1775 3593 2072 3648 sentienda.

489 3673 661 3743 Quem
688 3679 862 3734 nisum
889 3681 1139 3750 quoniam
1168 3698 1273 3736 non
1302 3682 1525 3750 amittit,
1557 3691 1704 3740 tanta
1728 3687 2075 3755 expressione

485 3770 683 3828 format
705 3771 918 3838 similia,
947 3781 1004 3827 ut
1029 3772 1286 3844 imagines
1309 3776 1666 3847 corporalium
1694 3792 1726 3832 a
1759 3779 2073 3847 corporibus

489 3862 796 3919 discernere
823 3879 930 3919 non
959 3865 1174 3931 valens,
1209 3875 1385 3922 utrum
1417 3868 1469 3922 in
1501 3868 1606 3923 illis
1645 3885 1714 3923 an
1753 3871 1806 3924 in
1847 3871 1965 3927 istis
2005 3872 2074 3927 sit

485 3956 728 4021 nesciat;
767 3965 822 4011 et
864 3971 984 4010 cum
1030 3957 1150 4022 scit,
1175 3958 1330 4029 longe
1370 3959 1474 4012 alio
1519 3959 1678 4014 modo
1719 3960 1870 4025 sciat,
1912 3977 2072 4031 quam

486 4047 613 4103 dum
642 4048 695 4103 in
721 4048 1003 4118 cogitando
1045 4057 1329 4104 versantur
1363 4051 1474 4105 sive
1505 4063 1792 4106 occurrunt
1829 4053 2075 4109 similitu-

485 4137 638 4194 dines
667 4154 970 4209 corporum.
1000 4139 1100 4206 Qui
1141 4140 1328 4195 modus
1357 4141 1459 4196 nisi
1487 4142 1556 4195 ab
1581 4146 1815 4212 expertis
1843 4146 1959 4215 capi
1989 4154 2075 4202 ut-

484 4243 714 4302 cumque
754 4247 860 4286 non
905 4241 1095 4302 potest.
1127 4233 1260 4289 Hinc
1285 4234 1427 4289 enim
1467 4243 1615 4301 erat,
1643 4238 1783 4306 quod
1819 4254 1905 4294 me
1943 4239 2072 4294 dor-

484 4323 660 4379 miens
707 4325 760 4378 in
807 4325 1015 4380 somnis
1059 4325 1243 4380 videre
1289 4326 1544 4393 sciebam,
1593 4343 1693 4382 nec
1732 4337 1910 4385 tamen
1954 4331 2072 4388 illas

481 4415 856 4486 corporalium‘
886 4431 1064 4471 rerum
1105 4416 1475 4472 similitudines
1517 4431 1648 4487 quas
1688 4418 1953 4484 videbam,
1995 4422 2073 4476 sic

481 4506 553 4562 ab
598 4505 728 4576 ipsis
771 4507 1138 4577 corporalibus
1187 4506 1579 4573 discernebam,
1623 4510 2069 4580 quemadmodum

483 4612 578 4654 eas
619 4601 914 4670 cogitantes
957 4601 1116 4654 etiam
1161 4599 1355 4655 clausis
1395 4601 1563 4656 oculis
1606 4602 1688 4656 vel
1737 4603 1789 4657 in
1835 4604 2071 4676 tenebris

482 4689 758 4746 constituti
813 4689 1119 4745 discernere
1172 4691 1424 4746 solemus.
1475 4691 1706 4746 Tantum
1760 4693 1902 4749 valet
1955 4695 2068 4764 ipsa

485 4782 650 4838 animi
699 4782 922 4837 intentio
969 4791 1142 4836 utrum
1196 4781 1518 4851 perducatur
1560 4799 1728 4855 usque
1765 4786 1831 4839 ad
1880 4801 2070 4844 sensus

484 4872 612 4928 licet
629 4871 862 4934 clausos,
887 4885 954 4926 an
983 4872 1035 4926 in
1063 4872 1178 4942 ipso
1201 4872 1448 4940 cerebro,
1476 4873 1616 4929 unde
1643 4875 1695 4929 in
1723 4874 1837 4930 haec
1861 4876 2067 4944 nititur,

483 4963 662 5033 aliqua
692 4976 851 5018 causa
879 4963 1141 5019 existente
1168 4963 1220 5018 in
1249 4962 1393 5019 aliud
1420 4973 1720 5032 avertatur,
1743 4976 1802 5020 ut
1826 4968 2068 5036 quamvis

483 5055 770 5125 aliquando
798 5071 856 5111 se
896 5056 1103 5112 noverit
1130 5071 1237 5112 non
1275 5071 1520 5128 corpora,
1552 5059 1646 5114 sed
1677 5073 1960 5130 corporum
1993 5062 2067 5116 si-

485 5147 814 5204 militudines
838 5162 1078 5215 cernere,
1100 5150 1184 5202 vel
1204 5150 1383 5204 minus
1402 5149 1606 5204 erudita
1628 5151 1786 5204 etiam
1814 5152 1927 5220 ipsa
1950 5167 2068 5208 esse

484 5253 710 5307 corpora
740 5239 1052 5294 existimans
1072 5279 1088 5304 ,
1125 5241 1320 5294 sentiat
1358 5256 1417 5294 se
1456 5256 1561 5294 non
1589 5255 1652 5295 ea
1683 5256 1936 5311 corpore,
1974 5245 2066 5299 sed

485 5329 676 5400 spiritu
699 5329 914 5390 videre.
946 5331 1100 5401 longe
1127 5330 1190 5383 sit
1222 5340 1397 5384 tamen
1430 5330 1497 5383 ab
1525 5329 1806 5386 affectione
1831 5348 1933 5403 qua
1969 5349 2068 5390 suo

485 5421 698 5490 corpori
745 5430 1133 5490 przcsentatur:
1169 5420 1306 5474 unde
1348 5435 1406 5473 se
1447 5431 1644 5475 norunt
1681 5431 1735 5475 et
1764 5424 1891 5478 c:eci
1933 5424 2067 5494 vigi-

485 5509 603 5569 lare
622 5555 638 5579 ,
662 5529 781 5567 cum
812 5514 1184 5570 similitudines
1220 5529 1502 5584 corporum
1537 5515 1793 5585 cogitatas
1820 5530 1850 5568 a
1879 5530 2068 5587 corpo-

487 5601 660 5665 ribus,
702 5618 820 5674 quae
858 5606 1039 5662 videre
1079 5620 1185 5661 non
1220 5611 1477 5677 possunt,
1513 5611 1660 5660 certa
1700 5605 1918 5660 notione
1957 5605 2068 5661 dis-

487 5701 733 5750 cernunt.

3670 367 3784 423 472

2203 469 2426 528 CAPUT
2452 470 2595 527 XXI.
2619 501 2691 513 —
2720 470 2843 527 Visa
2865 473 3209 545 corporalibus
3230 475 3420 532 similia
3442 477 3498 532 in
3531 494 3644 547 qua
3661 497 3760 536 am-

2402 579 2485 616 ma
2497 563 2715 634 rapitur,
2743 580 2844 618 non
2866 564 2981 620 ideo
3005 581 3110 620 esse
3133 575 3326 622 natura
3348 567 3576 624 diversa.

2271 655 2359 710 44.
2397 653 2531 710 Cum
2558 665 2736 711 autem
2763 670 2894 712 sano
2911 673 3166 728 corpore,
3199 675 3296 716 nec
3321 675 3511 718 somno
3534 664 3787 720 sensibus

2201 745 2494 814 consopitis
2515 787 2531 812 ,
2562 746 2736 818 aliquo
2778 747 2986 804 occulto
3011 764 3171 818 opere
3190 752 3445 820 spirituali
3484 754 3538 808 in
3575 771 3638 810 ea
3671 757 3788 812 visa

2199 851 2318 906 quae
2343 835 2534 890 similia
2557 848 2679 892 sunt
2703 839 3065 906 corporalibus
3086 841 3260 895 anima
3288 844 3504 912 rapitur,
3528 859 3638 900 non
3658 846 3788 916 quia

2199 926 2391 982 modus
2414 927 2652 983 diversus
2677 936 2778 994 est,
2812 929 2931 985 ideo
2958 937 3042 985 est
3066 931 3225 986 etiam
3252 932 3455 988 diversa
3487 943 3674 990 natura
3704 936 3791 990 vi-

2199 1032 2414 1084 sorum;
2443 1033 2564 1074 cum
2595 1027 2649 1073 et
2676 1019 2728 1073 in
2752 1019 2858 1075 illis
2873 1021 3050 1076 causis
3068 1037 3188 1091 qua:
3201 1021 3270 1077 de
3285 1038 3508 1093 corpore
3525 1025 3787 1095 existunt,

2197 1108 2268 1162 sit
2293 1108 2473 1178 utique
2503 1107 2827 1175 differentia,
2872 1118 2927 1166 et
2963 1111 3252 1182 aliquando
3276 1127 3305 1166 a
3333 1117 3618 1170 contrario.
3646 1116 3788 1174 Nam

2195 1197 2492 1268 phrenetici
2530 1215 2633 1254 non
2673 1201 2984 1258 dormiendo
3019 1204 3195 1272 potius
3225 1206 3560 1274 perturbatas
3586 1208 3791 1265 habent

2197 1289 2460 1344 sentiendi
2492 1291 2606 1345 vias
2631 1291 2685 1346 in
2713 1291 2885 1361 capite
2907 1333 2922 1358 ,
2955 1302 3012 1347 ut
3051 1293 3175 1348 talia
3219 1293 3460 1359 videant,
3487 1299 3661 1367 qualia
3691 1315 3790 1355 so-

2196 1378 2462 1434 mniantes
2480 1379 2694 1446 vident,
2726 1397 2948 1451 quorum
2981 1382 3296 1439 dormienda
3323 1387 3580 1442 avertitur
3602 1389 3788 1444 inten-

2196 1469 2273 1523 tio
2297 1485 2328 1524 a
2357 1485 2516 1525 sensu
2545 1472 2832 1541 vigilandi,
2872 1482 2928 1528 et
2973 1473 3026 1528 in
3067 1489 3130 1529 ea
3179 1475 3406 1531 videnda
3434 1481 3788 1536 convertitur.

2195 1559 2330 1615 Cum
2357 1575 2484 1631 ergo
2511 1561 2635 1616 illud
2662 1561 2754 1617 ﬁat
2779 1577 2883 1618 non
2909 1563 3253 1631 dormiendo,
3286 1566 3389 1621 hoc
3429 1577 3605 1624 autem
3650 1569 3788 1624 dor-

2193 1649 2410 1706 miendo
2431 1691 2448 1717 ,
2475 1667 2583 1706 non
2611 1661 2787 1707 tamen
2815 1667 2878 1708 ea
2906 1669 3022 1724 quae
3047 1653 3293 1709 videntur
3333 1670 3400 1710 ex
3437 1657 3542 1711 alio
3583 1673 3791 1728 genere

2198 1752 2343 1809 sunt,
2371 1759 2529 1814 quam
2556 1760 2621 1800 ex
2651 1753 2836 1802 natura
2856 1746 3092 1816 spiritus,
3121 1745 3190 1802 de
3211 1762 3316 1817 quo
3338 1748 3418 1802 vel
3437 1748 3488 1802 in
3517 1764 3622 1817 quo
3649 1749 3789 1804 ﬁunt

2192 1835 2564 1893 similitudines
2585 1852 2889 1908 corporum.
2920 1837 2997 1893 Ita
3024 1839 3264 1909 quamvis
3289 1838 3499 1895 diversa
3521 1840 3590 1894 sit
3617 1855 3785 1895 causa

2193 1926 2506 1983 intentionis
2544 1928 2821 1995 alienatae,
2848 1928 3060 2000 quando
3085 1943 3218 1984 sano
3256 1943 3479 2001 corpore
3517 1931 3786 2001 vigilantis

2192 2019 2397 2075 occulta
2425 2019 2652 2090 quadam
2695 2021 2748 2075 vi
2787 2021 3043 2090 Spirituali
3086 2023 3262 2075 anima
3298 2021 3532 2089 rapitur,
3564 2031 3623 2076 ut
3661 2022 3785 2077 vice

2191 2126 2474 2181 corporum
2499 2127 2777 2182 expressas
2803 2113 3156 2184 corporalium
3195 2127 3374 2168 rerum
3403 2113 3784 2170 similitudines

2192 2203 2246 2258 in
2273 2205 2461 2274 spiritu
2506 2205 2715 2272 videat,
2753 2205 2938 2261 eadem
2979 2214 3153 2260 tamen
3180 2214 3264 2261 est
3291 2215 3474 2260 natura
3515 2207 3782 2262 visorum.

2189 2293 2374 2367 Neque
2412 2296 2552 2350 enim
2580 2296 2684 2350 dici
2713 2305 2916 2366 potest,
2945 2311 3066 2350 cum
3108 2309 3268 2351 causa
3313 2296 3366 2350 in
3411 2310 3635 2365 corpore
3671 2306 3780 2363 est,

2192 2396 2317 2442 tunc
2345 2387 2576 2442 animam
2603 2389 2718 2443 sine
2748 2388 2855 2443 ulla
2883 2389 3244 2459 prmsensione
3273 2387 3569 2442 futurorum
3593 2403 3660 2443 ex
3689 2403 3784 2444 se-

2190 2477 2302 2547 ipsa
2325 2492 2542 2533 versare
2564 2477 2819 2547 imagines
2839 2492 3142 2545 corporum,
3163 2477 3300 2532 sicut
3315 2476 3474 2530 etiam
3497 2477 3786 2546 cogitando

2188 2581 2282 2623 cas
2310 2567 2474 2632 solet;
2512 2582 2632 2622 cum
2659 2581 2785 2622 vero
2815 2568 2869 2622 in
2907 2581 2967 2622 ea
2991 2566 3215 2621 videnda
3254 2566 3439 2635 spiritu
3468 2567 3780 2634 assumitur,

2189 2658 2445 2714 divinitus
2492 2658 2608 2716 haec
2654 2660 3006 2715 demonstrari
3054 2676 3068 2712 :
3113 2658 3537 2729 quandoquidem
3593 2670 3784 2730 aperte

2187 2748 2459 2820 Scriptura
2486 2749 2633 2816 dicit,
2661 2748 2939 2816 E/fundam
2968 2750 3031 2804 de
3055 2749 3236 2821 spiritu
3259 2767 3368 2803 meo
3397 2767 3548 2821 super
3579 2766 3785 2806 omnem

2187 2855 2412 2906 carnem,
2442 2849 2488 2893 et
2504 2841 2715 2908 juvenes
2749 2840 2858 2895 visa
2897 2840 3152 2906 videbunt,
3200 2850 3247 2895 et
3289 2857 3428 2894 senes
3455 2843 3652 2899 sonmia
3690 2859 3783 2897 so-

2187 2931 2447 2985 mniabunt
2478 2931 2634 3003 (Joel.
2658 2948 2716 2996 n,
2747 2933 2869 3002 28),
2919 2932 3110 2988 divinae
3152 2933 3447 3003 operationi
3495 2944 3782 3005 utrumque

2187 3022 2458 3087 tribuens;
2480 3029 2553 3086 et,
2577 3021 2797 3092 Angelus
2817 3021 3024 3076 Domini
3047 3025 3285 3093 apparuit
3302 3021 3498 3094 Ioseph
3516 3024 3568 3086 in
3589 3025 3784 3080 somnia

2186 3113 2388 3180 dicens,
2422 3112 2549 3168 Noli
2577 3115 2751 3170 timere
2778 3116 3003 3185 accipere
3042 3115 3266 3170 Mariam
3293 3116 3559 3187 conjugem
3604 3126 3745 3170 tuam
3755 3139 3781 3186 ,-

2185 3213 2239 3259 et
2259 3205 2471 3271 iterum,
2496 3203 2644 3260 Tolle
2663 3222 2891 3276 puerum,
2912 3214 2960 3260 et
2978 3205 3104 3260 vade
3121 3207 3173 3260 in
3195 3205 3480 3278 Egyptian
3495 3204 3711 3276 (Matth.
3735 3223 3776 3272 ι,

2184 3294 2288 3358 20;
2319 3305 2373 3350 et
2396 3312 2454 3360 ll,
2487 3296 2600 3367 I5).

2191 3386 2414 3444 CAPUT
2441 3387 2605 3442 XXII.
2628 3417 2698 3430 -—
2723 3387 2982 3452 Quomodo
3008 3389 3301 3460 contingant
3323 3390 3431 3444 uisa
3455 3389 3566 3454 illa,
3587 3405 3652 3445 at:
3672 3389 3781 3459 qut"

2209 3514 2225 3538 ς
2292 3479 2387 3533 bus
2411 3479 2738 3532 divinationes
2759 3477 2954 3532 occulto
2973 3479 3210 3533 instinctu
3236 3497 3324 3534 seu
3347 3495 3470 3533 casu
3495 3479 3667 3550 facta.

2254 3570 2341 3624 45.
2385 3570 2564 3639 Itaque
2610 3569 2750 3623 bono
2795 3569 3008 3639 quidem
3053 3570 3240 3639 spiritu
3286 3571 3486 3625 assumi
3525 3570 3774 3640 spiritum

2183 3657 2414 3714 hominis
2440 3659 2508 3714 ad
2556 3659 2652 3714 has
2692 3659 2945 3715 videndas
2987 3661 3281 3730 imagines,
3323 3661 3424 3715 nisi
3457 3660 3657 3731 aliquid
3700 3662 3779 3716 si-

2181 3739 2463 3817 gnificent,
2522 3765 2630 3804 non
2670 3761 2798 3820 puto
2841 3768 2854 3803 :
2899 3765 3020 3805 cum
3062 3764 3190 3804 vero
3238 3750 3290 3804 in
3336 3765 3560 3820 corpore
3609 3766 3773 3806 causa

2181 3849 2280 3904 est,
2331 3848 2386 3894 ut
2414 3841 2469 3895 in
2497 3855 2588 3895 eas
2633 3841 2933 3911 expressius
2979 3840 3258 3895 intuendas
3303 3839 3566 3894 humanus
3596 3840 3777 3896 inten-

2182 3930 2337 3986 datur
2379 3932 2598 4001 spiritus
2621 3973 2636 3998 ,
2683 3948 2790 3986 non
2828 3946 3044 4001 semper
3084 3931 3283 4002 aliquid
3321 3932 3625 4002 signiﬁcare
3649 3947 3772 3987 cre—

2180 4021 2411 4081 dendum
2441 4036 2550 4092 est;
2592 4027 2686 4081 sed
2733 4034 2858 4081 tunc
2900 4023 3234 4095 signiﬁcant,
3279 4039 3403 4079 cum
3445 4024 3774 4094 inSpirantur

2181 4129 2214 4168 a
2239 4115 2638 4172 demonstrante
2680 4117 2897 4185 spiritu,
2930 4116 3044 4171 sive
3077 4107 3388 4180 dormienti,
3432 4117 3544 4170 sive
3571 4115 3772 4184 aliquid

2180 4209 2321 4264 aliud
2351 4225 2418 4264 ex
2441 4225 2688 4280 corpore,
2716 4219 2825 4265 uta
2848 4211 3024 4265 carnis
3042 4211 3286 4271 sensibus
3311 4210 3649 4276 alienaretur,
3678 4225 3773 4279 pa-

2181 4298 2352 4354 tienti.
2383 4299 2736 4370 Vigilantibus
2778 4301 2938 4356 etiam
2980 4315 3151 4370 neque
3197 4301 3310 4354 ullo
3349 4300 3536 4355 morbo
3560 4300 3772 4356 amictis

2181 4403 2280 4442 nec
2305 4387 2488 4444 furore
2510 4391 2806 4460 exagitatis,
2838 4390 3048 4445 occulto
3081 4390 3309 4460 quodam
3337 4389 3588 4445 instinctu
3617 4391 3770 4459 inge-

2180 4488 2290 4534 stas
2318 4495 2438 4535 esse
2465 4480 2812 4549 cogitationes
2836 4495 2968 4550 quas
2995 4479 3288 4550 promendo
3314 4479 3631 4543 divinarent,
3662 4496 3771 4535 non

2179 4572 2352 4628 solum
2373 4573 2517 4628 aliud
2541 4581 2778 4642 agentes,
2807 4573 2940 4628 sicut
2965 4571 3194 4642 Caiphas
3224 4572 3460 4642 pontifex
3484 4571 3771 4642 propheta-

2178 4665 2254 4719 vit
2283 4664 2460 4732 (Joan.
2489 4681 2569 4732 xi,
2597 4663 2709 4735 51),
2736 4678 2856 4719 cum
2899 4665 3016 4735 ejus
3043 4663 3267 4718 intentio
3296 4679 3402 4720 non
3428 4663 3652 4719 haberet
3677 4679 3771 4720 vo-

2178 4753 2435 4811 Iuntatem
2469 4753 2816 4825 prophetandi
2841 4795 2856 4819 ,
2888 4771 3070 4810 verum
3100 4756 3259 4810 etiam
3295 4753 3349 4810 id
3385 4755 3765 4825 suscipientes,

2181 4852 2237 4899 ut
2265 4845 2532 4900 divinandi
2557 4845 2715 4900 modo
2748 4844 2943 4915 aliquid
2970 4845 3238 4912 dicerent,
3271 4847 3537 4902 novimus.

2248 4938 2338 4993 46.
2376 4938 2509 4994 Nam
2548 4937 2760 5008 quidam
2781 4937 3005 5008 juvenes
3025 4939 3254 5006 jocando
3287 4948 3344 4994 ut
3370 4938 3648 5004 fallerent,
3675 4937 3766 4992 ubi

2177 5030 2444 5101 peregrini
2473 5031 2572 5085 iter
2599 5030 2860 5099 agebant,
2893 5029 3296 5085 mathematicos
3336 5046 3395 5086 se
3431 5045 3550 5086 esse
3592 5031 3765 5084 tinxe-

2177 5130 2326 5188 runt,
2358 5123 2662 5192 ignorantes
2689 5122 2907 5176 omnino
2934 5130 3110 5176 utrum
3137 5121 3421 5177 duodecim
3449 5123 3596 5191 signa
3623 5121 3768 5176 dice-

2177 5224 2382 5270 rentur.
2405 5211 2648 5278 Quicum
2673 5211 2934 5282 hospitem
2961 5228 3116 5267 suum
3141 5214 3320 5268 mirari
3339 5222 3622 5269 cernerent
3647 5229 3765 5283 quas

2177 5305 2441 5369 dicebant,
2465 5311 2518 5358 et
2541 5305 2778 5359 attestari
2799 5318 2918 5360 esse
2941 5304 3236 5369 verissima,
3255 5304 3505 5358 audacius
3531 5305 3584 5358 in
3613 5303 3763 5373 plura

2178 5397 2440 5467 progressi
2471 5404 2613 5451 sunt.
2642 5398 2712 5450 At
2736 5396 2822 5450 ille
2849 5403 3107 5450 attestans
3143 5395 3211 5450 ad
3237 5396 3413 5451 omnia
3449 5395 3761 5449 mirabatur.

2180 5488 2456 5543 Postremo
2473 5488 2540 5543 ab
2559 5488 2636 5542 eis
2664 5487 2730 5542 de
2760 5487 2850 5542 ﬁlii
2869 5488 3038 5542 salute
3065 5487 3326 5557 qumsivit,
3349 5503 3505 5558 quem
3523 5487 3614 5541 diu
3633 5488 3763 5542 abs-

2177 5586 2354 5633 entem
2402 5577 2758 5642 desiderabat,
2785 5586 2838 5632 et
2891 5577 3032 5647 quod
3077 5577 3345 5646 inopinate
3390 5577 3647 5641 tardaret,
3695 5593 3766 5634 ne

2177 5673 2305 5744 quid
2339 5673 2388 5729 ei
2413 5674 2691 5730 accidisset
2731 5672 2990 5729 sollicitus
3017 5681 3151 5728 erat.
3183 5673 3254 5727 At
3281 5672 3354 5727 illi
3377 5687 3483 5726 non
3513 5678 3765 5726 curantes

2178 5768 2302 5843 quid
2329 5776 2448 5843 post
2471 5783 2653 5825 eorum
2679 5767 2983 5825 abscessum
3023 5764 3137 5825 veri
3160 5772 3602 5840 cognosceretur,
3635 5761 3765 5822 dum
