4090 6474
1291 326 1327 341 υ-

289 383 393 440 873

287 509 464 555 tamen
495 497 551 551 in
580 494 857 566 praesentia
892 492 1072 548 laetum
1111 488 1379 543 hominem
1416 482 1721 542 redderent,
1744 491 1871 532 mox

285 591 581 664 profecturi
600 589 993 659 responderunt
1015 583 1219 638 salvum
1249 595 1313 635 ac
1337 579 1795 649 propinquantem,
1817 578 1872 625 et

284 700 351 741 eo
374 686 494 754 ipso
518 684 606 738 die
632 696 737 753 quo
753 682 869 735 haec
893 676 1265 748 loquebantur,
1285 687 1405 728 esse
1424 678 1701 725 venturum
1728 684 1743 721 :
1772 679 1868 720 ne-

284 792 389 847 que
419 776 565 830 enim
594 773 919 836 metuebant,
947 784 1016 824 ne
1039 783 1160 823 eum
1190 775 1332 820 totus
1362 763 1478 816 dies
1506 769 1749 830 peractus
1780 772 1870 812 es-

283 846 384 935 su,
418 883 516 923 eos
541 867 629 921 ille
654 861 1050 933 redarguendos
1084 855 1341 931 postridie
1372 846 1702 924 sequeretur.
1732 846 1870 916 Quid

283 959 451 1013 multa
466 958 491 1010 ?
516 956 641 1009 dum
665 955 775 1024 jam
796 952 943 1006 abire
963 949 1327 1020 disponerent,
1350 957 1475 998 ecce
1499 942 1675 997 subito
1698 937 1873 993 adhuc

284 1049 363 1105 eis
393 1049 505 1102 illic
533 1046 717 1126 positis
741 1044 903 1099 venit.

353 1144 448 1197 47.
490 1142 624 1196 Item
670 1120 806 1193 alius
852 1144 976 1191 ante
1003 1130 1438 1206 symphoniacum
1481 1124 1745 1191 saltabat,
1779 1120 1873 1176 ubi

284 1241 439 1290 erant
476 1232 641 1287 multa
662 1230 801 1285 idola
830 1244 923 1299 per
947 1224 1229 1296 quamdam
1262 1221 1588 1290 Paganorum
1616 1213 1873 1270 solemni-

284 1334 472 1390 tatem,
500 1340 605 1378 non
647 1323 821 1391 aliquo
847 1319 1034 1389 spiritu
1056 1324 1317 1383 arreptus,
1348 1311 1441 1367 sed
1470 1308 1761 1364 imitatione
1790 1305 1872 1360 lu-

285 1417 432 1471 dicra
456 1413 760 1483 arreptitios
788 1411 1084 1471 aemulatus,
1099 1406 1385 1461 scientibus
1409 1396 1876 1456 circumstantibus

283 1517 335 1563 et
356 1506 748 1577 spectantibus.
787 1501 950 1558 Moris
994 1500 1134 1554 enim
1171 1506 1285 1553 erat
1326 1504 1384 1549 ut
1427 1503 1550 1548 ante
1596 1492 1873 1560 prandium

284 1599 518 1671 peractis
551 1594 823 1651 sacriﬁciis
844 1593 1159 1663 agilatisque
1185 1587 1453 1652 fanaticis,
1484 1585 1529 1638 si
1568 1583 1656 1652 qui
1696 1582 1878 1637 adole-

283 1696 501 1743 scentes
529 1694 649 1756 post
674 1683 949 1754 prandium
978 1680 1171 1735 vellent
1194 1693 1259 1733 eo
1300 1691 1448 1731 more
1475 1673 1674 1736 ludere,
1702 1672 1877 1725 nullus

283 1779 685 1851 prohiberetur.
732 1774 826 1829 Ille
872 1787 1000 1843 ergo
1045 1772 1183 1825 inter
1228 1766 1544 1831 saltandum,
1593 1763 1730 1817 facto
1776 1760 1877 1816 sibi

285 1870 529 1933 silentio,
562 1865 911 1937 jocabundus,
941 1870 995 1917 et
1025 1862 1231 1916 ridente
1276 1856 1612 1913 multitudine
1650 1856 1878 1908 circum-

285 1970 496 2032 septus,
532 1975 594 2014 ea
644 1966 797 2014 nocte
823 1971 941 2027 quze
970 1952 1336 2024 impendebat,
1385 1951 1438 2004 in
1481 1964 1544 2005 ea
1581 1948 1713 2002 silva
1760 1959 1878 2015 quae

284 2054 434 2125 juxta
457 2061 597 2118 erat,
620 2050 887 2105 hominem
910 2062 938 2101 a
958 2048 1114 2102 leone
1134 2045 1508 2111 interemptum
1531 2039 1617 2106 iri,
1643 2038 1708 2091 ad
1729 2038 1880 2106 cujus

286 2147 523 2202 cadaver
576 2141 922 2214 spectandum
976 2140 1318 2194 illucescente
1368 2135 1455 2189 die
1518 2131 1880 2187 conlluxuram

286 2238 523 2300 turbam,
553 2245 607 2290 et
626 2236 765 2289 illius
789 2231 1137 2288 solemnitatis
1161 2230 1333 2285 locum
1359 2228 1714 2288 deserturam,
1747 2237 1885 2293 prte-

287 2330 443 2385 dixit.
478 2330 549 2383 Et
575 2328 768 2382 factum
795 2332 908 2390 est;
937 2338 1055 2379 eum
1087 2323 1216 2376 satis
1239 2321 1443 2375 cunctis
1467 2320 1553 2389 qui
1583 2317 1803 2372 aderant
1827 2316 1879 2369 in

286 2422 547 2477 omnibus
595 2419 712 2487 ejus
757 2416 989 2471 motibus
1015 2413 1316 2479 claruisset,
1336 2412 1435 2466 hoc
1450 2426 1569 2465 eum
1585 2407 1814 2463 ludendo
1828 2414 1884 2461 et

288 2511 407 2582 joca
415 2510 523 2563 udo
536 2521 795 2577 nusquam
816 2506 1124 2578 perturbata
1136 2504 1219 2557 vel
1234 2500 1457 2556 alienata
1476 2509 1651 2555 mente
1661 2498 1879 2561 dixisse;

289 2603 407 2673 ipso
434 2602 595 2656 etiam
624 2608 771 2653 tanto
794 2597 1021 2667 amplius
1046 2597 1274 2649 mirante
1297 2592 1434 2663 quod
1451 2591 1660 2657 accidit,
1684 2597 1883 2659 quanto

290 2691 459 2762 magis
490 2698 677 2745 nosset
696 2703 803 2759 quo
828 2686 881 2741 id
904 2687 1082 2741 animo
1106 2693 1264 2754 atque
1288 2698 1380 2737 ore
1410 2681 1704 2753 protulerit.

361 2784 450 2839 ιε.
492 2782 738 2851 Quonam
784 2779 943 2834 modo
978 2779 1092 2833 haec
1132 2778 1241 2831 vise
1286 2777 1339 2831 in
1381 2775 1622 2846 spiritum
1652 2772 1884 2827 hominis

293 2876 535 2941 veniant,
565 2882 745 2928 utrum
791 2872 864 2926 ibi
912 2871 1155 2941 primitus
1192 2868 1485 2922 formentur
1508 2907 1522 2930 ,
1565 2880 1631 2918 an
1661 2862 1884 2918 formata

298 2970 633 3040 ingerantur,
660 2974 717 3021 et
742 2964 968 3035 quadam
996 2961 1366 3031 conjunctione
1390 2966 1698 3021 cernantur,
1732 2955 1885 3010 utsic

298 3059 605 3116 hominibus
632 3056 807 3128 angeli
834 3055 1116 3111 ostendant
1138 3053 1482 3122 cogitationes
1507 3065 1651 3115 suas,
1683 3057 1736 3103 et
1760 3063 1884 3103 cor-

303 3152 566 3223 poralium
591 3164 768 3205 rerum
799 3146 1193 3211 similitudines,
1222 3158 1354 3214 quas
1381 3143 1432 3197 in
1468 3157 1565 3197 suo
1589 3141 1779 3210 spiritu
1801 3140 1885 3193 fu-

302 3252 548 3297 turorum
593 3239 896 3310 cognitione
938 3236 1297 3306 praeformant,
1343 3231 1785 3302 quemadmodum
1831 3237 1888 3284 et

302 3332 400 3403 ipsi
426 3339 642 3386 nostras
666 3328 1031 3398 cogitationes,
1062 3340 1167 3380 non
1197 3324 1377 3393 utique
1413 3322 1602 3387 oculis,
1630 3320 1749 3388 quia
1781 3334 1885 3373 non

303 3437 551 3493 wrpore,
580 3420 672 3475 sed
699 3419 886 3487 spiritu
910 3417 1126 3481 vident;
1156 3430 1337 3469 verum
1370 3413 1471 3467 hoc
1496 3411 1724 3473 intersit,
1746 3410 1885 3480 quod

306 3512 380 3567 illi
411 3518 655 3574 nostras,
695 3509 855 3562 etiam
882 3507 926 3562 si
955 3506 1217 3568 nolimus,
1258 3510 1546 3563 noverunt,
1587 3515 1685 3555 nos
1711 3508 1887 3554 autem

306 3601 566 3673 ipsorum,
594 3601 694 3654 nisi
719 3598 1082 3664 ostendantur,
1114 3610 1273 3651 nosse
1294 3609 1396 3648 non
1428 3608 1740 3663 possumus;
1766 3592 1889 3662 quia

308 3693 385 3748 sic
409 3708 527 3758 eas,
556 3699 621 3745 ut
643 3691 851 3761 opinor,
883 3689 1079 3743 habent
1105 3688 1156 3741 in
1196 3694 1457 3757 potestate
1485 3686 1750 3739 occultare
1781 3683 1893 3754 spi-

308 3781 589 3837 ritualibus
606 3780 797 3844 modis,
820 3777 1261 3849 quemadmodum
1280 3791 1377 3830 nos
1397 3775 1706 3845 quibusdam
1730 3774 1890 3828 inter-

306 3870 464 3941 iectis
492 3869 819 3935 obstaculis,
863 3876 1041 3923 nostra
1083 3881 1303 3936 corpora
1347 3881 1415 3919 ne
1458 3865 1681 3919 aliorum
1725 3864 1891 3918 oculis

307 3961 609 4025 videantur,
632 3958 1041 4015 abscondimus:
1065 3965 1120 4013 et
1139 3957 1263 4028 quid
1293 3956 1381 4011 ﬁat
1405 3956 1456 4010 in
1480 3956 1665 4025 spiritu
1685 3961 1889 4021 nostro,

308 4060 367 4107 ut
385 4050 673 4121 aliquando
696 4058 980 4105 cernantur
996 4047 1358 4103 tantummodo
1378 4046 1731 4117 signiﬁcantes
1756 4047 1893 4100 ima-

306 4143 485 4212 gines,
539 4149 594 4197 et
639 4150 815 4196 utrum
858 4139 1055 4209 aliquid
1100 4137 1397 4208 signiﬁcent
1442 4136 1744 4206 ignoretur;
1792 4134 1893 4188 ali-

304 4231 525 4303 quando
545 4240 723 4285 autem
750 4229 949 4300 aliquid
979 4229 1276 4298 signiﬁcare
1306 4227 1618 4291 sentiantur,
1646 4225 1738 4281 sed
1768 4225 1894 4295 quid

304 4323 613 4395 signiﬁcent
629 4324 896 4379 nesciatur
915 4340 931 4388 ;
953 4321 1233 4392 aliquando
1249 4335 1373 4374 vero
1387 4331 1635 4389 tanquam
1659 4319 1896 4389 pleniore

305 4416 762 4474 demonstratione
781 4416 956 4471 anima
978 4415 1205 4468 humana
1231 4413 1479 4481 etspiritn
1498 4411 1637 4481 ipsas
1649 4421 1703 4467 et
1719 4419 1897 4466 mente

307 4508 441 4580 quid
465 4509 763 4580 signiﬁcent
778 4507 985 4572 videat;
1012 4515 1065 4561 et
1090 4507 1227 4559 seire
1255 4504 1619 4559 difﬁcillimum
1644 4512 1745 4571 est,
1774 4511 1828 4559 et
1850 4504 1895 4557 si

304 4600 419 4671 jam
440 4586 701 4667 sciamus,
714 4592 978 4655 disserere
989 4608 1145 4669 atque
1158 4599 1421 4667 explicare
1437 4597 1893 4668 operosissimum.

308 4691 541 4748 CAPUT
563 4691 836 4747 XXlll.—
852 4690 1185 4761 Spiritualem
1219 4699 1471 4755 naturam,
1490 4688 1573 4741 ubi
1607 4697 1708 4740 tam
1731 4686 1898 4740 multis

383 4783 552 4837 causis
588 4782 937 4836 similitudines
969 4780 1307 4851 corporalium
1346 4779 1645 4851 formentur,
1665 4778 1719 4831 in
1756 4777 1899 4831 nobis

386 4874 619 4929 existere.

389 4967 481 5022 49.
512 4965 664 5032 Quod
692 4975 866 5020 autem
891 4980 1032 5020 nunc
1059 4964 1327 5019 insinuare
1351 4963 1480 5018 satis
1505 4961 1752 5024 arbitror,
1781 4974 1899 5016 eer-

318 5064 431 5111 tum
460 5064 545 5111 est
572 5072 691 5112 esse
713 5056 1040 5126 spiritualem
1068 5056 1346 5125 quamdam
1377 5062 1616 5108 naturam
1644 5055 1696 5107 in
1722 5054 1895 5122 nobis,

319 5147 412 5201 ubi
440 5148 795 5218 corporalium
820 5163 998 5202 rerum
1034 5148 1328 5201 formantur
1352 5147 1755 5213 similitudines;
1786 5148 1899 5202 sive

317 5253 440 5292 eum
469 5239 683 5309 aliquod
707 5254 899 5311 corpus
927 5255 1085 5295 sensu
1115 5240 1352 5309 corporis
1381 5241 1660 5311 tangimus,
1688 5249 1743 5295 et
1765 5256 1897 5296 con-

318 5330 467 5383 tinuo
494 5329 753 5384 formatur
780 5332 893 5400 ejus
916 5330 1206 5385 similitudo
1228 5333 1280 5385 in
1307 5332 1513 5401 spiritu,
1539 5330 1898 5401 memoriaque

318 5420 656 5484 reconditur;
692 5422 802 5476 sive
827 5437 946 5477 cum
977 5422 1216 5476 absentia
1248 5436 1468 5491 corpora
1489 5423 1597 5492 jam
1636 5430 1758 5477 nota
1802 5437 1897 5478 co-

318 5511 570 5582 gitamus,
595 5520 656 5567 ut
686 5528 751 5567 ex
775 5514 852 5568 eis
880 5513 1136 5568 formetur
1160 5514 1371 5584 quidam
1413 5514 1699 5582 spiritualis
1739 5530 1897 5584 aspe-

320 5613 457 5671 ctus,
488 5620 608 5675 quae
629 5606 738 5674 jam
760 5614 912 5661 erant
940 5606 992 5659 in
1024 5606 1211 5675 spiritu
1239 5614 1293 5660 et
1319 5615 1599 5675 antequam
1626 5621 1687 5660 ea
1709 5607 1900 5676 cogita-

321 5711 534 5761 remus;
563 5698 675 5752 sive
702 5712 822 5752 cum
848 5712 1029 5752 eorum
1058 5712 1335 5767 corporum
1359 5714 1476 5767 quae
1502 5712 1607 5751 non
1635 5698 1897 5764 novimus,

321 5788 417 5845 sed
437 5797 616 5845 tamen
638 5804 758 5846 esse
781 5804 887 5846 non
919 5789 1239 5860 dubitamus,
1269 5789 1662 5859 similitudines,
1692 5806 1798 5845 non
1827 5790 1899 5847 ita

1522 356 1726 416 LIBER
1764 351 2217 413 DUODECIMUS.

3446 361 3553 420 Πὸ

1975 481 2035 528 ut
2060 480 2182 528 sunt
2205 472 2319 541 illa,
2341 472 2435 531 sed
2454 481 2513 529 ut
2537 474 2788 541 occurrit,
2819 473 3118 539 intuemur;
3140 472 3251 529 sive
3274 486 3396 529 cum
3421 474 3546 544 alia,

1973 580 2093 635 quae
2122 564 2205 620 vel
2236 580 2338 618 non
2366 574 2508 630 sunt,
2543 567 2627 621 vel
2654 579 2774 620 esse
2800 568 3141 632 nesciuntur,
3189 579 3286 634 pro
3332 566 3552 623 arbitrio

1975 658 2060 713 vel
2086 657 2390 727 opinatione
2417 658 2739 727 cogitamus;
2780 656 2892 711 sive
2930 655 3070 711 unde
3098 656 3237 711 unde
3259 696 3275 721 ,
3304 672 3475 726 neque
3501 658 3554 713 id

1975 750 2252 821 agentibus
2272 791 2287 814 ,
2318 765 2487 821 neque
2511 750 2812 804 volentibus
2841 749 2992 804 nobis
3019 750 3179 804 variae
3223 749 3405 805 forma!
3432 766 3554 805 cor-

1976 844 2233 913 poralium
2261 842 2659 897 similitudinum
2687 853 2964 897 versantur
2986 842 3036 896 in
3063 842 3271 907 animo;
3300 844 3410 897 sive
3435 859 3553 897 cum

1974 936 2171 1006 aliquid
2197 937 2545 1008 corporaliter
2568 937 2756 1003 acturi,
2783 951 2844 991 ea
2872 936 2987 1005 ipsa
3004 934 3335 1005 disponimus
3357 953 3472 1005 qua-
3503 938 3553 990 in

1975 1029 2065 1084 illa
2089 1029 2296 1083 actione
2329 1027 2500 1082 futura
2528 1036 2681 1094 sunt,
2705 1037 2758 1082 et
2786 1028 2961 1081 omnia
2998 1027 3313 1095 cogitatione
3342 1038 3554 1081 antece-

1975 1119 2183 1183 dimus;
2212 1119 2325 1174 sive
2347 1120 2457 1187 jam
2486 1119 2539 1172 in
2569 1120 2684 1187 ipso
2708 1127 2859 1177 actu.
2892 1118 2971 1171 vel
3002 1131 3123 1171 cum
3151 1117 3440 1186 loquimur,
3471 1115 3555 1170 vel

1976 1224 2098 1265 cum
2127 1208 2366 1275 facimus,
2393 1222 2578 1262 omnes
2605 1207 2913 1277 corporales
2934 1214 3129 1269 motus,
3157 1216 3214 1259 ut
3232 1210 3403 1260 essuri
3433 1218 3555 1273 pos-

1977 1304 2102 1368 sint,
2125 1302 2516 1373 przeveniuntur
2530 1299 2958 1354 similitudinibus
2972 1301 3081 1352 suis
3102 1298 3239 1351 intus
3263 1298 3313 1350 in
3336 1298 3553 1365 spiritu;

1978 1412 2151 1467 neque
2176 1395 2316 1451 enim
2345 1394 2452 1449 ulla
2479 1393 2568 1449 vel
2596 1392 2906 1447 brevissima
2947 1390 3149 1463 syllaba
3178 1390 3230 1443 in
3256 1391 3437 1443 ordine
3460 1404 3558 1447 suo

1978 1491 2081 1546 nisi
2121 1497 2399 1560 prospecta
2438 1486 2745 1541 sonuisset:
2781 1485 2891 1539 sive
2933 1499 3054 1538 cum
3098 1498 3128 1536 a
3176 1481 3560 1539 dormientibus

1979 1581 2183 1637 somnia
2225 1578 2505 1646 videntur,
2536 1577 2623 1632 vel
2656 1576 2787 1631 nihil
2825 1575 2909 1630 vel
2948 1573 3149 1644 aliquid
3180 1572 3557 1644 significantia;

1978 1674 2091 1727 sive
2143 1688 2266 1728 cum
2314 1671 2614 1725 valetudine
2660 1668 2921 1739 corporali
2974 1666 3195 1722 turbatis
3244 1666 3563 1721 intrinsecus

1980 1764 2260 1819 itineribus
2286 1762 2568 1825 sentiendi,
2596 1762 2851 1829 imagines
2871 1774 3153 1826 corporum
3177 1758 3397 1825 spiritus
3421 1757 3563 1811 veris

1980 1857 2291 1926 corporibus
2333 1856 2402 1907 ita
2430 1853 2657 1916 miscet,
2685 1858 2743 1905 ut
2767 1850 3053 1904 internosci
3092 1849 3177 1903 vel
3211 1849 3297 1902 vix
3323 1850 3559 1919 possint,

1981 1950 2061 2005 vel
2090 1948 2308 2004 omnino
2330 1962 2433 2000 nou
2456 1944 2693 2017 possint;
2716 1952 2769 1999 et
2794 1952 2884 1997 aut
2906 1943 3204 2014 signiﬁcent
3227 1942 3447 2011 aliquid,
3474 1949 3565 1995 aut

1982 2041 2101 2095 sine
2127 2040 2231 2093 ulla
2253 2037 2634 2109 signiﬁcatione
2658 2034 3001 2098 oboriantur;
3029 2034 3141 2087 sive
3160 2046 3379 2102 prorsus
3399 2033 3567 2102 ingra-

1982 2138 2231 2186 vescente
2259 2129 2437 2198 aliquo
2464 2127 2651 2183 morbo
2677 2125 2759 2180 vel
2789 2125 2971 2180 dolore
3004 2123 3243 2195 corporis
3261 2163 3276 2186 ,
3303 2130 3358 2177 et
3403 2123 3568 2177 inter-

1982 2225 2229 2280 cludente
2254 2223 2398 2277 intus
2421 2222 2535 2276 vias
2555 2220 2746 2290 quibus
2770 2218 2977 2281 animae,
3003 2222 3061 2271 ut
3086 2232 3180 2285 per
3204 2230 3419 2270 carnem
3446 2228 3567 2269 sen-

1984 2319 2128 2382 tiret,
2172 2315 2520 2373 exserebatur
2544 2328 2607 2369 ac
2632 2312 2897 2367 nitebatur
2925 2309 3148 2365 intentio
3168 2350 3182 2375 ,
3212 2296 3368 2362 altius
3408 2323 3565 2377 quam

1984 2424 2176 2465 somno
2200 2408 2479 2462 absentato
2505 2403 2717 2473 spiritu,
2747 2400 3100 2471 corporalium
3130 2413 3308 2453 rerum
3335 2397 3570 2452 existunt

1984 2511 2077 2557 aut
2098 2507 2461 2556 monstrantur
2484 2498 2763 2567 imagines,
2784 2494 2865 2549 vel
2890 2491 3249 2563 signiﬁcantes
3269 2489 3465 2559 aliquid
3484 2490 3568 2545 vel

1985 2593 2102 2649 sine
2133 2592 2237 2646 ulla
2266 2589 2647 2660 signiﬁcatione
2672 2592 3016 2654 apparentes;
3050 2582 3161 2638 sive
3187 2581 3328 2635 nulla
3358 2596 3422 2635 ex
3446 2594 3568 2634 cor-

1985 2699 2116 2755 pore
2152 2696 2310 2739 eausa
2349 2680 2640 2742 existente,
2681 2674 2776 2730 sed
2817 2681 3120 2729 assumente
3144 2678 3302 2740 atque
3331 2670 3570 2740 rapiente

1985 2774 2164 2843 aliquo
2204 2770 2391 2840 spiritu
2435 2767 2637 2823 tollitur
2674 2765 2850 2819 anima
2892 2763 2943 2816 in
2974 2760 3274 2832 hujusmodi
3312 2760 3570 2816 videndos

1986 2862 2355 2918 similitudines
2382 2872 2683 2929 corporum,
2712 2857 2942 2911 miscens
2985 2854 3062 2907 eis
3099 2853 3211 2906 visa
3250 2851 3567 2921 corporalia,

1986 2970 2106 3011 cum
2128 2953 2283 3009 simul
2308 2952 2469 3006 etiam
2489 2948 2729 3017 corporis
2748 2946 2990 3002 sensibus
3010 2943 3174 2998 utitur
3196 2959 3211 3006 ;
3234 2942 3346 2996 sive
3371 2941 3439 2995 ita
3465 2940 3573 3009 spi-

1988 3046 2094 3101 ritu
2140 3052 2445 3099 assumente
2470 3039 2728 3094 alienatur
2757 3037 2823 3090 ab
2863 3035 3006 3089 omni
3034 3031 3273 3102 corporis
3306 3045 3486 3095 sensu,
3517 3039 3575 3085 et

1988 3139 2273 3202 avertitur,
2305 3143 2363 3189 ut
2386 3133 2514 3188 solis
2553 3128 2983 3185 similitudinibus
3007 3140 3287 3195 corporum
3316 3122 3572 3193 spirituali

1988 3233 2191 3287 visione
2218 3235 2480 3289 teneatur,
2513 3224 2602 3279 ubi
2632 3221 2811 3277 nescio
2839 3230 3016 3275 utrum
3055 3218 3259 3289 possint
3289 3216 3465 3286 aliqua
3492 3214 3574 3269 ni-

1990 3322 2066 3376 hil
2092 3318 2437 3390 signiﬁcantia
2466 3314 2656 3368 videri.

1989 3413 2213 3470 CAPUT
2230 3409 2493 3466 XXIV.-
2505 3406 2757 3462 Visionem
2781 3402 3162 3458 intellectualem
3183 3398 3454 3471 spirituali,
3472 3399 3575 3469 spi-

2367 3497 2598 3552 ritualem
2626 3494 2880 3566 corporali
2909 3501 3166 3562 primore.

2062 3593 2151 3650 50.
2180 3591 2305 3648 ﬂare
2332 3589 2491 3659 igitur
2515 3595 2702 3641 natura
2725 3584 3033 3653 spiritualis,
3057 3581 3108 3635 in
3134 3595 3236 3650 qua
3264 3594 3370 3634 non
3395 3594 3575 3649 corpo-

1993 3700 2072 3751 ra,
2096 3684 2190 3738 sed
2211 3694 2489 3751 corporum
2513 3675 2885 3734 similitudines
2904 3676 3288 3743 exprimuntur,
3312 3670 3576 3726 inferioris

1992 3775 2204 3846 generis
2226 3773 2459 3827 visiones
2480 3770 2660 3833 habet,
2687 3783 2843 3838 quam
2874 3766 3002 3821 illud
3024 3764 3214 3819 mentis
3237 3772 3395 3834 atque
3423 3763 3578 3819 intel-

1996 3868 2224 3938 ligentia:
2248 3866 2454 3929 lumen,
2484 3877 2590 3931 quo
2618 3868 2675 3916 et
2708 3860 2806 3914 ista
2851 3856 3098 3913 inferiora
3122 3856 3497 3926 dijudicantur,
3523 3865 3579 3912 et
3676 3924 3681 3929 ι

1995 3976 2058 4015 ea
2086 3967 2378 4016 cernuntur
2417 3971 2536 4025 qua:
2574 3969 2746 4025 neque
2788 3960 2911 4007 sunt
2938 3966 3194 4021 corpora,
3227 3966 3400 4021 neque
3443 3951 3579 4006 ullas

1994 4058 2185 4122 gerunt
2213 4048 2411 4103 formas
2444 4046 2645 4101 similes
2667 4058 2984 4115 corporum;
3015 4042 3159 4097 velut
3198 4042 3308 4111 ipsa
3340 4056 3490 4097 mens
3524 4048 3580 4096 et

1997 4143 2172 4198 omnis
2213 4141 2404 4194 animae
2441 4136 2649 4193 affectio
2688 4136 2845 4200 bona,
2889 4136 2972 4189 cui
3002 4132 3265 4188 contraria
3305 4140 3429 4187 sunt
3465 4132 3579 4202 ejus

1996 4235 2123 4289 vitia
2147 4273 2165 4300 ,
2213 4246 2333 4302 quae.
2369 4238 2516 4285 recte
2554 4229 2833 4297 culpantur
2864 4235 3022 4295 atque
3045 4225 3363 4279 damnantur
3391 4224 3442 4277 in
3485 4222 3580 4277 ho-

1998 4324 2249 4381 minibus.
2295 4323 2411 4389 Quo
2451 4319 2591 4375 enim
2637 4318 2742 4372 alio
2785 4317 2944 4371 modo
2983 4316 3094 4384 ipse
3137 4314 3439 4369 intellectus
3476 4314 3578 4367 nisi

1998 4412 2341 4485 intelligendo
2378 4408 2736 4479 conspicitur?
2784 4406 2856 4459 lta
2896 4414 2950 4460 et
2985 4405 3247 4467 charitas,
3294 4402 3575 4472 gaudium,

2000 4524 2121 4580 pax,
2170 4504 2559 4575 longanimitas,
2598 4498 2915 4570 benignitas,
2956 4497 3185 4562 bonitas,
3226 4494 3388 4560 fides,
3430 4509 3581 4550 man-

2000 4597 2246 4662 suetudo,
2265 4593 2609 4658 continentia,
2634 4598 2688 4646 et
2701 4598 2891 4644 cratera
2910 4587 3231 4657 hujusmodi,
3251 4586 3443 4657 quibus
3460 4602 3581 4658 pro-

2001 4690 2285 4760 pinquatur
2301 4686 2412 4740 Deo
2432 4681 2628 4753 (Galat.
2650 4698 2703 4747 v,
2722 4680 2811 4743 22,
2838 4680 2933 4749 25)
2955 4696 2968 4733 :
2989 4687 3043 4733 et
3061 4679 3176 4747 ipse
3197 4679 3359 4746 Deus,
3382 4694 3449 4734 ex
3476 4695 3582 4749 quo

2000 4781 2198 4845 omnia,
2221 4794 2318 4850 per
2337 4791 2494 4847 quem
2520 4776 2717 4837 omnia,
2745 4773 2798 4827 in
2824 4786 2931 4842 quo
2958 4770 3135 4825 omnia
3163 4769 3340 4840 (Rom.
3359 4785 3440 4835 ιι,
3464 4769 3577 4838 56).

2071 4872 2160 4927 51.
2178 4870 2486 4938 Quanquam
2506 4867 2683 4934 itaque
2704 4864 2756 4918 in
2778 4862 2963 4918 eadem
2984 4861 3159 4915 anima
3181 4860 3305 4914 ﬁant
3326 4860 3578 4924 visiones,

2000 4963 2113 5018 sive
2135 4975 2255 5031 quae
2280 4958 2579 5013 sentiuntur
2604 4970 2698 5025 per
2721 4966 2913 5022 corpus
2930 4993 2947 5019 ,
2975 4951 3113 5004 sicut
3139 4950 3239 5005 hoc
3264 4962 3579 5019 corporeum

2000 5053 2216 5118 caelum,
2245 5059 2407 5115 terra,
2436 5057 2490 5102 et
2513 5058 2857 5117 quaecumque
2882 5046 2935 5097 in
2960 5044 3037 5097 eis
3054 5049 3177 5095 nota
3193 5055 3313 5095 esse
3339 5047 3575 5109 possunt,

1999 5142 2441 5216 quemadmodum
2486 5144 2741 5209 possunt;
2787 5136 2900 5189 sive
2942 5148 3060 5204 quae
3106 5133 3295 5202 spiritu
3337 5130 3582 5185 videntur

2000 5237 2188 5293 similia
2215 5247 2516 5304 corporum,
2552 5230 2618 5284 de
2643 5227 2836 5298 quibus
2859 5225 3021 5280 multa
3045 5224 3153 5294 jam
3179 5223 3441 5281 diximus;
3467 5221 3581 5277 sive

2000 5345 2121 5385 cum
2154 5339 2332 5382 mente
2357 5324 2751 5392 intelliguntur,
2773 5333 2891 5389 qua:
2915 5331 3014 5371 nec
3049 5329 3271 5384 corpora
3300 5321 3451 5377 sunt,
3480 5328 3581 5369 nec

2000 5419 2368 5476 similitudines
2388 5428 2670 5483 corporum
2689 5427 2707 5477 ;
2725 5410 2922 5465 habent
2942 5409 3121 5477 utique
3138 5405 3377 5460 ordinem
3404 5418 3578 5468 suum,

2001 5522 2055 5569 et
2083 5522 2165 5567 est
2202 5508 2341 5563 aliud
2381 5506 2486 5560 alio
2513 5501 2918 5575 praecellentius.
2950 5496 3294 5553 Praestantior
3318 5502 3402 5551 est
3437 5494 3579 5550 enim

2001 5604 2136 5658 visio
2160 5597 2449 5672 spiritualis
2473 5610 2629 5667 quam
2677 5591 2986 5662 corporalis,
3025 5597 3080 5643 et
3107 5601 3292 5642 rursus
3323 5594 3580 5657 praestan—

2003 5697 2105 5751 tior
2135 5691 2501 5749 intellectualis
2546 5702 2705 5759 quam
2743 5682 3047 5755 spiritualis.
3089 5678 3390 5750 Corporalis
3439 5677 3579 5735 enim

2003 5788 2120 5847 sine
2159 5783 2417 5858 spirituali
2455 5795 2574 5838 esse
2600 5795 2707 5836 non
2751 5782 2958 5848 potest;
2990 5769 3416 5846 quandoquidem
3461 5782 3579 5825 mo-
