4090 6466
502 422 610 483 6⁸19

505 540 855 606 confirmant;
883 553 946 595 ac
969 553 1065 612 per
1084 538 1187 595 hoc
1201 553 1490 610 corporeos
1517 551 1637 592 esse
1661 536 1744 592 vel
1764 535 2078 592 ratiocinan-

503 639 591 688 tur
618 631 700 686 vel
725 631 1025 701 opinantur,
1069 631 1136 688 de
1168 645 1390 701 quorum
1434 629 1636 684 ratione
1675 627 1789 684 sive
1831 627 2078 696 opinione

505 736 647 777 nunc
687 721 954 777 disserere
997 723 1211 790 longum
1237 730 1319 774 est
1347 737 1362 776 :
1386 725 1564 790 potest
1599 720 1758 794 etiam
1785 719 1805 750 ¹
1849 718 1983 784 fieri,
2014 725 2077 774 ut

505 814 662 869 etiam
687 813 737 866 in
762 813 1123 882 spiritualibus
1147 813 1228 866 vel
1255 812 1697 868 intellectualibus
1714 811 1907 866 multos
1926 826 2080 880 quos-

506 903 628 958 dam
653 905 848 974 gradus
877 905 1152 984 quisquam
1197 920 1317 959 esse
1355 904 1672 971 contendat,
1703 913 1793 958 aut
1833 903 1878 958 si
1914 903 2080 974 possit

511 995 778 1061 ostendat,
807 1011 1006 1066 eosque
1024 995 1299 1050 distinctos
1320 994 1468 1064 juxta
1497 995 1726 1065 aliquem
1774 1004 2077 1064 provectum

507 1085 676 1154 magis
701 1090 946 1140 minusve
969 1086 1253 1139 illustrium
1281 1086 1685 1140 revelationum.
1725 1084 1831 1140 Sed
1870 1093 2080 1139 utcum-

505 1189 611 1244 que
659 1191 717 1232 se
758 1179 854 1232 ista
899 1177 1158 1244 habeant,
1181 1186 1236 1232 et
1259 1179 1587 1247 accipiantur
1613 1189 1671 1233 ut
1695 1179 1853 1244 libet,
1882 1179 1949 1233 ab
1976 1178 2080 1234 alio

501 1265 615 1330 sic,
645 1267 712 1320 ab
754 1267 859 1322 alio
904 1279 1080 1322 autem
1123 1268 1234 1332 sic;
1276 1283 1374 1338 ego
1413 1270 1646 1324 visorum
1689 1269 1774 1324 vel
1817 1269 2079 1323 visionum

500 1366 698 1427 μεθίει·
724 1357 819 1411 ista
849 1358 947 1411 tria
973 1372 1200 1427 genera,
1233 1369 1322 1412 aut
1347 1374 1592 1429 corpore,
1619 1368 1708 1414 aut
1741 1359 1959 1430 spiritu,
1990 1368 2081 1414 aut

501 1458 698 1515 mente,
723 1464 889 1519 usque
913 1449 1086 1504 adhuc
1104 1451 1188 1504 vel
1211 1465 1368 1506 nosse
1394 1451 1476 1505 vel
1499 1451 1692 1506 docere
1715 1467 1821 1504 non
1845 1465 2078 1520 possum.

497 1539 604 1596 Sed
631 1549 758 1611 quot
778 1552 833 1595 et
850 1549 1060 1610 quant-.e
1085 1533 1412 1610 singulorum
1432 1555 1686 1611 generum
1709 1541 1814 1595 sint
1833 1541 2084 1596 differen-

505 1632 612 1696 tiae,
641 1639 696 1684 ut
726 1631 778 1685 in
809 1645 1128 1700 unoquoque
1152 1630 1296 1685 aliud
1334 1630 1439 1686 alio
1476 1630 1734 1701 gradatim
1779 1630 2080 1701 superfera-

506 1730 616 1789 tur,
642 1723 885 1792 ignorare
910 1736 996 1776 me
1024 1720 1212 1776 fateor.

500 1814 725 1870 CAPUT
755 1813 924 1870 XXX.
946 1843 1020 1854 —
1039 1811 1105 1868 In
1129 1813 1382 1885 spirituali
1405 1829 1584 1884 genere
1609 1813 1815 1868 uisionis
1838 1813 1942 1868 alia
1974 1814 2082 1868 uisa

910 1906 1055 1976 quasi
1079 1906 1269 1972 diuina,
1289 1904 1394 1958 alia
1420 1905 1661 1959 humana.

571 1997 661 2054 58.
703 1996 1046 2052 Sicutautem
1074 1997 1126 2049 in
1157 1997 1254 2050 ista
1288 1995 1406 2050 luce
1443 2008 1700 2064 corporea
1730 2001 1813 2049 est
1845 1993 2038 2050 caelum
2061 2035 2078 2062 ,

500 2090 643 2161 quod
673 2104 832 2158 super
860 2099 1027 2143 terras
1048 2087 1387 2156 suSpicimus,
1411 2086 1550 2141 unde
1577 2086 1857 2140 luminaria
1877 2086 2080 2140 clarent

499 2190 556 2236 et
584 2181 757 2236 sidera
778 2222 792 2246 ,
821 2195 940 2250 quae
969 2194 1190 2249 corpora
1218 2179 1374 2249 longe
1403 2186 1526 2233 sunt
1566 2179 1782 2234 meliora
1815 2179 2084 2234 terrestri-

499 2272 640 2327 bus:
666 2271 744 2326 sic
773 2271 824 2324 in
849 2270 941 2325 illo
960 2284 1159 2340 genere
1179 2269 1436 2338 spirituali
1452 2310 1466 2334 ,
1491 2269 1544 2322 in
1569 2282 1674 2338 quo
1701 2267 1944 2322 videntur
1964 2283 2085 2323 cor-

509 2379 698 2434 porum
727 2363 1102 2418 similitudines
1122 2363 1239 2416 luce
1263 2361 1488 2430 quadam
1513 2361 1832 2430 incorporali
1863 2375 1928 2415 ac
1951 2375 2078 2428 sua,

501 2465 627 2511 sunt
650 2455 890 2526 quzedatn
914 2455 1232 2509 excellentia
1265 2461 1320 2507 et
1355 2452 1544 2507 merito
1569 2452 1746 2506 divina
1766 2493 1781 2517 ,
1820 2467 1940 2520 quas
1982 2451 2080 2506 de-

499 2553 798 2602 monstrant
819 2543 1008 2614 Angeli
1035 2543 1185 2597 miris
1211 2541 1420 2608 modis;
1444 2549 1623 2597 utrum
1662 2543 1776 2597 visa
1815 2558 1911 2598 sua
1939 2542 2082 2598 facili

499 2636 723 2706 quadam
773 2645 829 2690 et
874 2634 1189 2704 praepotenti
1235 2633 1512 2704 junctione
1563 2635 1649 2689 vel
1705 2635 2083 2690 commixtione

499 2727 660 2783 etiam
693 2736 873 2782 nostra
903 2741 1023 2782 esse
1053 2726 1340 2793 facientes,
1370 2741 1436 2780 an
1467 2727 1698 2782 scientes
1737 2728 1918 2783 nescio
1945 2743 2081 2798 quo-

499 2818 661 2872 modo
698 2828 933 2873 nostram
971 2818 1024 2872 in
1061 2818 1246 2888 spiritu
1273 2827 1458 2874 nostro
1485 2817 1774 2874 informare
1804 2820 2079 2887 visionem,

497 2905 730 2962 difficilis
769 2915 1059 2977 perceptu,
1110 2917 1166 2962 et
1205 2907 1472 2962 difficilior
1515 2908 1659 2963 dictu
1704 2925 1791 2965 res
1817 2918 1918 2965 est.
1950 2909 2084 2966 Sunt

499 3008 676 3052 autem
706 2998 811 3052 alia
837 2997 949 3053 visa
980 2999 1172 3073 usitata
1215 3007 1272 3054 et
1307 2999 1533 3053 humana
1552 3040 1567 3065 ,
1589 3015 1708 3070 quae
1732 3001 1846 3056 sive
1871 3016 1935 3055 ex
1967 3001 2083 3070 ipso

496 3089 683 3158 spiritu
712 3098 894 3144 nostro
923 3090 1286 3158 multipliciter
1319 3092 1592 3156 existunt,
1627 3091 1739 3145 sive
1767 3108 1834 3146 ex
1859 3107 2083 3163 corpore

496 3181 702 3249 spiritui
721 3179 1112 3250 quodammodo
1123 3181 1898 3250 suggeruntur,sicutfuerimus
1909 3182 2082 3236 affecti

493 3271 580 3326 vel
591 3287 750 3325 carne
763 3271 847 3325 vel
862 3272 1057 3328 animo.
1077 3271 1192 3326 Non
1210 3273 1379 3328 solum
1395 3273 1535 3326 enim
1548 3273 1826 3344 vigilantes
1842 3273 2083 3330 homines

495 3375 650 3416 curas
675 3376 798 3416 suas
821 3362 1101 3432 cogitando
1129 3372 1343 3418 versant
1364 3363 1417 3416 in
1439 3363 1867 3420 similitudinibus
1891 3379 2084 3434 corpo-

495 3467 649 3519 rum,
680 3468 864 3508 verum
903 3455 1062 3508 etiam
1098 3454 1425 3511 dormientes
1461 3455 1565 3510 hoc
1601 3471 1742 3526 saepe
1779 3459 2080 3525 somniant,

501 3560 607 3612 quo
632 3546 891 3616 'indigent
914 3564 929 3600 :
952 3562 1074 3601 nam
1111 3555 1168 3601 et
1195 3549 1401 3618 negotia
1442 3562 1536 3604 sua
1580 3557 1771 3618 gerunt
1809 3565 1876 3604 ex
1921 3551 2082 3605 animi

497 3640 809 3710 cupiditate,
831 3649 886 3696 et
907 3641 1076 3711 epulis
1104 3641 1411 3712 poculisque
1436 3641 1702 3696 inhiantes
1729 3642 2006 3708 insistunt,
2036 3643 2082 3698 si

499 3727 637 3784 forte
661 3731 958 3786 esurientes
985 3730 1330 3801 sitientesque
1358 3731 1714 3786 dormierunt.
1745 3732 1876 3798 Quae
1902 3733 2082 3788 omnia

499 3828 632 3890 puto
673 3833 976 3891 comparata
1014 3821 1119 3876 illis
1161 3821 1412 3891 angelicis
1439 3821 1979 3877 demonstrationibus
2006 3824 2083 3879 sic

501 3911 742 3967 habenda
763 3953 776 3976 ,
817 3927 881 3968 ac
913 3912 959 3966 si
997 3913 1049 3966 in
1079 3912 1178 3966 ista
1207 3919 1396 3967 natura
1421 3926 1704 3981 corporum
1736 3921 1945 3968 terrena
1974 3928 2084 3970 cm-

500 4002 722 4058 lestibus
746 4011 1138 4072 comparentur.

501 4091 726 4150 CAPUT
754 4092 1030 4149 XXXI.—
1050 4091 1117 4146 In
1141 4091 1468 4147 intellectuali
1491 4092 1678 4146 uisione
1698 4093 1801 4146 alia
1825 4101 1941 4146 sunt
1973 4109 2084 4163 qua:

575 4186 625 4239 in
646 4186 816 4239 anima
852 4185 1103 4252 videntur,
1133 4183 1278 4238 aliud
1303 4184 1470 4239 lumen
1502 4201 1599 4256 quo
1633 4185 1745 4255 ipsa
1778 4186 2080 4240 illustratur.

574 4273 768 4328 Lumen
796 4276 980 4329 animle
1006 4272 1170 4330 Deus.

575 4366 662 4421 59.
687 4366 775 4422 Sic
795 4367 958 4421 etiam
987 4366 1042 4421 in
1068 4365 1156 4420 illo
1171 4379 1366 4436 genere
1389 4365 1822 4420 intellectualium
1847 4366 2081 4422 visorum

503 4458 604 4512 alia
632 4467 773 4521 sunt,
803 4473 921 4528 quae
951 4457 1006 4513 in
1037 4457 1149 4528 ipsa
1179 4456 1356 4512 anima
1393 4458 1654 4523 videntur,
1687 4459 1835 4514 velut
1859 4459 2083 4514 virtutes

503 4549 693 4618 quibus
735 4550 857 4603 vitia
904 4557 1028 4602 sunt
1071 4549 1367 4614 contraria;
1423 4549 1535 4604 sive
1580 4563 1980 4618 permansurae,
2026 4557 2084 4604 ut

506 4640 709 4708 pietas;
738 4639 1033 4694 sive'utilcs
1059 4637 1180 4692 huic
1207 4639 1361 4703 vitte,
1392 4646 1446 4692 et
1483 4647 1664 4707 postea
1709 4653 1812 4692 non
1858 4637 2078 4706 futurae,

505 4730 637 4783 sicut
663 4727 792 4782 ﬁdes
829 4743 930 4798 qua
955 4727 1221 4783 credimus
1249 4742 1310 4782 ea
1335 4742 1454 4797 qua}
1480 4728 1711 4782 nondum
1745 4727 2005 4794 videmus,
2027 4738 2084 4783 et

505 4835 631 4890 spes
667 4835 771 4889 qua
815 4819 988 4874 futura
1017 4834 1134 4873 cum
1181 4819 1429 4887 patientia
1453 4828 1852 4887 exspectamus,
1878 4827 1935 4873 et
1969 4820 2082 4890 ipsa

509 4911 755 4980 patientia
799 4925 902 4981 qua
945 4911 1120 4965 omnia
1147 4910 1434 4964 toleramus
1460 4909 1719 4975 adversa,
1764 4909 1935 4984 donec
1975 4926 2083 4980 quo

505 5004 751 5059 volumus
776 5003 1070 5057 veniamus.
1085 5000 1204 5056 Istae.
1224 5002 1417 5072 quippe
1436 5011 1488 5058 et
1513 5001 1812 5071 huiusmodi
1837 5003 2079 5069 virtutes,

505 5110 621 5163 qum
634 5110 775 5148 nunc
793 5102 1008 5164 propter
1027 5092 1414 5163 transigendam
1429 5093 1583 5147 istam
1605 5094 2081 5163 peregrinationem

510 5185 661 5238 valde
688 5185 1003 5240 necessaria:
1027 5194 1180 5250 sunt;
1205 5199 1310 5239 non
1339 5193 1494 5239 erunt
1520 5185 1572 5239 in
1599 5185 1687 5239 illa
1718 5186 1843 5250 vita,
1870 5195 2083 5256 propter

506 5293 662 5347 quam
692 5277 1088 5348 adipiscendam
1115 5286 1240 5333 sunt
1267 5278 1616 5333 necessariae:
1641 5287 1692 5332 et
1721 5287 1895 5333 tamen
1923 5279 2081 5333 etiam

507 5369 635 5438 ipsa
672 5369 1096 5424 iutellectualitcr
1127 5369 1406 5435 videntur;
1440 5384 1610 5438 neque
1649 5369 1787 5422 enim
1831 5377 1921 5424 aut
1965 5385 2084 5424 cor-

507 5474 637 5529 pora
665 5468 807 5526 sunt,
826 5467 918 5513 aut
942 5460 1147 5528 species
1175 5459 1370 5514 habent
1389 5460 1590 5514 similes
1609 5475 1908 5529 corporum.
1927 5460 2082 5516 Aliud

506 5563 571 5604 an
588 5565 681 5602 'em
727 5559 810 5604 est
851 5553 1022 5622 ipsum
1061 5551 1275 5614 lumen,
1314 5565 1420 5620 quo
1457 5550 1752 5605 illustratur
1790 5551 1996 5618 anima,
2025 5561 2084 5607 ut

507 5642 684 5698 omnia
709 5643 792 5697 vel
831 5643 882 5697 in
932 5658 992 5699 se
1032 5644 1116 5698 vel
1145 5644 1196 5696 in
1225 5643 1314 5698 illo
1351 5643 1611 5698 veraciter
1647 5643 1912 5698 intellecta
1951 5659 2082 5698 con-

508 5735 730 5805 spiciat:
758 5751 880 5789 nam
931 5735 1054 5790 illud
1095 5736 1203 5806 jam
1246 5736 1358 5806 ipse
1404 5735 1546 5790 Deus
1585 5743 1696 5802 est,
1749 5733 1863 5792 btec
1906 5744 2082 5791 autem

569 5848 590 5884 ⁸
617 5855 670 5902 ιιι
690 5855 764 5900 Er.
787 5850 933 5918 Lugd.
956 5858 1076 5903 Ven.
1100 5856 1209 5902 Lov.
1253 5855 1426 5902 autem.
1471 5854 1530 5900 ll.

1315 427 1406 482 DE
1443 422 1689 483 GENESI
1725 423 1818 480 AD
1855 420 2219 490 LITTERAM,
2257 421 2317 480 S.
2357 418 2718 479 AUGUSTlNl

3657 423 3761 483 480

2184 543 2426 593 creatura
2443 577 2459 603 ,
2482 535 2724 606 quamvis
2766 535 3039 592 rationalis
3063 544 3118 592 et
3150 536 3525 595 intellectualis
3552 539 3619 595 ad
3648 542 3764 609 ejus

2183 629 2464 702 imaginem
2487 629 2642 695 facta,
2669 645 2786 700 qua:
2809 644 2930 685 cum
2951 640 3171 686 conatur
3193 632 3371 687 lumen
3395 633 3520 687 illud
3548 633 3760 703 intueri,

2182 721 2402 792 palpitat
2432 721 2770 789 infirmitate,
2797 729 2850 776 et
2874 722 3046 776 minus
3089 723 3247 778 valet.
3293 720 3421 777 lude
3463 733 3543 778 est
3588 733 3764 780 tamen

2183 812 2441 883 quidquid
2489 812 2735 882 intelligit
2777 813 2913 866 sicut
2949 813 3110 868 valet.
3155 813 3286 868 Cum
3313 828 3441 884 ergo
3474 815 3596 868 illuc
3627 817 3769 884 rapi-

2185 909 2289 970 tur,
2318 911 2371 957 et
2399 917 2430 957 a
2457 903 2757 958 carnalibus
2777 903 3044 958 subtracta
3070 904 3332 968 sensibus,
3366 905 3437 958 illi
3460 905 3651 958 visioni
3674 922 3768 959 cx-

2182 994 2417 1065 pressius
2445 1002 2794 1064 prmsentatur
2818 1010 2923 1049 non
2948 995 3133 1063 spatiis
3164 995 3418 1050 localibus
3437 1036 3454 1061 ,
3484 995 3577 1050 sed
3606 996 3768 1052 modo

2183 1083 2411 1150 quodam
2441 1099 2558 1150 suo,
2586 1084 2745 1139 etiam
2771 1099 2932 1151 supra
2958 1100 3018 1140 se
3047 1085 3191 1141 videt
3229 1086 3358 1141 illud
3377 1127 3394 1153 ,
3439 1101 3545 1156 quo
3585 1086 3769 1156 adiuta

2183 1175 2329 1232 videt
2357 1177 2611 1247 quidquid
2642 1177 2805 1231 etiam
2832 1179 2882 1231 in
2910 1192 2969 1233 se
2996 1178 3334 1248 intelligendo
3365 1178 3525 1233 videt.

2252 1265 2476 1323 CAPUT
2497 1267 2787 1322 XXXII.—
2807 1267 2988 1321 Anima
3007 1283 3215 1338 corpore
3234 1279 3385 1322 exuta
3406 1285 3502 1337 quo
3527 1268 3740 1338 feratur.

2265 1355 2360 1411 60.‘
2395 1357 2450 1412 Si
2497 1368 2671 1413 autem
2720 1359 3002 1429 quaeritur,
3043 1374 3162 1414 cum
3210 1360 3386 1414 anima
3431 1359 3496 1413 de
3541 1372 3770 1427 corpore

2149 1461 2156 1474 ‘
2183 1447 2402 1511 exierit,
2425 1455 2603 1502 utrum
2629 1448 2696 1501 ad
2725 1449 2897 1518 aliqua
2943 1449 3057 1505 loca
3105 1449 3398 1518 corporalia
3443 1447 3664 1512 feratur,
3692 1464 3762 1502 an

2182 1537 2250 1592 ad
2299 1538 2649 1607 incorporalia
2693 1538 3058 1598 corporalibus
3083 1537 3296 1602 similia,
3325 1553 3391 1592 an
3420 1553 3548 1592 vero
3573 1553 3675 1593 nec
3699 1537 3769 1592 ad

2183 1629 2326 1698 ipsa,
2359 1627 2454 1682 sed
2480 1628 2546 1682 ad
2575 1628 2701 1682 illud
2732 1631 2875 1698 quod
2904 1638 2958 1682 et
2984 1629 3296 1698 corporibus
3323 1638 3378 1684 et
3406 1627 3768 1682 similitudini-

2181 1719 2283 1774 bus
2320 1734 2605 1789 corporum
2633 1727 2715 1773 est
2741 1719 3123 1784 excellentius;
3150 1720 3257 1773 cito
3281 1718 3495 1788 quidem
3538 1733 3770 1787 respon-

2181 1809 2373 1877 derim,
2403 1809 2469 1864 ad
2497 1810 2792 1880 corporalia
2813 1809 2927 1866 loca
2955 1825 3072 1864 eam
3097 1809 3184 1865 vel
3205 1825 3311 1864 non
3342 1809 3465 1863 ferri
3503 1809 3603 1864 nisi
3628 1823 3756 1863 cum

2182 1901 2356 1972 aliquo
2391 1917 2637 1970 corpore,
2669 1903 2752 1957 vel
2792 1917 2900 1957 non
2950 1902 3189 1957 localiter
3231 1899 3377 1956 ferri.
3425 1899 3541 1955 Jam
3587 1909 3771 1954 utrum

2183 1991 2374 2048 habeat
2413 1993 2626 2062 aliquod
2671 2008 2892 2062 corpus,
2916 2008 3036 2048 cum
3067 1993 3135 2048 de
3165 1993 3264 2047 hoc
3288 2007 3510 2064 corpore
3532 1992 3770 2058 exierit,

2183 2085 2428 2142 ostendat
2454 2086 2542 2155 qui
2573 2093 2775 2155 potest;
2801 2100 2901 2156 ego
2923 2093 3098 2140 autem
3125 2100 3232 2138 non
3252 2093 3376 2154 puto
3402 2102 3415 2138 :
3438 2083 3772 2153 Spiritualem

2182 2178 2324 2232 enim
2350 2177 2579 2231 arbitror
2605 2191 2760 2242 esse,
2791 2193 2895 2230 non
2927 2177 3258 2246 corporalem
3285 2177 3326 2229 ί.
3363 2175 3443 2230 Ad
3473 2174 3768 2245 spiritualia

2181 2283 2310 2324 vero
2340 2283 2437 2337 pro
2466 2268 2670 2323 meritis
2697 2267 2884 2335 fertur,
2915 2276 3006 2322 aut
3035 2267 3101 2322 ad
3145 2268 3259 2322 loca
3299 2267 3524 2336 pmnalia
3567 2266 3764 2320 similia

2183 2360 2494 2428 corporibus
2519 2377 2532 2413 :
2560 2360 2734 2430 qualia
2765 2375 2908 2430 saepe
2935 2360 3298 2416 demonstrata
3327 2368 3451 2413 sunt
3479 2360 3544 2412 iis
3563 2359 3652 2429 qui
3680 2372 3773 2412 ra-

2183 2451 2260 2521 pti
2286 2459 2408 2505 sunt
2435 2465 2464 2504 a
2492 2451 2732 2520 corporis
2756 2452 3018 2515 sensibus,
3048 2459 3104 2504 et
3125 2450 3350 2505 mortuis
3373 2450 3574 2505 similes
3589 2449 3778 2520 jacue-

2184 2549 2337 2608 runt,
2365 2549 2418 2595 et
2459 2539 2747 2595 infernales
2788 2555 2973 2610 pcenas
3011 2540 3290 2604 viderunt,
3321 2555 3442 2594 cum
3483 2548 3536 2593 et
3577 2539 3678 2608 ipsi
3717 2539 3775 2593 in

2185 2630 2374 2699 seipsis
2403 2638 2648 2700 gererent
2673 2629 2954 2699 quamdam
2978 2629 3376 2684 similitudinem
3399 2629 3640 2698 corporis
3665 2628 3773 2694 sui,

2185 2736 2280 2790 per
2321 2737 2476 2792 quam
2507 2729 2727 2792 possent
2745 2722 2810 2776 ad
2837 2722 2923 2775 illa
2951 2721 3109 2790 ferri,
3155 2731 3210 2777 et
3253 2723 3374 2776 talia
3417 2721 3778 2775 similitudini-

2185 2812 2286 2867 bus
2339 2828 2592 2868 sensuum
2620 2813 2871 2882 experiri.
2894 2813 3074 2883 Neque
3113 2814 3253 2868 enim
3281 2813 3437 2868 video
3462 2828 3558 2866 cur
3583 2813 3780 2866 habeat

2183 2904 2359 2956 anima
2412 2904 2802 2958 similitudinem
2867 2904 3106 2972 corporis
3176 2903 3296 2971 sui,
3348 2918 3509 2969 cum,
3559 2902 3778 2972 jacente

2185 2994 2300 3047 sine
2347 3009 2506 3048 sensu
2561 2995 2675 3064 ipso
2738 3010 3004 3065 corpore,
3060 2995 3294 3049 nondum
3344 3004 3521 3050 tamen
3566 2995 3779 3064 penitus

2184 3091 2428 3150 mortuo,
2455 3085 2597 3138 videt
2625 3085 2745 3138 talia
2766 3126 2780 3151 ,
2810 3086 2982 3156 qualia
3011 3087 3162 3140 multi
3197 3101 3263 3140 ex
3290 3086 3379 3140 illa
3421 3084 3778 3140 subductione

2183 3175 2320 3231 vivis
2345 3175 2534 3231 redditi
2562 3187 2944 3243 narraverunt;
2979 3185 3033 3230 et
3074 3191 3179 3231 non
3219 3175 3446 3242 habeat,
3476 3191 3597 3230 cum
3647 3190 3774 3244 per-

2185 3266 2323 3322 fecta
2360 3276 2530 3322 morte
2575 3269 2785 3336 penitus
2825 3268 2892 3323 de
2933 3283 3155 3338 corpore
3179 3269 3388 3323 exierit.
3418 3269 3524 3321 Aut
3547 3281 3677 3334 ergo
3702 3264 3774 3320 ad

2185 3359 2272 3416 illa
2301 3360 2463 3414 fertur
2490 3359 2844 3428 poenalia,aut
2869 3360 2933 3414 ad
2956 3361 3039 3414 illa
3064 3360 3245 3414 itidem
3271 3360 3464 3415 similia
3482 3359 3782 3429 corporali-

2186 3449 2307 3517 bus,
2324 3466 2423 3506 nec
2441 3461 2616 3506 tamen
2637 3466 2934 3520 plenarum,
2953 3451 3046 3506 sed
3059 3451 3253 3521 quietis
3267 3459 3427 3520 atque
3441 3450 3777 3522 gaudiorum.

2255 3543 2343 3598 61.
2381 3542 2564 3614 Neque
2605 3543 2745 3597 enim
2793 3551 2938 3598 recte
2963 3542 3066 3598 dici
3101 3551 3304 3613 potest,
3339 3543 3424 3597 vel
3458 3542 3578 3596 illas
3606 3541 3773 3596 falsas

2185 3647 2304 3688 esse
2319 3649 2522 3703 poenas,
2552 3634 2633 3687 vel
2663 3634 2806 3688 illam
2834 3633 3018 3688 falsam
3044 3635 3282 3704 requiem
3306 3643 3464 3703 atque
3492 3633 3726 3688 laetitiam
3758 3651 3775 3688 :

2185 3730 2311 3777 tunc
2332 3725 2471 3777 enim
2503 3725 2617 3778 hare
2647 3723 2776 3779 falsa
2804 3733 2959 3788 sunt,
2990 3725 3201 3795 quando
3226 3740 3320 3794 per
3341 3724 3664 3796 opinationis
3690 3739 3780 3779 er-

2185 3829 2362 3869 rorem
2389 3815 2490 3869 alia
2529 3829 2626 3884 pro
2660 3816 2776 3869 aliis
2806 3825 3072 3886 putantur.
3088 3815 3218 3870 Nam
3251 3816 3436 3870 Petrus
3463 3830 3567 3870 non
3596 3815 3778 3870 solum

2186 3918 2306 3958 cum
2327 3904 2530 3959 discum
2555 3905 2700 3960 illum
2737 3905 2981 3972 videbat,
3015 3914 3071 3960 et
3098 3906 3152 3984 in
3175 3921 3241 3961 eo
3267 3921 3370 3960 non
3402 3905 3779 3960 similitudines

2184 4010 2488 4066 corporum,
2507 3998 2602 4054 sed
2627 4012 2850 4067 corpora
2874 3998 3088 4069 putabat
3111 3999 3247 4068 (Act.
3267 4014 3323 4065 χ,
3349 3999 3435 4060 ll,
3460 3996 3573 4070 l2),
3598 3999 3649 4051 in
3674 3997 3780 4052 hoc

2186 4086 2368 4155 utique
2390 4085 2699 4152 fallebatur;
2725 4103 2910 4142 verum
2955 4089 3114 4143 etiam
3158 4103 3278 4142 cum
3307 4088 3414 4142 alio
3443 4097 3686 4156 tempore
3707 4087 3779 4142 ab

2185 4177 2375 4246 angelo
2402 4177 2607 4231 solutus
2631 4193 2662 4232 e
2697 4178 2918 4232 vinculis
2950 4177 3058 4232 ibat
3101 4179 3154 4232 in
3197 4192 3422 4249 corpore
3455 4177 3776 4245 ambulans,

2185 4274 2241 4320 et
2265 4276 2614 4336 praesentatus
2643 4267 3005 4335 corporalibus
3036 4266 3221 4323 formis
3238 4309 3254 4333 ,
3287 4277 3342 4322 ct
3368 4268 3584 4337 putabat
3607 4281 3667 4321 se
3693 4267 3778 4321 vi-

2185 4373 2302 4412 sum
2327 4359 2506 4414 videre
2531 4357 2639 4429 (Id.
2669 4375 2761 4423 xu,
2787 4359 2931 4429 7-9),
2955 4358 3297 4414 nihilominus
3320 4359 3616 4414 fallebatur.
3638 4357 3776 4414 Nam

2185 4458 2240 4503 et
2287 4449 2388 4504 illa:
2437 4450 2487 4503 in
2537 4449 2684 4504 disco
2731 4458 2883 4504 erant
2936 4450 3237 4518 spirituales
3283 4448 3469 4504 formae
3515 4463 3776 4518 corpora-

2187 4542 2325 4597 libus
2358 4543 2587 4607 similes;
2632 4552 2686 4598 et
2725 4543 2824 4598 ista
2874 4544 3164 4611 corporalis
3199 4543 3473 4612 expressio
3511 4540 3669 4596 soluti
3705 4541 3778 4595 de

2185 4632 2446 4699 vinculis,
2489 4643 2705 4703 propter
2757 4633 3069 4687 miraculum
3111 4634 3371 4702 spirituali
3413 4633 3602 4686 similis
3633 4640 3778 4700 erat.

2187 4721 2490 4776 Fallebatur
2538 4731 2713 4776 autem
2769 4725 2943 4776 anima
2989 4723 3039 4775 in
3078 4723 3348 4792 utrisque,
3394 4722 3604 4775 nonnisi
3648 4735 3774 4774 cum

2186 4815 2290 4867 alia
2317 4828 2412 4884 pro
2440 4814 2560 4867 aliis
2580 4814 2920 4883 approbaret.
2943 4813 3195 4878 Quamvis
3231 4829 3358 4884 ergo
3381 4829 3485 4866 non
3515 4813 3623 4867 sint
3648 4825 3779 4865 cor-

2187 4904 2386 4974 poralia
2408 4945 2423 4968 ,
2458 4901 2550 4957 sed
2581 4902 2772 4957 similia
2793 4902 3157 4972 corporalibus
3178 4943 3192 4968 ,
3223 4902 3413 4971 quibus
3437 4903 3628 4955 animm
3653 4915 3781 4955 corn

2185 4994 2401 5063 poribus
2420 5001 2592 5047 exutae
2620 4991 2939 5057 afficiuntur,
2965 5007 3061 5046 seu
3086 4993 3223 5047 bene
3253 5007 3347 5046 seu
3377 4992 3518 5046 male
3535 5031 3551 5057 ,
3574 5005 3694 5046 cum
3719 4998 3769 5047 et

2187 5083 2315 5152 ipsa:
2351 5082 2662 5152 corporibus
2685 5083 2796 5136 suis
2833 5083 3035 5136 similes
3073 5083 3284 5136 sibimet
3307 5090 3625 5151 appareant;
3649 5089 3775 5136 sunt

2187 5182 2361 5228 tamen
2405 5181 2459 5227 et
2497 5188 2621 5226 vera
2650 5173 2830 5226 lmtitia
2862 5181 2915 5226 et
2943 5187 3067 5227 vera
3108 5173 3349 5227 molestia
3392 5170 3527 5225 facta
3555 5171 3622 5225 de
3648 5171 3779 5225 sub-

2186 5267 2378 5321 stantia
2421 5260 2701 5333 spirituali.
2742 5264 2873 5318 Nam
2917 5274 2970 5319 et
3013 5265 3066 5319 in
3106 5265 3308 5318 somnis
3337 5264 3511 5334 magni
3553 5263 3779 5318 interest

2185 5366 2362 5412 utrum
2394 5357 2445 5411 in
2471 5358 2697 5413 lartisan
2738 5358 2791 5412 in
2825 5357 3063 5412 tristibus
3090 5357 3276 5412 simus.
3307 5356 3459 5412 Unde
3479 5356 3691 5426 quidam
3720 5357 3776 5413 in

2187 5449 2342 5504 rebus
2365 5464 2497 5519 quas
2517 5450 2930 5520 concupiverant
2953 5450 3259 5516 constituti,
3287 5463 3346 5502 se
3374 5449 3653 5518 evigilasse
3679 5447 3778 5504 do-

2251 5602 2269 5633 ¹
2294 5608 2402 5664 Mss.
2426 5600 2608 5664 aliquot
2641 5602 2834 5664 Optimae
2855 5608 2984 5652 notae
3019 5608 3187 5664 carem
3216 5600 3294 5650 his
3314 5601 3510 5658 verbis,
3545 5597 3776 5664 spiritua-

2188 5660 2282 5713 lem
2298 5662 2426 5725 enim
2447 5660 2654 5725 arbitror
2674 5660 2794 5721 esse,
2818 5676 2914 5713 non
2932 5663 3248 5725 corporalem,
3270 5660 3778 5725 quaerursus'baben-

2188 5677 2282 5713 tem
2298 5677 2426 5713 emm
2447 5677 2654 5713 arvuror
2674 5677 2794 5721 esse,
2818 5677 2914 5713 non
2932 5677 3248 5771 corforatem,
3270 5677 3381 5725 quae
3399 5677 3568 5710 rursus
3590 5677 3778 5712 canen-

2188 5731 2268 5774 tur
2280 5727 2335 5788 in
2358 5723 2456 5788 fine
2477 5738 2526 5772 n.
2548 5724 2628 5784 61,
2653 5739 2750 5788 quo
2769 5727 2985 5788 forteex
3014 5737 3111 5788 ioco
3131 5726 3222 5772 huc
3245 5724 3472 5788 translata
3493 5730 3636 5771 sunt:
3665 5736 3778 5773 nam

2190 5791 2245 5850 et
2276 5786 2327 5833 in
2355 5785 2575 5834 ultu-ibus
2608 5785 2715 5836 Mss.
2740 5786 2945 5850 insignis
2973 5785 3053 5836 hic
3085 5786 3394 5850 transpositio
3414 5797 3648 5835 versuum
3670 5796 3779 5837 tere

2189 5847 2272 5908 50.
2296 5855 2666 5900 commnssaest.
