4090 6480
306 410 403 465 481

305 524 549 590 luerunt;
579 531 634 578 et
660 537 845 578 rursus
868 520 1118 593 gravibus
1147 523 1440 579 terroribus
1464 535 1623 598 atque
1651 528 1901 585 cruciati-

302 616 402 672 bus
439 617 687 689 exagitati
714 625 872 687 atque
896 616 1107 685 vexati,
1138 632 1259 673 cum
1297 618 1651 691 expergefacti
1678 630 1896 689 essent,

302 709 539 767 dormire
566 710 891 776 timuerunt,
928 727 996 766 ne
1021 711 1075 766 in
1103 711 1287 767 eadem
1330 714 1468 767 mala
1496 724 1896 770 revocarentur.

302 803 367 858 Et
406 805 591 874 utique
630 802 975 857 dubitandum
1015 820 1119 858 non
1146 812 1227 859 est
1251 804 1391 874 quod
1416 807 1752 875 eXpressiora
1791 806 1899 861 sint

303 895 390 951 illa
431 912 553 966 quae
581 895 785 950 inferna
811 896 1081 961 dicuntur,
1111 905 1270 967 atque
1296 897 1365 951 ob
1389 896 1492 953 hoc
1531 898 1896 955 vehementius

299 989 619 1044 sentiantur.
651 987 782 1042 Nam
804 998 858 1041 et
885 989 974 1058 qui
999 988 1254 1042 subtracti
1286 996 1410 1043 sunt
1432 989 1677 1044 sensibus
1696 1004 1894 1060 corpo-

300 1079 406 1144 ris,
435 1079 613 1133 minus
635 1079 845 1147 quidem
872 1093 1027 1148 quam
1056 1078 1102 1132 si
1140 1080 1285 1132 omni
1330 1078 1489 1133 modo
1528 1090 1891 1149 morerentur,

301 1172 397 1226 sed
427 1182 604 1226 tamen
629 1171 855 1240 amplius
883 1186 1038 1241 quam
1067 1172 1111 1224 si
1132 1170 1445 1237 dormirent,
1473 1173 1805 1241 expressiora
1832 1188 1893 1230 se

300 1260 503 1315 vidisse
546 1268 921 1323 narraverunt,
965 1276 1123 1330 quam
1166 1260 1210 1313 si
1260 1262 1463 1315 somnia
1511 1264 1889 1318 narravissent.

300 1353 397 1407 Est
426 1369 559 1423 ergo
594 1370 808 1422 prorsus
833 1352 1122 1407 inferorum
1148 1353 1474 1421 substantia,
1506 1355 1600 1410 sed
1635 1370 1752 1411 eam
1783 1357 1892 1427 spi—

302 1445 552 1498 ritualem
574 1444 804 1497 arbitror
829 1459 976 1509 esse,
1007 1458 1113 1497 nou
1137 1445 1493 1513 corporalem.

299 1540 523 1596 CAPUT
577 1539 890 1594 XXXlll.-
922 1538 995 1591 De
1025 1539 1201 1604 inferis
1240 1538 1471 1608 quwstio.
1512 1539 1747 1594 Animam
1784 1555 1891 1595 esse

704 1631 1050 1699 incorporemn
1097 1627 1253 1682 Sinus
1278 1628 1511 1683 Abralne.

368 1720 458 1775 62.
480 1720 588 1775 Nec
609 1722 852 1775 audiendi
866 1730 1005 1788 sunt,
1023 1721 1113 1789 qui
1128 1719 1392 1774 affirmant
1409 1721 1606 1775 inferos
1623 1722 1672 1775 in
1691 1720 1791 1777 hac
1809 1722 1888 1776 vi-

298 1822 350 1866 ta
376 1813 656 1882 esplicari,
694 1830 792 1869 nec
835 1830 953 1869 esse
992 1822 1108 1884 post
1153 1824 1396 1866 mortem.
1446 1813 1687 1869 Viderint
1739 1815 1883 1871 enim

300 1902 749 1972 quemadmodum
781 1906 987 1973 poetica
1032 1905 1276 1971 ﬁgmenta
1303 1912 1754 1971 interpretentur;
1786 1921 1884 1960 nos

299 1996 365 2047 ab
390 1995 709 2050 auctoritate
733 1996 1031 2050 divinarum
1048 1996 1661 2065 Scripturarum,quibus
1681 1996 1884 2051 solisde

296 2083 396 2139 hac
449 2101 512 2140 re
570 2086 701 2141 ﬁdes
733 2086 972 2142 habenda
1025 2095 1125 2151 est,
1169 2087 1421 2141 recedere
1452 2102 1554 2140 non
1603 2087 1879 2142 debemus.

298 2174 614 2246 Quanquam
659 2177 925 2247 possimus
967 2177 1274 2241 ostendere.
1305 2177 1513 2232 illorum
1543 2194 1751 2248 quoque
1797 2193 1885 2233 sa-

292 2266 503 2335 pientes
545 2266 614 2321 de
674 2267 965 2322 inferorum
1015 2267 1305 2323 substantia
1337 2268 1555 2322 minime
1580 2268 1874 2335 dubitasse,

291 2375 407 2430 qua:
427 2368 551 2429 post
576 2359 711 2415 hanc
729 2361 890 2416 vitam
919 2363 1115 2430 excipit
1137 2361 1343 2416 animas
1376 2371 1734 2415 mortuorum.
1767 2361 1880 2416 Un—

290 2450 355 2505 de
378 2460 557 2506 autent
585 2451 685 2505 sub
722 2451 879 2506 terris
898 2467 1017 2507 esse
1045 2451 1290 2506 dicantur
1316 2452 1491 2515 inferi,
1516 2452 1559 2505 si
1582 2452 1877 2521 corporalia

290 2542 407 2596 loca
439 2556 545 2595 non
568 2550 712 2606 sunt,
737 2550 825 2595 aut
852 2542 992 2597 unde
1012 2540 1166 2598 inferi
1187 2543 1543 2612 appellentur,
1567 2543 1610 2595 si
1637 2543 1736 2596 sub
1768 2552 1876 2597 ter-

288 2631 363 2685 ris
389 2648 496 2685 non
529 2640 676 2696 sunt,
704 2631 894 2686 merito
933 2632 1188 2700 quaeritur
1215 2633 1312 2702 (a).
1350 2633 1596 2685 Animam
1619 2647 1746 2686 vero
1770 2648 1876 2687 non

288 2736 409 2776 esse
437 2736 749 2791 corpoream
777 2738 881 2776 non
925 2738 1013 2777 me
1041 2732 1244 2792 putare,
1284 2722 1378 2776 sed
1426 2722 1579 2790 plane
1599 2722 1754 2787 scire,
1782 2739 1880 2776 au-

286 2814 389 2869 deo
420 2814 657 2884 proftteri
698 2833 711 2869 :
741 2825 917 2869 tamen
948 2814 1145 2869 habere
1166 2830 1321 2885 posse
1342 2815 1737 2871 similitudinem
1760 2831 1878 2869 cor-

288 2909 435 2977 poris
476 2917 532 2962 et
582 2908 939 2977 corporalium
979 2908 1196 2963 omnino
1228 2907 1589 2962 membrorum
1638 2908 1875 2977 quisquis

288 3011 464 3069 negat,
498 3010 671 3070 potest
693 3016 884 3069 negare
921 2999 1151 3053 animam
1174 3015 1313 3066 esse,
1337 3014 1454 3069 qua:
1484 2998 1535 3052 in
1567 2999 1768 3054 somnis
1794 2999 1873 3051 vi-

288 3091 376 3146 det
401 3092 487 3147 vel
516 3092 886 3161 seambulare,
921 3092 1007 3145 vel
1046 3091 1254 3157 sedere,
1287 3090 1369 3145 vel
1416 3089 1515 3144 hac
1550 3098 1707 3159 atque
1753 3090 1876 3144 illac

288 3197 470 3252 gressu
500 3190 591 3235 aut
620 3184 778 3236 etiam
818 3182 993 3236 volatu
1045 3181 1172 3236 ferri
1220 3195 1284 3235 ac
1336 3178 1544 3243 referri,
1592 3179 1731 3249 quod
1759 3182 1874 3234 sine

288 3274 515 3345 quadam
566 3272 912 3328 similitudine
954 3273 1192 3341 corporis
1243 3286 1347 3327 non
1392 3271 1469 3325 ﬁt.
1541 3270 1771 3325 Proinde
1828 3271 1873 3325 si

287 3366 419 3420 hanc
442 3364 848 3420 similitudinem
865 3365 1024 3419 etiam
1050 3362 1189 3431 apud
1214 3363 1414 3418 inferos
1439 3362 1593 3432 gerit,
1624 3378 1727 3415 non
1750 3376 1866 3418 cor-

287 3456 547 3524 poralem,
570 3454 660 3509 sed
685 3453 893 3522 corpori
917 3452 1177 3516 similem;
1211 3452 1281 3505 ita
1307 3452 1467 3507 etiam
1488 3453 1541 3504 in
1566 3451 1696 3505 locis
1722 3451 1871 3506 vide-

260 3560 263 3563 ‘
288 3555 368 3598 tur
386 3560 511 3599 csse
540 3560 645 3597 non
664 3543 1051 3612 corporalibus,
1080 3542 1173 3596 sed
1199 3542 1554 3612 corporalium
1583 3541 1868 3610 similibus,

286 3636 396 3689 sive
423 3637 476 3688 in
506 3637 710 3705 requie,
738 3634 849 3688 sive
871 3634 923 3687 in
946 3633 1241 3688 doloribus.

354 3729 442 3782 63.
476 3727 786 3795 Quanquam
806 3735 860 3781 et
880 3725 1008 3779 illud
1037 3742 1123 3780 me
1170 3724 1405 3779 nondum
1443 3725 1708 3780 invenisse
1748 3741 1876 3780 con-

289 3819 459 3885 ﬁteor,
502 3817 702 3873 inferos
739 3817 1061 3887 appellatos,
1107 3816 1192 3871 ubi
1236 3816 1499 3886 justorum
1553 3817 1742 3871 anima:
1790 3832 1877 3871 re-

287 3912 583 3981 quiescunt.
614 3909 682 3963 Et
705 3907 902 3963 Christi
937 3908 1154 3978 quidem
1198 3909 1427 3962 animam
1460 3908 1670 3964 venisse
1709 3923 1874 3978 usque

286 4001 350 4055 ad
377 4016 443 4055 ea
491 4000 608 4055 loca
648 4000 703 4054 in
748 3999 937 4069 quibus
980 4007 1288 4068 peccatores
1330 3999 1652 4063 cruciantur,
1686 4006 1743 4052 ut
1778 4012 1874 4053 eos

288 4094 522 4149 solveret
544 4107 576 4147 a
604 4091 882 4147 tormentis
907 4105 1041 4161 quos
1067 4106 1185 4145 esse
1211 4091 1499 4145 solvendos
1527 4091 1733 4146 occulta
1775 4105 1873 4145 no-

284 4186 367 4241 bis
415 4201 511 4241 sua
555 4184 757 4255 justitia
799 4183 1107 4253 judicabat,
1146 4198 1252 4236 non
1306 4182 1570 4237 immerito
1619 4181 1869 4236 creditur.

282 4276 564 4343 Quomodo
607 4276 748 4329 enim
792 4274 947 4328 aliter
982 4272 1345 4342 aecipiendum
1392 4274 1461 4326 sit
1505 4272 1647 4342 quod
1677 4272 1874 4327 dictum

283 4377 367 4423 est
392 4410 407 4434 ,
455 4368 617 4434 Quem
654 4367 793 4422 Deus
836 4367 1091 4420 suscitavit
1123 4382 1188 4420 ea;
1238 4366 1480 4433 mortuis,
1512 4367 1689 4420 solutis
1731 4366 1877 4421 dolo-

280 4458 420 4512 ribus
470 4459 783 4530 inferorum,
822 4458 940 4528 quia
981 4474 1082 4511 non
1111 4467 1304 4526 poterat
1350 4458 1504 4511 teneri
1528 4458 1590 4510 ab
1627 4458 1696 4511 eis
1737 4457 1870 4529 (Act.

284 4568 361 4620 ιι,
415 4552 572 4621 24),
619 4567 723 4607 non
794 4552 948 4606 video
1002 4549 1100 4605 nisi
1156 4559 1212 4604 ut
1261 4549 1607 4619 quorumdam
1663 4549 1874 4605 dolores

284 4646 427 4717 apud
491 4645 691 4700 inferos
739 4660 860 4699 eum
923 4644 1145 4698 solvisse
1199 4644 1554 4712 accipiamus,
1608 4658 1669 4697 ea
1722 4651 1873 4711 pote-

285 4748 426 4793 state
472 4752 576 4809 qua
626 4737 880 4792 Dominus
929 4747 1046 4802 εει,
1102 4735 1187 4789 eui
1222 4750 1379 4788 omne
1423 4749 1560 4803 genu
1598 4733 1826 4788 flectitur
1854 4775 1871 4801 ,

283 4830 624 4897 mlestium,
680 4827 1039 4892 terrestrium,
1092 4834 1146 4879 et
1198 4823 1529 4879 infernarum
1586 4822 1871 4895 (Philipp.

284 4940 344 4989 ιι,
377 4923 490 4993 10),
538 4936 632 4991 per
659 4935 817 4991 quam
859 4925 1177 4990 potestatem
1222 4918 1381 4971 etiam
1429 4917 1529 4971 illis
1565 4915 1870 4985 doloribus,

285 5029 425 5085 quos
444 5012 624 5077 solvit,
649 5026 756 5079 non
779 5011 945 5080 potuit
965 5008 1197 5063 attineri.
1219 5006 1399 5077 Neque
1418 5007 1558 5060 enim
1580 5006 1868 5074 Abraham,

285 5105 369 5160 vel
400 5105 492 5160 ille
517 5118 718 5173 pauper
742 5102 795 5156 in
828 5101 948 5155 sinu
974 5099 1106 5170 ejus,
1137 5097 1239 5153 hoc
1265 5106 1348 5152 est
1370 5097 1423 5152 in
1450 5107 1655 5153 secreto
1680 5097 1872 5166 quietis

281 5199 421 5266 ejus,
454 5196 507 5251 in
537 5192 812 5249 doloribus
841 5203 987 5259 erat,
1019 5194 1158 5246 inter
1182 5205 1408 5261 quorum
1437 5190 1670 5261 requiem
1700 5199 1755 5245 et
1782 5190 1869 5244 illa

280 5289 479 5346 inferni
510 5295 773 5343 tormenta
790 5286 1046 5356 ‘legimus
1074 5299 1324 5355 magnum
1351 5282 1546 5339 chaos”
1565 5282 1826 5337 ﬁrmatum
1853 5300 1867 5337 :

282 5382 381 5439 sed
411 5396 511 5437 nec
532 5379 675 5450 apud
702 5377 900 5433 inferos
916 5392 1036 5432 esse
1049 5376 1174 5431 dicti
1194 5385 1336 5429 sunt.
1364 5374 1578 5446 Contigit
1602 5375 1766 5442 enim,
1792 5376 1873 5429 in-

282 5473 417 5542 quit,
445 5471 577 5525 mori
596 5471 796 5541 inapem
828 5468 996 5535 illum,
1028 5476 1075 5522 et
1097 5467 1289 5539 auferri
1311 5466 1375 5521 ab
1401 5466 1607 5538 Angelis
1630 5467 1683 5521 in
1707 5468 1872 5521 sinum

281 5565 543 5621 Abrahae:
566 5572 797 5617 mortuus
815 5570 890 5616 est
918 5570 1086 5614 autem
1123 5569 1170 5613 et
1194 5560 1351 5628 dives,
1380 5568 1425 5613 et
1456 5560 1681 5632 sepultus
1702 5569 1798 5626 est;
1826 5568 1873 5614 et

351 5720 370 5783 ἦ
396 5728 500 5770 Mss.
520 5731 698 5783 magno
720 5731 988 5783 consensu:
1012 5721 1069 5768 Et
1084 5715 1169 5769 illa
1189 5715 1379 5780 inferna
1397 5722 1646 5769 tormenta.

348 5782 373 5815 ³
391 5790 496 5832 Mss.
522 5779 779 5844 plerique,
803 5781 1015 5831 chasma.

347 5865 423 5929 (a)
443 5870 701 5916 uitem
734 5876 779 5914 c.
797 5862 877 5927 24,
898 5877 948 5913 ιι.
972 5861 1021 5928 2,

1516 413 1723 471 LIBER
1760 415 2217 477 DUODECIMUS.

3478 434 3585 497 A89

2002 548 2117 588 cum
2143 534 2282 605 apud
2302 529 2491 606 inferos
2523 532 2574 591 in
2602 539 2858 595 tormentis
2886 550 3010 596 esset
3048 539 3197 614 (Luc.
3223 560 3331 611 xu,
3362 546 3581 622 22-26),

2002 632 2057 679 et
2078 635 2291 681 cetera.
2325 626 2576 684 Videmus
2604 630 2781 701 itaque
2812 631 3096 688 inferorum
3124 638 3445 693 mentionem
3473 656 3582 697 non

2001 730 2123 772 esse
2179 716 2369 774 factam
2415 719 2469 776 in
2514 723 2698 792 requie
2742 725 2990 795 pauperis
3012 766 3030 793 ,
3078 726 3172 782 sed
3219 728 3274 782 in
3323 732 3583 801 supplicio

2002 804 2204 863 divitis.

2071 897 2158 954 6‘.
2192 898 2325 955 lllud
2352 900 2511 957 etiam
2558 904 2697 973 quod
2744 905 2909 962 Jacob
2947 907 3076 964 dicit
3117 909 3183 964 ad
3227 911 3363 967 filios
3410 928 3573 985 suos,

1998 985 2264 1045 Deducetis
2282 1003 2533 1046 senectam
2552 1010 2712 1049 meam
2731 1012 2845 1049 cum
2874 998 3081 1053 tristitia
3112 1000 3179 1054 ad
3201 1003 3391 1073 inferos
3419 1004 3575 1074 (Gen.

2002 1095 2145 1149 xuv,
2173 1082 2287 1155 29),
2321 1084 2528 1139 videtur
2557 1086 2657 1140 hoc
2691 1090 2857 1158 magis
2888 1089 3157 1156 timuisse,
3191 1110 3258 1147 ne
3290 1096 3451 1150 nimia
3482 1098 3583 1153 tri-

1998 1172 2139 1225 stitia
2168 1172 2245 1227 sic
2281 1176 2695 1243 perturbaretur,
2725 1187 2779 1233 ιιι
2806 1196 2908 1235 non
2936 1182 3001 1236 ad
3040 1184 3277 1253 requiem
3304 1187 3579 1246 beatorum

1997 1262 2117 1329 iret,
2147 1264 2239 1318 sed
2271 1265 2335 1319 ad
2366 1264 2561 1321 inferos
2588 1280 2943 1336 peccatorum.
2974 1271 3158 1342 Neque
3185 1276 3324 1330 enim
3357 1293 3579 1348 parvum

1995 1357 2186 1411 anima:
2225 1358 2419 1410 malum
2449 1367 2530 1413 est
2556 1361 2795 1429 tristitia,
2836 1376 2954 1416 eum
2978 1373 3033 1418 et
3059 1368 3347 1435 Apostolus
3368 1370 3576 1426 cuidam

1995 1452 2102 1499 tam
2131 1447 2358 1503 sollicite
2402 1450 2656 1514 timuerit,
2688 1468 2756 1507 ne
2784 1453 2982 1523 majore
3026 1456 3233 1512 tristitia
3263 1459 3579 1517 absorbere-

1993 1545 2078 1592 tur
2103 1536 2167 1611 (ΙΙ
2194 1539 2310 1594 Cor.
2344 1558 2401 1608 ιι,
2435 1543 2510 1615 7).
2542 1543 2800 1612 Proinde,
2836 1556 2890 1599 ut
2914 1546 3057 1613 dixi,
3100 1549 3332 1604 nondum
3362 1551 3574 1622 inveni,

1992 1639 2047 1684 et
2073 1631 2244 1687 adhuc
2274 1649 2453 1703 quaero
2474 1676 2488 1700 ,
2519 1650 2617 1689 nec
2657 1636 2786 1691 mihi
2814 1639 3045 1692 occurrit
3074 1638 3271 1696 inferos
3298 1642 3489 1697 alicubi
3522 1645 3574 1699 in

1991 1718 2132 1775 bono
2160 1724 2401 1790 posuisse
2424 1723 2749 1793 Scripturam
2792 1726 3048 1782 duntaxat
3087 1732 3437 1788 canonicam:
3469 1750 3574 1789 non

1988 1822 2165 1867 autem
2198 1813 2249 1867 iu
2279 1815 2418 1869 bono
2446 1817 2811 1884 accipiendum
2840 1819 3014 1872 sinum
3045 1820 3303 1888 Abralne,
3333 1834 3386 1877 et
3422 1825 3569 1881 illam

1989 1905 2225 1973 requiem
2274 1922 2380 1975 quo
2426 1908 2492 1961 ab
2531 1909 2744 1977 Angelis
2794 1912 2907 1977 pius
2955 1927 3155 1982 pauper
3201 1915 3408 1972 ablatus
3452 1929 3563 1984 est,

1989 1995 2173 2049 nescio
2214 2009 2388 2050 utrum
2420 1999 2695 2068 quisquam
2744 2002 2911 2069 possit
2951 2005 3165 2070 audire;
3210 2016 3262 2060 et
3294 2006 3412 2061 ideo
3439 2022 3573 2077 quo-

1987 2086 2147 2140 modo
2175 2102 2293 2140 eam
2318 2088 2333 2118 ί
2363 2088 2502 2156 apud
2532 2090 2726 2143 inferos
2755 2092 3034 2146 credamus
3063 2110 3183 2149 esse
3203 2135 3218 2159 ,
3251 2112 3353 2149 non
3397 2097 3570 2152 video.

1987 2173 2213 2233 CAPUT
2252 2178 2495 2234 XXXIV.
2526 2210 2593 2219 —
2632 2180 2711 2234 De
2753 2181 3005 2236 Paradiso
3042 2193 3087 2237 et
3133 2187 3277 2240 tertio
3311 2188 3434 2241 caelo
3474 2204 3572 2259 quo

2515 2284 2691 2342 raptus
2712 2284 2783 2328 est
2813 2275 3028 2331 Paulus.

2061 2356 2149 2412 65.
2178 2356 2375 2414 Verum
2406 2360 2507 2415 hoc
2536 2362 2662 2416 dum
2692 2365 2980 2432 qua-rimus
2999 2408 3015 2431 ,
3048 2376 3099 2421 et
3125 2376 3215 2421 aut
3244 2368 3572 2439 invenimus,

1984 2456 2077 2502 aut
2120 2462 2225 2503 non
2259 2450 2581 2518 invenimus,
2615 2462 2767 2522 urget
2796 2470 2894 2508 nos
2940 2456 3210 2526 loogitudo
3256 2460 3374 2514 libri
3417 2461 3573 2531 hujus

1986 2551 2106 2590 eum
2157 2538 2438 2607 aliquando
2473 2542 2811 2597 concludere.
2840 2544 3171 2613 QuaprOpter
3199 2548 3444 2617 quoniam
3504 2550 3573 2607 de

1981 2628 2229 2696 paradiso
2256 2644 2559 2685 sermonem
2603 2633 2964 2702 instituimus,
3008 2646 3223 2705 pr0pter
3263 2639 3390 2693 illud
3429 2641 3571 2710 quod

1983 2718 2268 2786 Apostolus
2296 2721 2391 2787 ait,
2426 2723 2562 2776 scire
2586 2738 2646 2776 se
2670 2736 2872 2792 raptum
2904 2725 3171 2781 hominem
3201 2744 3367 2798 usque
3389 2728 3440 2783 in
3464 2738 3572 2784 ter-

1982 2808 2111 2861 tium
2139 2810 2355 2876 caelum,
2387 2812 2591 2868 nescire
2616 2823 2791 2867 autem
2822 2816 2933 2871 sive
2954 2816 3003 2870 in
3030 2832 3255 2887 corpore
3281 2820 3392 2874 sive
3414 2829 3566 2875 extra

1980 2914 2174 2971 corpus
2200 2941 2214 2963 ,
2254 2911 2309 2957 et
2336 2906 2455 2972 quia
2485 2912 2666 2975 raptus
2693 2917 2775 2960 est
2805 2907 2855 2958 in
2896 2908 3194 2979 paradisum
3220 2950 3236 2975 ,
3281 2919 3338 2965 et
3373 2911 3572 2967 audivit

1982 2990 2265 3045 ineffabilia
2297 2994 2481 3061 verba,
2502 3011 2619 3063 quae
2642 3012 2745 3050 non
2772 2997 2892 3052 licet
2920 2997 3116 3053 homini
3146 3000 3325 3068 loqui;
3358 3017 3463 3055 non
3487 3010 3567 3057 te-

1944 3078 2129 3169 {mere
2152 3082 2514 3151 affirmamus,
2543 3094 2720 3140 utrum
2752 3087 2803 3140 in
2831 3088 2984 3141 tertio
3011 3091 3149 3143 cmlo
3172 3090 3239 3143 sit
3264 3090 3561 3159 paradisus,

1941 3174 1949 3250 ς
1980 3186 2046 3224 an
2074 3172 2231 3226 etiam
2254 3174 2305 3226 in
2334 3174 2548 3228 tertium
2577 3177 2793 3243 caelum,
2822 3187 2876 3231 et
2903 3179 3024 3233 inde
3054 3195 3241 3236 rursus
3267 3183 3315 3233 in
3349 3181 3564 3250 paradi-

1942 3248 2096 3349 ismn
2142 3275 2325 3335 raptus
2359 3268 2447 3320 sit.
2488 3268 2543 3323 Si
2578 3270 2718 3325 enim
2765 3273 2977 3342 proprie
3006 3273 3220 3341 quidem
3255 3288 3570 3329 nemorosus

1978 3353 2149 3423 locus,
2186 3359 2440 3412 translato
2468 3369 2646 3415 autem
2673 3363 2853 3425 verbo,
2884 3364 3059 3417 omnis
3086 3365 3243 3417 etiam
3274 3364 3567 3433 spiritualis

1982 3450 2135 3518 quasi
2159 3451 2323 3520 regio,
2350 3451 2436 3505 ubi
2461 3454 2650 3508 auinne
2672 3454 2807 3509 bene
2828 3465 2931 3520 est,
2956 3456 3143 3510 merito
3170 3458 3441 3525 paradisus
3460 3456 3567 3512 dici

1980 3548 2189 3607 potest;
2221 3556 2323 3595 non
2351 3544 2520 3596 solum
2551 3545 2761 3599 tertium
2788 3547 3003 3613 cmluni,
3027 3544 3282 3617 quidquid
3310 3547 3434 3601 illud
3458 3555 3559 3613 est,

1979 3629 2119 3699 quod
2152 3630 2390 3700 profecto
2418 3650 2662 3705 magnum
2695 3636 3097 3706 sublimiterque
3130 3640 3437 3701 praeclarum
3459 3646 3560 3706 est,

1978 3739 2166 3778 verum
2198 3728 2359 3780 etiam
2402 3727 2454 3782 in
2496 3730 2611 3798 ipso
2647 3731 2860 3785 homine
2904 3732 3082 3786 laetitia
3124 3732 3363 3802 quaedam
3410 3732 3565 3786 bona;

1979 3814 2320 3870 conscientia:
2355 3818 2628 3883 paradisus
2649 3830 2749 3875 est.
2786 3820 2934 3876 Unde
2956 3831 3008 3876 et
3030 3821 3264 3876 Ecclesia
3294 3821 3346 3876 in
3368 3823 3563 3876 sanctis

1984 3914 2342 3974 temperanter
2368 3916 2421 3961 et
2439 3908 2582 3978 juste
2610 3922 2661 3965 el
2684 3912 2769 3981 pie
2795 3912 3091 3966 viventibus
3120 3911 3395 3979 paradisus
3413 3920 3558 3967 recte

1979 3995 2174 4050 dicitur
2198 3996 2387 4069 (Eccli.
2419 4015 2519 4066 xc,
2548 4001 2638 4071 ΞΒ)
2658 4043 2671 4065 ,
2718 4002 2921 4070 pollens
2949 4002 3214 4057 afﬂuentia
3242 4004 3560 4071 gratiarum,

1979 4088 2245 4158 castisque
2274 4090 2477 4145 deliciis
2503 4109 2515 4144 :
2540 4092 2964 4163 quandoquidem
2987 4103 3040 4147 et
3062 4094 3112 4148 in
3138 4094 3651 4178 tribulationibus.~

1978 4177 2239 4247 gloriatur
2266 4180 2333 4235 de
2350 4181 2461 4250 ipsa
2488 4183 2733 4250 patientia
2758 4184 3038 4252 plurimum
3062 4185 3318 4253 gaudens,
3341 4187 3459 4254 quia
3476 4200 3564 4241 se-

1978 4268 2211 4323 cundum
2243 4271 2635 4328 multitudinem
2664 4273 2903 4327 dolorum
2924 4274 2975 4327 in
2992 4275 3154 4330 corde
3169 4276 3562 4331 consolationes

1983 4359 2079 4414 Dei
2102 4360 2396 4429 jucundant
2424 4362 2656 4417 animam
2685 4365 2798 4434 ejus
2831 4364 2999 4439 (Psal.
3029 4383 3175 4432 xcnt,
3210 4368 3320 4437 l9).
3350 4368 3561 4434 Quanto

1981 4452 2150 4520 magis
2180 4466 2307 4520 ergo
2346 4463 2466 4523 post
2508 4456 2643 4509 hanc
2669 4456 2827 4509 vitam
2854 4458 3011 4511 etiam
3048 4458 3194 4512 sinus
3222 4459 3306 4513 ille
3335 4459 3561 4515 Abrahae

1978 4543 2256 4611 paradisus
2281 4543 2383 4598 dici
2406 4554 2599 4613 potest,
2634 4547 2720 4601 ubi
2742 4547 2851 4616 jam
2880 4549 3015 4603 nulla
3047 4551 3283 4615 tentatio,
3309 4550 3395 4605 ubi
3415 4561 3558 4607 tanta

1979 4634 2189 4703 requies
2220 4645 2338 4704 post
2367 4650 2554 4691 omnes
2584 4637 2795 4693 dolores
2823 4640 2943 4693 vitae
2976 4640 3169 4711 hujus?
3212 4642 3392 4709 Neque
3416 4645 3558 4698 enim

1978 4732 2034 4780 et
2057 4725 2146 4780 lux
2173 4726 2244 4780 ibi
2282 4740 2387 4781 non
2418 4738 2501 4783 est
2531 4732 2745 4799 propria
2774 4732 3015 4801 quaedam
3041 4743 3092 4787 et
3120 4733 3202 4788 sui
3226 4736 3471 4805 generis,
3506 4746 3560 4791 et

1981 4814 2217 4884 profecto
2241 4832 2452 4887 magna,
2484 4834 2640 4889 quam
2669 4820 2816 4874 dives
2838 4822 2927 4877 ille
2946 4823 3013 4879 de
3036 4826 3313 4880 tormentis
3333 4837 3385 4881 et
3414 4838 3561 4881 tene-

1979 4905 2090 4960 bris
2131 4906 2460 4974 inferorum,
2504 4919 2609 4964 tam
2650 4912 2832 4981 utique
2865 4912 2933 4967 de
2957 4914 3266 4986 lengiuquo,
3295 4932 3413 4971 cum
3442 4932 3554 4968 ma-

1979 5009 2143 5064 gnum
2163 4997 2378 5051 chasma
2404 5008 2549 5055 esset
2596 5001 2648 5055 in
2677 5003 2873 5071 medio,
2910 5005 2988 5059 sic
3016 5014 3190 5060 tamen
3222 5007 3371 5068 vidit,
3402 5014 3457 5057 ut
3486 5005 3553 5057 ibi

1977 5086 2122 5140 illum
2154 5087 2419 5157 quondam
2444 5098 2805 5161 contemptum
2837 5108 3123 5163 pauperem
3151 5102 3480 5164 agnosceret.

2047 5176 2135 5232 66.
2176 5176 2305 5245 Quae
2330 5180 2376 5233 si
2404 5179 2474 5235 ita
2500 5189 2655 5247 sunt,
2682 5181 2801 5237 ideo
2824 5184 2923 5237 sub
2953 5184 3107 5238 terris
3129 5183 3375 5238 dicuntur
3399 5181 3553 5235 inferi

1976 5268 2058 5322 vel
2093 5268 2416 5335 creduntur,
2458 5272 2578 5341 quia
2617 5284 2973 5343 congruenter
3009 5274 3063 5328 in
3108 5273 3294 5342 spiritu
3322 5288 3414 5341 per
3436 5272 3554 5328 illas

1977 5361 2333 5429 corporalium
2373 5378 2553 5416 rerum
2595 5364 2966 5421 similitudines
2995 5367 3071 5419 sic
3099 5364 3551 5433 demonstrantur,

1977 5460 2036 5505 ut
2063 5451 2311 5519 quoniam
2339 5452 2708 5508 defunctorum
2733 5455 2924 5510 anima:
2947 5455 3130 5510 inferis
3153 5454 3346 5524 dignae,
3375 5455 3552 5512 carnis

1977 5555 2159 5595 amore
2186 5552 2558 5611 peccaverunt,
2583 5542 2687 5598 hoc
2709 5545 2788 5600 eis
2827 5560 2922 5614 per
2960 5543 3076 5598 illas
3098 5545 3452 5615 corporalium
3477 5547 3553 5603 si-

1978 5630 2306 5688 militudines
2337 5631 2666 5701 exhibentur,
2700 5633 2839 5703 quod
2861 5634 2959 5704 ipsi
2980 5636 3127 5690 carni
3157 5647 3381 5694 mortuae
3399 5641 3548 5710 solet,

1980 5805 2221 5917 ’έθιέρὲιὲ
2242 5816 2367 5857 eum
2385 5811 2440 5857 At
2459 5803 2797 5855 omnesnostri
2817 5810 2949 5869 ηδε..
2970 5819 3095 5871 eam,
3114 5809 3243 5875 quod
3264 5811 3323 5864 ad
3344 5809 3557 5877 reqniem
