4094 6452
542 414 642 476 ι87

537 530 720 588 nescio
743 538 921 589 utrum
949 530 1228 589 locutionis
1254 535 1343 603 sit,
1369 546 1423 592 et
1449 553 1555 593 non
1583 541 1751 613 magis
1770 549 1977 597 certum
1996 556 2112 598 sen-

535 639 655 682 sum
683 626 917 696 aliquem
946 627 1195 684 insinuet.

611 714 710 790 [11).
745 715 854 790 16.]
884 718 1033 787 Quod
1055 718 1253 775 habent
1271 720 1419 777 latini
1447 723 1679 791 codices,
1707 723 1791 780 Ea:
1816 726 1954 783 omni
1976 726 2115 799 ligno

534 806 670 877 quod
697 808 841 862 estin
861 808 1120 880 paradiso,
1143 824 1270 864 eset:
1292 811 1408 867 edes
1429 827 1449 867 :
1479 829 1606 882 non,
1626 814 1683 869 in
1702 817 1939 886 paradiso
1964 833 2113 884 esca,

534 896 963 969 distinguendum
984 910 1097 963 est;
1129 900 1243 967 sed,
1265 917 1392 957 escae
1411 904 1526 958 edes
1548 919 1567 958 :
1587 920 1708 960 nam
1737 923 1850 961 esca
1876 908 1990 962 edes
2008 907 2115 965 dici

535 990 765 1045 admittit
798 992 955 1045 latina
982 992 1196 1058 locutio,
1227 995 1475 1063 quoniam
1505 1012 1600 1065 pro
1622 996 1802 1053 dativo
1827 1013 1953 1055 casu
1980 1014 2119 1069 grte-

533 1097 619 1148 co,
645 1081 929 1137 ablativum
948 1082 1031 1136 vel
1053 1098 1211 1155 quem
1234 1085 1505 1155 appellant
1522 1090 1827 1158 septimum,
1851 1090 1902 1143 in
1925 1088 2113 1159 hujus-

532 1173 676 1225 modi
700 1172 1054 1227 locutiouibus
1079 1175 1258 1230 solent
1280 1192 1499 1246 ponere.
1524 1179 1629 1233 Aut
1646 1187 1793 1234 certe
1828 1179 1963 1235 ordo
1988 1194 2114 1235 ver-

532 1262 722 1317 borum
750 1271 851 1329 est,
884 1262 968 1317 Ea:
996 1266 1132 1318 omni
1157 1266 1295 1337 ligno
1316 1283 1461 1323 esca.
1714 1323 1723 1333 ,

604 1354 699 1427 [lb.
735 1373 814 1422 nt,
842 1355 920 1429 1.]
949 1357 1168 1427 Serpens
1194 1369 1299 1412 erat
1334 1360 1749 1429 prudentissimus
1776 1362 2000 1417 omnium
2024 1362 2114 1419 be-

529 1448 760 1513 stiarum,
793 1449 934 1518 quod
965 1449 1115 1502 multi
1144 1450 1293 1505 latini
1322 1451 1553 1519 habent;
1579 1455 1633 1508 in
1662 1468 1838 1525 grteco
1856 1454 2114 1525 scriptum

529 1548 611 1591 est
638 1549 984 1610 φρονιμώτατος
1016 1542 1054 1607 ³,
1087 1558 1190 1597 non
1219 1552 1490 1616 σοφότατος.

605 1626 709 1699 [11).
741 1627 818 1699 7.]
836 1630 989 1695 Quod
1018 1630 1273 1700 scriptum
1301 1641 1384 1686 est
1409 1634 1477 1687 de
1503 1632 1674 1688 Adam
1701 1643 1755 1689 et
1781 1633 1912 1702 Eva,
1937 1633 2115 1706 Aperti

528 1731 646 1773 sunt
668 1720 804 1773 oculi
822 1738 1015 1787 eorum;
1034 1737 1153 1778 cum
1171 1723 1400 1778 absurde
1419 1724 1663 1780 credatur
1682 1741 1775 1781 eos
1795 1726 1848 1781 in
1871 1726 2116 1797 paradiso

528 1826 722 1877 cwcos,
770 1814 853 1867 vel
892 1816 1061 1868 oculis
1100 1815 1293 1871 clausis
1324 1818 1468 1887 prius
1495 1819 1798 1887 oberrasse,
1832 1821 2114 1875 locutionis

529 1912 632 1969 est,
656 1919 763 1972 qua
792 1906 950 1959 etiam
978 1906 1047 1961 de
1071 1908 1215 1977 Agar
1239 1910 1496 1978 scriptum
1534 1921 1645 1977 est,
1686 1912 1896 1983 Aperuit
1939 1914 2114 1969 oculos

530 2010 670 2060 suos,
695 2004 741 2047 et
761 1996 881 2048 vidit
904 2007 1107 2064 puteum
1134 1997 1286 2068 (Gen.
1316 2015 1426 2066 xxi,
1456 2001 1548 2072 19)
1569 2018 1585 2067 ;
1612 2017 1785 2072 neque
1801 2004 1940 2059 enim
1964 2003 2113 2060 clau-

529 2086 604 2140 sis
633 2088 777 2155 prius
801 2090 967 2143 oculis
1001 2090 1259 2145 sedebat:
1283 2101 1339 2146 et
1373 2093 1516 2163 quod
1561 2095 1613 2148 in
1656 2094 1915 2151 fractione
1961 2097 2114 2166 panis

528 2177 697 2245 aperti
740 2187 864 2232 sunt
904 2179 1045 2233 oculi
1080 2196 1267 2235 eorum
1309 2184 1401 2253 qui
1437 2194 1805 2253 cognoverunt
1828 2187 2113 2242 Dominum

529 2278 651 2336 post
675 2271 1122 2327 resurrectionem
1152 2272 1301 2345 (Luc.
1323 2290 1469 2341 xxiv,
1501 2275 1591 2346 5i)
1616 2293 1634 2341 ;
1662 2293 1835 2348 neque
1854 2279 1996 2334 enim
2017 2294 2115 2349 per

532 2358 667 2412 viam
698 2374 819 2413 cum
845 2360 935 2414 illo
960 2363 1155 2417 clausis
1181 2364 1351 2419 oculis
1378 2366 1738 2420 ambulabant.

600 2445 709 2520 [lb.
742 2448 854 2522 l5.]
895 2451 1047 2518 Quod
1075 2453 1272 2508 habent
1301 2456 1453 2509 multi
1494 2456 1743 2524 codices,
1785 2456 2114 2514 Inimicitiam

530 2553 717 2607 ponam
737 2540 866 2593 inter
889 2551 936 2594 te
959 2552 1005 2595 et
1025 2544 1317 2609 mulierem;
1340 2547 1499 2616 grzeci
1531 2547 1746 2614 habent,
1775 2549 1829 2602 in
1855 2550 2018 2604 medio
2038 2551 2112 2604 tui

527 2637 575 2680 et
603 2630 656 2682 in
694 2631 857 2684 medio
899 2634 1121 2687 mulieris
1143 2650 1163 2688 :
1187 2636 1328 2703 quod
1358 2637 1637 2693 locutionis
1666 2646 1783 2706 est;
1827 2656 1949 2695 nam
1991 2650 2111 2696 tan-

531 2719 763 2774 tumdem
795 2722 934 2776 valet
959 2734 1214 2791 quantum
1243 2742 1362 2781 cum
1384 2727 1600 2796 dicitur,
1630 2730 1759 2783 inter
1783 2739 1832 2785 te
1851 2739 1899 2784 et
1927 2732 2110 2785 mulie-

527 2825 632 2863 rem
657 2825 676 2863 :
704 2812 805 2867 hoc
828 2825 882 2867 et
908 2814 960 2866 in
987 2830 1051 2869 eo
1079 2818 1222 2885 quod
1249 2820 1509 2888 sequitur,
1533 2821 1584 2874 in
1609 2821 1773 2877 medio
1791 2824 1995 2878 seminis
2012 2824 2108 2893 tui,

527 2910 575 2955 ct
601 2902 653 2954 in
686 2904 848 2956 medio
872 2906 1076 2961 seminis
1100 2909 1227 2978 ejus.

602 2990 700 3064 [lb.
730 2992 841 3065 17.]
866 2995 1019 3063 Quod
1051 2997 1412 3054 habentmulti
1437 3002 1581 3056 latini
1612 3004 1840 3071 codices,
1866 3005 1999 3070 Quia
2017 3022 2112 3060 aus

527 3079 646 3133 disti
666 3097 831 3135 uocem
856 3086 1080 3139 mulieris
1102 3097 1221 3154 tute,
1252 3098 1297 3142 et
1322 3091 1467 3144 edisti
1489 3092 1706 3165 de-ligno
1726 3095 1789 3148 de
1807 3111 1905 3165 quo
1924 3112 2111 3167 prlece-

528 3185 701 3242 peram
728 3173 836 3240 tibi,
861 3176 925 3228 de
952 3192 1010 3230 ea
1037 3177 1146 3231 solo
1168 3194 1269 3232 non
1295 3181 1442 3235 edere
1457 3199 1477 3247 ;
1517 3185 1675 3253 graeci
1718 3186 1931 3251 habent,
1964 3188 2110 3242 edisti

527 3259 593 3313 de
619 3259 755 3333 ligno
780 3266 843 3317 de
866 3281 963 3333 quo
988 3283 1326 3337 praceperam
1349 3273 1466 3340 tibi,
1498 3290 1555 3327 eo
1580 3276 1688 3329 solo
1727 3294 1827 3329 non
1866 3278 2011 3333 edere
2046 3294 2110 3333 ea:

526 3365 585 3405 eo
607 3366 628 3405 :
651 3352 740 3406 alii
763 3364 939 3409 autem
966 3357 1280 3427 interpretes
1302 3364 1459 3431 graeci
1498 3365 1727 3433 habent,
1771 3369 2104 3436 munducasti,

522 3441 608 3497 vel
627 3441 807 3509 edisti;
839 3454 895 3498 ut
921 3447 991 3499 ita
1016 3448 1083 3502 sit
1113 3464 1301 3505 sensus
1327 3454 1620 3509 secundum
1650 3456 1814 3525 ipsos,
1847 3459 1979 3539 Quia
2007 3477 2107 3515 au-

525 3531 651 3587 disti
679 3550 861 3589 vocem
888 3540 1126 3595 mulieris
1148 3551 1280 3608 tuna,
1313 3553 1368 3598 et
1403 3547 1560 3599 edisti
1601 3548 1668 3601 de
1708 3549 1849 3618 ligno
1896 3536 1964 3605 de
2001 3567 2107 3621 quo

526 3637 883 3694 praeceperant
912 3629 1002 3683 tibi
1028 3646 1093 3685 eo
1114 3632 1228 3687 solo
1253 3651 1359 3688 non
1387 3636 1568 3705 edere,
1595 3653 1662 3694 ex
1692 3655 1757 3695 eo
1785 3642 1961 3698 edisti.

598 3713 697 3788 [11).
719 3732 789 3782 tv,
818 3717 896 3791 2.]
927 3719 991 3772 Et
1018 3725 1251 3792 apposuit
1279 3743 1456 3796 parere
1483 3730 1689 3797 fratrem
1715 3734 1826 3803 ejus
1852 3734 1975 3788 Abel
1992 3735 2106 3791 :lo-

521 3806 665 3859 cutio
690 3816 771 3861 est
798 3809 1047 3879 frequens
1072 3815 1122 3867 in
1153 3814 1462 3886 Scripturis,
1493 3825 1729 3892 apposuit
1753 3825 1935 3880 dicere.

591 3896 690 3971 [11).
718 3898 796 3973 8.]
820 3901 884 3955 Et
897 3907 1085 3973 factum
1111 3917 1201 3973 est,
1221 3910 1344 3963 dum
1362 3922 1521 3965 essent
1542 3915 1593 3967 in
1614 3931 1808 3987 campo,
1829 3919 2106 3975 insurrexit

518 3984 644 4043 Cain
670 4007 823 4061 super
846 3993 989 4061 Abel,
1015 4006 1061 4049 et
1088 3998 1268 4051 occidit
1289 4016 1403 4054 eum
1429 4016 1448 4055 :
1476 4003 1672 4059 locutio
1707 3984 1818 4074 est;
1853 4024 1973 4064 nam
2002 4012 2103 4066 etsi

517 4092 625 4132 non
647 4079 884 4149 haberet,
908 4082 974 4136 Et
994 4088 1184 4156 factum
1206 4099 1299 4155 est,
1327 4102 1505 4160 posset
1528 4093 1732 4165 integer
1753 4111 1941 4155 sensus
1960 4115 2099 4172 esse,

517 4178 697 4223 etcum
716 4183 877 4227 essent
900 4175 953 4227 in
972 4191 1170 4247 campo.

591 4258 689 4332 [11).
715 4278 788 4328 νι,
820 4262 897 4336 6.]
926 4265 1078 4333 Quod
1106 4269 1366 4340 scriptum
1394 4282 1478 4328 est
1497 4275 1551 4330 in
1580 4278 1895 4348 quibusdam
1921 4285 2101 4343 latinis

515 4350 805 4417 codicibus,
835 4354 901 4408 Et
926 4358 1175 4428 paenituit,
1204 4370 1252 4414 et
1274 4362 1401 4417 dixit
1424 4363 1574 4433 Deus,
1601 4368 1805 4425 Deleam
1826 4375 2097 4448 hominem,

514 4457 657 4513 quem
692 4446 788 4515 [cci
816 4462 847 4499 a
873 4450 1002 4531 fgcie
1030 4461 1214 4519 terre;
1253 4454 1307 4510 in
1352 4472 1527 4528 graeco
1566 4462 1831 4520 invenitur
1865 4473 2096 4540 διενοήθη,

515 4534 655 4601 quod
682 4538 849 4607 magis
875 4542 1184 4611 recogitaoit,
1203 4562 1362 4616 quam
1383 4552 1635 4619 paenituit,
1659 4556 1958 4625 siguilicare
1978 4534 2100 4631 per;

516 4621 766 4678 hibetur:
797 4628 939 4697 quod
969 4634 1187 4688 verbum
1216 4637 1377 4692 etiam
1420 4643 1656 4697 nonnulli
1699 4621 1847 4702 latini
1883 4621 2097 4711 codices

515 4710 733 4768 habent.

588 4803 696 4878 [11).
722 4806 834 4881 14.]
861 4808 1010 4877 Quod
1038 4813 1235 4872 habent
1260 4819 1407 4875 latini
1435 4825 1644 4883 codices
1673 4830 1905 4903 plurimi,
1927 4835 2094 4896 Nidos

510 4895 667 4965 facies
696 4899 749 4954 in
777 4917 950 4957 arcam
966 4920 986 4968 ;
1014 4920 1133 4961 cum
1164 4908 1323 4966 latina
1354 4914 1553 4972 locutio
1577 4922 1647 4975 sit
1673 4939 1777 4978 non
1803 4924 1862 4981 ln
1888 4943 2089 5002 arcam,

507 4988 603 5043 sed
631 4988 687 5044 ln
713 5006 837 5049 arca
868 5011 883 5049 :
914 4999 1074 5066 graeci
1098 5016 1197 5056 nec
1219 5002 1276 5057 In
1296 5020 1498 5071 arcam,
1523 5026 1623 5068 nec
1647 5013 1704 5069 In
1726 5031 1846 5072 arca
1874 4988 2088 5079 habent;

505 5079 621 5142 sed,
646 5080 813 5138 Nidos
829 5086 982 5156 facies
1001 5105 1210 5160 arcam;
1236 5097 1380 5165 quod
1402 5066 2090 5181 intelligiturIu‘twip-s‘azrcz

505 5171 616 5226 nidi
645 5186 841 5231 essent.

573 5628 673 5702 [11).
704 5651 809 5742 vn,
833 5638 914 5743 4.]
940 5642 1094 5711 Quod
1121 5648 1376 5721 scriptum
1405 5663 1508 5723 est,
1534 5657 1715 5716 Adhuc
1738 5666 1869 5721 enim
1893 5680 2079 5743 septem

498 5720 634 5791 dies,
675 5743 765 5797 ego
792 5731 1031 5790 inducam
1066 5720 1312 5798 diluvium
1338 5720 1665 5823 aquas-super
1688 5720 2076 5836 terram,ﬂquod

560 5838 578 5871 ⁸
600 5847 777 5895 omnes
788 5850 919 5913 κει..
949 5853 1179 5913 scriptun
1193 5864 1281 5926 est,
1305 5862 1618 5927 sapiu-bimas,

1348 406 1783 483 LOCUTIONUM
1820 427 1878 486 s.
1920 428 2281 488 AUGUSTINI
2322 433 2388 491 IN
2426 434 2989 502 HEPTATEUCHUM

3695 454 3797 513 188

2224 548 2461 605 nonnulli
2481 549 2627 606 latini
2648 553 2859 610 codices
2874 556 3070 614 habent
3086 575 3103 626 ,'
3128 558 3184 616 in
3205 574 3381 633 grch
3400 561 3687 636 invenitur,
3710 585 3796 640 ego

2218 637 2454 695 inducam
2479 643 2700 712 pluviam
2726 663 2880 718 super
2904 659 3092 706 terram
3115 668 3135 708 :
3158 668 3334 726 graeca
3373 656 3569 714 locutio
3605 637 3799 731 geniti-

2218 744 2345 787 vum
2369 748 2551 790 casum
2581 734 2764 807 habet,
2788 756 2896 796 non
2920 746 3303 815 accusativum,
3332 756 3393 803 ut
3411 749 3457 804 si
3484 749 3586 806 hoc
3611 754 3666 806 in
3687 752 3804 807 lati-

2220 836 2350 875 num
2388 825 2783 898 exprimamus,
2830 830 2902 886 ita
2936 832 3176 904 dicatur,
3219 837 3409 895 Adhuc
3431 841 3572 896 enim
3598 852 3802 914 septem

2220 911 2427 970 dierum
2453 916 2701 974 inducam
2730 921 2963 992 pluviam
2988 940 3149 998 super
3175 937 3392 985 terram.

2291 1004 2390 1079 [11).
2413 1006 2492 1081 5.]
2522 1009 2672 1078 Quod
2701 1015 2954 1085 scriptum
2975 1027 3076 1084 est,
3108 1018 3175 1074 Et
3203 1024 3319 1093 fecit
3340 1023 3457 1080 Noe
3474 1028 3643 1081 omnia
3666 1045 3805 1098 quee-

2219 1112 2431 1168 cumque
2455 1103 2693 1173 praecepit
2720 1105 2797 1159 illi
2822 1105 3073 1164 Dominus
3100 1109 3271 1179 Deus,
3307 1115 3382 1169 sic
3409 1117 3562 1188 fecit,
3604 1118 3805 1175 locutio

2219 1198 2303 1243 est
2327 1190 2516 1247 similis
2539 1195 2588 1249 ei
2614 1197 2760 1266 quod
2782 1199 2834 1252 in
2850 1201 3157 1260 conditione
3175 1217 3436 1263 creaturae
3456 1220 3805 1282 posteaquam

2218 1283 2434 1352 dicitur,
2466 1286 2533 1340 Et
2560 1289 2632 1343 sic
2656 1300 2728 1345 est
2752 1294 2965 1363 factum,
2990 1296 3223 1366 additur,
3253 1298 3322 1353 Et
3345 1302 3462 1371 fecit
3487 1302 3645 1367 Deus.

2293 1374 2401 1449 [11).
2430 1377 2510 1452 4.]
2539 1379 2690 1449 Quod
2720 1385 2973 1456 scriptum
3000 1397 3116 1456 est,
3144 1389 3332 1446 Delebo
3361 1411 3558 1449 omnem
3585 1398 3804 1452 suscita-

2219 1470 2423 1537 tionem,
2457 1487 2562 1527 non
2587 1476 2912 1534 creationem
2935 1479 3130 1536 dictam
3146 1484 3435 1540 notandum
3456 1497 3540 1543 est
3562 1492 3809 1544 ζάνάστκο

2218 1587 2292 1617 σιν
2314 1565 2455 1619 enim
2481 1580 2656 1637 graece
2682 1570 2938 1641 scriptum
2980 1584 3095 1642 est,
3127 1576 3270 1647 quod
3298 1594 3492 1635 nomen
3522 1582 3681 1637 etiam
3711 1599 3806 1639 re-

2218 1658 2567 1714 surrectionis
2589 1662 2801 1718 assidue
2828 1666 3042 1735 ponitur
3069 1667 3123 1723 in
3150 1670 3426 1741 scripturis
3445 1674 3653 1742 graecis,
3676 1691 3805 1731 cum

2218 1757 2401 1817 posset
2417 1755 2725 1816 ἐξανάστασις
2748 1753 2887 1821 dici,
2916 1764 2975 1812 ut
2999 1760 3272 1816 suscitatio
3300 1763 3371 1817 sit
3392 1766 3645 1827 ἀνάστασις
3664 1808 3681 1833 ,
3709 1783 3805 1822 re-

2218 1842 2480 1898 surreCIio
2500 1850 2824 1910 ἐξανάστασις.
2851 1849 2967 1917 Quo
2987 1852 3150 1908 verbo
3168 1863 3222 1909 et
3239 1856 3524 1925 Apostolus
3546 1874 3672 1914 usus
3696 1869 3802 1928 est,

2219 1932 2281 1988 Si
2318 1952 2418 2005 quo
2455 1937 2604 1992 modo
2645 1955 2909 1996 occurram
2939 1943 2995 1997 in
3035 1948 3446 2004 resurrectionem
3488 1962 3805 2007 mortuorum

2220 2023 2477 2097 (Philipp.
2506 2044 2586 2096 nt,
2617 2029 2705 2103 11)
2732 2050 2746 2085 :
2778 2032 2851 2087 ibi
2877 2033 3023 2089 enim
3047 2034 3217 2093 Graeci
3241 2054 3351 2095 non
3385 2044 3671 2111 ἀνάστασιν,
3702 2043 3805 2100 sed

2216 2121 2522 2183 ἐξανάστασιν
2543 2120 2756 2177 habent.

2292 2206 2392 2280 [11).
2428 2207 2540 2283 14.]
2554 2210 2708 2279 Quod
2733 2214 2989 2286 scriptum
3017 2227 3120 2286 est,
3150 2219 3217 2275 Et
3240 2237 3409 2278 onmes
3434 2225 3601 2280 bestia:
3624 2242 3807 2281 sectus-

2218 2297 2341 2352 dum
2363 2316 2548 2370 genus,
2579 2311 2628 2356 et
2660 2306 2830 2359 omnia
2858 2324 3038 2377 pecora
3062 2312 3337 2367 secundum
3361 2331 3552 2386 genus,
3583 2326 3630 2372 et
3654 2335 3807 2373 omne

2216 2405 2394 2460 repens
2418 2394 2556 2463 quod
2583 2406 2809 2451 movetur
2833 2416 2987 2469 super
3011 2412 3195 2456 terram
3220 2408 3494 2461 secundum
3530 2425 3687 2479 genus
3705 2452 3722 2478 ,
3754 2418 3806 2465 et

2217 2494 2366 2534 omne
2390 2483 2595 2539 volatile
2616 2476 2893 2542 secundum
2920 2508 3077 2561 genus
3101 2495 3355 2551 intrarunt
3382 2498 3453 2551 ad
3485 2476 3601 2554 Noe
3625 2502 3681 2555 in
3704 2517 3803 2556 ar-

2216 2589 2328 2627 cam
2347 2615 2362 2641 ,
2406 2576 2523 2631 bina
2546 2579 2610 2632 ab
2635 2583 2771 2636 omni
2794 2599 2947 2640 carne
2968 2586 3021 2640 in
3048 2603 3148 2657 quo
3180 2598 3251 2642 est
3276 2591 3486 2660 spiritus
3513 2593 3626 2649 vitta
3640 2611 3662 2661 ;
3692 2611 3806 2652 non

2216 2665 2447 2723 refertur
2468 2669 2520 2723 in
2549 2687 2668 2741 quo,
2701 2674 2803 2729 nisi
2830 2691 2988 2745 genus
3013 2678 3320 2749 subaudias,
3349 2682 3403 2738 id
3432 2692 3515 2739 est
3537 2726 3554 2753 ,
3596 2685 3651 2740 in
3693 2700 3807 2756 quo

2214 2772 2451 2827 genere:
2484 2778 2607 2818 nam
2634 2765 2679 2820 si
2706 2783 2861 2823 carne
2888 2769 3297 2831 subaudiremus
3317 2816 3334 2843 ,
3379 2776 3438 2831 ln
3483 2793 3585 2848 qua
3628 2778 3809 2836 fuerat

2215 2848 2533 2921 dicendum;
2562 2857 2704 2926 quod
2732 2859 2878 2916 solus
2907 2862 3171 2933 interpres
3189 2867 3543 2938 Symmachus
3568 2871 3725 2929 dixit.

2286 2940 2395 3015 [lb.
2426 2943 2543 3017 23.]
2571 2945 2722 3014 Quod
2762 2950 2953 3006 iterum
2982 2955 3237 3025 scriptum
3282 2967 3401 3024 est,
3431 2958 3501 3014 Et
3528 2960 3691 3016 deleta
3715 2971 3797 3018 est

2216 3036 2378 3089 omnis
2400 3038 2679 3107 suscitatio,
2714 3044 3004 3100 notandum
3029 3046 3311 3106 locutionis
3337 3067 3476 3117 esse,
3512 3068 3610 3124 pro
3639 3071 3705 3111 eo
3730 3071 3803 3112 ac

2213 3123 2259 3178 si
2298 3124 2538 3193 diceret,
2584 3131 2942 3189 conditionem
2983 3137 3065 3192 vel
3106 3150 3405 3197 creaturam
3435 3145 3632 3200 carnis.
3660 3146 3803 3204 Cum

2213 3212 2454 3282 dixisset,
2484 3217 2550 3272 Et
2575 3221 2737 3275 deleta
2772 3234 2845 3279 est
2870 3228 3032 3282 omnis
3053 3230 3311 3286 suscitatio
3354 3249 3465 3302 qua:
3500 3246 3605 3290 erat
3642 3253 3804 3307 super

2213 3304 2395 3374 faciem
2421 3310 2584 3364 omnis
2613 3320 2761 3367 terra:
2779 3355 2794 3380 ,
2838 3315 2901 3370 ab
2937 3320 3139 3373 nomine
3167 3337 3325 3394 usque
3347 3324 3415 3376 ad
3439 3304 3718 3393 pecudemi
3748 3336 3803 3383 et

2211 3401 2492 3467 repentium
2518 3411 2564 3456 et
2599 3405 2879 3460 uolatilium
2905 3410 3038 3476 cteli,
3064 3411 3256 3468 deinde
3289 3416 3510 3482 addidit,
3538 3417 3608 3472 Et
3630 3419 3801 3474 deleta

2210 3498 2328 3542 sunt
2353 3489 2417 3543 de
2444 3500 2610 3556 terra;
2636 3492 2962 3553 locutionem
2986 3500 3130 3555 illam
3160 3518 3280 3559 esse
3309 3509 3663 3579 repetitionis,
3686 3526 3797 3582 qua

2210 3577 2544 3653 familiariter
2570 3586 2733 3641 utitur
2756 3589 2778 3619 ²
2806 3588 3103 3660 Scriptura,
3136 3595 3426 3651 notandutn
3453 3608 3557 3655 est.

2283 3671 2384 3746 [11).
2412 3691 2528 3742 vui,
2559 3677 2615 3746 6,
2645 3678 2723 3754 7.]
2753 3681 2907 3749 Quod
2931 3687 3185 3757 scriptum
3219 3700 3323 3758 est,
3355 3691 3559 3748 Dimisit
3584 3710 3792 3751 corvum

2209 3765 2377 3821 videre
2417 3769 2461 3822 si
2500 3772 2707 3826 cessauit
2753 3792 2920 3847 aqua,
2974 3789 3021 3834 et
3066 3782 3237 3838 exiens
3279 3802 3503 3842 reuersus
3542 3804 3643 3843 non
3684 3790 3792 3859 ed,

2210 3858 2367 3913 donec
2392 3861 2598 3917 siccavit
2622 3882 2755 3937 aqua
2782 3884 2814 3922 a
2838 3878 2990 3939 terra,
3022 3872 3220 3931 locutio
3246 3886 3327 3934 est
3347 3880 3537 3935 usitata
3562 3882 3615 3937 in
3645 3858 3795 3939 Scri-

2210 3952 2412 4019 pluris,
2458 3969 2577 4024 quae
2609 3958 2721 4026 jam
2761 3976 2904 4017 nunc
2942 3963 3160 4034 incipiat
3201 3968 3405 4026 adverti
3440 3988 3455 4026 :
3490 3987 3598 4028 non
3643 3976 3794 4032 enim

2208 4053 2394 4109 postea
2441 4059 2688 4105 reversus
2714 4060 2798 4107 est
2819 4091 2836 4119 ,
2877 4054 3001 4125 quia
3026 4055 3228 4115 dictum
3254 4070 3339 4117 est
3372 4078 3482 4119 non
3509 4080 3792 4123 reversum

2206 4129 2379 4188 donec
2398 4133 2615 4193 siccavit
2640 4154 2798 4210 aqua.

2278 4221 2388 4296 [11).
2437 4224 2514 4301 9.]
2544 4227 2696 4295 Quod
2741 4233 2997 4305 scriptum
3042 4248 3160 4308 est,
3203 4240 3274 4297 Et
3313 4247 3532 4302 extendit
3576 4265 3789 4306 manum

2204 4329 2379 4382 suam,
2424 4319 2615 4390 accepit
2650 4338 2762 4376 eam
2780 4365 2797 4391 ,
2837 4335 2889 4379 et
2925 4327 3127 4384 induxit
3154 4348 3265 4387 eam
3290 4335 3360 4389 ad
3382 4339 3705 4412 sentetipsum
3731 4342 3789 4397 in

2203 4420 2397 4473 arcam,
2430 4407 2629 4466 locutio
2653 4424 2769 4481 est,
2811 4431 2968 4486 quam
3010 4430 3291 4492 propterea
3329 4407 3598 4487 hebrazain
3632 4444 3785 4503 puto,

2202 4496 2323 4565 quia
2340 4507 2395 4552 et
2419 4501 2623 4569 punicas
2646 4504 2836 4576 lingua:
2856 4507 3263 4572 familiarissima
3287 4527 3389 4585 est,
3415 4521 3465 4576 in
3488 4538 3596 4594 qua
3616 4496 3787 4583 multa

2202 4586 2506 4647 invenimus
2548 4594 2779 4652 hebraeis
2814 4600 2991 4657 verbis
3036 4610 3422 4666 consonantia:
3452 4628 3574 4669 nam
3600 4618 3787 4688 utique

2200 4677 2495 4750 sufficeret,
2523 4683 2589 4739 Et
2607 4689 2828 4743 attendit
2847 4708 3072 4762 manum,
3092 4698 3195 4753 etsi
3212 4715 3319 4755 non
3348 4703 3588 4775 adderet,
3612 4677 3781 4763 suam.

2198 4766 2326 4825 Tale
2355 4782 2439 4826 est
2470 4774 2630 4829 etiam
2669 4778 2812 4847 quod
2838 4784 2996 4852 paulo
3023 4795 3145 4855 post
3169 4788 3330 4858 dicit,
3379 4766 3611 4851 Παιώῶ
3633 4799 3782 4855 oliva

2196 4857 2346 4930 folia,
2367 4867 2626 4920 surculum
2644 4867 2698 4921 in
2726 4886 2812 4924 ore
2837 4888 2948 4928 suo.

2269 4949 2378 5024 [11).
2410 4952 2523 5028 12.]
2539 4956 2617 5052 ‘Et
2645 4975 2746 5014 non
2774 4966 3012 5033 apposuit
3049 4972 3224 5025 reverti
3267 4974 3337 5029 ad
3360 4993 3474 5032 eum
3511 4982 3734 5052 amplius
3757 4999 3779 5038 :

2194 5039 2395 5097 locutio
2421 5054 2505 5099 est
2533 5044 2953 5109 familiarissima
2982 5057 3035 5112 in
3065 5056 3372 5132 Scripturis.

2266 5130 2506 5227 [11).-21]
2534 5135 2687 5205 Quod
2714 5142 2970 5213 scriptum
2999 5158 3100 5219 est,
3131 5130 3200 5207 Et
3226 5172 3326 5210 non
3352 5158 3593 5227 adiiciam
3610 5165 3780 5221 adhuc

2190 5221 2489 5279 maledicere
2505 5244 2660 5297 super
2682 5240 2868 5289 terram
2888 5275 2907 5304 ,
2932 5239 3107 5297 simile
3131 5254 3213 5301 est
3237 5221 3533 5322 superiori,
3569 5252 3640 5310 Et
3672 5273 3777 5313 non

2189 5316 2429 5385 apposuit
2447 5321 2624 5374 reverti
2642 5323 2712 5377 ad
2728 5340 2865 5384 eum.

2255 5586 2355 5662 [11).
2381 5607 2463 5661 ix,
2485 5592 2565 5669 5.]
2592 5596 2791 5655 Etenim
2818 5608 3113 5678 sanguinem
3141 5625 3354 5672 vestrum
3373 5622 3656 5680 animarum
3681 5643 3769 5683 ue-

2243 5764 2724 5867 :mhpecudm
2760 5783 3430 5856 Atliss.,pecudem:juxta
3460 5805 3765 5867 grec.LXX,

2176 5823 2472 5881 meum;

2239 5866 2529 5954 ίὲῖἇῖὦῶ
2550 5897 2698 5960 Lugd.
2722 5908 2840 5953 Ven.
2865 5910 2973 5958 Lov.
2998 5914 3047 5957 Β.
3070 5908 3270 5972 habent.
3294 5923 3469 5971 utatur.
3516 5931 3555 5973 Μ
