  <div class='ocr_page' id='page_1' title='image "/cluster/home/n/w/nwhite01/storage/ocr_20150623/34/hvd.32044015706310/250.png"; bbox 0 0 4094 6478; ppageno 0'>
   <div class='ocr_carea' id='block_1_1' title="bbox 304 455 1890 528">
    <p class='ocr_par' dir='ltr' id='par_1_1' title="bbox 304 455 1890 528">
     <span class='ocr_line' id='line_1_1' title="bbox 304 455 1890 528; baseline -0.004 -11"><span class='ocrx_word' id='word_1_1' title='bbox 304 471 549 526; x_wconf 73' lang='lat' dir='ltr'><strong>stratum;</strong></span> <span class='ocrx_word' id='word_1_2' title='bbox 588 472 709 514; x_wconf 89' lang='lat' dir='ltr'><strong>cum</strong></span> <span class='ocrx_word' id='word_1_3' title='bbox 749 455 1017 513; x_wconf 85' lang='lat' dir='ltr'><strong>sufficeret</strong></span> <span class='ocrx_word' id='word_1_4' title='bbox 1057 465 1149 512; x_wconf 88' lang='lat' dir='ltr'><strong>aut</strong></span> <span class='ocrx_word' id='word_1_5' title='bbox 1184 457 1481 528; x_wconf 80' lang='lat' dir='ltr'><strong>sanguinem</strong></span> <span class='ocrx_word' id='word_1_6' title='bbox 1520 466 1755 523; x_wconf 81' lang='lat' dir='ltr'><strong>vestrum,</strong></span> <span class='ocrx_word' id='word_1_7' title='bbox 1797 462 1890 511; x_wconf 88' lang='lat' dir='ltr'><strong>aut</strong></span> 
     </span>
    </p>
   </div>
   <div class='ocr_carea' id='block_1_2' title="bbox 304 551 1236 624">
    <p class='ocr_par' dir='ltr' id='par_1_2' title="bbox 304 551 1236 624">
     <span class='ocr_line' id='line_1_2' title="bbox 304 551 1236 624; baseline -0.005 -15"><span class='ocrx_word' id='word_1_8' title='bbox 304 553 599 624; x_wconf 81' lang='lat' dir='ltr'><strong>sanguinem</strong></span> <span class='ocrx_word' id='word_1_9' title='bbox 627 551 911 606; x_wconf 75' lang='lat' dir='ltr'><strong>anirnurum</strong></span> <span class='ocrx_word' id='word_1_10' title='bbox 939 560 1236 605; x_wconf 75' lang='lat' dir='ltr'><strong>vestrarum.</strong></span> 
     </span>
    </p>
   </div>
   <div class='ocr_carea' id='block_1_3' title="bbox 371 642 1888 718">
    <p class='ocr_par' dir='ltr' id='par_1_3' title="bbox 371 642 1888 718">
     <span class='ocr_line' id='line_1_3' title="bbox 371 642 1888 718; baseline 0.001 -21"><span class='ocrx_word' id='word_1_11' title='bbox 371 644 471 718; x_wconf 90' lang='lat' dir='ltr'><strong>[lb.</strong></span> <span class='ocrx_word' id='word_1_12' title='bbox 502 642 615 718; x_wconf 47' lang='grc' dir='ltr'><strong>ιλ]</strong></span> <span class='ocrx_word' id='word_1_13' title='bbox 644 643 756 699; x_wconf 79' lang='lat' dir='ltr'><strong>Hoc</strong></span> <span class='ocrx_word' id='word_1_14' title='bbox 779 645 979 715; x_wconf 87' lang='lat' dir='ltr'><strong>signum</strong></span> <span class='ocrx_word' id='word_1_15' title='bbox 1008 643 1290 699; x_wconf 73' lang='lat' dir='ltr'><strong>testamenti</strong></span> <span class='ocrx_word' id='word_1_16' title='bbox 1320 643 1454 714; x_wconf 82' lang='lat' dir='ltr'><strong>quod</strong></span> <span class='ocrx_word' id='word_1_17' title='bbox 1481 661 1573 714; x_wconf 82' lang='lat' dir='ltr'><strong>ego</strong></span> <span class='ocrx_word' id='word_1_18' title='bbox 1601 661 1787 715; x_wconf 85' lang='lat' dir='ltr'><strong>ponam</strong></span> <span class='ocrx_word' id='word_1_19' title='bbox 1810 644 1888 698; x_wconf 83' lang='lat' dir='ltr'><strong>in-</strong></span> 
     </span>
    </p>
   </div>
   <div class='ocr_carea' id='block_1_4' title="bbox 301 734 1889 805">
    <p class='ocr_par' dir='ltr' id='par_1_4' title="bbox 301 734 1889 805">
     <span class='ocr_line' id='line_1_4' title="bbox 301 734 1889 805; baseline -0.001 -14"><span class='ocrx_word' id='word_1_20' title='bbox 301 745 373 791; x_wconf 88' lang='lat' dir='ltr'><strong>ter</strong></span> <span class='ocrx_word' id='word_1_21' title='bbox 410 736 635 789; x_wconf 86' lang='lat' dir='ltr'><strong>medium</strong></span> <span class='ocrx_word' id='word_1_22' title='bbox 663 752 829 790; x_wconf 90' lang='lat' dir='ltr'><strong>meum</strong></span> <span class='ocrx_word' id='word_1_23' title='bbox 859 744 906 789; x_wconf 90' lang='lat' dir='ltr'><strong>et</strong></span> <span class='ocrx_word' id='word_1_24' title='bbox 933 745 1181 800; x_wconf 81' lang='lat' dir='ltr'><strong>vestrum;</strong></span> <span class='ocrx_word' id='word_1_25' title='bbox 1218 734 1359 805; x_wconf 89' lang='lat' dir='ltr'><strong>quod</strong></span> <span class='ocrx_word' id='word_1_26' title='bbox 1402 744 1503 802; x_wconf 87' lang='lat' dir='ltr'><strong>est,</strong></span> <span class='ocrx_word' id='word_1_27' title='bbox 1548 735 1684 788; x_wconf 88' lang='lat' dir='ltr'><strong>inter</strong></span> <span class='ocrx_word' id='word_1_28' title='bbox 1721 749 1806 790; x_wconf 91' lang='lat' dir='ltr'><strong>me</strong></span> <span class='ocrx_word' id='word_1_29' title='bbox 1834 745 1889 790; x_wconf 89' lang='lat' dir='ltr'><strong>et</strong></span> 
     </span>
    </p>
   </div>
   <div class='ocr_carea' id='block_1_5' title="bbox 300 843 415 882">
    <p class='ocr_par' dir='ltr' id='par_1_5' title="bbox 300 843 415 882">
     <span class='ocr_line' id='line_1_5' title="bbox 300 843 415 882; baseline 0 -1"><span class='ocrx_word' id='word_1_30' title='bbox 300 843 393 882; x_wconf 69' lang='lat' dir='ltr'><strong>VOS</strong></span> <span class='ocrx_word' id='word_1_31' title='bbox 400 868 415 881; x_wconf 83' lang='lat'><strong>.</strong></span> 
     </span>
    </p>
   </div>
   <div class='ocr_carea' id='block_1_6' title="bbox 368 918 1887 994">
    <p class='ocr_par' dir='ltr' id='par_1_6' title="bbox 368 918 1887 994">
     <span class='ocr_line' id='line_1_6' title="bbox 368 918 1887 994; baseline -0.001 -20"><span class='ocrx_word' id='word_1_32' title='bbox 368 920 471 993; x_wconf 91' lang='lat' dir='ltr'><strong>[lb.</strong></span> <span class='ocrx_word' id='word_1_33' title='bbox 502 936 559 986; x_wconf 69' lang='grc' dir='ltr'><strong>ι,</strong></span> <span class='ocrx_word' id='word_1_34' title='bbox 585 918 663 994; x_wconf 86' lang='grc'><strong>9.]</strong></span> <span class='ocrx_word' id='word_1_35' title='bbox 693 919 791 974; x_wconf 76' lang='lat' dir='ltr'><strong>llic</strong></span> <span class='ocrx_word' id='word_1_36' title='bbox 819 930 928 975; x_wconf 87' lang='lat' dir='ltr'><strong>erat</strong></span> <span class='ocrx_word' id='word_1_37' title='bbox 961 920 1104 992; x_wconf 86' lang='lat' dir='ltr'><strong>gigas</strong></span> <span class='ocrx_word' id='word_1_38' title='bbox 1123 922 1139 952; x_wconf 73' lang='grc'>³</span> <span class='ocrx_word' id='word_1_39' title='bbox 1166 929 1371 975; x_wconf 83' lang='lat' dir='ltr'><strong>uenator</strong></span> <span class='ocrx_word' id='word_1_40' title='bbox 1411 928 1587 974; x_wconf 88' lang='lat' dir='ltr'><strong>contra</strong></span> <span class='ocrx_word' id='word_1_41' title='bbox 1611 918 1887 973; x_wconf 88' lang='lat' dir='ltr'><strong>Dominum</strong></span> 
     </span>
    </p>
   </div>
   <div class='ocr_carea' id='block_1_7' title="bbox 296 1010 1885 1082">
    <p class='ocr_par' dir='ltr' id='par_1_7' title="bbox 296 1010 1885 1082">
     <span class='ocr_line' id='line_1_7' title="bbox 296 1010 1885 1082; baseline -0.001 -17"><span class='ocrx_word' id='word_1_42' title='bbox 296 1010 498 1077; x_wconf 83' lang='lat' dir='ltr'><strong>Deum;</strong></span> <span class='ocrx_word' id='word_1_43' title='bbox 526 1012 785 1067; x_wconf 85' lang='lat' dir='ltr'><strong>incertum</strong></span> <span class='ocrx_word' id='word_1_44' title='bbox 827 1021 911 1067; x_wconf 89' lang='lat' dir='ltr'><strong>est</strong></span> <span class='ocrx_word' id='word_1_45' title='bbox 954 1022 1131 1066; x_wconf 91' lang='lat' dir='ltr'><strong>utrum</strong></span> <span class='ocrx_word' id='word_1_46' title='bbox 1160 1012 1325 1082; x_wconf 88' lang='lat' dir='ltr'><strong>possit</strong></span> <span class='ocrx_word' id='word_1_47' title='bbox 1350 1012 1537 1081; x_wconf 82' lang='lat' dir='ltr'><strong>accipi,</strong></span> <span class='ocrx_word' id='word_1_48' title='bbox 1566 1026 1745 1067; x_wconf 90' lang='lat' dir='ltr'><strong>coram</strong></span> <span class='ocrx_word' id='word_1_49' title='bbox 1778 1012 1885 1064; x_wconf 87' lang='lat' dir='ltr'><strong>Do-</strong></span> 
     </span>
    </p>
   </div>
   <div class='ocr_carea' id='block_1_8' title="bbox 296 1101 1884 1175">
    <p class='ocr_par' dir='ltr' id='par_1_8' title="bbox 296 1101 1884 1175">
     <span class='ocr_line' id='line_1_8' title="bbox 296 1101 1884 1175; baseline -0.003 -15"><span class='ocrx_word' id='word_1_50' title='bbox 296 1106 445 1160; x_wconf 89' lang='lat' dir='ltr'><strong>mino</strong></span> <span class='ocrx_word' id='word_1_51' title='bbox 473 1105 612 1169; x_wconf 89' lang='lat' dir='ltr'><strong>Deo;</strong></span> <span class='ocrx_word' id='word_1_52' title='bbox 644 1105 765 1175; x_wconf 84' lang='lat' dir='ltr'><strong>quia</strong></span> <span class='ocrx_word' id='word_1_53' title='bbox 789 1114 843 1159; x_wconf 91' lang='lat' dir='ltr'><strong>et</strong></span> <span class='ocrx_word' id='word_1_54' title='bbox 862 1103 942 1159; x_wconf 91' lang='lat' dir='ltr'><strong>sic</strong></span> <span class='ocrx_word' id='word_1_55' title='bbox 970 1103 1106 1159; x_wconf 93' lang='lat' dir='ltr'><strong>solet</strong></span> <span class='ocrx_word' id='word_1_56' title='bbox 1134 1102 1353 1174; x_wconf 76' lang='lat' dir='ltr'><strong>intelligi</strong></span> <span class='ocrx_word' id='word_1_57' title='bbox 1382 1101 1522 1173; x_wconf 90' lang='lat' dir='ltr'><strong>quod</strong></span> <span class='ocrx_word' id='word_1_58' title='bbox 1549 1117 1722 1173; x_wconf 64' lang='lat' dir='ltr'><strong>graece</strong></span> <span class='ocrx_word' id='word_1_59' title='bbox 1748 1101 1884 1157; x_wconf 84' lang='lat' dir='ltr'><strong>dici-</strong></span> 
     </span>
    </p>
   </div>
   <div class='ocr_carea' id='block_1_9' title="bbox 296 1190 954 1262">
    <p class='ocr_par' dir='ltr' id='par_1_9' title="bbox 296 1190 954 1262">
     <span class='ocr_line' id='line_1_9' title="bbox 296 1190 954 1262; baseline 0 -11"><span class='ocrx_word' id='word_1_60' title='bbox 296 1207 401 1262; x_wconf 80' lang='lat' dir='ltr'><strong>llll’,</strong></span> <span class='ocrx_word' id='word_1_61' title='bbox 421 1203 646 1251; x_wconf 71' lang='grc' dir='ltr'><strong>ἔναντίον.</strong></span> <span class='ocrx_word' id='word_1_62' title='bbox 935 1190 954 1205; x_wconf 51' lang='grc'><em>’</em></span> 
     </span>
    </p>
   </div>
   <div class='ocr_carea' id='block_1_10' title="bbox 364 1286 1881 1363">
    <p class='ocr_par' dir='ltr' id='par_1_10' title="bbox 364 1286 1881 1363">
     <span class='ocr_line' id='line_1_10' title="bbox 364 1286 1881 1363; baseline -0.001 -20"><span class='ocrx_word' id='word_1_63' title='bbox 364 1287 465 1362; x_wconf 90' lang='grc'><strong>[11).</strong></span> <span class='ocrx_word' id='word_1_64' title='bbox 492 1288 606 1363; x_wconf 72' lang='grc'><strong>14.]</strong></span> <span class='ocrx_word' id='word_1_65' title='bbox 632 1287 780 1345; x_wconf 83' lang='lat' dir='ltr'><strong>Unde</strong></span> <span class='ocrx_word' id='word_1_66' title='bbox 805 1289 923 1344; x_wconf 80' lang='lat' dir='ltr'><strong>exiit</strong></span> <span class='ocrx_word' id='word_1_67' title='bbox 943 1288 1059 1343; x_wconf 85' lang='lat' dir='ltr'><strong>inde</strong></span> <span class='ocrx_word' id='word_1_68' title='bbox 1086 1287 1428 1353; x_wconf 85' lang='lat' dir='ltr'><strong>Philisthiim;</strong></span> <span class='ocrx_word' id='word_1_69' title='bbox 1450 1302 1570 1342; x_wconf 90' lang='lat' dir='ltr'><strong>cum</strong></span> <span class='ocrx_word' id='word_1_70' title='bbox 1592 1286 1881 1355; x_wconf 82' lang='lat' dir='ltr'><strong>sufficeret,</strong></span> 
     </span>
    </p>
   </div>
   <div class='ocr_carea' id='block_1_11' title="bbox 296 1380 959 1436">
    <p class='ocr_par' dir='ltr' id='par_1_11' title="bbox 296 1380 959 1436">
     <span class='ocr_line' id='line_1_11' title="bbox 296 1380 959 1436; baseline -0.003 0"><span class='ocrx_word' id='word_1_71' title='bbox 296 1380 447 1436; x_wconf 83' lang='lat' dir='ltr'><strong>Unde</strong></span> <span class='ocrx_word' id='word_1_72' title='bbox 473 1383 595 1436; x_wconf 76' lang='lat' dir='ltr'><strong>exiit</strong></span> <span class='ocrx_word' id='word_1_73' title='bbox 624 1380 959 1435; x_wconf 88' lang='lat' dir='ltr'><strong>Philisthiim.</strong></span> 
     </span>
    </p>
   </div>
   <div class='ocr_carea' id='block_1_12' title="bbox 363 1491 1881 1567">
    <p class='ocr_par' dir='ltr' id='par_1_12' title="bbox 363 1491 1881 1567">
     <span class='ocr_line' id='line_1_12' title="bbox 363 1491 1881 1567; baseline -0.001 -19"><span class='ocrx_word' id='word_1_74' title='bbox 363 1493 467 1567; x_wconf 91' lang='lat' dir='ltr'><strong>[lb.</strong></span> <span class='ocrx_word' id='word_1_75' title='bbox 492 1511 580 1559; x_wconf 72' lang='grc' dir='ltr'><strong>ιι,</strong></span> <span class='ocrx_word' id='word_1_76' title='bbox 613 1491 686 1567; x_wconf 83' lang='grc'><strong>1.]</strong></span> <span class='ocrx_word' id='word_1_77' title='bbox 727 1492 793 1547; x_wconf 84' lang='lat' dir='ltr'><strong>Et</strong></span> <span class='ocrx_word' id='word_1_78' title='bbox 821 1503 929 1548; x_wconf 87' lang='lat' dir='ltr'><strong>erat</strong></span> <span class='ocrx_word' id='word_1_79' title='bbox 956 1495 1117 1548; x_wconf 87' lang='lat' dir='ltr'><strong>omnis</strong></span> <span class='ocrx_word' id='word_1_80' title='bbox 1153 1502 1288 1548; x_wconf 88' lang='lat' dir='ltr'><strong>terra</strong></span> <span class='ocrx_word' id='word_1_81' title='bbox 1310 1491 1501 1547; x_wconf 88' lang='lat' dir='ltr'><strong>labium</strong></span> <span class='ocrx_word' id='word_1_82' title='bbox 1524 1509 1714 1560; x_wconf 88' lang='lat' dir='ltr'><strong>unum;</strong></span> <span class='ocrx_word' id='word_1_83' title='bbox 1742 1493 1881 1563; x_wconf 87' lang='lat' dir='ltr'><strong>quod</strong></span> 
     </span>
    </p>
   </div>
   <div class='ocr_carea' id='block_1_13' title="bbox 294 1584 1885 1656">
    <p class='ocr_par' dir='ltr' id='par_1_13' title="bbox 294 1584 1885 1656">
     <span class='ocr_line' id='line_1_13' title="bbox 294 1584 1885 1656; baseline -0.002 -16"><span class='ocrx_word' id='word_1_84' title='bbox 294 1588 490 1640; x_wconf 70' lang='lat' dir='ltr'><strong>usitate</strong></span> <span class='ocrx_word' id='word_1_85' title='bbox 514 1600 614 1640; x_wconf 88' lang='lat' dir='ltr'><strong>nos</strong></span> <span class='ocrx_word' id='word_1_86' title='bbox 638 1585 885 1649; x_wconf 87' lang='lat' dir='ltr'><strong>dicimus,</strong></span> <span class='ocrx_word' id='word_1_87' title='bbox 908 1586 1084 1656; x_wconf 83' lang='lat' dir='ltr'><strong>lingua</strong></span> <span class='ocrx_word' id='word_1_88' title='bbox 1112 1600 1235 1639; x_wconf 85' lang='lat' dir='ltr'><strong>una.</strong></span> <span class='ocrx_word' id='word_1_89' title='bbox 1260 1584 1326 1638; x_wconf 82' lang='lat' dir='ltr'><strong>Et</strong></span> <span class='ocrx_word' id='word_1_90' title='bbox 1351 1593 1457 1639; x_wconf 84' lang='lat' dir='ltr'><strong>erat</strong></span> <span class='ocrx_word' id='word_1_91' title='bbox 1477 1585 1637 1638; x_wconf 86' lang='lat' dir='ltr'><strong>omnis</strong></span> <span class='ocrx_word' id='word_1_92' title='bbox 1657 1594 1790 1638; x_wconf 90' lang='lat' dir='ltr'><strong>terra</strong></span> <span class='ocrx_word' id='word_1_93' title='bbox 1808 1584 1885 1638; x_wconf 88' lang='lat' dir='ltr'><strong>la-</strong></span> 
     </span>
    </p>
   </div>
   <div class='ocr_carea' id='block_1_14' title="bbox 293 1676 1881 1747">
    <p class='ocr_par' dir='ltr' id='par_1_14' title="bbox 293 1676 1881 1747">
     <span class='ocr_line' id='line_1_14' title="bbox 293 1676 1881 1747; baseline 0 -16"><span class='ocrx_word' id='word_1_94' title='bbox 293 1678 430 1731; x_wconf 82' lang='lat' dir='ltr'><strong>bium</strong></span> <span class='ocrx_word' id='word_1_95' title='bbox 473 1693 662 1743; x_wconf 88' lang='lat' dir='ltr'><strong>unum;</strong></span> <span class='ocrx_word' id='word_1_96' title='bbox 705 1676 1017 1743; x_wconf 87' lang='lat' dir='ltr'><strong>notandum,</strong></span> <span class='ocrx_word' id='word_1_97' title='bbox 1064 1691 1278 1732; x_wconf 90' lang='lat' dir='ltr'><strong>omnem</strong></span> <span class='ocrx_word' id='word_1_98' title='bbox 1327 1684 1520 1731; x_wconf 89' lang='lat' dir='ltr'><strong>terram</strong></span> <span class='ocrx_word' id='word_1_99' title='bbox 1562 1676 1881 1747; x_wconf 80' lang='lat' dir='ltr'><strong>appellatam</strong></span> 
     </span>
    </p>
   </div>
   <div class='ocr_carea' id='block_1_15' title="bbox 293 1767 1878 1839">
    <p class='ocr_par' dir='ltr' id='par_1_15' title="bbox 293 1767 1878 1839">
     <span class='ocr_line' id='line_1_15' title="bbox 293 1767 1878 1839; baseline 0.001 -16"><span class='ocrx_word' id='word_1_100' title='bbox 293 1782 483 1824; x_wconf 87' lang='lat' dir='ltr'><strong>omnes</strong></span> <span class='ocrx_word' id='word_1_101' title='bbox 513 1768 759 1824; x_wconf 88' lang='lat' dir='ltr'><strong>homines</strong></span> <span class='ocrx_word' id='word_1_102' title='bbox 787 1769 877 1839; x_wconf 90' lang='lat' dir='ltr'><strong>qui</strong></span> <span class='ocrx_word' id='word_1_103' title='bbox 905 1776 1028 1823; x_wconf 92' lang='lat' dir='ltr'><strong>tunc</strong></span> <span class='ocrx_word' id='word_1_104' title='bbox 1070 1776 1243 1831; x_wconf 85' lang='lat' dir='ltr'><strong>erant,</strong></span> <span class='ocrx_word' id='word_1_105' title='bbox 1274 1768 1516 1839; x_wconf 82' lang='lat' dir='ltr'><strong>quamvis</strong></span> <span class='ocrx_word' id='word_1_106' title='bbox 1559 1767 1794 1824; x_wconf 86' lang='lat' dir='ltr'><strong>nondum</strong></span> <span class='ocrx_word' id='word_1_107' title='bbox 1826 1768 1878 1824; x_wconf 93' lang='lat' dir='ltr'><strong>in</strong></span> 
     </span>
    </p>
   </div>
   <div class='ocr_carea' id='block_1_16' title="bbox 293 1860 630 1914">
    <p class='ocr_par' dir='ltr' id='par_1_16' title="bbox 293 1860 630 1914">
     <span class='ocr_line' id='line_1_16' title="bbox 293 1860 630 1914; baseline -0.003 -1"><span class='ocrx_word' id='word_1_108' title='bbox 293 1860 437 1914; x_wconf 86' lang='lat' dir='ltr'><strong>omni</strong></span> <span class='ocrx_word' id='word_1_109' title='bbox 466 1867 630 1914; x_wconf 87' lang='lat' dir='ltr'><strong>terra.</strong></span> 
     </span>
    </p>
   </div>
   <div class='ocr_carea' id='block_1_17' title="bbox 364 1948 1879 2024">
    <p class='ocr_par' dir='ltr' id='par_1_17' title="bbox 364 1948 1879 2024">
     <span class='ocr_line' id='line_1_17' title="bbox 364 1948 1879 2024; baseline 0.003 -22"><span class='ocrx_word' id='word_1_110' title='bbox 364 1948 466 2024; x_wconf 88' lang='lat' dir='ltr'><strong>[lb.</strong></span> <span class='ocrx_word' id='word_1_111' title='bbox 498 1948 578 2024; x_wconf 76' lang='lat'><strong>5.]</strong></span> <span class='ocrx_word' id='word_1_112' title='bbox 620 1950 686 2004; x_wconf 80' lang='lat' dir='ltr'><strong>Et</strong></span> <span class='ocrx_word' id='word_1_113' title='bbox 706 1951 829 2022; x_wconf 89' lang='lat' dir='ltr'><strong>facti</strong></span> <span class='ocrx_word' id='word_1_114' title='bbox 854 1960 971 2005; x_wconf 91' lang='lat' dir='ltr'><strong>sunt</strong></span> <span class='ocrx_word' id='word_1_115' title='bbox 996 1951 1097 2005; x_wconf 97' lang='lat' dir='ltr'><strong>illis</strong></span> <span class='ocrx_word' id='word_1_116' title='bbox 1122 1950 1303 2006; x_wconf 86' lang='lat' dir='ltr'><strong>lateres</strong></span> <span class='ocrx_word' id='word_1_117' title='bbox 1327 1967 1419 2023; x_wconf 88' lang='lat' dir='ltr'><strong>pro</strong></span> <span class='ocrx_word' id='word_1_118' title='bbox 1442 1950 1648 2022; x_wconf 77' lang='lat' dir='ltr'><strong>lapide:</strong></span> <span class='ocrx_word' id='word_1_119' title='bbox 1674 1968 1879 2023; x_wconf 77' lang='lat' dir='ltr'><strong>grzecus</strong></span> 
     </span>
    </p>
   </div>
   <div class='ocr_carea' id='block_1_18' title="bbox 294 2042 1879 2115">
    <p class='ocr_par' dir='ltr' id='par_1_18' title="bbox 294 2042 1879 2115">
     <span class='ocr_line' id='line_1_18' title="bbox 294 2042 1879 2115; baseline 0.001 -18"><span class='ocrx_word' id='word_1_120' title='bbox 294 2043 473 2110; x_wconf 87' lang='lat' dir='ltr'><strong>habet,</strong></span> <span class='ocrx_word' id='word_1_121' title='bbox 498 2042 567 2098; x_wconf 87' lang='lat' dir='ltr'><strong>Et</strong></span> <span class='ocrx_word' id='word_1_122' title='bbox 595 2044 718 2115; x_wconf 88' lang='lat' dir='ltr'><strong>facti</strong></span> <span class='ocrx_word' id='word_1_123' title='bbox 739 2054 856 2098; x_wconf 89' lang='lat' dir='ltr'><strong>sunt</strong></span> <span class='ocrx_word' id='word_1_124' title='bbox 882 2044 983 2097; x_wconf 89' lang='lat' dir='ltr'><strong>illis</strong></span> <span class='ocrx_word' id='word_1_125' title='bbox 1014 2044 1193 2098; x_wconf 89' lang='lat' dir='ltr'><strong>lateres</strong></span> <span class='ocrx_word' id='word_1_126' title='bbox 1219 2044 1273 2097; x_wconf 88' lang='lat' dir='ltr'><strong>in</strong></span> <span class='ocrx_word' id='word_1_127' title='bbox 1295 2042 1548 2115; x_wconf 87' lang='lat' dir='ltr'><strong>lapidem;</strong></span> <span class='ocrx_word' id='word_1_128' title='bbox 1573 2043 1710 2115; x_wconf 90' lang='lat' dir='ltr'><strong>quod</strong></span> <span class='ocrx_word' id='word_1_129' title='bbox 1733 2044 1776 2099; x_wconf 89' lang='lat' dir='ltr'><strong>si</strong></span> <span class='ocrx_word' id='word_1_130' title='bbox 1798 2043 1879 2098; x_wconf 88' lang='lat' dir='ltr'><strong>la-</strong></span> 
     </span>
    </p>
   </div>
   <div class='ocr_carea' id='block_1_19' title="bbox 294 2133 1574 2203">
    <p class='ocr_par' dir='ltr' id='par_1_19' title="bbox 294 2133 1574 2203">
     <span class='ocr_line' id='line_1_19' title="bbox 294 2133 1574 2203; baseline -0.002 -13"><span class='ocrx_word' id='word_1_131' title='bbox 294 2135 404 2190; x_wconf 81' lang='lat' dir='ltr'><strong>tine</strong></span> <span class='ocrx_word' id='word_1_132' title='bbox 433 2134 723 2199; x_wconf 85' lang='lat' dir='ltr'><strong>diceretur,</strong></span> <span class='ocrx_word' id='word_1_133' title='bbox 753 2134 947 2189; x_wconf 90' lang='lat' dir='ltr'><strong>locutio</strong></span> <span class='ocrx_word' id='word_1_134' title='bbox 972 2136 1149 2189; x_wconf 91' lang='lat' dir='ltr'><strong>minus</strong></span> <span class='ocrx_word' id='word_1_135' title='bbox 1173 2133 1574 2203; x_wconf 88' lang='lat' dir='ltr'><strong>intelligeretur.</strong></span> 
     </span>
    </p>
   </div>
   <div class='ocr_carea' id='block_1_20' title="bbox 362 2224 1876 2300">
    <p class='ocr_par' dir='ltr' id='par_1_20' title="bbox 362 2224 1876 2300">
     <span class='ocr_line' id='line_1_20' title="bbox 362 2224 1876 2300; baseline 0 -20"><span class='ocrx_word' id='word_1_136' title='bbox 362 2225 464 2300; x_wconf 90' lang='lat' dir='ltr'><strong>[lb.</strong></span> <span class='ocrx_word' id='word_1_137' title='bbox 495 2224 577 2298; x_wconf 68' lang='lat'><strong>4.]</strong></span> <span class='ocrx_word' id='word_1_138' title='bbox 610 2225 801 2293; x_wconf 77' lang='lat' dir='ltr'><strong>Venite,</strong></span> <span class='ocrx_word' id='word_1_139' title='bbox 826 2227 1133 2296; x_wconf 72' lang='lat' dir='ltr'><strong>wdiﬁcemus</strong></span> <span class='ocrx_word' id='word_1_140' title='bbox 1168 2226 1309 2281; x_wconf 86' lang='lat' dir='ltr'><strong>nobis</strong></span> <span class='ocrx_word' id='word_1_141' title='bbox 1332 2227 1579 2281; x_wconf 85' lang='lat' dir='ltr'><strong>civitatem</strong></span> <span class='ocrx_word' id='word_1_142' title='bbox 1597 2236 1643 2282; x_wconf 92' lang='lat' dir='ltr'><strong>et</strong></span> <span class='ocrx_word' id='word_1_143' title='bbox 1667 2227 1876 2293; x_wconf 89' lang='lat' dir='ltr'><strong>turrim,</strong></span> 
     </span>
    </p>
   </div>
   <div class='ocr_carea' id='block_1_21' title="bbox 292 2317 1878 2391">
    <p class='ocr_par' dir='ltr' id='par_1_21' title="bbox 292 2317 1878 2391">
     <span class='ocr_line' id='line_1_21' title="bbox 292 2317 1878 2391; baseline 0.002 -20"><span class='ocrx_word' id='word_1_144' title='bbox 292 2320 436 2389; x_wconf 76' lang='lat' dir='ltr'><strong>cujus</strong></span> <span class='ocrx_word' id='word_1_145' title='bbox 460 2326 618 2387; x_wconf 86' lang='lat' dir='ltr'><strong>caput</strong></span> <span class='ocrx_word' id='word_1_146' title='bbox 636 2319 728 2371; x_wconf 84' lang='lat' dir='ltr'><strong>erit</strong></span> <span class='ocrx_word' id='word_1_147' title='bbox 754 2334 908 2388; x_wconf 86' lang='lat' dir='ltr'><strong>usque</strong></span> <span class='ocrx_word' id='word_1_148' title='bbox 927 2317 994 2370; x_wconf 89' lang='lat' dir='ltr'><strong>ad</strong></span> <span class='ocrx_word' id='word_1_149' title='bbox 1014 2318 1189 2372; x_wconf 70' lang='lat' dir='ltr'><strong>caelum</strong></span> <span class='ocrx_word' id='word_1_150' title='bbox 1204 2329 1225 2381; x_wconf 87' lang='lat'><strong><em>;</em></strong></span> <span class='ocrx_word' id='word_1_151' title='bbox 1241 2322 1532 2372; x_wconf 86' lang='lat' dir='ltr'><strong>secundum</strong></span> <span class='ocrx_word' id='word_1_152' title='bbox 1549 2318 1878 2391; x_wconf 82' lang='lat' dir='ltr'><strong>hyperbolen</strong></span> 
     </span>
    </p>
   </div>
   <div class='ocr_carea' id='block_1_22' title="bbox 292 2407 1875 2478">
    <p class='ocr_par' dir='ltr' id='par_1_22' title="bbox 292 2407 1875 2478">
     <span class='ocr_line' id='line_1_22' title="bbox 292 2407 1875 2478; baseline 0.002 -17"><span class='ocrx_word' id='word_1_153' title='bbox 292 2407 492 2462; x_wconf 81' lang='lat' dir='ltr'><strong>dictum</strong></span> <span class='ocrx_word' id='word_1_154' title='bbox 523 2416 627 2474; x_wconf 86' lang='lat' dir='ltr'><strong>est,</strong></span> <span class='ocrx_word' id='word_1_155' title='bbox 658 2408 703 2462; x_wconf 89' lang='lat' dir='ltr'><strong>si</strong></span> <span class='ocrx_word' id='word_1_156' title='bbox 736 2408 1015 2462; x_wconf 89' lang='lat' dir='ltr'><strong>locutionis</strong></span> <span class='ocrx_word' id='word_1_157' title='bbox 1050 2422 1219 2477; x_wconf 87' lang='lat' dir='ltr'><strong>genus</strong></span> <span class='ocrx_word' id='word_1_158' title='bbox 1247 2407 1333 2462; x_wconf 92' lang='lat' dir='ltr'><strong>hic</strong></span> <span class='ocrx_word' id='word_1_159' title='bbox 1362 2407 1727 2478; x_wconf 89' lang='lat' dir='ltr'><strong>accipiendum</strong></span> <span class='ocrx_word' id='word_1_160' title='bbox 1757 2418 1875 2464; x_wconf 90' lang='lat' dir='ltr'><strong>est:</strong></span> 
     </span>
    </p>
   </div>
   <div class='ocr_carea' id='block_1_23' title="bbox 290 2498 1875 2571">
    <p class='ocr_par' dir='ltr' id='par_1_23' title="bbox 290 2498 1875 2571">
     <span class='ocr_line' id='line_1_23' title="bbox 290 2498 1875 2571; baseline 0.003 -20"><span class='ocrx_word' id='word_1_161' title='bbox 290 2499 333 2552; x_wconf 80' lang='lat' dir='ltr'><strong>si</strong></span> <span class='ocrx_word' id='word_1_162' title='bbox 361 2510 565 2563; x_wconf 90' lang='lat' dir='ltr'><strong>autem,</strong></span> <span class='ocrx_word' id='word_1_163' title='bbox 595 2515 753 2568; x_wconf 83' lang='lat' dir='ltr'><strong>usque</strong></span> <span class='ocrx_word' id='word_1_164' title='bbox 780 2498 848 2552; x_wconf 89' lang='lat' dir='ltr'><strong>ad</strong></span> <span class='ocrx_word' id='word_1_165' title='bbox 871 2498 1077 2561; x_wconf 68' lang='lat' dir='ltr'><strong>cadum,</strong></span> <span class='ocrx_word' id='word_1_166' title='bbox 1106 2498 1322 2570; x_wconf 86' lang='lat' dir='ltr'><strong>proprie</strong></span> <span class='ocrx_word' id='word_1_167' title='bbox 1360 2498 1559 2554; x_wconf 89' lang='lat' dir='ltr'><strong>dictum</strong></span> <span class='ocrx_word' id='word_1_168' title='bbox 1598 2499 1875 2571; x_wconf 84' lang='lat' dir='ltr'><strong>accipitur,</strong></span> 
     </span>
    </p>
   </div>
   <div class='ocr_carea' id='block_1_24' title="bbox 290 2590 1389 2661">
    <p class='ocr_par' dir='ltr' id='par_1_24' title="bbox 290 2590 1389 2661">
     <span class='ocr_line' id='line_1_24' title="bbox 290 2590 1389 2661; baseline 0 -17"><span class='ocrx_word' id='word_1_169' title='bbox 290 2590 430 2645; x_wconf 90' lang='lat' dir='ltr'><strong>inter</strong></span> <span class='ocrx_word' id='word_1_170' title='bbox 454 2590 776 2661; x_wconf 58' lang='lat' dir='ltr'><strong>quaestiones</strong></span> <span class='ocrx_word' id='word_1_171' title='bbox 801 2590 1186 2646; x_wconf 81' lang='lat' dir='ltr'><strong>consideretur.</strong></span> <span class='ocrx_word' id='word_1_172' title='bbox 1386 2650 1389 2653; x_wconf 29' lang='grc' dir='ltr'><strong><em>λ</em></strong></span> 
     </span>
    </p>
   </div>
   <div class='ocr_carea' id='block_1_25' title="bbox 360 2679 1878 2754">
    <p class='ocr_par' dir='ltr' id='par_1_25' title="bbox 360 2679 1878 2754">
     <span class='ocr_line' id='line_1_25' title="bbox 360 2679 1878 2754; baseline 0.003 -18"><span class='ocrx_word' id='word_1_173' title='bbox 360 2680 461 2754; x_wconf 86' lang='grc'><strong>[11).</strong></span> <span class='ocrx_word' id='word_1_174' title='bbox 496 2679 609 2754; x_wconf 89' lang='lat'><strong>10.]</strong></span> <span class='ocrx_word' id='word_1_175' title='bbox 648 2681 799 2747; x_wconf 84' lang='lat' dir='ltr'><strong>Quod</strong></span> <span class='ocrx_word' id='word_1_176' title='bbox 821 2681 1034 2751; x_wconf 83' lang='lat' dir='ltr'><strong>quidam</strong></span> <span class='ocrx_word' id='word_1_177' title='bbox 1069 2682 1217 2736; x_wconf 90' lang='lat' dir='ltr'><strong>latini</strong></span> <span class='ocrx_word' id='word_1_178' title='bbox 1261 2683 1471 2740; x_wconf 87' lang='lat' dir='ltr'><strong>codices</strong></span> <span class='ocrx_word' id='word_1_179' title='bbox 1496 2684 1714 2752; x_wconf 79' lang='lat' dir='ltr'><strong>habent,</strong></span> <span class='ocrx_word' id='word_1_180' title='bbox 1755 2684 1878 2743; x_wconf 91' lang='lat' dir='ltr'><strong>Sem</strong></span> 
     </span>
    </p>
   </div>
   <div class='ocr_carea' id='block_1_26' title="bbox 289 2772 1877 2846">
    <p class='ocr_par' dir='ltr' id='par_1_26' title="bbox 289 2772 1877 2846">
     <span class='ocr_line' id='line_1_26' title="bbox 289 2772 1877 2846; baseline 0.002 -19"><span class='ocrx_word' id='word_1_181' title='bbox 289 2775 428 2842; x_wconf 76' lang='lat' dir='ltr'><strong>ﬁlius</strong></span> <span class='ocrx_word' id='word_1_182' title='bbox 456 2772 572 2828; x_wconf 86' lang='lat' dir='ltr'><strong>Noe</strong></span> <span class='ocrx_word' id='word_1_183' title='bbox 595 2784 701 2828; x_wconf 86' lang='lat' dir='ltr'><strong>erat</strong></span> <span class='ocrx_word' id='word_1_184' title='bbox 724 2790 975 2826; x_wconf 85' lang='lat' dir='ltr'><strong>annorum</strong></span> <span class='ocrx_word' id='word_1_185' title='bbox 1003 2784 1203 2828; x_wconf 84' lang='lat' dir='ltr'><strong>centum</strong></span> <span class='ocrx_word' id='word_1_186' title='bbox 1231 2790 1346 2828; x_wconf 88' lang='lat' dir='ltr'><strong>cum</strong></span> <span class='ocrx_word' id='word_1_187' title='bbox 1373 2776 1546 2846; x_wconf 84' lang='lat' dir='ltr'><strong>genuit</strong></span> <span class='ocrx_word' id='word_1_188' title='bbox 1573 2775 1877 2845; x_wconf 77' lang='lat' dir='ltr'><strong>Arphaxad;</strong></span> 
     </span>
    </p>
   </div>
   <div class='ocr_carea' id='block_1_27' title="bbox 288 2864 1876 2939">
    <p class='ocr_par' dir='ltr' id='par_1_27' title="bbox 288 2864 1876 2939">
     <span class='ocr_line' id='line_1_27' title="bbox 288 2864 1876 2939; baseline 0.001 -18"><span class='ocrx_word' id='word_1_189' title='bbox 288 2867 447 2936; x_wconf 68' lang='grc' dir='ltr'><strong>ιπῑοὶ</strong></span> <span class='ocrx_word' id='word_1_190' title='bbox 496 2866 711 2932; x_wconf 84' lang='lat' dir='ltr'><strong>habent,</strong></span> <span class='ocrx_word' id='word_1_191' title='bbox 744 2864 866 2920; x_wconf 87' lang='lat' dir='ltr'><strong>Scm</strong></span> <span class='ocrx_word' id='word_1_192' title='bbox 893 2866 1030 2935; x_wconf 78' lang='lat' dir='ltr'><strong>filius</strong></span> <span class='ocrx_word' id='word_1_193' title='bbox 1058 2876 1259 2920; x_wconf 84' lang='lat' dir='ltr'><strong>centum</strong></span> <span class='ocrx_word' id='word_1_194' title='bbox 1285 2883 1534 2921; x_wconf 90' lang='lat' dir='ltr'><strong>annorum</strong></span> <span class='ocrx_word' id='word_1_195' title='bbox 1564 2885 1677 2922; x_wconf 90' lang='lat' dir='ltr'><strong>cum</strong></span> <span class='ocrx_word' id='word_1_196' title='bbox 1704 2870 1876 2939; x_wconf 85' lang='lat' dir='ltr'><strong>genuit</strong></span> 
     </span>
    </p>
   </div>
   <div class='ocr_carea' id='block_1_28' title="bbox 287 2956 1872 3032">
    <p class='ocr_par' dir='ltr' id='par_1_28' title="bbox 287 2956 1872 3032">
     <span class='ocr_line' id='line_1_28' title="bbox 287 2956 1872 3032; baseline 0.002 -20"><span class='ocrx_word' id='word_1_197' title='bbox 287 2958 570 3028; x_wconf 73' lang='lat' dir='ltr'><strong>Arphaxad</strong></span> <span class='ocrx_word' id='word_1_198' title='bbox 600 2972 620 3011; x_wconf 90' lang='lat'><strong><em>:</em></strong></span> <span class='ocrx_word' id='word_1_199' title='bbox 638 2957 727 3011; x_wconf 85' lang='lat' dir='ltr'><strong>ubi</strong></span> <span class='ocrx_word' id='word_1_200' title='bbox 754 2956 952 3026; x_wconf 77' lang='lat' dir='ltr'><strong>ellipsis</strong></span> <span class='ocrx_word' id='word_1_201' title='bbox 978 2967 1078 3021; x_wconf 89' lang='lat' dir='ltr'><strong>est,</strong></span> <span class='ocrx_word' id='word_1_202' title='bbox 1100 2960 1223 3028; x_wconf 87' lang='lat' dir='ltr'><strong>quia</strong></span> <span class='ocrx_word' id='word_1_203' title='bbox 1252 2958 1399 3013; x_wconf 89' lang='lat' dir='ltr'><strong>deest</strong></span> <span class='ocrx_word' id='word_1_204' title='bbox 1442 2969 1570 3015; x_wconf 86' lang='lat' dir='ltr'><strong>erat.</strong></span> <span class='ocrx_word' id='word_1_205' title='bbox 1604 2960 1706 3015; x_wconf 82' lang='lat' dir='ltr'><strong>Sed</strong></span> <span class='ocrx_word' id='word_1_206' title='bbox 1733 2962 1872 3032; x_wconf 91' lang='lat' dir='ltr'><strong>quod</strong></span> 
     </span>
    </p>
   </div>
   <div class='ocr_carea' id='block_1_29' title="bbox 289 3044 1874 3119">
    <p class='ocr_par' dir='ltr' id='par_1_29' title="bbox 289 3044 1874 3119">
     <span class='ocr_line' id='line_1_29' title="bbox 289 3044 1874 3119; baseline 0.003 -16"><span class='ocrx_word' id='word_1_207' title='bbox 289 3064 394 3104; x_wconf 88' lang='lat' dir='ltr'><strong>non</strong></span> <span class='ocrx_word' id='word_1_208' title='bbox 436 3048 637 3104; x_wconf 82' lang='lat' dir='ltr'><strong>habent</strong></span> <span class='ocrx_word' id='word_1_209' title='bbox 661 3049 801 3118; x_wconf 82' lang='lat' dir='ltr'><strong>[ilius</strong></span> <span class='ocrx_word' id='word_1_210' title='bbox 828 3044 961 3115; x_wconf 86' lang='lat' dir='ltr'><strong>Noe,</strong></span> <span class='ocrx_word' id='word_1_211' title='bbox 990 3049 1083 3103; x_wconf 88' lang='lat' dir='ltr'><strong>sed</strong></span> <span class='ocrx_word' id='word_1_212' title='bbox 1112 3050 1253 3119; x_wconf 83' lang='lat' dir='ltr'><strong>[ilius</strong></span> <span class='ocrx_word' id='word_1_213' title='bbox 1286 3059 1508 3116; x_wconf 90' lang='lat' dir='ltr'><strong>tantum,</strong></span> <span class='ocrx_word' id='word_1_214' title='bbox 1543 3066 1680 3107; x_wconf 89' lang='lat' dir='ltr'><strong>nova</strong></span> <span class='ocrx_word' id='word_1_215' title='bbox 1722 3052 1874 3108; x_wconf 84' lang='lat' dir='ltr'><strong>locu-</strong></span> 
     </span>
    </p>
   </div>
   <div class='ocr_carea' id='block_1_30' title="bbox 290 3140 492 3197">
    <p class='ocr_par' dir='ltr' id='par_1_30' title="bbox 290 3140 492 3197">
     <span class='ocr_line' id='line_1_30' title="bbox 290 3140 492 3197; baseline -0.01 -1"><span class='ocrx_word' id='word_1_216' title='bbox 290 3140 492 3197; x_wconf 82' lang='lat' dir='ltr'><strong>tioest.</strong></span> 
     </span>
    </p>
   </div>
   <div class='ocr_carea' id='block_1_31' title="bbox 359 3231 1872 3307">
    <p class='ocr_par' dir='ltr' id='par_1_31' title="bbox 359 3231 1872 3307">
     <span class='ocr_line' id='line_1_31' title="bbox 359 3231 1872 3307; baseline 0.005 -23"><span class='ocrx_word' id='word_1_217' title='bbox 359 3231 460 3305; x_wconf 92' lang='lat' dir='ltr'><strong>[lb.</strong></span> <span class='ocrx_word' id='word_1_218' title='bbox 488 3232 602 3305; x_wconf 74' lang='lat'><strong>30.]</strong></span> <span class='ocrx_word' id='word_1_219' title='bbox 626 3231 691 3287; x_wconf 87' lang='lat' dir='ltr'><strong>Et</strong></span> <span class='ocrx_word' id='word_1_220' title='bbox 718 3242 824 3287; x_wconf 88' lang='lat' dir='ltr'><strong>erat</strong></span> <span class='ocrx_word' id='word_1_221' title='bbox 852 3232 986 3290; x_wconf 88' lang='lat' dir='ltr'><strong>Sara</strong></span> <span class='ocrx_word' id='word_1_222' title='bbox 1011 3234 1216 3298; x_wconf 86' lang='lat' dir='ltr'><strong>sterilis,</strong></span> <span class='ocrx_word' id='word_1_223' title='bbox 1247 3241 1295 3287; x_wconf 86' lang='lat' dir='ltr'><strong>et</strong></span> <span class='ocrx_word' id='word_1_224' title='bbox 1315 3251 1415 3289; x_wconf 87' lang='lat' dir='ltr'><strong>non</strong></span> <span class='ocrx_word' id='word_1_225' title='bbox 1429 3237 1732 3307; x_wconf 84' lang='lat' dir='ltr'><strong>generabat;</strong></span> <span class='ocrx_word' id='word_1_226' title='bbox 1750 3253 1872 3295; x_wconf 90' lang='lat' dir='ltr'><strong>cum</strong></span> 
     </span>
    </p>
   </div>
   <div class='ocr_carea' id='block_1_32' title="bbox 291 3320 1362 3393">
    <p class='ocr_par' dir='ltr' id='par_1_32' title="bbox 291 3320 1362 3393">
     <span class='ocr_line' id='line_1_32' title="bbox 291 3320 1362 3393; baseline 0 -17"><span class='ocrx_word' id='word_1_227' title='bbox 291 3333 467 3393; x_wconf 78' lang='lat' dir='ltr'><strong>posset</strong></span> <span class='ocrx_word' id='word_1_228' title='bbox 492 3320 760 3388; x_wconf 81' lang='lat' dir='ltr'><strong>sufficere,</strong></span> <span class='ocrx_word' id='word_1_229' title='bbox 794 3322 860 3377; x_wconf 86' lang='lat' dir='ltr'><strong>Et</strong></span> <span class='ocrx_word' id='word_1_230' title='bbox 880 3333 983 3378; x_wconf 87' lang='lat' dir='ltr'><strong>erat</strong></span> <span class='ocrx_word' id='word_1_231' title='bbox 1006 3324 1141 3379; x_wconf 84' lang='lat' dir='ltr'><strong>Sara</strong></span> <span class='ocrx_word' id='word_1_232' title='bbox 1160 3324 1362 3378; x_wconf 85' lang='lat' dir='ltr'><strong>sterilis.</strong></span> 
     </span>
    </p>
   </div>
   <div class='ocr_carea' id='block_1_33' title="bbox 360 3412 1873 3491">
    <p class='ocr_par' dir='ltr' id='par_1_33' title="bbox 360 3412 1873 3491">
     <span class='ocr_line' id='line_1_33' title="bbox 360 3412 1873 3491; baseline 0.005 -24"><span class='ocrx_word' id='word_1_233' title='bbox 360 3412 458 3487; x_wconf 90' lang='lat' dir='ltr'><strong>[lb.</strong></span> <span class='ocrx_word' id='word_1_234' title='bbox 494 3430 590 3479; x_wconf 78' lang='lat' dir='ltr'><strong>xu,</strong></span> <span class='ocrx_word' id='word_1_235' title='bbox 625 3413 732 3488; x_wconf 74' lang='lat'><strong>12.]</strong></span> <span class='ocrx_word' id='word_1_236' title='bbox 773 3414 887 3469; x_wconf 86' lang='lat' dir='ltr'><strong>Erit</strong></span> <span class='ocrx_word' id='word_1_237' title='bbox 915 3433 1031 3486; x_wconf 85' lang='lat' dir='ltr'><strong>ergo</strong></span> <span class='ocrx_word' id='word_1_238' title='bbox 1055 3433 1167 3469; x_wconf 86' lang='lat' dir='ltr'><strong>cum</strong></span> <span class='ocrx_word' id='word_1_239' title='bbox 1189 3427 1235 3470; x_wconf 87' lang='lat' dir='ltr'><strong>te</strong></span> <span class='ocrx_word' id='word_1_240' title='bbox 1258 3417 1471 3472; x_wconf 81' lang='lat' dir='ltr'><strong>viderint</strong></span> <span class='ocrx_word' id='word_1_241' title='bbox 1505 3417 1762 3491; x_wconf 62' lang='lat' dir='ltr'><strong>Egyptii,</strong></span> <span class='ocrx_word' id='word_1_242' title='bbox 1790 3422 1873 3475; x_wconf 84' lang='lat' dir='ltr'><strong>di-</strong></span> 
     </span>
    </p>
   </div>
   <div class='ocr_carea' id='block_1_34' title="bbox 291 3506 1873 3583">
    <p class='ocr_par' dir='ltr' id='par_1_34' title="bbox 291 3506 1873 3583">
     <span class='ocr_line' id='line_1_34' title="bbox 291 3506 1873 3583; baseline 0.008 -25"><span class='ocrx_word' id='word_1_243' title='bbox 291 3516 418 3569; x_wconf 83' lang='lat' dir='ltr'><strong>cent,</strong></span> <span class='ocrx_word' id='word_1_244' title='bbox 466 3506 600 3571; x_wconf 82' lang='lat' dir='ltr'><strong>Quia</strong></span> <span class='ocrx_word' id='word_1_245' title='bbox 641 3523 771 3562; x_wconf 75' lang='lat' dir='ltr'><strong>uxor</strong></span> <span class='ocrx_word' id='word_1_246' title='bbox 810 3508 945 3561; x_wconf 85' lang='lat' dir='ltr'><strong>illius</strong></span> <span class='ocrx_word' id='word_1_247' title='bbox 991 3508 1097 3561; x_wconf 75' lang='lat' dir='ltr'><strong>Iure</strong></span> <span class='ocrx_word' id='word_1_248' title='bbox 1117 3523 1136 3561; x_wconf 92' lang='lat'><strong><em>:</em></strong></span> <span class='ocrx_word' id='word_1_249' title='bbox 1158 3524 1353 3579; x_wconf 83' lang='lat' dir='ltr'><strong>genere</strong></span> <span class='ocrx_word' id='word_1_250' title='bbox 1382 3509 1663 3568; x_wconf 84' lang='lat' dir='ltr'><strong>locutionis</strong></span> <span class='ocrx_word' id='word_1_251' title='bbox 1686 3513 1873 3583; x_wconf 87' lang='lat' dir='ltr'><strong>adjun-</strong></span> 
     </span>
    </p>
   </div>
   <div class='ocr_carea' id='block_1_35' title="bbox 289 3596 1871 3668">
    <p class='ocr_par' dir='ltr' id='par_1_35' title="bbox 289 3596 1871 3668">
     <span class='ocr_line' id='line_1_35' title="bbox 289 3596 1871 3668; baseline 0.006 -19"><span class='ocrx_word' id='word_1_252' title='bbox 289 3605 427 3649; x_wconf 90' lang='lat' dir='ltr'><strong>ctum</strong></span> <span class='ocrx_word' id='word_1_253' title='bbox 456 3607 559 3663; x_wconf 88' lang='lat' dir='ltr'><strong>est,</strong></span> <span class='ocrx_word' id='word_1_254' title='bbox 595 3596 757 3663; x_wconf 83' lang='lat' dir='ltr'><strong>Quia;</strong></span> <span class='ocrx_word' id='word_1_255' title='bbox 783 3613 902 3652; x_wconf 90' lang='lat' dir='ltr'><strong>nam</strong></span> <span class='ocrx_word' id='word_1_256' title='bbox 931 3597 1176 3653; x_wconf 85' lang='lat' dir='ltr'><strong>sufficere</strong></span> <span class='ocrx_word' id='word_1_257' title='bbox 1207 3600 1392 3668; x_wconf 86' lang='lat' dir='ltr'><strong>potuit,</strong></span> <span class='ocrx_word' id='word_1_258' title='bbox 1422 3617 1551 3656; x_wconf 75' lang='lat' dir='ltr'><strong>uxor</strong></span> <span class='ocrx_word' id='word_1_259' title='bbox 1577 3603 1715 3660; x_wconf 88' lang='lat' dir='ltr'><strong>illius</strong></span> <span class='ocrx_word' id='word_1_260' title='bbox 1744 3605 1871 3661; x_wconf 68' lang='lat' dir='ltr'><strong>hare.</strong></span> 
     </span>
    </p>
   </div>
   <div class='ocr_carea' id='block_1_36' title="bbox 358 3684 1871 3760">
    <p class='ocr_par' dir='ltr' id='par_1_36' title="bbox 358 3684 1871 3760">
     <span class='ocr_line' id='line_1_36' title="bbox 358 3684 1871 3760; baseline 0.006 -20"><span class='ocrx_word' id='word_1_261' title='bbox 358 3685 459 3760; x_wconf 91' lang='lat' dir='ltr'><strong>[lb.</strong></span> <span class='ocrx_word' id='word_1_262' title='bbox 491 3684 603 3760; x_wconf 64' lang='lat'><strong>14.]</strong></span> <span class='ocrx_word' id='word_1_263' title='bbox 624 3686 775 3755; x_wconf 83' lang='lat' dir='ltr'><strong>Quod</strong></span> <span class='ocrx_word' id='word_1_264' title='bbox 801 3687 872 3742; x_wconf 85' lang='lat' dir='ltr'><strong>ait</strong></span> <span class='ocrx_word' id='word_1_265' title='bbox 902 3687 1194 3758; x_wconf 81' lang='lat' dir='ltr'><strong>Scriptura,</strong></span> <span class='ocrx_word' id='word_1_266' title='bbox 1226 3689 1437 3743; x_wconf 79' lang='lat' dir='ltr'><strong>Factum</strong></span> <span class='ocrx_word' id='word_1_267' title='bbox 1465 3701 1538 3744; x_wconf 89' lang='lat' dir='ltr'><strong>est</strong></span> <span class='ocrx_word' id='word_1_268' title='bbox 1565 3704 1731 3747; x_wconf 81' lang='lat' dir='ltr'><strong>autent</strong></span> <span class='ocrx_word' id='word_1_269' title='bbox 1763 3706 1871 3749; x_wconf 80' lang='lat' dir='ltr'><strong>sta-</strong></span> 
     </span>
    </p>
   </div>
   <div class='ocr_carea' id='block_1_37' title="bbox 289 3778 1873 3852">
    <p class='ocr_par' dir='ltr' id='par_1_37' title="bbox 289 3778 1873 3852">
     <span class='ocr_line' id='line_1_37' title="bbox 289 3778 1873 3852; baseline 0.007 -21"><span class='ocrx_word' id='word_1_270' title='bbox 289 3780 372 3831; x_wconf 86' lang='lat' dir='ltr'><strong>tim</strong></span> <span class='ocrx_word' id='word_1_271' title='bbox 396 3790 449 3831; x_wconf 87' lang='lat' dir='ltr'><strong>ut</strong></span> <span class='ocrx_word' id='word_1_272' title='bbox 484 3780 685 3833; x_wconf 83' lang='lat' dir='ltr'><strong>intravit</strong></span> <span class='ocrx_word' id='word_1_273' title='bbox 712 3779 899 3833; x_wconf 82' lang='lat' dir='ltr'><strong>Abram</strong></span> <span class='ocrx_word' id='word_1_274' title='bbox 928 3780 981 3834; x_wconf 88' lang='lat' dir='ltr'><strong>in</strong></span> <span class='ocrx_word' id='word_1_275' title='bbox 1015 3778 1338 3852; x_wconf 57' lang='lat' dir='ltr'><strong>rEgyptum;</strong></span> <span class='ocrx_word' id='word_1_276' title='bbox 1364 3782 1651 3851; x_wconf 87' lang='lat' dir='ltr'><strong>sufficeret,</strong></span> <span class='ocrx_word' id='word_1_277' title='bbox 1685 3785 1873 3842; x_wconf 86' lang='lat' dir='ltr'><strong>Statim</strong></span> 
     </span>
    </p>
   </div>
   <div class='ocr_carea' id='block_1_38' title="bbox 286 3871 1373 3943">
    <p class='ocr_par' dir='ltr' id='par_1_38' title="bbox 286 3871 1373 3943">
     <span class='ocr_line' id='line_1_38' title="bbox 286 3871 1373 3943; baseline 0.002 -20"><span class='ocrx_word' id='word_1_278' title='bbox 286 3880 452 3924; x_wconf 74' lang='lat' dir='ltr'><strong>autem</strong></span> <span class='ocrx_word' id='word_1_279' title='bbox 481 3880 534 3924; x_wconf 90' lang='lat' dir='ltr'><strong>ut</strong></span> <span class='ocrx_word' id='word_1_280' title='bbox 552 3872 753 3924; x_wconf 79' lang='lat' dir='ltr'><strong>intravit</strong></span> <span class='ocrx_word' id='word_1_281' title='bbox 778 3871 965 3925; x_wconf 87' lang='lat' dir='ltr'><strong>Abram</strong></span> <span class='ocrx_word' id='word_1_282' title='bbox 990 3872 1043 3926; x_wconf 89' lang='lat' dir='ltr'><strong>in</strong></span> <span class='ocrx_word' id='word_1_283' title='bbox 1067 3871 1373 3943; x_wconf 64' lang='lat' dir='ltr'><strong>IEgyptum.</strong></span> 
     </span>
    </p>
   </div>
   <div class='ocr_carea' id='block_1_39' title="bbox 357 3960 1873 4034">
    <p class='ocr_par' dir='ltr' id='par_1_39' title="bbox 357 3960 1873 4034">
     <span class='ocr_line' id='line_1_39' title="bbox 357 3960 1873 4034; baseline 0.007 -20"><span class='ocrx_word' id='word_1_284' title='bbox 357 3961 462 4034; x_wconf 84' lang='grc'><strong>[11).</strong></span> <span class='ocrx_word' id='word_1_285' title='bbox 498 3960 609 4033; x_wconf 86' lang='lat'><strong>18.]</strong></span> <span class='ocrx_word' id='word_1_286' title='bbox 650 3962 787 4028; x_wconf 85' lang='lat' dir='ltr'><strong>Quid</strong></span> <span class='ocrx_word' id='word_1_287' title='bbox 814 3963 908 4016; x_wconf 89' lang='lat' dir='ltr'><strong>hoc</strong></span> <span class='ocrx_word' id='word_1_288' title='bbox 933 3964 1093 4034; x_wconf 81' lang='lat' dir='ltr'><strong>fecisti</strong></span> <span class='ocrx_word' id='word_1_289' title='bbox 1123 3965 1265 4029; x_wconf 88' lang='lat' dir='ltr'><strong>mihi,</strong></span> <span class='ocrx_word' id='word_1_290' title='bbox 1295 3966 1413 4034; x_wconf 84' lang='lat' dir='ltr'><strong>quia</strong></span> <span class='ocrx_word' id='word_1_291' title='bbox 1435 3982 1536 4020; x_wconf 89' lang='lat' dir='ltr'><strong>non</strong></span> <span class='ocrx_word' id='word_1_292' title='bbox 1563 3970 1873 4024; x_wconf 85' lang='lat' dir='ltr'><strong>annuntiain</strong></span> 
     </span>
    </p>
   </div>
   <div class='ocr_carea' id='block_1_40' title="bbox 284 4052 1869 4122">
    <p class='ocr_par' dir='ltr' id='par_1_40' title="bbox 284 4052 1869 4122">
     <span class='ocr_line' id='line_1_40' title="bbox 284 4052 1869 4122; baseline 0.006 -18"><span class='ocrx_word' id='word_1_293' title='bbox 284 4054 412 4105; x_wconf 80' lang='lat' dir='ltr'><strong>mihi</strong></span> <span class='ocrx_word' id='word_1_294' title='bbox 424 4052 545 4122; x_wconf 79' lang='lat' dir='ltr'><strong>quit</strong></span> <span class='ocrx_word' id='word_1_295' title='bbox 570 4069 697 4106; x_wconf 80' lang='lat' dir='ltr'><strong>uxor</strong></span> <span class='ocrx_word' id='word_1_296' title='bbox 724 4063 812 4105; x_wconf 89' lang='lat' dir='ltr'><strong>tua</strong></span> <span class='ocrx_word' id='word_1_297' title='bbox 833 4055 942 4107; x_wconf 88' lang='lat' dir='ltr'><strong>est?</strong></span> <span class='ocrx_word' id='word_1_298' title='bbox 969 4069 1088 4108; x_wconf 82' lang='lat' dir='ltr'><strong>cum</strong></span> <span class='ocrx_word' id='word_1_299' title='bbox 1112 4052 1399 4121; x_wconf 76' lang='lat' dir='ltr'><strong>sufficeret,</strong></span> <span class='ocrx_word' id='word_1_300' title='bbox 1419 4072 1519 4109; x_wconf 89' lang='lat' dir='ltr'><strong>non</strong></span> <span class='ocrx_word' id='word_1_301' title='bbox 1535 4060 1869 4114; x_wconf 88' lang='lat' dir='ltr'><strong>annuntiasti.</strong></span> 
     </span>
    </p>
   </div>
   <div class='ocr_carea' id='block_1_41' title="bbox 282 4144 1870 4218">
    <p class='ocr_par' dir='ltr' id='par_1_41' title="bbox 282 4144 1870 4218">
     <span class='ocr_line' id='line_1_41' title="bbox 282 4144 1870 4218; baseline 0.005 -20"><span class='ocrx_word' id='word_1_302' title='bbox 282 4144 353 4198; x_wconf 81' lang='lat' dir='ltr'><strong>Et</strong></span> <span class='ocrx_word' id='word_1_303' title='bbox 374 4144 573 4213; x_wconf 87' lang='lat' dir='ltr'><strong>ipsum,</strong></span> <span class='ocrx_word' id='word_1_304' title='bbox 595 4144 927 4209; x_wconf 84' lang='lat' dir='ltr'><strong>annuntiasti,</strong></span> <span class='ocrx_word' id='word_1_305' title='bbox 957 4160 1108 4201; x_wconf 90' lang='lat' dir='ltr'><strong>more</strong></span> <span class='ocrx_word' id='word_1_306' title='bbox 1138 4145 1525 4215; x_wconf 87' lang='lat' dir='ltr'><strong>Scripturarum</strong></span> <span class='ocrx_word' id='word_1_307' title='bbox 1545 4148 1746 4204; x_wconf 92' lang='lat' dir='ltr'><strong>dictum</strong></span> <span class='ocrx_word' id='word_1_308' title='bbox 1761 4162 1870 4218; x_wconf 88' lang='lat' dir='ltr'><strong>est;</strong></span> 
     </span>
    </p>
   </div>
   <div class='ocr_carea' id='block_1_42' title="bbox 283 4233 1453 4305">
    <p class='ocr_par' dir='ltr' id='par_1_42' title="bbox 283 4233 1453 4305">
     <span class='ocr_line' id='line_1_42' title="bbox 283 4233 1453 4305; baseline 0.003 -17"><span class='ocrx_word' id='word_1_309' title='bbox 283 4249 410 4288; x_wconf 88' lang='lat' dir='ltr'><strong>nam</strong></span> <span class='ocrx_word' id='word_1_310' title='bbox 438 4233 588 4287; x_wconf 79' lang='lat' dir='ltr'><strong>latini</strong></span> <span class='ocrx_word' id='word_1_311' title='bbox 618 4234 815 4288; x_wconf 84' lang='lat' dir='ltr'><strong>habent</strong></span> <span class='ocrx_word' id='word_1_312' title='bbox 847 4235 1101 4305; x_wconf 80' lang='lat' dir='ltr'><strong>plerique,</strong></span> <span class='ocrx_word' id='word_1_313' title='bbox 1132 4252 1232 4289; x_wconf 88' lang='lat' dir='ltr'><strong>non</strong></span> <span class='ocrx_word' id='word_1_314' title='bbox 1260 4237 1453 4292; x_wconf 80' lang='lat' dir='ltr'><strong>dixisti.</strong></span> 
     </span>
    </p>
   </div>
   <div class='ocr_carea' id='block_1_43' title="bbox 353 4321 1874 4405">
    <p class='ocr_par' dir='ltr' id='par_1_43' title="bbox 353 4321 1874 4405">
     <span class='ocr_line' id='line_1_43' title="bbox 353 4321 1874 4405; baseline 0.008 -27"><span class='ocrx_word' id='word_1_315' title='bbox 353 4322 459 4397; x_wconf 83' lang='grc'><strong>[11).</strong></span> <span class='ocrx_word' id='word_1_316' title='bbox 489 4340 608 4390; x_wconf 78' lang='lat' dir='ltr'><strong>xm,</strong></span> <span class='ocrx_word' id='word_1_317' title='bbox 638 4321 714 4396; x_wconf 91' lang='lat'><strong>1.]</strong></span> <span class='ocrx_word' id='word_1_318' title='bbox 733 4323 970 4378; x_wconf 83' lang='lat' dir='ltr'><strong>Ascendit</strong></span> <span class='ocrx_word' id='word_1_319' title='bbox 995 4335 1161 4379; x_wconf 85' lang='lat' dir='ltr'><strong>autent</strong></span> <span class='ocrx_word' id='word_1_320' title='bbox 1184 4326 1370 4381; x_wconf 82' lang='lat' dir='ltr'><strong>Abram</strong></span> <span class='ocrx_word' id='word_1_321' title='bbox 1397 4330 1459 4383; x_wconf 88' lang='lat' dir='ltr'><strong>de</strong></span> <span class='ocrx_word' id='word_1_322' title='bbox 1487 4331 1738 4405; x_wconf 62' lang='lat' dir='ltr'><strong>ngypto,</strong></span> <span class='ocrx_word' id='word_1_323' title='bbox 1766 4337 1874 4405; x_wconf 88' lang='lat' dir='ltr'><strong>ipse</strong></span> 
     </span>
    </p>
   </div>
   <div class='ocr_carea' id='block_1_44' title="bbox 279 4415 1871 4491">
    <p class='ocr_par' dir='ltr' id='par_1_44' title="bbox 279 4415 1871 4491">
     <span class='ocr_line' id='line_1_44' title="bbox 279 4415 1871 4491; baseline 0.007 -23"><span class='ocrx_word' id='word_1_324' title='bbox 279 4425 327 4468; x_wconf 85' lang='lat' dir='ltr'><strong>et</strong></span> <span class='ocrx_word' id='word_1_325' title='bbox 356 4430 491 4468; x_wconf 70' lang='lat' dir='ltr'><strong>uxor</strong></span> <span class='ocrx_word' id='word_1_326' title='bbox 516 4415 626 4485; x_wconf 84' lang='lat' dir='ltr'><strong>ejus</strong></span> <span class='ocrx_word' id='word_1_327' title='bbox 649 4425 695 4468; x_wconf 89' lang='lat' dir='ltr'><strong>et</strong></span> <span class='ocrx_word' id='word_1_328' title='bbox 720 4416 888 4468; x_wconf 89' lang='lat' dir='ltr'><strong>omnia</strong></span> <span class='ocrx_word' id='word_1_329' title='bbox 907 4417 1035 4486; x_wconf 77' lang='lat' dir='ltr'><strong>ejus,</strong></span> <span class='ocrx_word' id='word_1_330' title='bbox 1060 4426 1105 4470; x_wconf 88' lang='lat' dir='ltr'><strong>et</strong></span> <span class='ocrx_word' id='word_1_331' title='bbox 1134 4416 1267 4472; x_wconf 86' lang='lat' dir='ltr'><strong>Loth</strong></span> <span class='ocrx_word' id='word_1_332' title='bbox 1290 4436 1403 4473; x_wconf 90' lang='lat' dir='ltr'><strong>cum</strong></span> <span class='ocrx_word' id='word_1_333' title='bbox 1429 4438 1485 4475; x_wconf 91' lang='lat' dir='ltr'><strong>eo</strong></span> <span class='ocrx_word' id='word_1_334' title='bbox 1509 4424 1560 4476; x_wconf 88' lang='lat' dir='ltr'><strong>in</strong></span> <span class='ocrx_word' id='word_1_335' title='bbox 1590 4424 1871 4491; x_wconf 84' lang='lat' dir='ltr'><strong>desertum;</strong></span> 
     </span>
    </p>
   </div>
   <div class='ocr_carea' id='block_1_45' title="bbox 280 4503 1872 4583">
    <p class='ocr_par' dir='ltr' id='par_1_45' title="bbox 280 4503 1872 4583">
     <span class='ocr_line' id='line_1_45' title="bbox 280 4503 1872 4583; baseline 0.009 -25"><span class='ocrx_word' id='word_1_336' title='bbox 280 4503 617 4569; x_wconf 85' lang='lat' dir='ltr'><strong>subauditur,</strong></span> <span class='ocrx_word' id='word_1_337' title='bbox 645 4505 1034 4561; x_wconf 87' lang='lat' dir='ltr'><strong>ascenderunt:</strong></span> <span class='ocrx_word' id='word_1_338' title='bbox 1062 4523 1162 4563; x_wconf 87' lang='lat' dir='ltr'><strong>nec</strong></span> <span class='ocrx_word' id='word_1_339' title='bbox 1200 4517 1374 4564; x_wconf 89' lang='lat' dir='ltr'><strong>tamen</strong></span> <span class='ocrx_word' id='word_1_340' title='bbox 1420 4513 1634 4583; x_wconf 87' lang='lat' dir='ltr'><strong>proprie</strong></span> <span class='ocrx_word' id='word_1_341' title='bbox 1678 4516 1872 4573; x_wconf 90' lang='lat' dir='ltr'><strong>dicitur</strong></span> 
     </span>
    </p>
   </div>
   <div class='ocr_carea' id='block_1_46' title="bbox 278 4594 1873 4668">
    <p class='ocr_par' dir='ltr' id='par_1_46' title="bbox 278 4594 1873 4668">
     <span class='ocr_line' id='line_1_46' title="bbox 278 4594 1873 4668; baseline 0.01 -20"><span class='ocrx_word' id='word_1_342' title='bbox 278 4594 592 4650; x_wconf 82' lang='lat' dir='ltr'><strong>ascendisse</strong></span> <span class='ocrx_word' id='word_1_343' title='bbox 620 4609 741 4649; x_wconf 89' lang='lat' dir='ltr'><strong>cum</strong></span> <span class='ocrx_word' id='word_1_344' title='bbox 770 4610 836 4650; x_wconf 92' lang='lat' dir='ltr'><strong>eo</strong></span> <span class='ocrx_word' id='word_1_345' title='bbox 864 4596 1004 4666; x_wconf 90' lang='lat' dir='ltr'><strong>quod</strong></span> <span class='ocrx_word' id='word_1_346' title='bbox 1036 4596 1262 4655; x_wconf 84' lang='lat' dir='ltr'><strong>habebat</strong></span> <span class='ocrx_word' id='word_1_347' title='bbox 1289 4603 1551 4668; x_wconf 83' lang='lat' dir='ltr'><strong>exanime,</strong></span> <span class='ocrx_word' id='word_1_348' title='bbox 1598 4606 1736 4662; x_wconf 87' lang='lat' dir='ltr'><strong>sicut</strong></span> <span class='ocrx_word' id='word_1_349' title='bbox 1776 4623 1873 4664; x_wconf 87' lang='lat' dir='ltr'><strong>au-</strong></span> 
     </span>
    </p>
   </div>
   <div class='ocr_carea' id='block_1_47' title="bbox 281 4689 1868 4768">
    <p class='ocr_par' dir='ltr' id='par_1_47' title="bbox 281 4689 1868 4768">
     <span class='ocr_line' id='line_1_47' title="bbox 281 4689 1868 4768; baseline 0.011 -28"><span class='ocrx_word' id='word_1_350' title='bbox 281 4702 403 4740; x_wconf 89' lang='lat' dir='ltr'><strong>rum</strong></span> <span class='ocrx_word' id='word_1_351' title='bbox 432 4696 490 4741; x_wconf 91' lang='lat' dir='ltr'><strong>et</strong></span> <span class='ocrx_word' id='word_1_352' title='bbox 517 4696 795 4757; x_wconf 80' lang='lat' dir='ltr'><strong>argentum</strong></span> <span class='ocrx_word' id='word_1_353' title='bbox 826 4697 881 4743; x_wconf 91' lang='lat' dir='ltr'><strong>et</strong></span> <span class='ocrx_word' id='word_1_354' title='bbox 904 4689 1078 4744; x_wconf 83' lang='lat' dir='ltr'><strong>omnis</strong></span> <span class='ocrx_word' id='word_1_355' title='bbox 1115 4692 1383 4761; x_wconf 80' lang='lat' dir='ltr'><strong>supellex;</strong></span> <span class='ocrx_word' id='word_1_356' title='bbox 1414 4710 1478 4749; x_wconf 89' lang='lat' dir='ltr'><strong>ac</strong></span> <span class='ocrx_word' id='word_1_357' title='bbox 1519 4712 1616 4768; x_wconf 89' lang='lat' dir='ltr'><strong>per</strong></span> <span class='ocrx_word' id='word_1_358' title='bbox 1654 4698 1757 4756; x_wconf 86' lang='lat' dir='ltr'><strong>hoc</strong></span> <span class='ocrx_word' id='word_1_359' title='bbox 1786 4703 1868 4756; x_wconf 91' lang='lat' dir='ltr'><strong>in-</strong></span> 
     </span>
    </p>
   </div>
   <div class='ocr_carea' id='block_1_48' title="bbox 281 4777 1869 4858">
    <p class='ocr_par' dir='ltr' id='par_1_48' title="bbox 281 4777 1869 4858">
     <span class='ocr_line' id='line_1_48' title="bbox 281 4777 1869 4858; baseline 0.011 -28"><span class='ocrx_word' id='word_1_360' title='bbox 281 4777 540 4848; x_wconf 62' lang='lat' dir='ltr'><strong>telligitur</strong></span> <span class='ocrx_word' id='word_1_361' title='bbox 586 4779 672 4834; x_wconf 90' lang='lat' dir='ltr'><strong>hic</strong></span> <span class='ocrx_word' id='word_1_362' title='bbox 700 4779 913 4845; x_wconf 88' lang='lat' dir='ltr'><strong>locutio,</strong></span> <span class='ocrx_word' id='word_1_363' title='bbox 945 4795 1062 4851; x_wconf 75' lang='lat' dir='ltr'><strong>qua:</strong></span> <span class='ocrx_word' id='word_1_364' title='bbox 1093 4795 1311 4839; x_wconf 83' lang='lat' dir='ltr'><strong>vocatur</strong></span> <span class='ocrx_word' id='word_1_365' title='bbox 1354 4802 1527 4856; x_wconf 71' lang='lat' dir='ltr'><strong>graece</strong></span> <span class='ocrx_word' id='word_1_366' title='bbox 1560 4800 1740 4858; x_wconf 73' lang='grc' dir='ltr'><strong>ζεῦγμα</strong></span> <span class='ocrx_word' id='word_1_367' title='bbox 1762 4795 1869 4849; x_wconf 80' lang='grc' dir='ltr'>κατ’</span> 
     </span>
    </p>
   </div>
   <div class='ocr_carea' id='block_1_49' title="bbox 277 4877 501 4939">
    <p class='ocr_par' dir='ltr' id='par_1_49' title="bbox 277 4877 501 4939">
     <span class='ocr_line' id='line_1_49' title="bbox 277 4877 501 4939; baseline 0.004 -15"><span class='ocrx_word' id='word_1_368' title='bbox 277 4877 501 4939; x_wconf 49' lang='lat' dir='ltr'><strong>nissime.</strong></span> 
     </span>
    </p>
   </div>
   <div class='ocr_carea' id='block_1_50' title="bbox 355 4982 1868 5068">
    <p class='ocr_par' dir='ltr' id='par_1_50' title="bbox 355 4982 1868 5068">
     <span class='ocr_line' id='line_1_50' title="bbox 355 4982 1868 5068; baseline 0.009 -29"><span class='ocrx_word' id='word_1_369' title='bbox 355 4982 455 5057; x_wconf 90' lang='lat' dir='ltr'><strong>[lb.</strong></span> <span class='ocrx_word' id='word_1_370' title='bbox 483 4983 562 5057; x_wconf 86' lang='lat'><strong>7.]</strong></span> <span class='ocrx_word' id='word_1_371' title='bbox 587 4985 652 5039; x_wconf 83' lang='lat' dir='ltr'><strong>Et</strong></span> <span class='ocrx_word' id='word_1_372' title='bbox 678 4986 815 5056; x_wconf 87' lang='lat' dir='ltr'><strong>facta</strong></span> <span class='ocrx_word' id='word_1_373' title='bbox 834 4996 906 5043; x_wconf 85' lang='lat' dir='ltr'><strong>est</strong></span> <span class='ocrx_word' id='word_1_374' title='bbox 925 4986 1037 5043; x_wconf 70' lang='lat' dir='ltr'><strong>rixa</strong></span> <span class='ocrx_word' id='word_1_375' title='bbox 1054 4989 1185 5043; x_wconf 87' lang='lat' dir='ltr'><strong>inter</strong></span> <span class='ocrx_word' id='word_1_376' title='bbox 1203 4991 1422 5045; x_wconf 87' lang='lat' dir='ltr'><strong>medium</strong></span> <span class='ocrx_word' id='word_1_377' title='bbox 1443 5004 1700 5064; x_wconf 81' lang='lat' dir='ltr'><strong>pastorum</strong></span> <span class='ocrx_word' id='word_1_378' title='bbox 1720 5015 1868 5068; x_wconf 85' lang='lat' dir='ltr'><strong>peco-</strong></span> 
     </span>
    </p>
   </div>
   <div class='ocr_carea' id='block_1_51' title="bbox 279 5077 1868 5159">
    <p class='ocr_par' dir='ltr' id='par_1_51' title="bbox 279 5077 1868 5159">
     <span class='ocr_line' id='line_1_51' title="bbox 279 5077 1868 5159; baseline 0.011 -30"><span class='ocrx_word' id='word_1_379' title='bbox 279 5091 394 5130; x_wconf 81' lang='lat' dir='ltr'><strong>rum</strong></span> <span class='ocrx_word' id='word_1_380' title='bbox 420 5077 609 5131; x_wconf 84' lang='lat' dir='ltr'><strong>Abram</strong></span> <span class='ocrx_word' id='word_1_381' title='bbox 634 5086 678 5130; x_wconf 89' lang='lat' dir='ltr'><strong>et</strong></span> <span class='ocrx_word' id='word_1_382' title='bbox 700 5093 935 5149; x_wconf 82' lang='lat' dir='ltr'><strong>pecorum</strong></span> <span class='ocrx_word' id='word_1_383' title='bbox 963 5078 1137 5135; x_wconf 87' lang='lat' dir='ltr'><strong>Loth:</strong></span> <span class='ocrx_word' id='word_1_384' title='bbox 1156 5081 1297 5137; x_wconf 86' lang='lat' dir='ltr'><strong>unde</strong></span> <span class='ocrx_word' id='word_1_385' title='bbox 1327 5083 1471 5139; x_wconf 85' lang='lat' dir='ltr'><strong>latini</strong></span> <span class='ocrx_word' id='word_1_386' title='bbox 1495 5087 1707 5143; x_wconf 88' lang='lat' dir='ltr'><strong>codices</strong></span> <span class='ocrx_word' id='word_1_387' title='bbox 1735 5105 1868 5159; x_wconf 88' lang='lat' dir='ltr'><strong>pene</strong></span> 
     </span>
    </p>
   </div>
   <div class='ocr_carea' id='block_1_52' title="bbox 280 5168 1868 5241">
    <p class='ocr_par' dir='ltr' id='par_1_52' title="bbox 280 5168 1868 5241">
     <span class='ocr_line' id='line_1_52' title="bbox 280 5168 1868 5241; baseline 0.009 -20"><span class='ocrx_word' id='word_1_388' title='bbox 280 5181 472 5222; x_wconf 86' lang='lat' dir='ltr'><strong>omnes</strong></span> <span class='ocrx_word' id='word_1_389' title='bbox 496 5184 602 5222; x_wconf 87' lang='lat' dir='ltr'><strong>non</strong></span> <span class='ocrx_word' id='word_1_390' title='bbox 628 5168 1010 5224; x_wconf 89' lang='lat' dir='ltr'><strong>transtulerunt</strong></span> <span class='ocrx_word' id='word_1_391' title='bbox 1034 5172 1190 5225; x_wconf 91' lang='lat' dir='ltr'><strong>istam</strong></span> <span class='ocrx_word' id='word_1_392' title='bbox 1213 5173 1549 5241; x_wconf 89' lang='lat' dir='ltr'><strong>locutionem,</strong></span> <span class='ocrx_word' id='word_1_393' title='bbox 1581 5178 1673 5232; x_wconf 89' lang='lat' dir='ltr'><strong>sed</strong></span> <span class='ocrx_word' id='word_1_394' title='bbox 1692 5178 1763 5234; x_wconf 87' lang='lat' dir='ltr'><strong>ita</strong></span> <span class='ocrx_word' id='word_1_395' title='bbox 1790 5181 1868 5236; x_wconf 80' lang='lat' dir='ltr'><strong>lo-</strong></span> 
     </span>
    </p>
   </div>
   <div class='ocr_carea' id='block_1_53' title="bbox 279 5259 1867 5342">
    <p class='ocr_par' dir='ltr' id='par_1_53' title="bbox 279 5259 1867 5342">
     <span class='ocr_line' id='line_1_53' title="bbox 279 5259 1867 5342; baseline 0.011 -31"><span class='ocrx_word' id='word_1_396' title='bbox 279 5268 519 5326; x_wconf 88' lang='lat' dir='ltr'><strong>quuntur</strong></span> <span class='ocrx_word' id='word_1_397' title='bbox 541 5266 598 5312; x_wconf 93' lang='lat' dir='ltr'><strong>ut</strong></span> <span class='ocrx_word' id='word_1_398' title='bbox 615 5259 944 5315; x_wconf 87' lang='lat' dir='ltr'><strong>consuetudo</strong></span> <span class='ocrx_word' id='word_1_399' title='bbox 964 5271 1143 5315; x_wconf 85' lang='lat' dir='ltr'><strong>nostra</strong></span> <span class='ocrx_word' id='word_1_400' title='bbox 1160 5261 1340 5329; x_wconf 88' lang='lat' dir='ltr'><strong>habet,</strong></span> <span class='ocrx_word' id='word_1_401' title='bbox 1369 5274 1423 5319; x_wconf 90' lang='lat' dir='ltr'><strong>et</strong></span> <span class='ocrx_word' id='word_1_402' title='bbox 1446 5267 1597 5322; x_wconf 87' lang='lat' dir='ltr'><strong>nobis</strong></span> <span class='ocrx_word' id='word_1_403' title='bbox 1619 5268 1867 5342; x_wconf 88' lang='lat' dir='ltr'><strong>deinceps</strong></span> 
     </span>
    </p>
   </div>
   <div class='ocr_carea' id='block_1_54' title="bbox 282 5351 1865 5427">
    <p class='ocr_par' dir='ltr' id='par_1_54' title="bbox 282 5351 1865 5427">
     <span class='ocr_line' id='line_1_54' title="bbox 282 5351 1865 5427; baseline 0.011 -25"><span class='ocrx_word' id='word_1_404' title='bbox 282 5362 399 5403; x_wconf 86' lang='lat' dir='ltr'><strong>eam</strong></span> <span class='ocrx_word' id='word_1_405' title='bbox 437 5358 626 5405; x_wconf 87' lang='lat' dir='ltr'><strong>notare</strong></span> <span class='ocrx_word' id='word_1_406' title='bbox 665 5364 770 5404; x_wconf 91' lang='lat' dir='ltr'><strong>non</strong></span> <span class='ocrx_word' id='word_1_407' title='bbox 798 5351 1023 5420; x_wconf 83' lang='lat' dir='ltr'><strong>placuit;</strong></span> <span class='ocrx_word' id='word_1_408' title='bbox 1062 5352 1173 5421; x_wconf 86' lang='lat' dir='ltr'><strong>ipsa</strong></span> <span class='ocrx_word' id='word_1_409' title='bbox 1211 5365 1293 5409; x_wconf 89' lang='lat' dir='ltr'><strong>est</strong></span> <span class='ocrx_word' id='word_1_410' title='bbox 1317 5356 1458 5411; x_wconf 91' lang='lat' dir='ltr'><strong>enim</strong></span> <span class='ocrx_word' id='word_1_411' title='bbox 1486 5373 1580 5427; x_wconf 86' lang='lat' dir='ltr'><strong>per</strong></span> <span class='ocrx_word' id='word_1_412' title='bbox 1607 5363 1784 5418; x_wconf 86' lang='lat' dir='ltr'><strong>omnia</strong></span> <span class='ocrx_word' id='word_1_413' title='bbox 1813 5366 1865 5419; x_wconf 92' lang='lat' dir='ltr'><strong>in</strong></span> 
     </span>
    </p>
   </div>
   <div class='ocr_carea' id='block_1_55' title="bbox 280 5439 1467 5514">
    <p class='ocr_par' dir='ltr' id='par_1_55' title="bbox 280 5439 1467 5514">
     <span class='ocr_line' id='line_1_55' title="bbox 280 5439 1467 5514; baseline 0.007 -21"><span class='ocrx_word' id='word_1_414' title='bbox 280 5454 452 5509; x_wconf 67' lang='lat' dir='ltr'><strong>grmca</strong></span> <span class='ocrx_word' id='word_1_415' title='bbox 479 5439 763 5510; x_wconf 87' lang='lat' dir='ltr'><strong>scriptura,</strong></span> <span class='ocrx_word' id='word_1_416' title='bbox 794 5443 880 5497; x_wconf 91' lang='lat' dir='ltr'><strong>ubi</strong></span> <span class='ocrx_word' id='word_1_417' title='bbox 905 5442 1009 5498; x_wconf 85' lang='lat' dir='ltr'><strong>tale</strong></span> <span class='ocrx_word' id='word_1_418' title='bbox 1033 5444 1230 5514; x_wconf 87' lang='lat' dir='ltr'><strong>aliquid</strong></span> <span class='ocrx_word' id='word_1_419' title='bbox 1257 5446 1467 5502; x_wconf 91' lang='lat' dir='ltr'><strong>dicitur.</strong></span> 
     </span>
    </p>
   </div>
   <div class='ocr_carea' id='block_1_56' title="bbox 354 5530 1863 5610">
    <p class='ocr_par' dir='ltr' id='par_1_56' title="bbox 354 5530 1863 5610">
     <span class='ocr_line' id='line_1_56' title="bbox 354 5530 1863 5610; baseline 0.012 -24"><span class='ocrx_word' id='word_1_420' title='bbox 354 5530 452 5604; x_wconf 88' lang='lat' dir='ltr'><strong>[lb.</strong></span> <span class='ocrx_word' id='word_1_421' title='bbox 475 5531 557 5604; x_wconf 92' lang='lat'><strong>8.]</strong></span> <span class='ocrx_word' id='word_1_422' title='bbox 582 5533 833 5597; x_wconf 79' lang='lat' dir='ltr'><strong>Quoniam</strong></span> <span class='ocrx_word' id='word_1_423' title='bbox 858 5535 1082 5590; x_wconf 76' lang='lat' dir='ltr'><strong>homines</strong></span> <span class='ocrx_word' id='word_1_424' title='bbox 1108 5537 1289 5605; x_wconf 76' lang='lat' dir='ltr'><strong>fratres</strong></span> <span class='ocrx_word' id='word_1_425' title='bbox 1315 5556 1406 5594; x_wconf 87' lang='lat' dir='ltr'><strong>nos</strong></span> <span class='ocrx_word' id='word_1_426' title='bbox 1442 5558 1637 5610; x_wconf 82' lang='lat' dir='ltr'><strong>sumus,</strong></span> <span class='ocrx_word' id='word_1_427' title='bbox 1668 5546 1863 5603; x_wconf 86' lang='lat' dir='ltr'><strong>Abram</strong></span> 
     </span>
    </p>
   </div>
   <div class='ocr_carea' id='block_1_57' title="bbox 279 5623 1865 5709">
    <p class='ocr_par' dir='ltr' id='par_1_57' title="bbox 279 5623 1865 5709">
     <span class='ocr_line' id='line_1_57' title="bbox 279 5623 1865 5709; baseline 0.011 -32"><span class='ocrx_word' id='word_1_428' title='bbox 279 5623 414 5679; x_wconf 80' lang='lat' dir='ltr'><strong>dixit</strong></span> <span class='ocrx_word' id='word_1_429' title='bbox 435 5625 504 5679; x_wconf 89' lang='lat' dir='ltr'><strong>ad</strong></span> <span class='ocrx_word' id='word_1_430' title='bbox 528 5625 664 5679; x_wconf 85' lang='lat' dir='ltr'><strong>Loth</strong></span> <span class='ocrx_word' id='word_1_431' title='bbox 683 5642 699 5680; x_wconf 87' lang='lat'><strong>:</strong></span> <span class='ocrx_word' id='word_1_432' title='bbox 723 5624 865 5680; x_wconf 89' lang='lat' dir='ltr'><strong>unde</strong></span> <span class='ocrx_word' id='word_1_433' title='bbox 885 5627 1193 5698; x_wconf 59' lang='lat' dir='ltr'><strong>inteigitnr</strong></span> <span class='ocrx_word' id='word_1_434' title='bbox 1218 5646 1420 5687; x_wconf 90' lang='lat' dir='ltr'><strong>morem</strong></span> <span class='ocrx_word' id='word_1_435' title='bbox 1442 5650 1561 5690; x_wconf 90' lang='lat' dir='ltr'><strong>esse</strong></span> <span class='ocrx_word' id='word_1_436' title='bbox 1577 5635 1865 5709; x_wconf 72' lang='lat' dir='ltr'><strong>Scriptura:</strong></span> 
     </span>
    </p>
   </div>
   <div class='ocr_carea' id='block_1_58' title="bbox 278 5714 1860 5801">
    <p class='ocr_par' dir='ltr' id='par_1_58' title="bbox 278 5714 1860 5801">
     <span class='ocr_line' id='line_1_58' title="bbox 278 5714 1860 5801; baseline 0.011 -32"><span class='ocrx_word' id='word_1_437' title='bbox 278 5714 348 5769; x_wconf 87' lang='lat' dir='ltr'><strong>ita</strong></span> <span class='ocrx_word' id='word_1_438' title='bbox 390 5715 560 5786; x_wconf 87' lang='lat' dir='ltr'><strong>loqui,</strong></span> <span class='ocrx_word' id='word_1_439' title='bbox 601 5724 661 5770; x_wconf 93' lang='lat' dir='ltr'><strong>ut</strong></span> <span class='ocrx_word' id='word_1_440' title='bbox 699 5717 891 5772; x_wconf 89' lang='lat' dir='ltr'><strong>fratres</strong></span> <span class='ocrx_word' id='word_1_441' title='bbox 935 5720 1270 5788; x_wconf 83' lang='lat' dir='ltr'><strong>appellentur</strong></span> <span class='ocrx_word' id='word_1_442' title='bbox 1315 5725 1471 5782; x_wconf 90' lang='lat' dir='ltr'><strong>unius</strong></span> <span class='ocrx_word' id='word_1_443' title='bbox 1510 5731 1860 5801; x_wconf 79' lang='lat' dir='ltr'><strong>cognationis,</strong></span> 
     </span>
    </p>
   </div>
   <div class='ocr_carea' id='block_1_59' title="bbox 338 5830 1427 5903">
    <p class='ocr_par' dir='ltr' id='par_1_59' title="bbox 338 5830 1427 5903">
     <span class='ocr_line' id='line_1_59' title="bbox 338 5830 1427 5903; baseline 0.014 -27"><span class='ocrx_word' id='word_1_444' title='bbox 338 5830 358 5861; x_wconf 80' lang='grc'>³</span> <span class='ocrx_word' id='word_1_445' title='bbox 375 5835 424 5878; x_wconf 79' lang='lat' dir='ltr'><strong>ta</strong></span> <span class='ocrx_word' id='word_1_446' title='bbox 444 5831 656 5892; x_wconf 84' lang='lat' dir='ltr'><strong>antiquis</strong></span> <span class='ocrx_word' id='word_1_447' title='bbox 677 5830 922 5880; x_wconf 87' lang='lat' dir='ltr'><strong>codicibus</strong></span> <span class='ocrx_word' id='word_1_448' title='bbox 941 5840 1236 5897; x_wconf 86' lang='lat' dir='ltr'><strong>constanter,</strong></span> <span class='ocrx_word' id='word_1_449' title='bbox 1260 5836 1427 5903; x_wconf 80' lang='lat' dir='ltr'><strong>gigans</strong></span> 
     </span>
    </p>
   </div>
   <div class='ocr_carea' id='block_1_60' title="bbox 514 5916 1104 5977">
    <p class='ocr_par' dir='ltr' id='par_1_60' title="bbox 514 5916 1104 5977">
     <span class='ocr_line' id='line_1_60' title="bbox 514 5916 1104 5977; baseline 0 -2"><span class='ocrx_word' id='word_1_450' title='bbox 514 5916 743 5976; x_wconf 69' lang='lat' dir='ltr'><strong>Smcr.</strong></span> <span class='ocrx_word' id='word_1_451' title='bbox 780 5917 957 5975; x_wconf 71' lang='grc' dir='ltr'><strong>Λυσι)</strong></span> <span class='ocrx_word' id='word_1_452' title='bbox 998 5917 1104 5977; x_wconf 89' lang='lat' dir='ltr'><strong>lll.</strong></span> 
     </span>
    </p>
   </div>
   <div class='ocr_carea' id='block_1_61' title="bbox 1686 343 2201 405">
    <p class='ocr_par' dir='ltr' id='par_1_61' title="bbox 1686 343 2201 405">
     <span class='ocr_line' id='line_1_61' title="bbox 1686 343 2201 405; baseline 0.006 -7"><span class='ocrx_word' id='word_1_453' title='bbox 1686 343 1890 401; x_wconf 80' lang='lat' dir='ltr'><strong>LlBER</strong></span> <span class='ocrx_word' id='word_1_454' title='bbox 1930 343 2201 405; x_wconf 77' lang='lat' dir='ltr'><strong>PRIMUS.</strong></span> 
     </span>
    </p>
   </div>
   <div class='ocr_carea' id='block_1_62' title="bbox 3478 359 3587 414">
    <p class='ocr_par' dir='ltr' id='par_1_62' title="bbox 3478 359 3587 414">
     <span class='ocr_line' id='line_1_62' title="bbox 3478 359 3587 414; baseline 0.018 -1"><span class='ocrx_word' id='word_1_455' title='bbox 3478 359 3587 414; x_wconf 69' lang='lat'><strong>490</strong></span> 
     </span>
    </p>
   </div>
   <div class='ocr_carea' id='block_1_63' title="bbox 1997 443 3582 541">
    <p class='ocr_par' dir='ltr' id='par_1_63' title="bbox 1997 443 3582 541">
     <span class='ocr_line' id='line_1_63' title="bbox 1997 443 3582 541; baseline 0.009 -30"><span class='ocrx_word' id='word_1_456' title='bbox 1997 457 2205 512; x_wconf 87' lang='lat' dir='ltr'><strong>etiamsi</strong></span> <span class='ocrx_word' id='word_1_457' title='bbox 2234 457 2399 529; x_wconf 86' lang='lat' dir='ltr'><strong>gradu</strong></span> <span class='ocrx_word' id='word_1_458' title='bbox 2430 443 2701 531; x_wconf 77' lang='lat' dir='ltr'><strong>sanguinis</strong></span> <span class='ocrx_word' id='word_1_459' title='bbox 2726 452 2992 529; x_wconf 74' lang='lat' dir='ltr'><strong>differant,</strong></span> <span class='ocrx_word' id='word_1_460' title='bbox 3022 473 3078 519; x_wconf 92' lang='lat' dir='ltr'><strong>ut</strong></span> <span class='ocrx_word' id='word_1_461' title='bbox 3096 464 3230 522; x_wconf 83' lang='lat' dir='ltr'><strong>alter</strong></span> <span class='ocrx_word' id='word_1_462' title='bbox 3252 467 3393 524; x_wconf 89' lang='lat' dir='ltr'><strong>sitin</strong></span> 
     </span>
    </p>
   </div>
   <div class='ocr_carea' id='block_1_64' title="bbox 1997 551 3581 631">
    <p class='ocr_par' dir='ltr' id='par_1_64' title="bbox 1997 551 3581 631">
     <span class='ocr_line' id='line_1_64' title="bbox 1997 551 3581 631; baseline 0.009 -27"><span class='ocrx_word' id='word_1_463' title='bbox 1997 551 2158 615; x_wconf 87' lang='lat' dir='ltr'><strong>riore,</strong></span> <span class='ocrx_word' id='word_1_464' title='bbox 2187 552 2325 606; x_wconf 85' lang='lat' dir='ltr'><strong>alter</strong></span> <span class='ocrx_word' id='word_1_465' title='bbox 2354 551 2404 606; x_wconf 89' lang='lat' dir='ltr'><strong>in</strong></span> <span class='ocrx_word' id='word_1_466' title='bbox 2439 552 2708 623; x_wconf 85' lang='lat' dir='ltr'><strong>inferiore,</strong></span> <span class='ocrx_word' id='word_1_467' title='bbox 2745 555 2883 611; x_wconf 84' lang='lat' dir='ltr'><strong>sicut</strong></span> <span class='ocrx_word' id='word_1_468' title='bbox 2911 557 3011 613; x_wconf 90' lang='lat' dir='ltr'><strong>hoc</strong></span> <span class='ocrx_word' id='word_1_469' title='bbox 3040 557 3185 624; x_wconf 92' lang='lat' dir='ltr'><strong>loco;</strong></span> <span class='ocrx_word' id='word_1_470' title='bbox 3214 574 3335 614; x_wconf 90' lang='lat' dir='ltr'><strong>nam</strong></span> <span class='ocrx_word' id='word_1_471' title='bbox 3360 570 3581 631; x_wconf 90' lang='lat' dir='ltr'><strong>patruus</strong></span> 
     </span>
    </p>
   </div>
   <div class='ocr_carea' id='block_1_65' title="bbox 1997 639 2538 711">
    <p class='ocr_par' dir='ltr' id='par_1_65' title="bbox 1997 639 2538 711">
     <span class='ocr_line' id='line_1_65' title="bbox 1997 639 2538 711; baseline 0.004 -17"><span class='ocrx_word' id='word_1_472' title='bbox 1997 639 2113 711; x_wconf 87' lang='lat' dir='ltr'><strong>cjus</strong></span> <span class='ocrx_word' id='word_1_473' title='bbox 2130 641 2145 671; x_wconf 86' lang='grc'>¹</span> <span class='ocrx_word' id='word_1_474' title='bbox 2178 649 2292 695; x_wconf 86' lang='lat' dir='ltr'><strong>erat</strong></span> <span class='ocrx_word' id='word_1_475' title='bbox 2322 642 2538 696; x_wconf 82' lang='lat' dir='ltr'><strong>Abram.</strong></span> 
     </span>
    </p>
   </div>
   <div class='ocr_carea' id='block_1_66' title="bbox 2080 730 3585 813">
    <p class='ocr_par' dir='ltr' id='par_1_66' title="bbox 2080 730 3585 813">
     <span class='ocr_line' id='line_1_66' title="bbox 2080 730 3585 813; baseline 0.009 -27"><span class='ocrx_word' id='word_1_476' title='bbox 2080 730 2183 805; x_wconf 89' lang='lat' dir='ltr'><strong>[lb.</strong></span> <span class='ocrx_word' id='word_1_477' title='bbox 2214 748 2331 800; x_wconf 72' lang='lat' dir='ltr'><strong>xxv,</strong></span> <span class='ocrx_word' id='word_1_478' title='bbox 2365 732 2444 806; x_wconf 90' lang='lat'><strong>1.]</strong></span> <span class='ocrx_word' id='word_1_479' title='bbox 2484 734 2702 791; x_wconf 82' lang='lat' dir='ltr'><strong>Factum</strong></span> <span class='ocrx_word' id='word_1_480' title='bbox 2724 747 2797 792; x_wconf 89' lang='lat' dir='ltr'><strong>est</strong></span> <span class='ocrx_word' id='word_1_481' title='bbox 2835 749 3003 794; x_wconf 87' lang='lat' dir='ltr'><strong>autem</strong></span> <span class='ocrx_word' id='word_1_482' title='bbox 3030 738 3082 794; x_wconf 88' lang='lat' dir='ltr'><strong>in</strong></span> <span class='ocrx_word' id='word_1_483' title='bbox 3123 756 3279 813; x_wconf 88' lang='lat' dir='ltr'><strong>regno</strong></span> <span class='ocrx_word' id='word_1_484' title='bbox 3304 742 3585 813; x_wconf 70' lang='lat' dir='ltr'><strong>Amarphat</strong></span> 
     </span>
    </p>
   </div>
   <div class='ocr_carea' id='block_1_67' title="bbox 1996 825 3584 898">
    <p class='ocr_par' dir='ltr' id='par_1_67' title="bbox 1996 825 3584 898">
     <span class='ocr_line' id='line_1_67' title="bbox 1996 825 3584 898; baseline 0.01 -22"><span class='ocrx_word' id='word_1_485' title='bbox 1996 825 2127 895; x_wconf 77' lang='lat' dir='ltr'><strong>regis</strong></span> <span class='ocrx_word' id='word_1_486' title='bbox 2149 825 2413 898; x_wconf 86' lang='lat' dir='ltr'><strong>Sennaor;</strong></span> <span class='ocrx_word' id='word_1_487' title='bbox 2440 832 2732 887; x_wconf 89' lang='lat' dir='ltr'><strong>secundum</strong></span> <span class='ocrx_word' id='word_1_488' title='bbox 2767 844 2960 889; x_wconf 76' lang='lat' dir='ltr'><strong>nostra:</strong></span> <span class='ocrx_word' id='word_1_489' title='bbox 2989 835 3270 891; x_wconf 83' lang='lat' dir='ltr'><strong>locutionis</strong></span> <span class='ocrx_word' id='word_1_490' title='bbox 3296 848 3584 894; x_wconf 87' lang='lat' dir='ltr'><strong>consuetu-</strong></span> 
     </span>
    </p>
   </div>
   <div class='ocr_carea' id='block_1_68' title="bbox 1995 914 3586 1000">
    <p class='ocr_par' dir='ltr' id='par_1_68' title="bbox 1995 914 3586 1000">
     <span class='ocr_line' id='line_1_68' title="bbox 1995 914 3586 1000; baseline 0.011 -31"><span class='ocrx_word' id='word_1_491' title='bbox 1995 914 2173 972; x_wconf 87' lang='lat' dir='ltr'><strong>dinem</strong></span> <span class='ocrx_word' id='word_1_492' title='bbox 2194 919 2270 974; x_wconf 88' lang='lat' dir='ltr'><strong>sic</strong></span> <span class='ocrx_word' id='word_1_493' title='bbox 2288 920 2521 991; x_wconf 83' lang='lat' dir='ltr'><strong>incipere</strong></span> <span class='ocrx_word' id='word_1_494' title='bbox 2541 923 2831 992; x_wconf 82' lang='lat' dir='ltr'><strong>sufficeret,</strong></span> <span class='ocrx_word' id='word_1_495' title='bbox 2854 927 2905 979; x_wconf 87' lang='lat' dir='ltr'><strong>in</strong></span> <span class='ocrx_word' id='word_1_496' title='bbox 2924 943 3077 996; x_wconf 82' lang='lat' dir='ltr'><strong>regno</strong></span> <span class='ocrx_word' id='word_1_497' title='bbox 3093 937 3261 982; x_wconf 88' lang='lat' dir='ltr'><strong>autem</strong></span> <span class='ocrx_word' id='word_1_498' title='bbox 3277 928 3586 1000; x_wconf 84' lang='lat' dir='ltr'><strong>Amarphal:</strong></span> 
     </span>
    </p>
   </div>
   <div class='ocr_carea' id='block_1_69' title="bbox 1993 1008 3584 1086">
    <p class='ocr_par' dir='ltr' id='par_1_69' title="bbox 1993 1008 3584 1086">
     <span class='ocr_line' id='line_1_69' title="bbox 1993 1008 3584 1086; baseline 0.009 -28"><span class='ocrx_word' id='word_1_499' title='bbox 1993 1019 2121 1075; x_wconf 85' lang='lat' dir='ltr'><strong>ergo</strong></span> <span class='ocrx_word' id='word_1_500' title='bbox 2158 1008 2299 1078; x_wconf 89' lang='lat' dir='ltr'><strong>quod</strong></span> <span class='ocrx_word' id='word_1_501' title='bbox 2341 1010 2415 1065; x_wconf 86' lang='lat' dir='ltr'><strong>ait</strong></span> <span class='ocrx_word' id='word_1_502' title='bbox 2440 1012 2733 1083; x_wconf 86' lang='lat' dir='ltr'><strong>Scriptura,</strong></span> <span class='ocrx_word' id='word_1_503' title='bbox 2761 1014 2976 1069; x_wconf 82' lang='lat' dir='ltr'><strong>Factum</strong></span> <span class='ocrx_word' id='word_1_504' title='bbox 3002 1028 3073 1071; x_wconf 90' lang='lat' dir='ltr'><strong>est</strong></span> <span class='ocrx_word' id='word_1_505' title='bbox 3098 1026 3283 1086; x_wconf 88' lang='lat' dir='ltr'><strong>autem,</strong></span> <span class='ocrx_word' id='word_1_506' title='bbox 3312 1035 3460 1075; x_wconf 90' lang='lat' dir='ltr'><strong>more</strong></span> <span class='ocrx_word' id='word_1_507' title='bbox 3484 1037 3584 1075; x_wconf 84' lang='lat' dir='ltr'><strong>suo</strong></span> 
     </span>
    </p>
   </div>
   <div class='ocr_carea' id='block_1_70' title="bbox 1993 1094 2303 1155">
    <p class='ocr_par' dir='ltr' id='par_1_70' title="bbox 1993 1094 2303 1155">
     <span class='ocr_line' id='line_1_70' title="bbox 1993 1094 2303 1155; baseline 0.013 -7"><span class='ocrx_word' id='word_1_508' title='bbox 1993 1094 2168 1151; x_wconf 89' lang='lat' dir='ltr'><strong>locuta</strong></span> <span class='ocrx_word' id='word_1_509' title='bbox 2203 1108 2303 1155; x_wconf 90' lang='lat' dir='ltr'><strong>est.</strong></span> 
     </span>
    </p>
   </div>
   <div class='ocr_carea' id='block_1_71' title="bbox 2068 1187 3584 1273">
    <p class='ocr_par' dir='ltr' id='par_1_71' title="bbox 2068 1187 3584 1273">
     <span class='ocr_line' id='line_1_71' title="bbox 2068 1187 3584 1273; baseline 0.011 -30"><span class='ocrx_word' id='word_1_510' title='bbox 2068 1187 2172 1261; x_wconf 90' lang='lat' dir='ltr'><strong>[lb.</strong></span> <span class='ocrx_word' id='word_1_511' title='bbox 2202 1190 2281 1265; x_wconf 85' lang='lat'><strong>5.]</strong></span> <span class='ocrx_word' id='word_1_512' title='bbox 2307 1193 2501 1259; x_wconf 89' lang='lat' dir='ltr'><strong>Quarto</strong></span> <span class='ocrx_word' id='word_1_513' title='bbox 2526 1195 2718 1250; x_wconf 78' lang='lat' dir='ltr'><strong>decimo</strong></span> <span class='ocrx_word' id='word_1_514' title='bbox 2743 1208 2909 1251; x_wconf 79' lang='lat' dir='ltr'><strong>autent</strong></span> <span class='ocrx_word' id='word_1_515' title='bbox 2935 1216 3068 1253; x_wconf 87' lang='lat' dir='ltr'><strong>anno</strong></span> <span class='ocrx_word' id='word_1_516' title='bbox 3093 1198 3516 1273; x_wconf 81' lang='lat' dir='ltr'><strong>Chodollogomor</strong></span> <span class='ocrx_word' id='word_1_517' title='bbox 3539 1216 3584 1259; x_wconf 83' lang='lat' dir='ltr'><strong>et</strong></span> 
     </span>
    </p>
   </div>
   <div class='ocr_carea' id='block_1_72' title="bbox 1989 1282 3580 1364">
    <p class='ocr_par' dir='ltr' id='par_1_72' title="bbox 1989 1282 3580 1364">
     <span class='ocr_line' id='line_1_72' title="bbox 1989 1282 3580 1364; baseline 0.013 -34"><span class='ocrx_word' id='word_1_518' title='bbox 1989 1293 2129 1348; x_wconf 87' lang='lat' dir='ltr'><strong>reges</strong></span> <span class='ocrx_word' id='word_1_519' title='bbox 2145 1282 2231 1352; x_wconf 85' lang='lat' dir='ltr'><strong>qui</strong></span> <span class='ocrx_word' id='word_1_520' title='bbox 2249 1300 2360 1337; x_wconf 88' lang='lat' dir='ltr'><strong>cum</strong></span> <span class='ocrx_word' id='word_1_521' title='bbox 2382 1300 2472 1349; x_wconf 87' lang='lat' dir='ltr'><strong>eo;</strong></span> <span class='ocrx_word' id='word_1_522' title='bbox 2498 1286 2828 1353; x_wconf 86' lang='lat' dir='ltr'><strong>subauditur,</strong></span> <span class='ocrx_word' id='word_1_523' title='bbox 2848 1299 2999 1343; x_wconf 88' lang='lat' dir='ltr'><strong>erant</strong></span> <span class='ocrx_word' id='word_1_524' title='bbox 3019 1308 3032 1344; x_wconf 90' lang='lat'><strong>:</strong></span> <span class='ocrx_word' id='word_1_525' title='bbox 3058 1290 3197 1346; x_wconf 89' lang='lat' dir='ltr'><strong>unde</strong></span> <span class='ocrx_word' id='word_1_526' title='bbox 3217 1308 3247 1347; x_wconf 91' lang='lat' dir='ltr'><strong>a</strong></span> <span class='ocrx_word' id='word_1_527' title='bbox 3264 1294 3580 1364; x_wconf 83' lang='lat' dir='ltr'><strong>quibusdam</strong></span> 
     </span>
    </p>
   </div>
   <div class='ocr_carea' id='block_1_73' title="bbox 1990 1368 2741 1432">
    <p class='ocr_par' dir='ltr' id='par_1_73' title="bbox 1990 1368 2741 1432">
     <span class='ocr_line' id='line_1_73' title="bbox 1990 1368 2741 1432; baseline 0.012 -9"><span class='ocrx_word' id='word_1_528' title='bbox 1990 1368 2169 1426; x_wconf 88' lang='lat' dir='ltr'><strong>latinis</strong></span> <span class='ocrx_word' id='word_1_529' title='bbox 2195 1373 2353 1428; x_wconf 79' lang='lat' dir='ltr'><strong>etiam</strong></span> <span class='ocrx_word' id='word_1_530' title='bbox 2374 1376 2610 1431; x_wconf 88' lang='lat' dir='ltr'><strong>additum</strong></span> <span class='ocrx_word' id='word_1_531' title='bbox 2639 1388 2741 1432; x_wconf 86' lang='lat' dir='ltr'><strong>est.</strong></span> 
     </span>
    </p>
   </div>
   <div class='ocr_carea' id='block_1_74' title="bbox 2061 1458 3580 1546">
    <p class='ocr_par' dir='ltr' id='par_1_74' title="bbox 2061 1458 3580 1546">
     <span class='ocr_line' id='line_1_74' title="bbox 2061 1458 3580 1546; baseline 0.012 -31"><span class='ocrx_word' id='word_1_532' title='bbox 2061 1458 2246 1536; x_wconf 86' lang='lat' dir='ltr'><strong>[lb.6.]</strong></span> <span class='ocrx_word' id='word_1_533' title='bbox 2271 1463 2338 1518; x_wconf 85' lang='lat' dir='ltr'><strong>Et</strong></span> <span class='ocrx_word' id='word_1_534' title='bbox 2359 1464 2624 1523; x_wconf 74' lang='lat' dir='ltr'><strong>Chorrazos</strong></span> <span class='ocrx_word' id='word_1_535' title='bbox 2639 1470 2725 1540; x_wconf 87' lang='lat' dir='ltr'><strong>qui</strong></span> <span class='ocrx_word' id='word_1_536' title='bbox 2745 1470 2796 1523; x_wconf 92' lang='lat' dir='ltr'><strong>in</strong></span> <span class='ocrx_word' id='word_1_537' title='bbox 2812 1470 3063 1527; x_wconf 86' lang='lat' dir='ltr'><strong>montibus</strong></span> <span class='ocrx_word' id='word_1_538' title='bbox 3083 1471 3231 1541; x_wconf 86' lang='lat' dir='ltr'><strong>Seir;</strong></span> <span class='ocrx_word' id='word_1_539' title='bbox 3248 1475 3580 1546; x_wconf 84' lang='lat' dir='ltr'><strong>subauditur,</strong></span> 
     </span>
    </p>
   </div>
   <div class='ocr_carea' id='block_1_75' title="bbox 1989 1561 2159 1609">
    <p class='ocr_par' dir='ltr' id='par_1_75' title="bbox 1989 1561 2159 1609">
     <span class='ocr_line' id='line_1_75' title="bbox 1989 1561 2159 1609; baseline 0 -2"><span class='ocrx_word' id='word_1_540' title='bbox 1989 1561 2159 1609; x_wconf 87' lang='lat' dir='ltr'><strong>erant.</strong></span> 
     </span>
    </p>
   </div>
   <div class='ocr_carea' id='block_1_76' title="bbox 2054 1643 3579 1736">
    <p class='ocr_par' dir='ltr' id='par_1_76' title="bbox 2054 1643 3579 1736">
     <span class='ocr_line' id='line_1_76' title="bbox 2054 1643 3579 1736; baseline 0.013 -37"><span class='ocrx_word' id='word_1_541' title='bbox 2054 1643 2158 1719; x_wconf 85' lang='lat' dir='ltr'><strong>[lb.</strong></span> <span class='ocrx_word' id='word_1_542' title='bbox 2188 1647 2300 1722; x_wconf 77' lang='lat'><strong>13.]</strong></span> <span class='ocrx_word' id='word_1_543' title='bbox 2340 1650 2621 1707; x_wconf 84' lang='lat' dir='ltr'><strong>Adveniens</strong></span> <span class='ocrx_word' id='word_1_544' title='bbox 2660 1664 2827 1709; x_wconf 87' lang='lat' dir='ltr'><strong>autem</strong></span> <span class='ocrx_word' id='word_1_545' title='bbox 2862 1673 3034 1711; x_wconf 81' lang='lat' dir='ltr'><strong>eorum</strong></span> <span class='ocrx_word' id='word_1_546' title='bbox 3071 1660 3157 1730; x_wconf 87' lang='lat' dir='ltr'><strong>qui</strong></span> <span class='ocrx_word' id='word_1_547' title='bbox 3193 1673 3454 1717; x_wconf 80' lang='lat' dir='ltr'><strong>evaserunt</strong></span> <span class='ocrx_word' id='word_1_548' title='bbox 3476 1665 3579 1736; x_wconf 83' lang='lat' dir='ltr'><strong>qui.</strong></span> 
     </span>
    </p>
   </div>
   <div class='ocr_carea' id='block_1_77' title="bbox 1986 1736 3575 1821">
    <p class='ocr_par' dir='ltr' id='par_1_77' title="bbox 1986 1736 3575 1821">
     <span class='ocr_line' id='line_1_77' title="bbox 1986 1736 3575 1821; baseline 0.013 -30"><span class='ocrx_word' id='word_1_549' title='bbox 1986 1736 2127 1806; x_wconf 84' lang='lat' dir='ltr'><strong>dum,</strong></span> <span class='ocrx_word' id='word_1_550' title='bbox 2149 1742 2395 1796; x_wconf 83' lang='lat' dir='ltr'><strong>nuntiavit</strong></span> <span class='ocrx_word' id='word_1_551' title='bbox 2414 1743 2601 1799; x_wconf 83' lang='lat' dir='ltr'><strong>Abram</strong></span> <span class='ocrx_word' id='word_1_552' title='bbox 2626 1749 2980 1818; x_wconf 83' lang='lat' dir='ltr'><strong>transﬂuviali,</strong></span> <span class='ocrx_word' id='word_1_553' title='bbox 3001 1751 3109 1821; x_wconf 89' lang='lat' dir='ltr'><strong>ipse</strong></span> <span class='ocrx_word' id='word_1_554' title='bbox 3131 1763 3299 1807; x_wconf 86' lang='lat' dir='ltr'><strong>autem</strong></span> <span class='ocrx_word' id='word_1_555' title='bbox 3319 1755 3575 1811; x_wconf 85' lang='lat' dir='ltr'><strong>habitabat</strong></span> 
     </span>
    </p>
   </div>
   <div class='ocr_carea' id='block_1_78' title="bbox 1985 1828 3582 1917">
    <p class='ocr_par' dir='ltr' id='par_1_78' title="bbox 1985 1828 3582 1917">
     <span class='ocr_line' id='line_1_78' title="bbox 1985 1828 3582 1917; baseline 0.013 -36"><span class='ocrx_word' id='word_1_556' title='bbox 1985 1828 2055 1917; x_wconf 84' lang='lat' dir='ltr'><strong>ad</strong></span> <span class='ocrx_word' id='word_1_557' title='bbox 2071 1844 2312 1902; x_wconf 78' lang='lat' dir='ltr'><strong>quercum</strong></span> <span class='ocrx_word' id='word_1_558' title='bbox 2332 1832 2585 1903; x_wconf 77' lang='lat' dir='ltr'><strong>Mambre,</strong></span> <span class='ocrx_word' id='word_1_559' title='bbox 2613 1836 2874 1891; x_wconf 85' lang='lat' dir='ltr'><strong>Amorrhis</strong></span> <span class='ocrx_word' id='word_1_560' title='bbox 2897 1842 3072 1908; x_wconf 81' lang='lat' dir='ltr'><strong>fratris</strong></span> <span class='ocrx_word' id='word_1_561' title='bbox 3100 1842 3308 1909; x_wconf 84' lang='lat' dir='ltr'><strong>Eschol,</strong></span> <span class='ocrx_word' id='word_1_562' title='bbox 3336 1856 3383 1899; x_wconf 89' lang='lat' dir='ltr'><strong>et</strong></span> <span class='ocrx_word' id='word_1_563' title='bbox 3408 1849 3582 1917; x_wconf 89' lang='lat' dir='ltr'><strong>fratris</strong></span> 
     </span>
    </p>
   </div>
   <div class='ocr_carea' id='block_1_79' title="bbox 1983 1916 3581 2006">
    <p class='ocr_par' dir='ltr' id='par_1_79' title="bbox 1983 1916 3581 2006">
     <span class='ocr_line' id='line_1_79' title="bbox 1983 1916 3581 2006; baseline 0.013 -36"><span class='ocrx_word' id='word_1_564' title='bbox 1983 1916 2202 1985; x_wconf 86' lang='lat' dir='ltr'><strong>Aunan;</strong></span> <span class='ocrx_word' id='word_1_565' title='bbox 2229 1921 2315 1991; x_wconf 88' lang='lat' dir='ltr'><strong>qui</strong></span> <span class='ocrx_word' id='word_1_566' title='bbox 2341 1932 2479 1977; x_wconf 89' lang='lat' dir='ltr'><strong>erant</strong></span> <span class='ocrx_word' id='word_1_567' title='bbox 2506 1926 2761 1995; x_wconf 82' lang='lat' dir='ltr'><strong>conjurati</strong></span> <span class='ocrx_word' id='word_1_568' title='bbox 2788 1927 3012 1994; x_wconf 86' lang='lat' dir='ltr'><strong>Abram;</strong></span> <span class='ocrx_word' id='word_1_569' title='bbox 3056 1931 3342 1987; x_wconf 88' lang='lat' dir='ltr'><strong>obscurum</strong></span> <span class='ocrx_word' id='word_1_570' title='bbox 3382 1916 3581 2006; x_wconf 61' lang='lat' dir='ltr'><strong>liyper~</strong></span> 
     </span>
    </p>
   </div>
   <div class='ocr_carea' id='block_1_80' title="bbox 1984 2006 3667 2093">
    <p class='ocr_par' dir='ltr' id='par_1_80' title="bbox 1984 2006 3667 2093">
     <span class='ocr_line' id='line_1_80' title="bbox 1984 2006 3667 2093; baseline 0.01 -31"><span class='ocrx_word' id='word_1_571' title='bbox 1984 2006 2143 2063; x_wconf 88' lang='lat' dir='ltr'><strong>baton</strong></span> <span class='ocrx_word' id='word_1_572' title='bbox 2166 2028 2178 2063; x_wconf 88' lang='lat'><strong>:</strong></span> <span class='ocrx_word' id='word_1_573' title='bbox 2203 2012 2336 2066; x_wconf 92' lang='lat' dir='ltr'><strong>ordo</strong></span> <span class='ocrx_word' id='word_1_574' title='bbox 2357 2024 2438 2069; x_wconf 90' lang='lat' dir='ltr'><strong>est</strong></span> <span class='ocrx_word' id='word_1_575' title='bbox 2463 2016 2625 2081; x_wconf 89' lang='lat' dir='ltr'><strong>enim,</strong></span> <span class='ocrx_word' id='word_1_576' title='bbox 2660 2017 2965 2074; x_wconf 70' lang='lat' dir='ltr'><strong>Adveniens</strong></span> <span class='ocrx_word' id='word_1_577' title='bbox 2984 2035 3170 2075; x_wconf 88' lang='lat' dir='ltr'><strong>eorum</strong></span> <span class='ocrx_word' id='word_1_578' title='bbox 3188 2025 3276 2093; x_wconf 90' lang='lat' dir='ltr'><strong>qui</strong></span> <span class='ocrx_word' id='word_1_579' title='bbox 3297 2038 3581 2084; x_wconf 84' lang='lat' dir='ltr'><strong>evaserunt</strong></span> <span class='ocrx_word' id='word_1_580' title='bbox 3654 2072 3667 2079; x_wconf 30' lang='grc' dir='ltr'><strong>,ν</strong></span> 
     </span>
    </p>
   </div>
   <div class='ocr_carea' id='block_1_81' title="bbox 1985 2100 3579 2193">
    <p class='ocr_par' dir='ltr' id='par_1_81' title="bbox 1985 2100 3579 2193">
     <span class='ocr_line' id='line_1_81' title="bbox 1985 2100 3579 2193; baseline 0.013 -41"><span class='ocrx_word' id='word_1_581' title='bbox 1985 2100 2199 2169; x_wconf 89' lang='lat' dir='ltr'><strong>quidam</strong></span> <span class='ocrx_word' id='word_1_582' title='bbox 2225 2102 2504 2159; x_wconf 85' lang='lat' dir='ltr'><strong>Amorrhis</strong></span> <span class='ocrx_word' id='word_1_583' title='bbox 2529 2104 2707 2193; x_wconf 63' lang='lat' dir='ltr'><strong>fratris</strong></span> <span class='ocrx_word' id='word_1_584' title='bbox 2735 2108 2929 2163; x_wconf 83' lang='lat' dir='ltr'><strong>Eschol</strong></span> <span class='ocrx_word' id='word_1_585' title='bbox 2969 2120 3023 2165; x_wconf 89' lang='lat' dir='ltr'><strong>et</strong></span> <span class='ocrx_word' id='word_1_586' title='bbox 3056 2111 3233 2168; x_wconf 86' lang='lat' dir='ltr'><strong>fratris</strong></span> <span class='ocrx_word' id='word_1_587' title='bbox 3261 2115 3469 2182; x_wconf 86' lang='lat' dir='ltr'><strong>Aunan,</strong></span> <span class='ocrx_word' id='word_1_588' title='bbox 3491 2120 3579 2188; x_wconf 92' lang='lat' dir='ltr'><strong>qui</strong></span> 
     </span>
    </p>
   </div>
   <div class='ocr_carea' id='block_1_82' title="bbox 1982 2193 3581 2276">
    <p class='ocr_par' dir='ltr' id='par_1_82' title="bbox 1982 2193 3581 2276">
     <span class='ocr_line' id='line_1_82' title="bbox 1982 2193 3581 2276; baseline 0.011 -32"><span class='ocrx_word' id='word_1_589' title='bbox 1982 2198 2137 2245; x_wconf 86' lang='lat' dir='ltr'><strong>erant</strong></span> <span class='ocrx_word' id='word_1_590' title='bbox 2177 2193 2460 2263; x_wconf 89' lang='lat' dir='ltr'><strong>conjurati,</strong></span> <span class='ocrx_word' id='word_1_591' title='bbox 2506 2197 2771 2251; x_wconf 81' lang='lat' dir='ltr'><strong>nuntiavit</strong></span> <span class='ocrx_word' id='word_1_592' title='bbox 2814 2199 3010 2253; x_wconf 82' lang='lat' dir='ltr'><strong>Abram</strong></span> <span class='ocrx_word' id='word_1_593' title='bbox 3053 2201 3433 2270; x_wconf 81' lang='lat' dir='ltr'><strong>transfluviali;</strong></span> <span class='ocrx_word' id='word_1_594' title='bbox 3468 2206 3581 2276; x_wconf 85' lang='lat' dir='ltr'><strong>ipso</strong></span> 
     </span>
    </p>
   </div>
   <div class='ocr_carea' id='block_1_83' title="bbox 1982 2281 3577 2363">
    <p class='ocr_par' dir='ltr' id='par_1_83' title="bbox 1982 2281 3577 2363">
     <span class='ocr_line' id='line_1_83' title="bbox 1982 2281 3577 2363; baseline 0.012 -30"><span class='ocrx_word' id='word_1_595' title='bbox 1982 2287 2159 2333; x_wconf 84' lang='lat' dir='ltr'><strong>autem</strong></span> <span class='ocrx_word' id='word_1_596' title='bbox 2191 2281 2460 2338; x_wconf 82' lang='lat' dir='ltr'><strong>habitabat</strong></span> <span class='ocrx_word' id='word_1_597' title='bbox 2484 2286 2548 2339; x_wconf 88' lang='lat' dir='ltr'><strong>ad</strong></span> <span class='ocrx_word' id='word_1_598' title='bbox 2579 2302 2853 2356; x_wconf 90' lang='lat' dir='ltr'><strong>quercum.</strong></span> <span class='ocrx_word' id='word_1_599' title='bbox 2882 2289 2993 2344; x_wconf 87' lang='lat' dir='ltr'><strong>Hoc</strong></span> <span class='ocrx_word' id='word_1_600' title='bbox 3016 2291 3343 2363; x_wconf 87' lang='lat' dir='ltr'><strong>hyperbaton</strong></span> <span class='ocrx_word' id='word_1_601' title='bbox 3380 2296 3577 2352; x_wconf 80' lang='lat' dir='ltr'><strong>obscu-</strong></span> 
     </span>
    </p>
   </div>
   <div class='ocr_carea' id='block_1_84' title="bbox 1982 2369 3577 2452">
    <p class='ocr_par' dir='ltr' id='par_1_84' title="bbox 1982 2369 3577 2452">
     <span class='ocr_line' id='line_1_84' title="bbox 1982 2369 3577 2452; baseline 0.013 -29"><span class='ocrx_word' id='word_1_602' title='bbox 1982 2369 2095 2425; x_wconf 88' lang='lat' dir='ltr'><strong>rius</strong></span> <span class='ocrx_word' id='word_1_603' title='bbox 2136 2372 2194 2427; x_wconf 88' lang='lat' dir='ltr'><strong>lit</strong></span> <span class='ocrx_word' id='word_1_604' title='bbox 2232 2374 2391 2429; x_wconf 78' lang='lat' dir='ltr'><strong>etiam</strong></span> <span class='ocrx_word' id='word_1_605' title='bbox 2433 2390 2527 2446; x_wconf 83' lang='lat' dir='ltr'><strong>per</strong></span> <span class='ocrx_word' id='word_1_606' title='bbox 2553 2378 2797 2448; x_wconf 81' lang='lat' dir='ltr'><strong>ellipsin:</strong></span> <span class='ocrx_word' id='word_1_607' title='bbox 2822 2396 2942 2435; x_wconf 91' lang='lat' dir='ltr'><strong>cum</strong></span> <span class='ocrx_word' id='word_1_608' title='bbox 2985 2383 3128 2437; x_wconf 85' lang='lat' dir='ltr'><strong>enim</strong></span> <span class='ocrx_word' id='word_1_609' title='bbox 3171 2384 3370 2441; x_wconf 92' lang='lat' dir='ltr'><strong>dictum</strong></span> <span class='ocrx_word' id='word_1_610' title='bbox 3412 2398 3577 2452; x_wconf 84' lang='lat' dir='ltr'><strong>esset.</strong></span> 
     </span>
    </p>
   </div>
   <div class='ocr_carea' id='block_1_85' title="bbox 1980 2463 3574 2552">
    <p class='ocr_par' dir='ltr' id='par_1_85' title="bbox 1980 2463 3574 2552">
     <span class='ocr_line' id='line_1_85' title="bbox 1980 2463 3574 2552; baseline 0.014 -38"><span class='ocrx_word' id='word_1_611' title='bbox 1980 2463 2187 2533; x_wconf 88' lang='lat' dir='ltr'><strong>quidam</strong></span> <span class='ocrx_word' id='word_1_612' title='bbox 2210 2465 2472 2524; x_wconf 73' lang='lat' dir='ltr'><strong>Amorrliis</strong></span> <span class='ocrx_word' id='word_1_613' title='bbox 2493 2469 2670 2539; x_wconf 86' lang='lat' dir='ltr'><strong>fratris</strong></span> <span class='ocrx_word' id='word_1_614' title='bbox 2701 2472 2920 2539; x_wconf 85' lang='lat' dir='ltr'><strong>Aunan;</strong></span> <span class='ocrx_word' id='word_1_615' title='bbox 2950 2490 3055 2529; x_wconf 89' lang='lat' dir='ltr'><strong>non</strong></span> <span class='ocrx_word' id='word_1_616' title='bbox 3083 2476 3281 2532; x_wconf 90' lang='lat' dir='ltr'><strong>dictum</strong></span> <span class='ocrx_word' id='word_1_617' title='bbox 3312 2489 3416 2545; x_wconf 88' lang='lat' dir='ltr'><strong>est,</strong></span> <span class='ocrx_word' id='word_1_618' title='bbox 3449 2482 3574 2552; x_wconf 91' lang='lat' dir='ltr'><strong>quid</strong></span> 
     </span>
    </p>
   </div>
   <div class='ocr_carea' id='block_1_86' title="bbox 1982 2551 3576 2631">
    <p class='ocr_par' dir='ltr' id='par_1_86' title="bbox 1982 2551 3576 2631">
     <span class='ocr_line' id='line_1_86' title="bbox 1982 2551 3576 2631; baseline 0.014 -24"><span class='ocrx_word' id='word_1_619' title='bbox 1982 2551 2181 2618; x_wconf 88' lang='lat' dir='ltr'><strong>fratris,</strong></span> <span class='ocrx_word' id='word_1_620' title='bbox 2211 2557 2305 2612; x_wconf 91' lang='lat' dir='ltr'><strong>sed</strong></span> <span class='ocrx_word' id='word_1_621' title='bbox 2335 2559 2670 2631; x_wconf 80' lang='lat' dir='ltr'><strong>intelligitur,</strong></span> <span class='ocrx_word' id='word_1_622' title='bbox 2701 2562 2838 2619; x_wconf 83' lang='lat' dir='ltr'><strong>filius</strong></span> <span class='ocrx_word' id='word_1_623' title='bbox 2859 2584 2873 2619; x_wconf 88' lang='lat'><strong>:</strong></span> <span class='ocrx_word' id='word_1_624' title='bbox 2898 2567 3034 2622; x_wconf 87' lang='lat' dir='ltr'><strong>sicut</strong></span> <span class='ocrx_word' id='word_1_625' title='bbox 3060 2584 3179 2623; x_wconf 89' lang='lat' dir='ltr'><strong>cum</strong></span> <span class='ocrx_word' id='word_1_626' title='bbox 3208 2570 3402 2627; x_wconf 87' lang='lat' dir='ltr'><strong>dicitur</strong></span> <span class='ocrx_word' id='word_1_627' title='bbox 3422 2551 3576 2629; x_wconf 83' lang='lat' dir='ltr'><strong>Jaco-</strong></span> 
     </span>
    </p>
   </div>
   <div class='ocr_carea' id='block_1_87' title="bbox 1980 2643 3574 2721">
    <p class='ocr_par' dir='ltr' id='par_1_87' title="bbox 1980 2643 3574 2721">
     <span class='ocr_line' id='line_1_87' title="bbox 1980 2643 3574 2721; baseline 0.013 -22"><span class='ocrx_word' id='word_1_628' title='bbox 1980 2643 2080 2700; x_wconf 90' lang='lat' dir='ltr'><strong>bus</strong></span> <span class='ocrx_word' id='word_1_629' title='bbox 2102 2646 2314 2716; x_wconf 84' lang='lat' dir='ltr'><strong>Alphei,</strong></span> <span class='ocrx_word' id='word_1_630' title='bbox 2348 2652 2594 2719; x_wconf 86' lang='lat' dir='ltr'><strong>quamvis</strong></span> <span class='ocrx_word' id='word_1_631' title='bbox 2618 2668 2724 2708; x_wconf 87' lang='lat' dir='ltr'><strong>non</strong></span> <span class='ocrx_word' id='word_1_632' title='bbox 2746 2654 2956 2710; x_wconf 87' lang='lat' dir='ltr'><strong>dicatur</strong></span> <span class='ocrx_word' id='word_1_633' title='bbox 2986 2658 3144 2721; x_wconf 81' lang='lat' dir='ltr'><strong>illius.</strong></span> <span class='ocrx_word' id='word_1_634' title='bbox 3170 2661 3304 2715; x_wconf 88' lang='lat' dir='ltr'><strong>nihil</strong></span> <span class='ocrx_word' id='word_1_635' title='bbox 3328 2664 3468 2718; x_wconf 81' lang='lat' dir='ltr'><strong>aliud</strong></span> <span class='ocrx_word' id='word_1_636' title='bbox 3491 2666 3574 2719; x_wconf 83' lang='lat' dir='ltr'><strong>iu-</strong></span> 
     </span>
    </p>
   </div>
   <div class='ocr_carea' id='block_1_88' title="bbox 1981 2735 3572 2823">
    <p class='ocr_par' dir='ltr' id='par_1_88' title="bbox 1981 2735 3572 2823">
     <span class='ocr_line' id='line_1_88' title="bbox 1981 2735 3572 2823; baseline 0.013 -32"><span class='ocrx_word' id='word_1_637' title='bbox 1981 2735 2260 2807; x_wconf 84' lang='lat' dir='ltr'><strong>telligitur;</strong></span> <span class='ocrx_word' id='word_1_638' title='bbox 2291 2748 2343 2793; x_wconf 89' lang='lat' dir='ltr'><strong>et</strong></span> <span class='ocrx_word' id='word_1_639' title='bbox 2366 2740 2547 2795; x_wconf 72' lang='lat' dir='ltr'><strong>multa:</strong></span> <span class='ocrx_word' id='word_1_640' title='bbox 2572 2754 2696 2798; x_wconf 89' lang='lat' dir='ltr'><strong>sunt</strong></span> <span class='ocrx_word' id='word_1_641' title='bbox 2715 2745 2846 2800; x_wconf 87' lang='lat' dir='ltr'><strong>tales</strong></span> <span class='ocrx_word' id='word_1_642' title='bbox 2864 2746 3053 2803; x_wconf 71' lang='lat' dir='ltr'><strong>locutit</strong></span> <span class='ocrx_word' id='word_1_643' title='bbox 3069 2764 3163 2804; x_wconf 82' lang='lat' dir='ltr'><strong>nes</strong></span> <span class='ocrx_word' id='word_1_644' title='bbox 3178 2748 3572 2823; x_wconf 84' lang='lat' dir='ltr'><strong>Scripturarum</strong></span> 
     </span>
    </p>
   </div>
   <div class='ocr_carea' id='block_1_89' title="bbox 1979 2828 2907 2909">
    <p class='ocr_par' dir='ltr' id='par_1_89' title="bbox 1979 2828 2907 2909">
     <span class='ocr_line' id='line_1_89' title="bbox 1979 2828 2907 2909; baseline 0.01 -24"><span class='ocrx_word' id='word_1_645' title='bbox 1979 2828 2071 2885; x_wconf 88' lang='lat' dir='ltr'><strong>ubi</strong></span> <span class='ocrx_word' id='word_1_646' title='bbox 2100 2830 2236 2888; x_wconf 85' lang='lat' dir='ltr'><strong>filius</strong></span> <span class='ocrx_word' id='word_1_647' title='bbox 2260 2841 2464 2889; x_wconf 86' lang='lat' dir='ltr'><strong>tacetur</strong></span> <span class='ocrx_word' id='word_1_648' title='bbox 2489 2845 2543 2890; x_wconf 89' lang='lat' dir='ltr'><strong>et</strong></span> <span class='ocrx_word' id='word_1_649' title='bbox 2572 2836 2907 2909; x_wconf 89' lang='lat' dir='ltr'><strong>intelligitur.</strong></span> 
     </span>
    </p>
   </div>
   <div class='ocr_carea' id='block_1_90' title="bbox 2054 2920 3572 3005">
    <p class='ocr_par' dir='ltr' id='par_1_90' title="bbox 2054 2920 3572 3005">
     <span class='ocr_line' id='line_1_90' title="bbox 2054 2920 3572 3005; baseline 0.014 -33"><span class='ocrx_word' id='word_1_650' title='bbox 2054 2920 2151 2993; x_wconf 92' lang='lat' dir='ltr'><strong>[lb.</strong></span> <span class='ocrx_word' id='word_1_651' title='bbox 2171 2922 2286 2996; x_wconf 71' lang='lat'><strong>22.]</strong></span> <span class='ocrx_word' id='word_1_652' title='bbox 2309 2923 2461 2992; x_wconf 89' lang='lat' dir='ltr'><strong>Quod</strong></span> <span class='ocrx_word' id='word_1_653' title='bbox 2480 2926 2678 2983; x_wconf 91' lang='lat' dir='ltr'><strong>habent</strong></span> <span class='ocrx_word' id='word_1_654' title='bbox 2695 2930 2906 3000; x_wconf 84' lang='lat' dir='ltr'><strong>quidam</strong></span> <span class='ocrx_word' id='word_1_655' title='bbox 2935 2931 3079 2987; x_wconf 88' lang='lat' dir='ltr'><strong>latini</strong></span> <span class='ocrx_word' id='word_1_656' title='bbox 3098 2935 3331 3005; x_wconf 85' lang='lat' dir='ltr'><strong>codices,</strong></span> <span class='ocrx_word' id='word_1_657' title='bbox 3357 2938 3423 2993; x_wconf 88' lang='lat' dir='ltr'><strong>Et</strong></span> <span class='ocrx_word' id='word_1_658' title='bbox 3445 2940 3572 2994; x_wconf 65' lang='lat' dir='ltr'><strong>diuit</strong></span> 
     </span>
    </p>
   </div>
   <div class='ocr_carea' id='block_1_91' title="bbox 1982 3012 3572 3088">
    <p class='ocr_par' dir='ltr' id='par_1_91' title="bbox 1982 3012 3572 3088">
     <span class='ocr_line' id='line_1_91' title="bbox 1982 3012 3572 3088; baseline 0.013 -23"><span class='ocrx_word' id='word_1_659' title='bbox 1982 3012 2169 3067; x_wconf 87' lang='lat' dir='ltr'><strong>Abram</strong></span> <span class='ocrx_word' id='word_1_660' title='bbox 2193 3015 2262 3068; x_wconf 86' lang='lat' dir='ltr'><strong>ad</strong></span> <span class='ocrx_word' id='word_1_661' title='bbox 2287 3033 2455 3087; x_wconf 85' lang='lat' dir='ltr'><strong>regem</strong></span> <span class='ocrx_word' id='word_1_662' title='bbox 2501 3018 2862 3088; x_wconf 86' lang='lat' dir='ltr'><strong>Sodomorum,</strong></span> <span class='ocrx_word' id='word_1_663' title='bbox 2903 3022 3134 3079; x_wconf 77' lang='lat' dir='ltr'><strong>Extendo</strong></span> <span class='ocrx_word' id='word_1_664' title='bbox 3176 3044 3383 3083; x_wconf 81' lang='lat' dir='ltr'><strong>manum</strong></span> <span class='ocrx_word' id='word_1_665' title='bbox 3411 3047 3572 3087; x_wconf 86' lang='lat' dir='ltr'><strong>meam</strong></span> 
     </span>
    </p>
   </div>
   <div class='ocr_carea' id='block_1_92' title="bbox 1979 3101 3572 3188">
    <p class='ocr_par' dir='ltr' id='par_1_92' title="bbox 1979 3101 3572 3188">
     <span class='ocr_line' id='line_1_92' title="bbox 1979 3101 3572 3188; baseline 0.014 -33"><span class='ocrx_word' id='word_1_666' title='bbox 1979 3102 2049 3156; x_wconf 83' lang='lat' dir='ltr'><strong>ad</strong></span> <span class='ocrx_word' id='word_1_667' title='bbox 2070 3101 2237 3159; x_wconf 87' lang='lat' dir='ltr'><strong>Deum</strong></span> <span class='ocrx_word' id='word_1_668' title='bbox 2264 3106 2587 3178; x_wconf 87' lang='lat' dir='ltr'><strong>altissimum,</strong></span> <span class='ocrx_word' id='word_1_669' title='bbox 2633 3112 2719 3182; x_wconf 89' lang='lat' dir='ltr'><strong>qui</strong></span> <span class='ocrx_word' id='word_1_670' title='bbox 2747 3116 2931 3169; x_wconf 86' lang='lat' dir='ltr'><strong>creavit</strong></span> <span class='ocrx_word' id='word_1_671' title='bbox 2960 3118 3140 3171; x_wconf 72' lang='lat' dir='ltr'><strong>uelum</strong></span> <span class='ocrx_word' id='word_1_672' title='bbox 3164 3128 3210 3172; x_wconf 91' lang='lat' dir='ltr'><strong>et</strong></span> <span class='ocrx_word' id='word_1_673' title='bbox 3234 3128 3437 3188; x_wconf 84' lang='lat' dir='ltr'><strong>terram,</strong></span> <span class='ocrx_word' id='word_1_674' title='bbox 3468 3125 3515 3179; x_wconf 89' lang='lat' dir='ltr'><strong>si</strong></span> <span class='ocrx_word' id='word_1_675' title='bbox 3541 3142 3572 3178; x_wconf 89' lang='lat' dir='ltr'><strong>a</strong></span> 
     </span>
    </p>
   </div>
   <div class='ocr_carea' id='block_1_93' title="bbox 1977 3193 3575 3285">
    <p class='ocr_par' dir='ltr' id='par_1_93' title="bbox 1977 3193 3575 3285">
     <span class='ocr_line' id='line_1_93' title="bbox 1977 3193 3575 3285; baseline 0.014 -37"><span class='ocrx_word' id='word_1_676' title='bbox 1977 3205 2152 3263; x_wconf 89' lang='lat' dir='ltr'><strong>sparto</strong></span> <span class='ocrx_word' id='word_1_677' title='bbox 2174 3214 2330 3269; x_wconf 88' lang='lat' dir='ltr'><strong>usque</strong></span> <span class='ocrx_word' id='word_1_678' title='bbox 2344 3202 2411 3253; x_wconf 89' lang='lat' dir='ltr'><strong>ad</strong></span> <span class='ocrx_word' id='word_1_679' title='bbox 2433 3203 2700 3273; x_wconf 84' lang='lat' dir='ltr'><strong>corrigiam</strong></span> <span class='ocrx_word' id='word_1_680' title='bbox 2720 3205 3046 3261; x_wconf 86' lang='lat' dir='ltr'><strong>calceamenti</strong></span> <span class='ocrx_word' id='word_1_681' title='bbox 3059 3229 3074 3273; x_wconf 81' lang='lat'><em>;</em></span> <span class='ocrx_word' id='word_1_682' title='bbox 3102 3193 3286 3266; x_wconf 80' lang='lat' dir='ltr'><strong>fefellit</strong></span> <span class='ocrx_word' id='word_1_683' title='bbox 3306 3213 3575 3285; x_wconf 86' lang='lat' dir='ltr'><strong>interpre-</strong></span> 
     </span>
    </p>
   </div>
   <div class='ocr_carea' id='block_1_94' title="bbox 1980 3289 3569 3369">
    <p class='ocr_par' dir='ltr' id='par_1_94' title="bbox 1980 3289 3569 3369">
     <span class='ocr_line' id='line_1_94' title="bbox 1980 3289 3569 3369; baseline 0.013 -29"><span class='ocrx_word' id='word_1_684' title='bbox 1980 3294 2108 3353; x_wconf 90' lang='lat' dir='ltr'><strong>tem,</strong></span> <span class='ocrx_word' id='word_1_685' title='bbox 2142 3289 2281 3358; x_wconf 87' lang='lat' dir='ltr'><strong>quod</strong></span> <span class='ocrx_word' id='word_1_686' title='bbox 2309 3305 2517 3361; x_wconf 71' lang='lat' dir='ltr'><strong>graecus</strong></span> <span class='ocrx_word' id='word_1_687' title='bbox 2545 3294 2703 3349; x_wconf 86' lang='lat' dir='ltr'><strong>habet</strong></span> <span class='ocrx_word' id='word_1_688' title='bbox 2728 3303 2981 3366; x_wconf 70' lang='grc' dir='ltr'><strong>σπαρτίςυ,</strong></span> <span class='ocrx_word' id='word_1_689' title='bbox 3024 3301 3165 3369; x_wconf 87' lang='lat' dir='ltr'><strong>quod</strong></span> <span class='ocrx_word' id='word_1_690' title='bbox 3207 3303 3367 3359; x_wconf 87' lang='lat' dir='ltr'><strong>latine</strong></span> <span class='ocrx_word' id='word_1_691' title='bbox 3404 3306 3569 3361; x_wconf 87' lang='lat' dir='ltr'><strong>lilium</strong></span> 
     </span>
    </p>
   </div>
   <div class='ocr_carea' id='block_1_95' title="bbox 1978 3378 3570 3459">
    <p class='ocr_par' dir='ltr' id='par_1_95' title="bbox 1978 3378 3570 3459">
     <span class='ocr_line' id='line_1_95' title="bbox 1978 3378 3570 3459; baseline 0.013 -27"><span class='ocrx_word' id='word_1_692' title='bbox 1978 3378 2306 3450; x_wconf 82' lang='lat' dir='ltr'><strong>intelligitur,</strong></span> <span class='ocrx_word' id='word_1_693' title='bbox 2330 3393 2386 3437; x_wconf 89' lang='lat' dir='ltr'><strong>ut</strong></span> <span class='ocrx_word' id='word_1_694' title='bbox 2411 3384 2511 3439; x_wconf 90' lang='lat' dir='ltr'><strong>ista</strong></span> <span class='ocrx_word' id='word_1_695' title='bbox 2540 3384 2930 3456; x_wconf 83' lang='lat' dir='ltr'><strong>Scripturarum</strong></span> <span class='ocrx_word' id='word_1_696' title='bbox 2965 3391 3159 3445; x_wconf 90' lang='lat' dir='ltr'><strong>locutio</strong></span> <span class='ocrx_word' id='word_1_697' title='bbox 3194 3394 3282 3459; x_wconf 81' lang='lat' dir='ltr'><strong>sit,</strong></span> <span class='ocrx_word' id='word_1_698' title='bbox 3322 3394 3570 3453; x_wconf 76' lang='lat' dir='ltr'><strong>Extende</strong></span> 
     </span>
    </p>
   </div>
   <div class='ocr_carea' id='block_1_96' title="bbox 1978 3475 3569 3553">
    <p class='ocr_par' dir='ltr' id='par_1_96' title="bbox 1978 3475 3569 3553">
     <span class='ocr_line' id='line_1_96' title="bbox 1978 3475 3569 3553; baseline 0.013 -31"><span class='ocrx_word' id='word_1_699' title='bbox 1978 3484 2193 3524; x_wconf 86' lang='lat' dir='ltr'><strong>manum</strong></span> <span class='ocrx_word' id='word_1_700' title='bbox 2235 3487 2407 3527; x_wconf 88' lang='lat' dir='ltr'><strong>meam</strong></span> <span class='ocrx_word' id='word_1_701' title='bbox 2450 3475 2515 3528; x_wconf 85' lang='lat' dir='ltr'><strong>ad</strong></span> <span class='ocrx_word' id='word_1_702' title='bbox 2551 3475 2714 3530; x_wconf 87' lang='lat' dir='ltr'><strong>Deum</strong></span> <span class='ocrx_word' id='word_1_703' title='bbox 2755 3479 3093 3545; x_wconf 84' lang='lat' dir='ltr'><strong>altissimum,</strong></span> <span class='ocrx_word' id='word_1_704' title='bbox 3122 3484 3209 3553; x_wconf 91' lang='lat' dir='ltr'><strong>qui</strong></span> <span class='ocrx_word' id='word_1_705' title='bbox 3237 3487 3569 3542; x_wconf 76' lang='lat' dir='ltr'><strong>creavitcm—</strong></span> 
     </span>
    </p>
   </div>
   <div class='ocr_carea' id='block_1_97' title="bbox 1975 3556 3569 3638">
    <p class='ocr_par' dir='ltr' id='par_1_97' title="bbox 1975 3556 3569 3638">
     <span class='ocr_line' id='line_1_97' title="bbox 1975 3556 3569 3638; baseline 0.014 -26"><span class='ocrx_word' id='word_1_706' title='bbox 1975 3556 2087 3613; x_wconf 92' lang='lat' dir='ltr'><strong>lum</strong></span> <span class='ocrx_word' id='word_1_707' title='bbox 2114 3569 2168 3615; x_wconf 89' lang='lat' dir='ltr'><strong>et</strong></span> <span class='ocrx_word' id='word_1_708' title='bbox 2190 3571 2404 3628; x_wconf 88' lang='lat' dir='ltr'><strong>terram,</strong></span> <span class='ocrx_word' id='word_1_709' title='bbox 2429 3565 2472 3618; x_wconf 93' lang='lat' dir='ltr'><strong>si</strong></span> <span class='ocrx_word' id='word_1_710' title='bbox 2500 3566 2755 3638; x_wconf 88' lang='lat' dir='ltr'><strong>accipiam</strong></span> <span class='ocrx_word' id='word_1_711' title='bbox 2802 3569 2870 3624; x_wconf 91' lang='lat' dir='ltr'><strong>de</strong></span> <span class='ocrx_word' id='word_1_712' title='bbox 2907 3573 3154 3627; x_wconf 77' lang='lat' dir='ltr'><strong>omnibus</strong></span> <span class='ocrx_word' id='word_1_713' title='bbox 3187 3575 3321 3629; x_wconf 87' lang='lat' dir='ltr'><strong>tuis:</strong></span> <span class='ocrx_word' id='word_1_714' title='bbox 3349 3576 3395 3631; x_wconf 88' lang='lat' dir='ltr'><strong>si</strong></span> <span class='ocrx_word' id='word_1_715' title='bbox 3425 3578 3569 3635; x_wconf 88' lang='lat' dir='ltr'><strong>enim</strong></span> 
     </span>
    </p>
   </div>
   <div class='ocr_carea' id='block_1_98' title="bbox 1976 3653 3570 3725">
    <p class='ocr_par' dir='ltr' id='par_1_98' title="bbox 1976 3653 3570 3725">
     <span class='ocr_line' id='line_1_98' title="bbox 1976 3653 3570 3725; baseline 0.014 -22"><span class='ocrx_word' id='word_1_716' title='bbox 1976 3664 2074 3721; x_wconf 90' lang='lat' dir='ltr'><strong>pro</strong></span> <span class='ocrx_word' id='word_1_717' title='bbox 2097 3667 2162 3705; x_wconf 90' lang='lat' dir='ltr'><strong>eo</strong></span> <span class='ocrx_word' id='word_1_718' title='bbox 2188 3653 2338 3720; x_wconf 81' lang='lat' dir='ltr'><strong>dixit,</strong></span> <span class='ocrx_word' id='word_1_719' title='bbox 2381 3655 2615 3711; x_wconf 75' lang='lat' dir='ltr'><strong>Extende</strong></span> <span class='ocrx_word' id='word_1_720' title='bbox 2650 3675 2853 3713; x_wconf 87' lang='lat' dir='ltr'><strong>manum</strong></span> <span class='ocrx_word' id='word_1_721' title='bbox 2886 3679 3049 3717; x_wconf 90' lang='lat' dir='ltr'><strong>meam</strong></span> <span class='ocrx_word' id='word_1_722' title='bbox 3082 3667 3148 3718; x_wconf 89' lang='lat' dir='ltr'><strong>ad</strong></span> <span class='ocrx_word' id='word_1_723' title='bbox 3181 3665 3346 3722; x_wconf 88' lang='lat' dir='ltr'><strong>Deum</strong></span> <span class='ocrx_word' id='word_1_724' title='bbox 3385 3671 3570 3725; x_wconf 81' lang='lat' dir='ltr'><strong>altissi-</strong></span> 
     </span>
    </p>
   </div>
   <div class='ocr_carea' id='block_1_99' title="bbox 1976 3748 3570 3821">
    <p class='ocr_par' dir='ltr' id='par_1_99' title="bbox 1976 3748 3570 3821">
     <span class='ocr_line' id='line_1_99' title="bbox 1976 3748 3570 3821; baseline 0.014 -24"><span class='ocrx_word' id='word_1_725' title='bbox 1976 3760 2133 3810; x_wconf 88' lang='lat' dir='ltr'><strong>mum,</strong></span> <span class='ocrx_word' id='word_1_726' title='bbox 2153 3760 2216 3802; x_wconf 91' lang='lat' dir='ltr'><strong>ac</strong></span> <span class='ocrx_word' id='word_1_727' title='bbox 2241 3748 2282 3800; x_wconf 90' lang='lat' dir='ltr'><strong>si</strong></span> <span class='ocrx_word' id='word_1_728' title='bbox 2314 3749 2534 3817; x_wconf 88' lang='lat' dir='ltr'><strong>diceret,</strong></span> <span class='ocrx_word' id='word_1_729' title='bbox 2561 3750 2705 3821; x_wconf 86' lang='lat' dir='ltr'><strong>juro,</strong></span> <span class='ocrx_word' id='word_1_730' title='bbox 2738 3769 2843 3807; x_wconf 91' lang='lat' dir='ltr'><strong>non</strong></span> <span class='ocrx_word' id='word_1_731' title='bbox 2871 3763 2955 3810; x_wconf 88' lang='lat' dir='ltr'><strong>est</strong></span> <span class='ocrx_word' id='word_1_732' title='bbox 2982 3756 3034 3811; x_wconf 91' lang='lat' dir='ltr'><strong>in</strong></span> <span class='ocrx_word' id='word_1_733' title='bbox 3069 3758 3232 3813; x_wconf 87' lang='lat' dir='ltr'><strong>latino</strong></span> <span class='ocrx_word' id='word_1_734' title='bbox 3258 3762 3447 3817; x_wconf 89' lang='lat' dir='ltr'><strong>usitata</strong></span> <span class='ocrx_word' id='word_1_735' title='bbox 3486 3765 3570 3819; x_wconf 82' lang='lat' dir='ltr'><strong>Io—</strong></span> 
     </span>
    </p>
   </div>
   <div class='ocr_carea' id='block_1_100' title="bbox 1976 3835 3567 3908">
    <p class='ocr_par' dir='ltr' id='par_1_100' title="bbox 1976 3835 3567 3908">
     <span class='ocr_line' id='line_1_100' title="bbox 1976 3835 3567 3908; baseline 0.013 -21"><span class='ocrx_word' id='word_1_736' title='bbox 1976 3835 2140 3897; x_wconf 89' lang='lat' dir='ltr'><strong>cutio,</strong></span> <span class='ocrx_word' id='word_1_737' title='bbox 2165 3836 2263 3891; x_wconf 91' lang='lat' dir='ltr'><strong>nisi</strong></span> <span class='ocrx_word' id='word_1_738' title='bbox 2288 3838 2356 3893; x_wconf 90' lang='lat' dir='ltr'><strong>ita</strong></span> <span class='ocrx_word' id='word_1_739' title='bbox 2383 3838 2611 3907; x_wconf 74' lang='lat' dir='ltr'><strong>dicatur,</strong></span> <span class='ocrx_word' id='word_1_740' title='bbox 2640 3842 2881 3898; x_wconf 81' lang='lat' dir='ltr'><strong>Extende</strong></span> <span class='ocrx_word' id='word_1_741' title='bbox 2898 3862 3107 3900; x_wconf 87' lang='lat' dir='ltr'><strong>manum</strong></span> <span class='ocrx_word' id='word_1_742' title='bbox 3129 3865 3297 3903; x_wconf 86' lang='lat' dir='ltr'><strong>meam</strong></span> <span class='ocrx_word' id='word_1_743' title='bbox 3317 3852 3381 3905; x_wconf 88' lang='lat' dir='ltr'><strong>ad</strong></span> <span class='ocrx_word' id='word_1_744' title='bbox 3403 3853 3567 3908; x_wconf 81' lang='lat' dir='ltr'><strong>Deum</strong></span> 
     </span>
    </p>
   </div>
   <div class='ocr_carea' id='block_1_101' title="bbox 1975 3926 3361 4003">
    <p class='ocr_par' dir='ltr' id='par_1_101' title="bbox 1975 3926 3361 4003">
     <span class='ocr_line' id='line_1_101' title="bbox 1975 3926 3361 4003; baseline 0.012 -24"><span class='ocrx_word' id='word_1_745' title='bbox 1975 3926 2313 3994; x_wconf 88' lang='lat' dir='ltr'><strong>altissimum,</strong></span> <span class='ocrx_word' id='word_1_746' title='bbox 2346 3946 2429 3984; x_wconf 89' lang='lat' dir='ltr'><strong>me</strong></span> <span class='ocrx_word' id='word_1_747' title='bbox 2456 3947 2559 3985; x_wconf 92' lang='lat' dir='ltr'><strong>non</strong></span> <span class='ocrx_word' id='word_1_748' title='bbox 2590 3933 2834 4003; x_wconf 87' lang='lat' dir='ltr'><strong>accipere</strong></span> <span class='ocrx_word' id='word_1_749' title='bbox 2862 3935 2930 3990; x_wconf 92' lang='lat' dir='ltr'><strong>de</strong></span> <span class='ocrx_word' id='word_1_750' title='bbox 2955 3939 3202 3995; x_wconf 74' lang='lat' dir='ltr'><strong>oninibns</strong></span> <span class='ocrx_word' id='word_1_751' title='bbox 3238 3942 3361 3996; x_wconf 90' lang='lat' dir='ltr'><strong>tuis.</strong></span> 
     </span>
    </p>
   </div>
   <div class='ocr_carea' id='block_1_102' title="bbox 2050 4015 3567 4100">
    <p class='ocr_par' dir='ltr' id='par_1_102' title="bbox 2050 4015 3567 4100">
     <span class='ocr_line' id='line_1_102' title="bbox 2050 4015 3567 4100; baseline 0.015 -32"><span class='ocrx_word' id='word_1_752' title='bbox 2050 4015 2148 4088; x_wconf 87' lang='grc'><strong>[11).</strong></span> <span class='ocrx_word' id='word_1_753' title='bbox 2168 4032 2257 4083; x_wconf 83' lang='lat' dir='ltr'><strong>xv,</strong></span> <span class='ocrx_word' id='word_1_754' title='bbox 2283 4018 2394 4091; x_wconf 79' lang='lat'><strong>13.]</strong></span> <span class='ocrx_word' id='word_1_755' title='bbox 2415 4020 2633 4076; x_wconf 87' lang='lat' dir='ltr'><strong>Sciendo</strong></span> <span class='ocrx_word' id='word_1_756' title='bbox 2658 4025 2785 4078; x_wconf 86' lang='lat' dir='ltr'><strong>scies</strong></span> <span class='ocrx_word' id='word_1_757' title='bbox 2805 4026 2924 4097; x_wconf 87' lang='lat' dir='ltr'><strong>quia</strong></span> <span class='ocrx_word' id='word_1_758' title='bbox 2946 4031 3263 4100; x_wconf 87' lang='lat' dir='ltr'><strong>peregrinum</strong></span> <span class='ocrx_word' id='word_1_759' title='bbox 3285 4034 3376 4087; x_wconf 75' lang='lat' dir='ltr'><strong>erit</strong></span> <span class='ocrx_word' id='word_1_760' title='bbox 3401 4051 3567 4093; x_wconf 83' lang='lat' dir='ltr'><strong>semen</strong></span> 
     </span>
    </p>
   </div>
   <div class='ocr_carea' id='block_1_103' title="bbox 1977 4109 3567 4189">
    <p class='ocr_par' dir='ltr' id='par_1_103' title="bbox 1977 4109 3567 4189">
     <span class='ocr_line' id='line_1_103' title="bbox 1977 4109 3567 4189; baseline 0.016 -31"><span class='ocrx_word' id='word_1_761' title='bbox 1977 4115 2116 4160; x_wconf 89' lang='lat' dir='ltr'><strong>tuum</strong></span> <span class='ocrx_word' id='word_1_762' title='bbox 2140 4109 2190 4162; x_wconf 88' lang='lat' dir='ltr'><strong>in</strong></span> <span class='ocrx_word' id='word_1_763' title='bbox 2220 4120 2352 4163; x_wconf 85' lang='lat' dir='ltr'><strong>terra</strong></span> <span class='ocrx_word' id='word_1_764' title='bbox 2372 4126 2391 4165; x_wconf 90' lang='lat'><strong><em>:</em></strong></span> <span class='ocrx_word' id='word_1_765' title='bbox 2417 4112 2612 4167; x_wconf 90' lang='lat' dir='ltr'><strong>locutio</strong></span> <span class='ocrx_word' id='word_1_766' title='bbox 2639 4114 2851 4185; x_wconf 88' lang='lat' dir='ltr'><strong>quidem</strong></span> <span class='ocrx_word' id='word_1_767' title='bbox 2874 4116 3267 4189; x_wconf 84' lang='lat' dir='ltr'><strong>Scripturarum</strong></span> <span class='ocrx_word' id='word_1_768' title='bbox 3289 4136 3370 4179; x_wconf 88' lang='lat' dir='ltr'><strong>est</strong></span> <span class='ocrx_word' id='word_1_769' title='bbox 3396 4127 3567 4182; x_wconf 82' lang='lat' dir='ltr'><strong>usita-</strong></span> 
     </span>
    </p>
   </div>
   <div class='ocr_carea' id='block_1_104' title="bbox 1978 4197 3553 4287">
    <p class='ocr_par' dir='ltr' id='par_1_104' title="bbox 1978 4197 3553 4287">
     <span class='ocr_line' id='line_1_104' title="bbox 1978 4197 3553 4287; baseline 0.015 -38"><span class='ocrx_word' id='word_1_770' title='bbox 1978 4197 2207 4264; x_wconf 90' lang='lat' dir='ltr'><strong>tissima;</strong></span> <span class='ocrx_word' id='word_1_771' title='bbox 2255 4200 2349 4256; x_wconf 86' lang='lat' dir='ltr'><strong>sed</strong></span> <span class='ocrx_word' id='word_1_772' title='bbox 2394 4203 2556 4272; x_wconf 71' lang='lat' dir='ltr'><strong>grmci</strong></span> <span class='ocrx_word' id='word_1_773' title='bbox 2605 4203 2819 4271; x_wconf 88' lang='lat' dir='ltr'><strong>habent,</strong></span> <span class='ocrx_word' id='word_1_774' title='bbox 2872 4206 3051 4263; x_wconf 86' lang='lat' dir='ltr'><strong>Sciens</strong></span> <span class='ocrx_word' id='word_1_775' title='bbox 3078 4212 3221 4280; x_wconf 86' lang='lat' dir='ltr'><strong>scies,</strong></span> <span class='ocrx_word' id='word_1_776' title='bbox 3251 4215 3393 4284; x_wconf 88' lang='lat' dir='ltr'><strong>quod</strong></span> <span class='ocrx_word' id='word_1_777' title='bbox 3425 4232 3553 4287; x_wconf 82' lang='lat' dir='ltr'><strong>pcnr</strong></span> 
     </span>
    </p>
   </div>
   <div class='ocr_carea' id='block_1_105' title="bbox 1979 4290 2437 4346">
    <p class='ocr_par' dir='ltr' id='par_1_105' title="bbox 1979 4290 2437 4346">
     <span class='ocr_line' id='line_1_105' title="bbox 1979 4290 2437 4346; baseline 0.009 -6"><span class='ocrx_word' id='word_1_778' title='bbox 1979 4290 2305 4344; x_wconf 84' lang='lat' dir='ltr'><strong>tantumdem</strong></span> <span class='ocrx_word' id='word_1_779' title='bbox 2337 4303 2437 4346; x_wconf 88' lang='lat' dir='ltr'><strong>cst.</strong></span> 
     </span>
    </p>
   </div>
   <div class='ocr_carea' id='block_1_106' title="bbox 2048 4400 3568 4485">
    <p class='ocr_par' dir='ltr' id='par_1_106' title="bbox 2048 4400 3568 4485">
     <span class='ocr_line' id='line_1_106' title="bbox 2048 4400 3568 4485; baseline 0.013 -31"><span class='ocrx_word' id='word_1_780' title='bbox 2048 4400 2144 4475; x_wconf 87' lang='lat' dir='ltr'><strong>[lb.</strong></span> <span class='ocrx_word' id='word_1_781' title='bbox 2177 4420 2282 4470; x_wconf 80' lang='lat' dir='ltr'><strong>xvi,</strong></span> <span class='ocrx_word' id='word_1_782' title='bbox 2317 4404 2394 4477; x_wconf 80' lang='grc'><strong>5.]</strong></span> <span class='ocrx_word' id='word_1_783' title='bbox 2416 4405 2483 4459; x_wconf 82' lang='grc' dir='ltr'><strong>Ει</strong></span> <span class='ocrx_word' id='word_1_784' title='bbox 2500 4406 2634 4461; x_wconf 84' lang='lat' dir='ltr'><strong>dedit</strong></span> <span class='ocrx_word' id='word_1_785' title='bbox 2656 4425 2763 4462; x_wconf 87' lang='lat' dir='ltr'><strong>eam</strong></span> <span class='ocrx_word' id='word_1_786' title='bbox 2790 4411 2974 4463; x_wconf 83' lang='lat' dir='ltr'><strong>Abram</strong></span> <span class='ocrx_word' id='word_1_787' title='bbox 2995 4413 3098 4466; x_wconf 89' lang='lat' dir='ltr'><strong>viro</strong></span> <span class='ocrx_word' id='word_1_788' title='bbox 3114 4430 3205 4468; x_wconf 86' lang='lat' dir='ltr'><strong>suo</strong></span> <span class='ocrx_word' id='word_1_789' title='bbox 3222 4414 3321 4485; x_wconf 86' lang='lat' dir='ltr'><strong>ipsi</strong></span> <span class='ocrx_word' id='word_1_790' title='bbox 3335 4434 3568 4474; x_wconf 73' lang='lat' dir='ltr'><strong>uxorem&#39;</strong></span> 
     </span>
    </p>
   </div>
   <div class='ocr_carea' id='block_1_107' title="bbox 1976 4492 2434 4563">
    <p class='ocr_par' dir='ltr' id='par_1_107' title="bbox 1976 4492 2434 4563">
     <span class='ocr_line' id='line_1_107' title="bbox 1976 4492 2434 4563; baseline 0.009 -20"><span class='ocrx_word' id='word_1_791' title='bbox 1976 4492 2091 4562; x_wconf 78' lang='lat' dir='ltr'><strong>plus</strong></span> <span class='ocrx_word' id='word_1_792' title='bbox 2114 4493 2290 4556; x_wconf 89' lang='lat' dir='ltr'><strong>habet,</strong></span> <span class='ocrx_word' id='word_1_793' title='bbox 2312 4495 2434 4563; x_wconf 79' lang='lat' dir='ltr'><strong>ipsi.</strong></span> 
     </span>
    </p>
   </div>
   <div class='ocr_carea' id='block_1_108' title="bbox 2047 4582 3564 4671">
    <p class='ocr_par' dir='ltr' id='par_1_108' title="bbox 2047 4582 3564 4671">
     <span class='ocr_line' id='line_1_108' title="bbox 2047 4582 3564 4671; baseline 0.013 -35"><span class='ocrx_word' id='word_1_794' title='bbox 2047 4583 2148 4656; x_wconf 85' lang='lat' dir='ltr'><strong>[lb.</strong></span> <span class='ocrx_word' id='word_1_795' title='bbox 2180 4582 2260 4655; x_wconf 69' lang='grc'><strong>4.]</strong></span> <span class='ocrx_word' id='word_1_796' title='bbox 2290 4583 2416 4639; x_wconf 86' lang='lat' dir='ltr'><strong>Cum</strong></span> <span class='ocrx_word' id='word_1_797' title='bbox 2440 4596 2602 4639; x_wconf 85' lang='lat' dir='ltr'><strong>autem</strong></span> <span class='ocrx_word' id='word_1_798' title='bbox 2629 4588 2752 4641; x_wconf 76' lang='lat' dir='ltr'><strong>vidit</strong></span> <span class='ocrx_word' id='word_1_799' title='bbox 2772 4606 2826 4643; x_wconf 89' lang='lat' dir='ltr'><strong>se</strong></span> <span class='ocrx_word' id='word_1_800' title='bbox 2848 4601 3140 4663; x_wconf 79' lang='lat' dir='ltr'><strong>conceptum</strong></span> <span class='ocrx_word' id='word_1_801' title='bbox 3168 4594 3366 4664; x_wconf 87' lang='lat' dir='ltr'><strong>habere,</strong></span> <span class='ocrx_word' id='word_1_802' title='bbox 3399 4612 3564 4671; x_wconf 87' lang='lat' dir='ltr'><strong>spreta</strong></span> 
     </span>
    </p>
   </div>
   <div class='ocr_carea' id='block_1_109' title="bbox 1973 4675 3562 4763">
    <p class='ocr_par' dir='ltr' id='par_1_109' title="bbox 1973 4675 3562 4763">
     <span class='ocr_line' id='line_1_109' title="bbox 1973 4675 3562 4763; baseline 0.013 -36"><span class='ocrx_word' id='word_1_803' title='bbox 1973 4689 2083 4727; x_wconf 89' lang='lat' dir='ltr'><strong>sum</strong></span> <span class='ocrx_word' id='word_1_804' title='bbox 2121 4690 2293 4727; x_wconf 88' lang='lat' dir='ltr'><strong>coram</strong></span> <span class='ocrx_word' id='word_1_805' title='bbox 2330 4675 2629 4746; x_wconf 74' lang='lat' dir='ltr'><strong>illa:gr:nci</strong></span> <span class='ocrx_word' id='word_1_806' title='bbox 2673 4678 2869 4734; x_wconf 86' lang='lat' dir='ltr'><strong>habent</strong></span> <span class='ocrx_word' id='word_1_807' title='bbox 2913 4680 3013 4736; x_wconf 88' lang='lat' dir='ltr'><strong>hoc</strong></span> <span class='ocrx_word' id='word_1_808' title='bbox 3056 4682 3175 4740; x_wconf 88' lang='lat' dir='ltr'><strong>loco</strong></span> <span class='ocrx_word' id='word_1_809' title='bbox 3204 4690 3562 4763; x_wconf 86' lang='lat' dir='ltr'><strong>participium,</strong></span> 
     </span>
    </p>
   </div>
   <div class='ocr_carea' id='block_1_110' title="bbox 1973 4764 3563 4840">
    <p class='ocr_par' dir='ltr' id='par_1_110' title="bbox 1973 4764 3563 4840">
     <span class='ocr_line' id='line_1_110' title="bbox 1973 4764 3563 4840; baseline 0.016 -24"><span class='ocrx_word' id='word_1_810' title='bbox 1973 4764 2114 4833; x_wconf 90' lang='lat' dir='ltr'><strong>quod</strong></span> <span class='ocrx_word' id='word_1_811' title='bbox 2144 4765 2301 4819; x_wconf 85' lang='lat' dir='ltr'><strong>latina</strong></span> <span class='ocrx_word' id='word_1_812' title='bbox 2330 4765 2507 4837; x_wconf 83' lang='lat' dir='ltr'><strong>lingua</strong></span> <span class='ocrx_word' id='word_1_813' title='bbox 2535 4784 2637 4823; x_wconf 89' lang='lat' dir='ltr'><strong>non</strong></span> <span class='ocrx_word' id='word_1_814' title='bbox 2667 4769 2844 4838; x_wconf 81' lang='lat' dir='ltr'><strong>habet,</strong></span> <span class='ocrx_word' id='word_1_815' title='bbox 2878 4771 2980 4828; x_wconf 90' lang='lat' dir='ltr'><strong>hoc</strong></span> <span class='ocrx_word' id='word_1_816' title='bbox 3005 4784 3086 4831; x_wconf 87' lang='lat' dir='ltr'><strong>est</strong></span> <span class='ocrx_word' id='word_1_817' title='bbox 3108 4781 3271 4832; x_wconf 70' lang='grc' dir='ltr'><strong>ἰδοῦσα</strong></span> <span class='ocrx_word' id='word_1_818' title='bbox 3295 4798 3307 4835; x_wconf 94' lang='lat'><strong>:</strong></span> <span class='ocrx_word' id='word_1_819' title='bbox 3333 4783 3424 4838; x_wconf 87' lang='lat' dir='ltr'><strong>sed</strong></span> <span class='ocrx_word' id='word_1_820' title='bbox 3444 4794 3563 4840; x_wconf 84' lang='lat' dir='ltr'><strong>tan-</strong></span> 
     </span>
    </p>
   </div>
   <div class='ocr_carea' id='block_1_111' title="bbox 1884 4854 3552 4942">
    <p class='ocr_par' dir='ltr' id='par_1_111' title="bbox 1884 4854 3552 4942">
     <span class='ocr_line' id='line_1_111' title="bbox 1884 4854 3552 4942; baseline 0.016 -37"><span class='ocrx_word' id='word_1_821' title='bbox 1884 4892 1885 4895; x_wconf 58' lang='grc' dir='ltr'><strong>η</strong></span> <span class='ocrx_word' id='word_1_822' title='bbox 1973 4869 2130 4923; x_wconf 89' lang='lat' dir='ltr'><strong>quam</strong></span> <span class='ocrx_word' id='word_1_823' title='bbox 2180 4854 2223 4908; x_wconf 91' lang='lat' dir='ltr'><strong>si</strong></span> <span class='ocrx_word' id='word_1_824' title='bbox 2262 4855 2548 4922; x_wconf 85' lang='lat' dir='ltr'><strong>diceretur,</strong></span> <span class='ocrx_word' id='word_1_825' title='bbox 2582 4858 2778 4916; x_wconf 84' lang='lat' dir='ltr'><strong>Videns</strong></span> <span class='ocrx_word' id='word_1_826' title='bbox 2807 4874 2982 4918; x_wconf 85' lang='lat' dir='ltr'><strong>autem</strong></span> <span class='ocrx_word' id='word_1_827' title='bbox 3011 4881 3069 4921; x_wconf 89' lang='lat' dir='ltr'><strong>se</strong></span> <span class='ocrx_word' id='word_1_828' title='bbox 3111 4883 3425 4942; x_wconf 86' lang='lat' dir='ltr'><strong>conceptum</strong></span> <span class='ocrx_word' id='word_1_829' title='bbox 3459 4877 3552 4932; x_wconf 79' lang='lat' dir='ltr'><strong>ha-</strong></span> 
     </span>
    </p>
   </div>
   <div class='ocr_carea' id='block_1_112' title="bbox 1973 4945 3560 5024">
    <p class='ocr_par' dir='ltr' id='par_1_112' title="bbox 1973 4945 3560 5024">
     <span class='ocr_line' id='line_1_112' title="bbox 1973 4945 3560 5024; baseline 0.016 -26"><span class='ocrx_word' id='word_1_830' title='bbox 1973 4945 2119 5009; x_wconf 89' lang='lat' dir='ltr'><strong>bere,</strong></span> <span class='ocrx_word' id='word_1_831' title='bbox 2151 4955 2326 5016; x_wconf 86' lang='lat' dir='ltr'><strong>spreta</strong></span> <span class='ocrx_word' id='word_1_832' title='bbox 2356 4963 2472 5003; x_wconf 88' lang='lat' dir='ltr'><strong>sum</strong></span> <span class='ocrx_word' id='word_1_833' title='bbox 2500 4966 2679 5005; x_wconf 86' lang='lat' dir='ltr'><strong>coram</strong></span> <span class='ocrx_word' id='word_1_834' title='bbox 2699 4953 2781 5006; x_wconf 52' lang='lat' dir='ltr'><strong>illa</strong></span> <span class='ocrx_word' id='word_1_835' title='bbox 2806 4971 2819 5018; x_wconf 87' lang='lat'><strong>;</strong></span> <span class='ocrx_word' id='word_1_836' title='bbox 2849 4958 2995 5024; x_wconf 81' lang='lat' dir='ltr'><strong>quasi</strong></span> <span class='ocrx_word' id='word_1_837' title='bbox 3026 4959 3360 5019; x_wconf 68' lang='lat' dir='ltr'><strong>solmcismus</strong></span> <span class='ocrx_word' id='word_1_838' title='bbox 3386 4978 3560 5024; x_wconf 87' lang='lat' dir='ltr'><strong>sonat:</strong></span> 
     </span>
    </p>
   </div>
   <div class='ocr_carea' id='block_1_113' title="bbox 1972 5038 3561 5131">
    <p class='ocr_par' dir='ltr' id='par_1_113' title="bbox 1972 5038 3561 5131">
     <span class='ocr_line' id='line_1_113' title="bbox 1972 5038 3561 5131; baseline 0.014 -39"><span class='ocrx_word' id='word_1_839' title='bbox 1972 5038 2049 5092; x_wconf 88' lang='lat' dir='ltr'><strong>sic</strong></span> <span class='ocrx_word' id='word_1_840' title='bbox 2074 5040 2232 5093; x_wconf 89' lang='lat' dir='ltr'><strong>etiam</strong></span> <span class='ocrx_word' id='word_1_841' title='bbox 2260 5055 2351 5109; x_wconf 80' lang='lat' dir='ltr'><strong>per</strong></span> <span class='ocrx_word' id='word_1_842' title='bbox 2373 5042 2497 5096; x_wconf 87' lang='lat' dir='ltr'><strong>illud</strong></span> <span class='ocrx_word' id='word_1_843' title='bbox 2516 5044 2852 5115; x_wconf 66' lang='lat' dir='ltr'><strong>participium</strong></span> <span class='ocrx_word' id='word_1_844' title='bbox 2873 5050 3013 5118; x_wconf 73' lang='lat' dir='ltr'><strong>quod</strong></span> <span class='ocrx_word' id='word_1_845' title='bbox 3035 5050 3231 5108; x_wconf 88' lang='lat' dir='ltr'><strong>dictum</strong></span> <span class='ocrx_word' id='word_1_846' title='bbox 3255 5065 3354 5123; x_wconf 89' lang='lat' dir='ltr'><strong>est,</strong></span> <span class='ocrx_word' id='word_1_847' title='bbox 3374 5064 3561 5131; x_wconf 70' lang='grc' dir='ltr'><strong>ἰδοῦσα,</strong></span> 
     </span>
    </p>
   </div>
   <div class='ocr_carea' id='block_1_114' title="bbox 1973 5134 2848 5201">
    <p class='ocr_par' dir='ltr' id='par_1_114' title="bbox 1973 5134 2848 5201">
     <span class='ocr_line' id='line_1_114' title="bbox 1973 5134 2848 5201; baseline 0.01 -18"><span class='ocrx_word' id='word_1_848' title='bbox 1973 5145 2071 5200; x_wconf 89' lang='lat' dir='ltr'><strong>pro</strong></span> <span class='ocrx_word' id='word_1_849' title='bbox 2094 5146 2200 5201; x_wconf 88' lang='lat' dir='ltr'><strong>quo</strong></span> <span class='ocrx_word' id='word_1_850' title='bbox 2228 5148 2325 5186; x_wconf 83' lang='lat' dir='ltr'><strong>nos</strong></span> <span class='ocrx_word' id='word_1_851' title='bbox 2351 5134 2595 5198; x_wconf 84' lang='lat' dir='ltr'><strong>dicimus,</strong></span> <span class='ocrx_word' id='word_1_852' title='bbox 2631 5136 2848 5192; x_wconf 78' lang='lat' dir='ltr'><strong>Videas.</strong></span> 
     </span>
    </p>
   </div>
   <div class='ocr_carea' id='block_1_115' title="bbox 2045 5220 3562 5307">
    <p class='ocr_par' dir='ltr' id='par_1_115' title="bbox 2045 5220 3562 5307">
     <span class='ocr_line' id='line_1_115' title="bbox 2045 5220 3562 5307; baseline 0.015 -32"><span class='ocrx_word' id='word_1_853' title='bbox 2045 5220 2143 5295; x_wconf 87' lang='lat' dir='ltr'><strong>[lb.</strong></span> <span class='ocrx_word' id='word_1_854' title='bbox 2178 5240 2307 5289; x_wconf 80' lang='lat' dir='ltr'><strong>xm,</strong></span> <span class='ocrx_word' id='word_1_855' title='bbox 2337 5224 2413 5297; x_wconf 80' lang='lat'><strong>6.]</strong></span> <span class='ocrx_word' id='word_1_856' title='bbox 2455 5227 2604 5293; x_wconf 80' lang='lat' dir='ltr'><strong>Quod</strong></span> <span class='ocrx_word' id='word_1_857' title='bbox 2652 5229 2797 5284; x_wconf 89' lang='lat' dir='ltr'><strong>latini</strong></span> <span class='ocrx_word' id='word_1_858' title='bbox 2829 5231 3042 5301; x_wconf 86' lang='lat' dir='ltr'><strong>habent,</strong></span> <span class='ocrx_word' id='word_1_859' title='bbox 3090 5236 3313 5307; x_wconf 86' lang='lat' dir='ltr'><strong>Augeam</strong></span> <span class='ocrx_word' id='word_1_860' title='bbox 3339 5251 3385 5294; x_wconf 91' lang='lat' dir='ltr'><strong>te</strong></span> <span class='ocrx_word' id='word_1_861' title='bbox 3413 5242 3562 5299; x_wconf 85' lang='lat' dir='ltr'><strong>nimis</strong></span> 
     </span>
    </p>
   </div>
   <div class='ocr_carea' id='block_1_116' title="bbox 1972 5313 2940 5384">
    <p class='ocr_par' dir='ltr' id='par_1_116' title="bbox 1972 5313 2940 5384">
     <span class='ocr_line' id='line_1_116' title="bbox 1972 5313 2940 5384; baseline 0.011 -20"><span class='ocrx_word' id='word_1_862' title='bbox 1972 5313 2118 5367; x_wconf 81' lang='lat' dir='ltr'><strong>valde</strong></span> <span class='ocrx_word' id='word_1_863' title='bbox 2139 5330 2155 5376; x_wconf 89' lang='lat'><strong><em>;</em></strong></span> <span class='ocrx_word' id='word_1_864' title='bbox 2175 5316 2334 5384; x_wconf 73' lang='lat' dir='ltr'><strong>grtcci</strong></span> <span class='ocrx_word' id='word_1_865' title='bbox 2359 5316 2571 5380; x_wconf 78' lang='lat' dir='ltr'><strong>habent,</strong></span> <span class='ocrx_word' id='word_1_866' title='bbox 2605 5319 2749 5372; x_wconf 77' lang='lat' dir='ltr'><strong>valde</strong></span> <span class='ocrx_word' id='word_1_867' title='bbox 2779 5322 2940 5375; x_wconf 79' lang='lat' dir='ltr'><strong>valde.</strong></span> 
     </span>
    </p>
   </div>
   <div class='ocr_carea' id='block_1_117' title="bbox 2046 5402 3559 5486">
    <p class='ocr_par' dir='ltr' id='par_1_117' title="bbox 2046 5402 3559 5486">
     <span class='ocr_line' id='line_1_117' title="bbox 2046 5402 3559 5486; baseline 0.014 -29"><span class='ocrx_word' id='word_1_868' title='bbox 2046 5402 2140 5475; x_wconf 89' lang='lat' dir='ltr'><strong>[lb.</strong></span> <span class='ocrx_word' id='word_1_869' title='bbox 2164 5404 2241 5477; x_wconf 88' lang='lat'><strong>8.]</strong></span> <span class='ocrx_word' id='word_1_870' title='bbox 2264 5404 2331 5458; x_wconf 81' lang='lat' dir='ltr'><strong>Et</strong></span> <span class='ocrx_word' id='word_1_871' title='bbox 2358 5406 2487 5460; x_wconf 87' lang='lat' dir='ltr'><strong>dabo</strong></span> <span class='ocrx_word' id='word_1_872' title='bbox 2533 5408 2621 5461; x_wconf 86' lang='lat' dir='ltr'><strong>tibi</strong></span> <span class='ocrx_word' id='word_1_873' title='bbox 2655 5421 2699 5462; x_wconf 91' lang='lat' dir='ltr'><strong>et</strong></span> <span class='ocrx_word' id='word_1_874' title='bbox 2734 5412 2911 5465; x_wconf 86' lang='lat' dir='ltr'><strong>semini</strong></span> <span class='ocrx_word' id='word_1_875' title='bbox 2949 5423 3032 5466; x_wconf 87' lang='lat' dir='ltr'><strong>tuo</strong></span> <span class='ocrx_word' id='word_1_876' title='bbox 3071 5427 3183 5486; x_wconf 85' lang='lat' dir='ltr'><strong>post</strong></span> <span class='ocrx_word' id='word_1_877' title='bbox 3214 5427 3259 5471; x_wconf 86' lang='lat' dir='ltr'><strong>te</strong></span> <span class='ocrx_word' id='word_1_878' title='bbox 3285 5430 3469 5475; x_wconf 86' lang='lat' dir='ltr'><strong>terram</strong></span> <span class='ocrx_word' id='word_1_879' title='bbox 3509 5425 3559 5479; x_wconf 88' lang='lat' dir='ltr'><strong>in</strong></span> 
     </span>
    </p>
   </div>
   <div class='ocr_carea' id='block_1_118' title="bbox 1971 5495 3558 5579">
    <p class='ocr_par' dir='ltr' id='par_1_118' title="bbox 1971 5495 3558 5579">
     <span class='ocr_line' id='line_1_118' title="bbox 1971 5495 3558 5579; baseline 0.016 -33"><span class='ocrx_word' id='word_1_880' title='bbox 1971 5511 2073 5565; x_wconf 89' lang='lat' dir='ltr'><strong>qua</strong></span> <span class='ocrx_word' id='word_1_881' title='bbox 2109 5495 2322 5559; x_wconf 83' lang='lat' dir='ltr'><strong>habitas,</strong></span> <span class='ocrx_word' id='word_1_882' title='bbox 2364 5514 2561 5551; x_wconf 83' lang='lat' dir='ltr'><strong>onmem</strong></span> <span class='ocrx_word' id='word_1_883' title='bbox 2607 5508 2792 5554; x_wconf 89' lang='lat' dir='ltr'><strong>terram</strong></span> <span class='ocrx_word' id='word_1_884' title='bbox 2830 5500 3073 5558; x_wconf 86' lang='lat' dir='ltr'><strong>Chanaan</strong></span> <span class='ocrx_word' id='word_1_885' title='bbox 3113 5507 3165 5560; x_wconf 89' lang='lat' dir='ltr'><strong>in</strong></span> <span class='ocrx_word' id='word_1_886' title='bbox 3195 5513 3558 5579; x_wconf 82' lang='lat' dir='ltr'><strong>possessionem</strong></span> 
     </span>
    </p>
   </div>
   <div class='ocr_carea' id='block_1_119' title="bbox 1971 5588 3557 5666">
    <p class='ocr_par' dir='ltr' id='par_1_119' title="bbox 1971 5588 3557 5666">
     <span class='ocr_line' id='line_1_119' title="bbox 1971 5588 3557 5666; baseline 0.014 -29"><span class='ocrx_word' id='word_1_887' title='bbox 1971 5596 2206 5639; x_wconf 75' lang='lat' dir='ltr'><strong>wternam</strong></span> <span class='ocrx_word' id='word_1_888' title='bbox 2231 5588 2547 5643; x_wconf 89' lang='lat' dir='ltr'><strong>:vidcndum</strong></span> <span class='ocrx_word' id='word_1_889' title='bbox 2578 5601 2756 5645; x_wconf 91' lang='lat' dir='ltr'><strong>utrum</strong></span> <span class='ocrx_word' id='word_1_890' title='bbox 2786 5593 2979 5647; x_wconf 81' lang='lat' dir='ltr'><strong>locutio</strong></span> <span class='ocrx_word' id='word_1_891' title='bbox 2997 5595 3064 5648; x_wconf 90' lang='lat' dir='ltr'><strong>sit</strong></span> <span class='ocrx_word' id='word_1_892' title='bbox 3083 5598 3223 5666; x_wconf 91' lang='lat' dir='ltr'><strong>quod</strong></span> <span class='ocrx_word' id='word_1_893' title='bbox 3246 5598 3391 5665; x_wconf 91' lang='lat' dir='ltr'><strong>dicit,</strong></span> <span class='ocrx_word' id='word_1_894' title='bbox 3409 5614 3557 5658; x_wconf 72' lang='lat' dir='ltr'><strong>auer-</strong></span> 
     </span>
    </p>
   </div>
   <div class='ocr_carea' id='block_1_120' title="bbox 1973 5679 3557 5752">
    <p class='ocr_par' dir='ltr' id='par_1_120' title="bbox 1973 5679 3557 5752">
     <span class='ocr_line' id='line_1_120' title="bbox 1973 5679 3557 5752; baseline 0.014 -22"><span class='ocrx_word' id='word_1_895' title='bbox 1973 5694 2109 5743; x_wconf 88' lang='lat' dir='ltr'><strong>nam,</strong></span> <span class='ocrx_word' id='word_1_896' title='bbox 2140 5679 2299 5749; x_wconf 75' lang='lat' dir='ltr'><strong>grmci</strong></span> <span class='ocrx_word' id='word_1_897' title='bbox 2341 5679 2538 5735; x_wconf 88' lang='lat' dir='ltr'><strong>habent</strong></span> <span class='ocrx_word' id='word_1_898' title='bbox 2564 5690 2788 5736; x_wconf 74' lang='grc' dir='ltr'><strong>αιώνιονε</strong></span> <span class='ocrx_word' id='word_1_899' title='bbox 2816 5694 2867 5739; x_wconf 89' lang='lat' dir='ltr'><strong>et</strong></span> <span class='ocrx_word' id='word_1_900' title='bbox 2897 5686 3038 5745; x_wconf 84' lang='lat' dir='ltr'><strong>quod</strong></span> <span class='ocrx_word' id='word_1_901' title='bbox 3065 5690 3156 5751; x_wconf 86' lang='lat' dir='ltr'><strong>ait.</strong></span> <span class='ocrx_word' id='word_1_902' title='bbox 3191 5701 3238 5745; x_wconf 88' lang='lat' dir='ltr'><strong>et</strong></span> <span class='ocrx_word' id='word_1_903' title='bbox 3266 5696 3445 5750; x_wconf 86' lang='lat' dir='ltr'><strong>semini</strong></span> <span class='ocrx_word' id='word_1_904' title='bbox 3471 5708 3557 5752; x_wconf 88' lang='lat' dir='ltr'><strong>tua</strong></span> 
     </span>
    </p>
   </div>
   <div class='ocr_carea' id='block_1_121' title="bbox 2034 5790 3556 5861">
    <p class='ocr_par' dir='ltr' id='par_1_121' title="bbox 2034 5790 3556 5861">
     <span class='ocr_line' id='line_1_121' title="bbox 2034 5790 3556 5861; baseline 0.015 -24"><span class='ocrx_word' id='word_1_905' title='bbox 2034 5790 2050 5860; x_wconf 65' lang='grc' dir='ltr'><strong>ξ</strong></span> <span class='ocrx_word' id='word_1_906' title='bbox 2079 5796 2128 5838; x_wconf 88' lang='lat' dir='ltr'><strong>In</strong></span> <span class='ocrx_word' id='word_1_907' title='bbox 2165 5790 2308 5861; x_wconf 77' lang='lat' dir='ltr'><strong>editis</strong></span> <span class='ocrx_word' id='word_1_908' title='bbox 2346 5806 2575 5842; x_wconf 76' lang='lat' dir='ltr'><strong>omissum</strong></span> <span class='ocrx_word' id='word_1_909' title='bbox 2610 5792 2814 5861; x_wconf 65' lang='lat' dir='ltr'><strong>fuerat,</strong></span> <span class='ocrx_word' id='word_1_910' title='bbox 2839 5797 2944 5861; x_wconf 80' lang='lat' dir='ltr'><strong>ejus</strong></span> <span class='ocrx_word' id='word_1_911' title='bbox 2975 5809 2993 5846; x_wconf 91' lang='lat'><strong><em>:</em></strong></span> <span class='ocrx_word' id='word_1_912' title='bbox 3017 5799 3144 5861; x_wconf 91' lang='lat' dir='ltr'><strong>quod</strong></span> <span class='ocrx_word' id='word_1_913' title='bbox 3179 5814 3242 5851; x_wconf 77' lang='lat' dir='ltr'><strong>ex</strong></span> <span class='ocrx_word' id='word_1_914' title='bbox 3280 5806 3556 5861; x_wconf 73' lang='lat' dir='ltr'><strong>Corbcienza</strong></span> 
     </span>
    </p>
   </div>
   <div class='ocr_carea' id='block_1_122' title="bbox 1971 5848 3014 5915">
    <p class='ocr_par' dir='ltr' id='par_1_122' title="bbox 1971 5848 3014 5915">
     <span class='ocr_line' id='line_1_122' title="bbox 1971 5848 3014 5915; baseline 0.008 -17"><span class='ocrx_word' id='word_1_915' title='bbox 1971 5848 2173 5912; x_wconf 89' lang='lat' dir='ltr'><strong>aliisque</strong></span> <span class='ocrx_word' id='word_1_916' title='bbox 2207 5855 2399 5915; x_wconf 72' lang='lat' dir='ltr'><strong>optimm.</strong></span> <span class='ocrx_word' id='word_1_917' title='bbox 2424 5864 2549 5905; x_wconf 71' lang='lat' dir='ltr'><strong>uta:</strong></span> <span class='ocrx_word' id='word_1_918' title='bbox 2571 5864 2673 5905; x_wconf 70' lang='lat' dir='ltr'><strong>Mss.</strong></span> <span class='ocrx_word' id='word_1_919' title='bbox 2700 5848 3014 5914; x_wconf 59' lang='lat' dir='ltr'><strong>residui-aus.</strong></span> 
     </span>
    </p>
   </div>
   <div class='ocr_carea' id='block_1_123' title="bbox 3082 5945 3351 6026">
    <p class='ocr_par' dir='ltr' id='par_1_123' title="bbox 3082 5945 3351 6026">
     <span class='ocr_line' id='line_1_123' title="bbox 3082 5945 3351 6026; baseline 0.019 -22"><span class='ocrx_word' id='word_1_920' title='bbox 3082 5945 3351 6026; x_wconf 70' lang='grc' dir='ltr'><strong>(’5‹τ’ῑ’;τρ.)</strong></span> 
     </span>
    </p>
   </div>
  </div>
