4094 6456
513 342 608 398 691

514 463 626 530 post
654 462 729 519 te;
755 450 824 506 ibi
850 448 992 506 enim
1021 451 1188 502 volun
1214 438 1433 508 intelligi
1451 433 1594 507 quod
1618 431 1842 494 dixerat,
1870 423 1977 478 tibi.

588 546 686 620 [11).
715 559 847 609 xm,
872 538 951 614 9.]
977 538 1052 593 Tu
1076 546 1241 591 autem
1267 538 1612 587 tutamentum
1638 536 1803 576 meum
1827 528 2089 571 conserva-

518 605 610 701 bis:
629 646 676 692 et
699 605 866 690 semen
888 605 1027 686 tu'um
1048 637 1158 699 post
1174 635 1221 680 te
1240 624 1289 678 in
1308 618 1565 694 progenies
1584 629 1702 669 suas
1716 626 1736 665 :
1754 605 2085 669 conservabis,

518 720 1289 801 pro,conserva;promissivum
1300 729 1399 787 pro
1409 708 1716 782 imperativo
1729 702 1886 759 modo
1898 700 2044 772 posui
2053 707 2086 754 I.

591 819 689 893 [lb.
713 813 826 890 12]
849 815 912 870 Et
932 829 1057 886 puer
1070 818 1180 865 octo
1199 808 1392 863 dierum
1409 797 1807 860 circumcidetur,
1828 807 1971 849 omne
1985 806 2093 843 ma-

519 885 769 968 sculinum
787 885 942 979 :ipro,
966 903 1139 961 omnis
1168 892 1460 961 masculus;
1482 894 1631 963 quasi
1662 894 1841 959 posset
1861 885 2089 941 circum-

518 1002 624 1058 cidi
653 1000 754 1056 nisi
785 996 1068 1052 masculus.

593 1094 690 1168 [lb.
726 1088 836 1163 17]
879 1089 941 1142 Et
980 1084 1191 1157 procidit
1214 1080 1465 1136 Abraham
1494 1078 1545 1130 in
1575 1073 1775 1143 faciem,
1806 1078 1854 1123 et
1880 1066 2004 1120 dixit
2041 1064 2092 1117 in

518 1162 689 1241 animo
708 1199 799 1240 suo
817 1162 1011 1243 dicens,
1041 1177 1100 1233 Si
1134 1175 1253 1230 mihi
1278 1181 1475 1228 centum
1508 1183 1666 1221 annos
1695 1162 1893 1219 habenti
1923 1175 2095 1213 nasce-

516 1289 623 1346 tur,
645 1286 692 1333 et
721 1276 767 1331 si
801 1275 936 1329 Sara
972 1284 1220 1326 annorum
1257 1264 1528 1335 nonaginta
1552 1258 1747 1329 pariet?
1774 1250 2095 1309 Admirantis

517 1340 640 1424 esse
674 1367 830 1421 istam
875 1360 1213 1423 locutionem,
1255 1370 1360 1410 non
1405 1347 1711 1413 dubitantis,
1751 1340 2093 1400 dubitandum

522 1474 627 1514 non
656 1465 759 1515 est.
1437 1443 1454 1459 ‘

591 1551 690 1625 [11).
712 1546 827 1621 2L]
850 1544 1101 1601 Abraham
1120 1549 1283 1595 autem
1306 1545 1410 1593 erat
1436 1546 1683 1589 annorum
1712 1525 1979 1595 nonaginta
2002 1537 2094 1575 no-

518 1662 628 1701 uem
651 1660 763 1697 cum
782 1637 1102 1696 circumcisus
1118 1644 1188 1690 est
1212 1646 1414 1687 carnem
1435 1624 1665 1699 prteputii
1684 1620 1763 1676 sui
1784 1635 1803 1673 :
1824 1632 1927 1672 non
1944 1615 2093 1676 dixit,

512 1737 721 1799 Carne;
751 1739 862 1797 aut,
889 1730 942 1787 in
965 1741 1146 1783 carne.

592 1825 693 1898 [11).
725 1838 875 1887 xvm,
903 1816 982 1891 7.]
1012 1818 1074 1872 Et
1100 1817 1151 1871 in
1178 1813 1322 1869 boues
1366 1806 1646 1864 accucurrit
1672 1801 1923 1858 Abraham
1948 1814 1967 1852 :
1993 1812 2095 1851 nou

513 1919 675 1982 :dixit,
707 1916 784 1970 Ad
813 1915 994 1968 boves.

585 1980 692 2079 {|b.
725 2002 837 2077 11]
858 2001 1109 2057 Abraham
1137 2003 1366 2051 autemet
1390 1992 1522 2048 Sara
1542 1989 1759 2043 seniores
1784 1981 2028 2055 progressi
2050 1980 2100 2033 in

516 2098 697 2154 diebus
715 2112 734 2151 :
759 2093 897 2165 quod
917 2090 1076 2163 δι’ωεί
1102 2089 1318 2152 habent,
1345 2081 1592 2156 progressi
1623 2079 1836 2132 dierum.

595 2190 694 2263 [lb.
721 2184 836 2259 20.]
861 2184 1002 2240 Dixit
1022 2191 1187 2235 autem
1220 2178 1486 2237 Dominus,
1522 2170 1724 2227 Clamor
1764 2165 2101 2222 Sodomorum

520 2292 571 2335 et
593 2252 887 2335 bomorrhc
904 2270 1137 2343 impletus
1158 2277 1250 2333 est,
1276 2275 1320 2321 et
1340 2262 1523 2319 delicta
1542 2275 1712 2316 eorum
1734 2272 1915 2326 magna
1936 2252 2097 2306 valde.

526 2372 823 2427 Clamorem
849 2364 1124 2433 Scriptum
1151 2363 1290 2416 solet
1314 2367 1511 2426 ponere
1538 2367 1634 2422 pro
1663 2355 1804 2403 tanta
1828 2343 2105 2433 impuden-

526 2462 597 2516 tia
618 2469 672 2515 et
713 2458 955 2512 libertate
971 2431 1303 2522 iniquitatis,
1332 2454 1389 2501 ut
1414 2457 1513 2499 nec
1542 2437 1878 2501 verecundia,
1909 2450 2007 2488 nec
2036 2431 2102 2485 ti-

528 2564 676 2606 more
698 2544 1071 2604 abscondatur.

599 2642 697 2716 [lb.
728 2637 843 2712 28.]
871 2638 937 2693 Et
964 2635 1110 2701 dixit,
1144 2630 1275 2698 Quia
1318 2645 1418 2684 non
1453 2625 1662 2698 perdam
1688 2623 1731 2677 si
1774 2622 2003 2675 inuenero
2037 2616 2105 2670 ibi

525 2709 863 2809 quadraginta
881 2731 1127 2802 quinque:
1145 2723 1469 2795 superﬂuum
1501 2718 1727 2781 videtur,
1749 2714 1887 2784 quia,
1911 2721 1963 2768 et
1987 2709 2107 2765 ideo

530 2830 581 2883 in
608 2826 877 2883 codicibus
898 2820 1161 2878 nonnullis
1182 2816 1360 2873 latinis
1387 2828 1494 2869 non
1515 2810 1724 2882 legitur.

601 2917 703 2991 [lb.
723 2914 838 2987 30.]
867 2910 1151 2979 Numquid,
1191 2908 1425 2972 Domine,
1470 2904 1515 2960 si
1543 2895 2103 2972 loquar:subauditur,

531 3006 796 3069 irasceris,
821 3011 912 3057 aut
936 2999 1132 3070 aliquid
1151 2994 1470 3067 huiusmodi.

604 3098 702 3173 [lb.
722 3113 831 3161 xu,
851 3092 967 3166 29.]
987 3090 1112 3148 Cum
1135 3097 1366 3145 everteret
1386 3085 1638 3141 Dominus
1663 3082 1902 3143 civitates,
1929 3080 1980 3132 in
2000 3077 2113 3146 qui-

534 3190 623 3245 bus
643 3188 894 3242 habitabat
914 3187 968 3239 in
992 3185 1062 3238 eis
1084 3183 1125 3238 ¹.

606 3279 699 3353 [11)
728 3294 819 3345 xx,
844 3274 955 3348 15]
984 3273 1052 3328 In
1079 3272 1216 3327 omni
1243 3270 1352 3325 loco
1372 3268 1456 3323 ubi
1482 3265 1826 3322 intraverimus
1845 3263 1932 3316 ibi.

606 3370 706 3443 [11).
729 3385 837 3434 xxr,
861 3365 974 3441 19]
998 3363 1063 3418 Et
1090 3362 1286 3434 aperuit
1307 3360 1444 3415 Deus
1459 3357 1629 3413 oculos
1653 3357 1782 3427 ejus,
1806 3365 1851 3409 et
1875 3353 1995 3407 vidit
2017 3368 2113 3422 pn-

537 3470 667 3517 teum
692 3474 837 3529 aqua:
862 3458 985 3513 vivw
1006 3472 1024 3511 :
1044 3455 1239 3510 locutio
1276 3461 1380 3519 est,
1411 3465 1517 3505 non
1558 3448 1700 3505 enim
1729 3446 1924 3501 clausis
1948 3444 2112 3499 oculis

536 3561 681 3618 erat;
728 3549 869 3606 unde
901 3549 1012 3619 jam
1056 3548 1110 3602 in
1155 3544 1414 3616 principio
1440 3540 1561 3597 libri
1608 3539 1769 3594 locuti
1794 3552 1996 3601 sumus,
2025 3535 2113 3590 ubi

543 3644 799 3713 scriptum
821 3650 925 3705 est,
957 3639 1023 3694 Et
1045 3639 1203 3709 aperti
1222 3645 1336 3691 sunt
1361 3633 1493 3688 oculi
1513 3646 1707 3686 eorum.

611 3735 711 3808 [lb.
742 3731 858 3807 25.]
882 3732 949 3787 Et
978 3743 1109 3787 terra
1131 3746 1282 3800 quam
1303 3725 1591 3781 inhabitasti
1611 3725 1664 3778 in
1684 3739 1761 3776 ea.

611 3825 709 3897 [lb.
723 3822 838 3897 Ἦ]
857 3823 920 3876 Et
935 3822 1283 3893 disposuerunt
1299 3816 1444 3871 ambo
1460 3825 1823 3879 testamentum,
1840 3813 1921 3867 vel
1944 3811 2115 3867 testati

542 3927 666 3972 sunt
688 3917 845 3972 ambo
867 3932 881 3970 :
910 3925 1051 3970 amat
1068 3913 1338 3983 Scriptura
1362 3908 1657 3965 testamenti
1679 3906 1894 3961 nomine
1910 3912 2117 3974 pactum

540 4010 831 4081 appellare.

617 4102 715 4175 [11).
740 4116 867 4165 xxu,
896 4096 978 4169 2.]
999 4096 1179 4168 Accipe
1206 4095 1370 4165 [ilium
1392 4103 1536 4147 tuum
1558 4091 1835 4146 dilectum:
1859 4088 1946 4143 illa
1971 4087 2120 4142 locu-

546 4193 691 4247 tione
713 4190 910 4247 dictum
930 4195 1034 4253 est,
1056 4186 1260 4256 Accipe,
1287 4199 1390 4255 qua
1418 4183 1580 4239 etiam
1620 4179 1687 4235 ad
1730 4182 1871 4249 Agar
1907 4176 1975 4231 de
2012 4175 2122 4229 filio

549 4299 685 4354 eius.

619 4372 802 4449 [Ib.4.]
835 4372 902 4430 Et
924 4372 1188 4444 respiciens
1205 4369 1461 4425 Abraham
1484 4365 1675 4431 oculis;
1694 4378 1813 4419 cum
1834 4361 2118 4426 sufficeret,

546 4484 565 4522 ν
582 4467 836 4536 espiciens.

621 4555 841 4632 [lh.l(i.]
872 4555 971 4610 Per
994 4554 1334 4621 memetipsum
1343 4550 1536 4623 juravi,
1558 4548 1655 4603 nisi
1675 4545 1961 4602 benedicens
1976 4541 2124 4597 bene-

549 4653 716 4705 dicam
742 4660 824 4704 te:
848 4665 909 4703 ac
937 4648 983 4703 si
1008 4649 1229 4714 diceret,
1261 4646 1362 4701 Per
1393 4641 1761 4713 memetipsum
1784 4637 1955 4709 juravi
1984 4636 2125 4707 quod

549 4742 868 4800 benedicens
890 4740 1197 4795 benedicam
1223 4748 1304 4802 te;
1328 4746 1419 4790 aut
1444 4734 1589 4790 nullo
1614 4732 1777 4788 verbo
1793 4728 1973 4785 addito
1997 4728 2128 4784 sim-

551 4833 780 4904 pliciter,
811 4831 912 4887 Per
940 4829 1309 4900 memetipsum
1331 4825 1528 4897 juravi,
1568 4821 1887 4880 benedicens
1911 4818 2127 4875 benedi-

897 5012 959 5067 Et
998 5010 1342 5083 multiplicans
1365 5004 1708 5076 multiplicabo
1743 5018 1911 5060 semen
1949 5009 2126 5067 tuum;

550 5125 674 5166 cum
701 5106 947 5163 sufficere
971 5112 1171 5175 posset,
1193 5097 1557 5170 multiplicabo.

623 5202 722 5277 [lb.
742 5198 859 5273 20.]
883 5198 947 5254 Et
964 5196 1247 5253 nuntiatum
1263 5202 1334 5247 est
1351 5191 1583 5253 Abrahm,
1598 5188 1846 5254 dicentes;
1862 5201 1983 5242 cum
2000 5199 2131 5240 con-

553 5295 779 5351 suctudo
809 5290 1055 5363 loquendi
1098 5288 1309 5353 habeat,
1352 5284 1740 5341 Nuntiaverunt
1775 5278 2004 5338 Abrahte
2043 5278 2128 5335 di-

552 5396 756 5451 centes,
784 5394 895 5450 aul,
929 5382 1225 5437 nuntiatum
1248 5385 1331 5433 est
1354 5392 1383 5431 a
1408 5375 1722 5432 dicentibus.

623 5478 721 5552 [lb.
749 5492 899 5541 χχιιι,
927 5474 982 5542 '5,
1010 5468 1090 5546 4.]
1116 5470 1184 5527 Et
1211 5468 1425 5525 surrexit
1454 5466 1708 5521 Abraham
1731 5481 1761 5517 a
1785 5470 1978 5519 mortuo
2003 5477 2094 5516 suo
2110 5475 2131 5516 :

555 5587 661 5626 non
687 5568 836 5633 dixit,
868 5584 898 5621 a
924 5572 1128 5621 mortua
1153 5577 1269 5618 sua.
1298 5560 1369 5615 Et
1395 5560 1584 5614 iterum
1610 5556 1676 5611 de
1714 5555 1931 5609 eadem:
1959 5552 2023 5607 Et
2048 5569 2128 5607 se-

617 5685 633 5716 ι
659 5681 794 5743 aditi,
825 5677 1097 5731 habitabant
1131 5676 1184 5730 in
1219 5672 1306 5728 eis.
1348 5678 1457 5723 Ilss.
1479 5680 1614 5730 vero,
1644 5667 1920 5720 habitabat:
1947 5666 2131 5719 scilicet

553 5746 685 5809 Loth,
705 5745 843 5809 juxta
866 5754 1076 5808 grccum
1916 5796 1923 5797 ί
1996 5793 2005 5797 -

1321 317 1753 382 μυμυΤΙΟΝυΜ
1790 315 1848 371 S.
1888 304 2251 368 AUGUSTINI
2291 302 2357 360 IN
2395 302 2944 363 [IEPTATEUCHUM

3667 309 3766 365 492

2193 415 2397 486 peliam,
2417 416 2603 486 inquit,
2620 427 2870 471 mortuum
2887 433 3053 473 meum
3076 430 3094 471 :
3117 417 3261 489 quod
3284 432 3390 477 non
3412 426 3603 476 neutro
3617 423 3766 492 quasi

2192 522 2385 576 corpus
2411 516 2696 573 mortuum,
2724 506 2816 562 sed
2841 508 3130 563 masculino
3153 523 3347 578 genere
3364 509 3563 565 dictum
3594 525 3768 581 ειη-ω

2193 596 2451 665 scriptura
2476 596 2823 651 demonstrat.

2266 687 2362 763 [lb.
2385 705 2543 757 xxrv,
2572 686 2650 762 5.]
2669 689 2736 742 Et
2756 689 3001 759 adjurabo
3018 699 3062 744 te
3082 707 3169 761 per
3188 689 3461 745 Dominum
3481 692 3643 747 Deum
3658 694 3772 748 calt

2195 791 2239 835 et
2264 780 2426 835 Deum
2451 791 2596 835 terra:
2617 795 2637 834 :
2661 780 2821 851 graeci
2847 795 2950 836 non
2979 780 3194 848 habent,
3229 799 3338 853 per,
3376 784 3491 851 sed,
3522 785 3773 856 adjurabo

2196 870 2466 927 Dominum
2490 868 2655 925 Deum
2679 870 2810 926 eteli.

2268 958 2368 1034 [lb.
2391 958 2468 1034 3.]
2498 959 2624 1016 Cum
2651 960 2828 1031 quibus
2849 975 2936 1033 ego
2962 961 3128 1015 habito
3155 962 3206 1015 in
3237 962 3325 1016 eis.

2269 1048 2349 1125 [In
2377 1048 2456 1123 5.]
2488 1049 2570 1104 Ne
2607 1051 2807 1121 quando
2844 1051 3059 1105 noluerit
3099 1053 3275 1106 mulier
3303 1055 3375 1107 ire
3403 1071 3629 1109 mecum:
3653 1072 3776 1110 mu-

2200 1143 2379 1198 lierem
2410 1141 2658 1197 feminam
2688 1143 2954 1212 appellare
2986 1143 3255 1213 proprium
3285 1155 3367 1198 est
3391 1145 3529 1201 illius
3555 1146 3766 1217 lingum.

2270 1230 2368 1307 [lb.
2397 1230 2476 1304 5.]
2514 1231 2580 1285 In
2600 1241 2784 1285 terram
2812 1232 2874 1286 de
2899 1248 2998 1303 qua
3026 1233 3171 1288 existi
3193 1233 3328 1286 inde.

2271 1323 2368 1399 [lb.
2393 1323 2471 1396 6.]
2492 1323 2708 1377 Attende
2733 1324 2902 1379 tibine
2928 1340 3123 1378 revoces
3147 1324 3311 1394 filium
3331 1341 3494 1379 meum
3516 1324 3673 1382 illuc:
3697 1327 3780 1384 his

2200 1416 2377 1470 verbis
2392 1415 2527 1469 solet
2556 1415 2898 1468 comminatio
2918 1414 3202 1469 declarari.

2272 1505 2371 1580 [11).
2402 1506 2458 1571 9,
2482 1503 2558 1578 8.]
2587 1504 2655 1558 Et
2684 1506 2850 1577 posuit
2888 1520 3013 1575 puer
3055 1521 3255 1558 manum
3281 1521 3424 1559 suam
3466 1504 3557 1559 sub
3593 1505 3781 1575 femore

2201 1597 2433 1661 Abrahaz,
2463 1596 2715 1667 etjuravil
2738 1597 2782 1650 ei
2819 1596 2882 1649 de
2923 1594 3068 1650 verba
3110 1596 3205 1649 hoc
3236 1611 3403 1666 :crgo
3446 1596 3640 1651 locutio
3699 1607 3781 1651 est

2202 1705 2303 1759 qua
2330 1689 2531 1744 dixerat
2560 1688 2825 1743 Abraham
2847 1729 2862 1754 ,
2895 1688 3076 1759 adjuro
3106 1698 3153 1741 te
3172 1729 3187 1753 ,
3216 1703 3277 1742 ac
3306 1689 3349 1741 si
3390 1688 3627 1753 dixisset,
3662 1689 3782 1758 jura

2203 1781 2361 1847 mihi;
2391 1796 2496 1835 non
2522 1788 2697 1834 autem
2727 1781 2960 1835 solemus
2982 1781 3056 1834 sic
3081 1781 3244 1849 loqui,
3270 1780 3363 1835 sed
3391 1781 3781 1835 observandum

2204 1879 2284 1925 cst
2310 1879 2485 1925 utrum
2515 1871 2621 1924 sint
2661 1870 2710 1923 in
2738 1870 3023 1938 Scripturis
3048 1870 3165 1923 alia:
3200 1871 3404 1924 similes
3450 1871 3781 1926 locutiones:

2206 1980 2324 2018 nam
2361 1963 2501 2035 quod
2535 1962 2675 2018 dixit
2715 1962 3002 2027 Abraham,
3036 1960 3095 2017 Si
3140 1962 3355 2015 noluerit
3403 1964 3583 2017 mulier
3620 1965 3788 2017 venire

2205 2066 2383 2119 tecum,
2415 2071 2572 2127 purus
2599 2054 2695 2108 eris
2724 2070 2755 2106 a
2770 2055 3063 2125 juramcnto
3091 2052 3221 2117 hoc;
3251 2051 3603 2107 manifestat-it
3630 2053 3699 2106 ita
3726 2067 3790 2107 se

2204 2150 2425 2216 dixisse,
2452 2148 2635 2218 adjuro
2661 2156 2728 2213 te,
2761 2156 3012 2216 tauquam
3034 2146 3254 2209 diceret,
3275 2145 3393 2212 jura
3421 2143 3571 2198 mihi.

2276 2240 2374 2317 [11).
2407 2238 2519 2313 16]
2540 2239 2690 2306 Quod
2713 2239 2964 2308 scriptum
2987 2247 3069 2293 est
3101 2236 3168 2292 de
3198 2236 3432 2290 Rebecca
3454 2277 3468 2300 ,
3510 2233 3662 2304 Virgo
3691 2250 3788 2288 au-

2206 2342 2303 2386 tem
2336 2339 2441 2387 erat
2483 2330 2705 2400 speciosa
2730 2328 2875 2383 valde
2891 2369 2907 2395 ,
2934 2329 3073 2399 uirgo
3097 2335 3237 2389 erat,
3268 2326 3343 2379 vir
3367 2342 3466 2378 non
3493 2333 3790 2395 cognoverat

2205 2440 2316 2478 eam
2335 2464 2350 2487 ,
2378 2423 2476 2476 ista
2516 2420 2760 2491 repetitio
2784 2417 3293 2473 commendationem
3321 2416 3631 2483 virginitatis
3662 2415 3791 2468 insi-

2206 2520 2354 2570 nuat.
2401 2511 2506 2568 Sed
2546 2526 2641 2566 cur
2683 2509 2918 2563 additum
2951 2509 3017 2561 sit
3040 2549 3053 2572 ,
3087 2508 3163 2560 vir
3186 2523 3284 2560 non
3315 2514 3609 2576 cognoverat
3633 2521 3745 2559 eam
3768 2542 3786 2571 ,

2209 2604 2308 2658 nisi
2336 2600 2616 2658 locutionis
2646 2599 2751 2665 sit,
2782 2599 2974 2651 mirum
3004 2597 3047 2650 si
3076 2596 3239 2666 possit
3262 2595 3331 2649 ila
3361 2594 3523 2665 accipi
3556 2601 3613 2647 ut
3641 2594 3791 2663 virgo

2209 2710 2401 2749 nomen
2424 2693 2493 2747 sit
2520 2691 2725 2756 uitatis,
2763 2705 2869 2743 non
2897 2686 3232 2758 integritatis.
3263 2685 3433 2741 Graeci
3466 2694 3640 2739 autem
3682 2700 3791 2738 non

2209 2786 2423 2849 habent,
2454 2790 2771 2854 cognoverat,
2804 2779 2900 2835 sed
2925 2779 3150 2849 cognovit
3173 2794 3193 2844 ;
3218 2778 3355 2846 quod
3387 2775 3595 2832 videtur
3609 2777 3794 2830 ineun-

2210 2893 2456 2949 sequens.
3087 2871 3093 2876 ’

2284 2968 2384 3043 [11).
2405 2966 2523 3040 26]
2543 2966 2781 3020 Adoravit
2805 2964 3020 3018 Domino
3050 2977 3068 3017 :
3090 2961 3229 3033 quod
3257 2960 3415 3016 nobis
3438 2961 3686 3015 usitatum
3712 2966 3795 3014 est

2211 3062 2410 3125 dicere,
2444 3060 2702 3114 Adoravit
2725 3056 3029 3112 Dominum.

2284 3152 2385 3226 [lb.
2406 3149 2517 3223 27.]
2538 3151 2787 3216 Quoniam
2812 3164 2912 3201 non
2935 3144 3193 3216 dereliquit
3200 3145 3452 3216 justitiam
3475 3153 3518 3196 et
3539 3151 3795 3197 veritatem

2212 3242 2487 3298 a-Domiuo
2512 3257 2621 3294 meo
2652 3255 2672 3294 :
2697 3240 2747 3293 id
2775 3248 2857 3293 est
2878 3237 3132 3307 justitiam
3175 3243 3228 3290 et
3262 3234 3537 3289 veritatem
3565 3247 3685 3301 qua:
3712 3240 3796 3285 cst

2213 3351 2243 3390 a
2284 3334 2506 3388 Domino
2550 3347 2691 3399 meo,
2734 3346 2796 3385 ac
2842 3330 2886 3383 si
2923 3327 3146 3394 diceret,
3177 3341 3337 3396 quam
3376 3324 3501 3379 fecit
3539 3323 3797 3377 Dominus

2216 3442 2386 3484 meus.

2287 3514 2517 3591 [11).28.]
2544 3514 2610 3569 Et
2632 3530 2839 3568 currens
2865 3510 3030 3585 puella
3051 3508 3292 3563 nuntiauit
3318 3509 3371 3559 in
3394 3506 3599 3559 domum
3621 3505 3799 3559 matris

2215 3624 2322 3664 sua:
2340 3624 2359 3663 :
2388 3608 2535 3677 quasi
2558 3621 2662 3660 non
2686 3605 2797 3674 ipsa
2827 3613 2967 3658 esset
2996 3610 3048 3655 et
3071 3600 3232 3670 patris
3256 3597 3467 3652 domus.

2289 3700 2386 3773 [lb.
2409 3696 2523 3771 32.]
2553 3698 2616 3751 Et
2637 3711 2819 3766 aquam
2855 3695 3024 3749 lavare
3062 3690 3267 3762 pedibus
3302 3688 3484 3759 ipsius,
3512 3695 3560 3741 et
3586 3684 3799 3758 pedibus

2218 3796 2438 3848 virorum
2477 3791 2694 3859 quicum
2723 3804 2780 3842 eo
2806 3793 2969 3840 erant.

2292 3883 2391 3958 [lb.
2413 3880 2527 3954 40.]
2556 3880 2800 3933 Dominus
2830 3878 2913 3931 cui
2943 3876 3108 3947 placui
3135 3882 3250 3927 ante
3282 3874 3448 3942 ipsum
3466 3913 3481 3939 ,
3507 3870 3615 3942 ipse
3639 3870 3802 3923 mittet

2222 3974 2457 4044 angelum
2484 3988 2628 4025 suum
2658 3980 2818 4023 tecum
2837 3985 2855 4034 ;
2872 3967 3020 4037 quasi
3049 3980 3153 4019 non
3182 3964 3469 4031 sufﬁceret,
3496 3963 3579 4016 cui
3598 3962 3801 4032 placui:

2223 4079 2288 4118 an
2323 4070 2527 4132 poterat
2549 4062 2596 4116 ei
2628 4060 2837 4129 placere
2867 4057 2969 4111 nisi
2994 4063 3116 4109 ante
3138 4053 3351 4124 ipsum?

2296 4153 2393 4228 [lb.
2426 4150 2542 4225 ΑΞ]
2573 4150 2632 4205 Si
2658 4162 2710 4203 tu
2737 4163 3005 4220 prosperas
3032 4146 3164 4199 riam
3193 4159 3351 4197 meam
3372 4184 3387 4210 ,
3422 4158 3522 4212 qua
3553 4156 3642 4212 ego
3668 4155 3803 4193 nunc

2224 4245 2479 4318 ingredior
2506 4246 2559 4296 in
2579 4258 2708 4296 eam.

2297 4336 2396 4411 [lb.
2422 4338 2510 4399 45,
2538 4336 2605 4389 44
2632 4333 2652 4406 ]
2676 4334 2809 4388 Cum
2829 4330 2991 4387 verba
3024 4343 3117 4384 sua
3147 4335 3386 4382 narraret
3424 4337 3610 4399 servus
3635 4323 3801 4378 Abra-

2229 4432 2309 4484 lne
2339 4471 2352 4495 ,
2378 4445 2495 4500 quae
2522 4427 2652 4482 dixit
2676 4439 2985 4480 accessurus
3008 4423 3075 4477 ad
3102 4422 3320 4487 fontem,
3350 4420 3421 4474 ita
3443 4417 3712 4473 narravit:
3736 4414 3807 4469 Et

2228 4520 2321 4574 erit
2345 4521 2484 4589 virgo
2506 4518 2586 4572 cui
2608 4532 2698 4588 ego
2719 4515 2893 4569 dixero
2912 4553 2929 4582 ,
2961 4512 3043 4566 Da
3064 4512 3185 4565 mihi
3207 4511 3371 4564 bibere
3398 4508 3637 4579 pusillum
3662 4520 3808 4577 aqua!

2229 4613 2292 4667 de
2317 4612 2497 4682 hydria
2522 4620 2609 4664 tua
2628 4649 2644 4675 ,
2672 4619 2715 4662 et
2740 4609 2869 4662 dicet
2889 4607 3041 4672 mihi,
3066 4603 3132 4659 Et
3162 4615 3215 4657 tu
3244 4604 3383 4667 bibe,
3409 4612 3456 4655 et
3479 4600 3685 4654 camelis
3708 4599 3809 4654 tuis

2229 4703 2458 4756 hauriam
2483 4715 2503 4755 :
2534 4700 2642 4755 hac
2664 4699 2845 4752 mulier
2872 4707 2942 4751 est
2967 4713 3114 4766 quam
3145 4694 3339 4765 pararit
3367 4689 3613 4745 Dominus
3638 4690 3810 4758 [amu-

2230 4794 2280 4849 lo
2304 4810 2395 4849 suo
2422 4792 2591 4846 Isaac.
2622 4790 2828 4859 Quibus
2854 4789 3031 4844 verbis
3055 4790 3181 4842 satis
3201 4786 3473 4841 evidenter
3492 4796 3807 4852 expressum

2230 4894 2331 4951 est,
2360 4885 2521 4940 etiam
2541 4884 2789 4937 mulieres
2807 4880 3094 4951 appellatas
3118 4877 3380 4932 locutione
3401 4874 3669 4939 hebraica,
3688 4886 3809 4942 qua:

2230 4979 2460 5047 virgines
2484 4985 2683 5031 essent.

2302 5072 2399 5146 [lb.
2425 5070 2538 5144 48.]
2565 5070 2628 5124 Et
2672 5066 2899 5122 benedixi
2947 5063 3220 5118 Dominum
3268 5060 3432 5115 Deum
3482 5056 3676 5112 domini
3713 5055 3809 5109 sui

2232 5166 2485 5222 Abraham
2506 5179 2526 5218 :
2546 5159 2960 5217 honorificentia:
2980 5157 3176 5211 locutio
3199 5163 3299 5219 est,
3322 5160 3377 5207 et
3398 5148 3809 5205 familiarissima

2230 5255 2538 5326 Scripturis,
2570 5253 2707 5306 sicut
2734 5251 2872 5305 Deus
2899 5248 3082 5302 llclite.

2305 5347 2408 5423 [lb.
2431 5344 2548 5418 49.]
2577 5342 2880 5400 lienuntiats
2906 5338 3030 5393 mihi
3069 5346 3124 5391 ut
3160 5336 3359 5391 redeam
3377 5334 3432 5387 in
3456 5331 3687 5387 dextram
3718 5334 3811 5380 aut

2232 5421 2507 5496 sinistram.
2546 5437 2644 5491 Per
2668 5434 2907 5489 dextram
2953 5428 3384 5500 prosperitatem,
3412 5439 3506 5494 per
3538 5421 3811 5476 sinistram

2233 5532 2606 5587 adversitatcm
2636 5522 2976 5596 significavit;
3004 5520 3055 5575 id
3073 5528 3155 5576 est
3178 5519 3438 5579 dextram,
3456 5516 3501 5570 si
3525 5526 3811 5570 concesse-

2234 5625 2373 5687 rint;
2399 5621 2686 5683 sinistram,
2728 5617 2774 5672 si
2803 5631 2910 5670 non
2939 5610 3330 5668 cenasserint:
3361 5623 3482 5663 nam
3522 5605 3704 5672 utique
3744 5618 3811 5657 ea

2236 5718 2321 5772 via
2360 5712 2626 5768 rediturus
2660 5708 2827 5763 fuerat
2864 5720 2967 5776 qua
3005 5712 3225 5761 venerat
3247 5720 3260 5756 :
3285 5715 3441 5770 quam
3483 5696 3808 5752 locutionem
