4094 6502
343 341 449 398 493

341 454 733 523 Scripturarum
768 453 928 511 etiam
967 462 1158 511 cetera
1197 470 1379 512 earum
1426 454 1538 511 loca
1575 453 1916 518 indicabunt;

341 547 462 616 quia
499 548 685 603 dextra
716 547 1019 603 nominatur
1057 548 1106 601 in
1134 547 1379 602 omnibus
1404 546 1555 601 bonis
1575 587 1589 609 ,
1618 544 1829 600 sinislra
1862 544 1915 598 in

341 639 517 704 malis,
546 639 659 693 sive
692 638 917 694 felicitas
938 646 993 694 et
1028 638 1326 705 infelicitas,
1363 638 1476 691 sive
1504 637 1702 706 justitia
1742 644 1796 689 et
1833 636 1915 689 in-

334 728 562 799 justitia,
589 738 647 785 et
695 728 979 800 aliquando
1028 729 1211 785 dextra
1260 728 1314 784 in
1356 727 1592 794 azternis,
1620 727 1830 783 sinislra
1863 726 1915 781 in

340 820 739 888 temporalibus.

406 908 509 981 [lb.
540 926 682 975 xxv,
712 908 824 984 13.]
854 910 978 967 Hac
1009 920 1124 967 sunt
1148 912 1349 967 nomina
1380 912 1601 980 filiorum
1624 909 1811 965 lsmael
1838 928 1917 966 se-

339 1000 560 1053 cundum
580 1003 783 1056 nomina
796 1004 1170 1075 generationum
1186 1018 1356 1057 eorum
1371 1020 1390 1058 :
1409 1010 1652 1072 tanquam
1670 1002 1909 1065 dixisset,

338 1090 629 1146 secundum
657 1108 777 1163 qua:
801 1094 1013 1149 nomina
1039 1094 1409 1166 generationes
1434 1108 1617 1149 eorum
1638 1093 1912 1163 appellatae

336 1189 475 1235 sunt.

411 1275 513 1347 [lb.
547 1274 664 1349 20.]
712 1276 913 1346 Accepit
943 1276 1218 1331 Rebeccam
1257 1276 1418 1345 ﬁliam
1452 1274 1667 1330 Batltucl
1696 1275 1817 1347 Syri
1848 1276 1909 1330 de

338 1370 704 1440 Nesopotamia
731 1410 747 1436 ,
775 1384 995 1423 sororem
1031 1367 1204 1422 Laban
1248 1366 1370 1438 Syri
1394 1408 1408 1432 ,
1454 1368 1547 1421 sibi
1586 1368 1636 1420 in
1667 1383 1871 1421 uxorem
1891 1380 1910 1419 :

334 1478 452 1518 cum
489 1468 672 1532 posset
689 1460 793 1515 diei
819 1459 1203 1525 tantummodo,
1231 1474 1473 1523 uxorem;
1501 1467 1629 1526 aut,
1656 1459 1748 1512 sibi
1777 1475 1907 1512 uro-

332 1570 433 1606 rem
440 1593 453 1605 .

401 1641 502 1713 [lb.
526 1636 641 1716 21.]
661 1639 725 1695 Et
755 1641 801 1696 ei
818 1650 962 1695 erant
982 1640 1167 1713 gemini
1189 1641 1239 1693 in
1264 1648 1403 1695 utero
1429 1642 1566 1712 ejus;
1587 1654 1707 1695 cum
1730 1650 1907 1710 posset

332 1749 435 1788 non
466 1733 589 1788 addi
611 1732 751 1803 quod
771 1733 968 1788 dictum
993 1743 1095 1797 est,
1117 1734 1245 1804 ejus.
1748 1752 1751 1755 ί

400 1824 501 1895 [11).
526 1824 641 1897 27.]
658 1825 923 1881 Creverunt
943 1834 1109 1878 autem
1120 1826 1347 1895 juvenes.
1372 1824 1464 1879 Est
1488 1824 1606 1880 talis
1631 1824 1826 1879 locutio
1852 1832 1906 1879 et

329 1918 466 1985 apud
490 1926 735 1973 auctores
760 1917 1065 1983 saeculares,
1085 1917 1237 1972 sicuti
1267 1924 1347 1971 est
1368 1957 1384 1982 ,
1430 1914 1497 1971 Et
1522 1924 1662 1971 scuta
1693 1917 1903 1970 latentia

326 2007 550 2059 condunt
591 2006 763 2077 (Virg.
792 2004 1004 2061 £neid.
1034 2007 1120 2061 lib.
1151 2007 1214 2070 5,
1238 2022 1284 2061 υ.
1325 2006 1454 2077 257)
1480 2023 1494 2060 :
1522 2006 1574 2061 id
1616 2016 1698 2062 est
1720 2048 1736 2074 ,
1776 2023 1904 2061 cott—

327 2097 501 2151 dendo
534 2097 743 2151 latentia
772 2098 987 2151 facittnt.
1016 2096 1104 2152 Sic
1141 2106 1194 2151 et
1229 2098 1347 2163 hic,
1376 2095 1645 2152 Creoerunt
1668 2098 1898 2167 juvenes,

324 2206 444 2243 cum
470 2189 697 2244 infantes
722 2201 921 2255 essent,
951 2190 1279 2260 intelligitur,
1302 2188 1593 2245 crescendo
1620 2188 1743 2244 facti
1774 2198 1902 2244 sunt

321 2278 566 2346 juvenes.

393 2367 494 2440 [lb.
519 2369 581 2424 ’51
595 2366 635 2442 .]
663 2368 826 2424 Iacob
845 2369 911 2425 ad
929 2368 1089 2436 Esau,
1104 2368 1274 2425 Vende
1291 2371 1415 2426 mihi
1429 2369 1579 2427 hodie
1593 2372 1897 2443 primogeni-

323 2471 375 2512 ta
397 2471 483 2512 tua
505 2461 666 2515 mihi:
689 2462 767 2515 sic
786 2461 925 2516 enim
953 2460 1148 2516 habent
1172 2462 1380 2517 codices
1403 2463 1582 2533 graeci.

391 2549 493 2623 [lb.
528 2569 670 2620 xxvi,
696 2551 813 2626 28.]
863 2552 1091 2608 Videntes
1130 2554 1344 2609 vidimus
1386 2555 1505 2625 quia
1534 2563 1608 2609 est
1649 2552 1898 2609 Dominus

318 2650 501 2695 tecum.

390 2730 492 2805 [lb.
525 2732 639 2806 28.]
671 2734 735 2789 Et
763 2735 1085 2805 disponemus
1106 2745 1265 2791 tecum
1290 2746 1637 2793 testamentum
1666 2754 1684 2793 :
1713 2745 1895 2793 amant

317 2820 609 2891 Scriptum
666 2840 760 2893 pro
811 2836 965 2896 pacto
1011 2842 1206 2897 ponere
1258 2836 1653 2896 testamentum,
1707 2829 1756 2884 id
1813 2837 1896 2884 est

316 2916 564 2975 διαθήκην.
622 2915 770 2983 Quod
814 2917 957 2971 latini
1000 2917 1217 2983 habent,
1264 2918 1332 2972 Et
1376 2920 1694 2991 disponemus
1733 2930 1894 2975 tecum

316 3014 662 3060 testamentum
683 3024 745 3061 ne
769 3009 930 3079 facias
944 3010 1199 3064 nobiscum
1225 3011 1414 3065 malum
1437 3027 1456 3065 :
1477 3021 1723 3081 tanquam
1748 3011 1893 3066 dice-

315 3106 480 3160 retur,
512 3106 569 3151 ut
599 3098 881 3166 paciscaris
906 3115 1010 3154 non
1043 3100 1215 3155 facere
1240 3102 1511 3156 nobiscum
1540 3102 1759 3157 malum.

386 3185 485 3255 [lb.
507 3203 676 3253 xxvu,
704 3186 780 3260 1.]
800 3188 863 3242 Et
891 3191 1079 3244 uocauit
1103 3191 1263 3260 ﬁliuni
1284 3208 1429 3246 suum
1448 3194 1691 3247 seniorem
1712 3193 1850 3247 Esau
1872 3235 1886 3256 ,

310 3286 358 3328 et
383 3277 552 3331 dixit:
577 3277 678 3332 hoc
707 3279 823 3333 loco
860 3281 1086 3335 senioris
1119 3296 1310 3336 nomen
1349 3298 1452 3336 non
1479 3282 1737 3352 significat
1760 3291 1890 3336 aita-

313 3377 420 3422 tem
451 3384 687 3438 gravem,
712 3372 805 3426 sed
826 3387 889 3426 cx
911 3370 1309 3442 comparatione
1334 3373 1612 3442 majorem.

383 3457 485 3530 [lb.
512 3458 592 3532 5.]
622 3458 775 3514 Nunc
815 3478 931 3533 ergo
972 3478 1115 3515 sums
1143 3477 1229 3515 vas
1266 3470 1406 3516 tuum
1434 3462 1816 3533 pharetramque
1844 3472 1889 3517 et

309 3566 485 3602 arcum
515 3565 533 3604 :
562 3567 667 3605 non
706 3550 837 3605 dixit
870 3567 993 3607 vasa
1013 3594 1029 3619 ,
1069 3552 1163 3607 sed
1191 3568 1275 3606 vas
1303 3567 1322 3606 :
1346 3551 1487 3622 quod
1521 3562 1697 3607 autem
1731 3553 1887 3607 intel-

310 3640 401 3709 ligi
434 3643 617 3705 \olnit,
650 3656 755 3695 non
785 3651 1024 3712 apparet,
1056 3642 1155 3697 nisi
1188 3642 1324 3697 forte
1343 3642 1540 3696 locutio
1566 3651 1681 3708 est,
1715 3655 1769 3695 ut
1796 3658 1887 3698 vas

308 3730 614 3796 pharetram
639 3731 864 3786 voluerit
889 3733 1130 3803 intelligi,
1158 3741 1210 3787 et
1234 3733 1547 3803 exponendo
1576 3732 1699 3803 quid
1736 3735 1886 3786 dixe-

307 3823 377 3875 rit
416 3838 546 3889 vas,
576 3823 873 3894 adjunxerit
916 3825 1297 3893 pharetramque
1322 3835 1367 3878 et
1403 3840 1604 3889 arcum,
1640 3834 1885 3895 tanquam

302 3913 521 3979 dixerit,
551 3930 701 3969 sume
730 3931 820 3969 vas
850 3924 996 3970 tuum
1025 3926 1079 3971 et
1109 3916 1407 3987 pharetram
1432 3932 1447 3982 ;
1474 3917 1632 3972 veluti
1666 3919 1709 3971 si
1740 3918 1886 3972 dice-

303 4015 410 4066 ret,
440 4022 591 4061 sume
616 4020 708 4059 vas
736 4015 900 4071 tuum,
935 4007 987 4062 id
1021 4017 1101 4063 est
1133 4007 1430 4075 pharetram
1460 4026 1475 4063 :
1500 4008 1692 4064 deinde
1720 4008 1882 4073 aliud,

300 4107 357 4152 et
387 4114 567 4152 arcum
588 4141 604 4163 ,
648 4099 788 4169 quod
818 4117 921 4153 non
956 4100 1020 4155 ad
1050 4100 1174 4154 illud
1205 4116 1298 4154 vas
1330 4100 1615 4170 pertineret
1637 4100 1779 4173 quod
1804 4109 1887 4156 est

302 4188 561 4257 pharetra
603 4207 617 4243 :
655 4199 746 4244 aut
784 4197 929 4245 certe
963 4190 1265 4261 pharetram
1306 4199 1361 4246 et
1395 4206 1574 4245 arcum
1603 4207 1697 4247 vas
1720 4191 1886 4246 voluit

300 4281 613 4350 appellare,
643 4282 961 4353 singularem
990 4297 1194 4352 ponens
1230 4298 1508 4339 numerum
1540 4300 1635 4354 pro
1659 4284 1879 4354 plurali;

300 4379 557 4441 tanquam
586 4372 631 4426 si
659 4372 878 4439 diceret,
908 4374 1089 4443 accipe
1118 4382 1316 4429 vestem
1342 4382 1505 4441 tuam,
1531 4389 1637 4446 quo
1668 4376 1884 4432 nomine

298 4463 719 4532 intelliget-emus
747 4464 923 4533 plures
954 4476 1163 4532 vestes,
1199 4467 1351 4521 sicuti
1381 4465 1721 4539 intelligimus
1745 4468 1883 4523 mili-

299 4563 412 4611 tem
442 4570 541 4625 pro
571 4556 844 4623 militibus,
875 4566 930 4611 et
958 4558 1121 4611 multa
1150 4568 1273 4613 sunt
1298 4559 1440 4612 talia.

375 4646 482 4720 [lb.
509 4647 589 4721 5.]
616 4649 717 4703 Exi
744 4650 795 4703 in
818 4666 1074 4719 campum,
1103 4660 1151 4706 et
1170 4668 1351 4705 venare
1373 4651 1497 4706 mihi
1522 4652 1851 4707 versationem.

372 4736 473 4811 [11).
506 4737 586 4809 9.]
617 4739 681 4792 Et
717 4740 840 4793 vade
875 4739 943 4793 ad
967 4756 1115 4805 oves,
1159 4750 1207 4795 et
1231 4757 1373 4795 sume
1406 4742 1531 4796 mihi
1562 4742 1688 4797 duos
1710 4744 1880 4799 haedos

296 4839 501 4883 teneros
544 4837 590 4883 et
636 4828 788 4885 bonos
817 4845 838 4884 :
867 4830 1079 4885 nomine
1129 4831 1306 4886 ovium
1351 4831 1625 4901 utriusque
1670 4833 1879 4902 pecoris

294 4932 469 4987 genus
517 4916 871 4989 signiﬁcavit,
922 4918 1063 4991 quod
1112 4919 1164 4975 in
1213 4920 1413 4975 eisdem
1467 4922 1676 4991 pascuis
1723 4923 1877 4978 simul

293 5019 472 5065 crant.

373 5097 474 5169 [lb.
506 5115 672 5155 xxviii
692 5142 706 5165 ,
746 5099 826 5175 4.]
869 5102 934 5155 Et
970 5101 1051 5157 det
1087 5103 1174 5158 tibi
1203 5104 1592 5161 benedictionem
1616 5107 1776 5179 patris
1806 5106 1877 5163 tui

294 5193 559 5249 Abraham
590 5208 608 5249 ε
637 5193 782 5250 lsaac
809 5196 937 5250 dicit
964 5196 1073 5252 lilio
1097 5212 1195 5253 suo
1219 5197 1287 5254 de
1312 5213 1414 5255 avo
1437 5198 1553 5269 ejus
1578 5210 1727 5271 patre
1754 5217 1873 5257 suo.

369 5281 467 5353 [lb.
497 5282 579 5356 5.]
612 5282 677 5338 Et
704 5286 824 5341 exiit
851 5287 904 5340 in
928 5284 1343 5359 Mesopotamiam
1372 5290 1540 5363 Syria:
1558 5294 1740 5364 :quasi
1770 5294 1877 5349 Me-

292 5380 591 5444 sopotamia
618 5380 824 5435 dicatur
863 5380 964 5434 nisi
1002 5380 1169 5451 Syriae
1188 5422 1205 5448 ,
1250 5382 1491 5451 quamvis
1518 5382 1621 5439 hoc
1647 5385 1871 5455 Septua-

290 5470 435 5537 ginta
464 5485 572 5525 non
608 5470 804 5527 habere
830 5472 1207 5542 perhibeantur
1234 5473 1435 5546 Syria,
1465 5476 1558 5531 sed
1587 5492 1707 5532 cum
1732 5489 1874 5533 aste~

292 5562 434 5615 risco
458 5564 714 5632 scriptum
735 5572 835 5619 est.

367 5652 467 5726 [11).
491 5652 606 5727 15.]
632 5655 769 5709 Deus
796 5655 862 5710 ad
890 5646 1082 5721 Iacoﬁ,
1113 5655 1231 5711 Non
1260 5657 1601 5730 derelinquam
1624 5668 1690 5725 te,
1718 5660 1878 5716 donec

295 5742 487 5813 faciam
514 5745 685 5798 omnia
715 5760 827 5811 quc
848 5754 1008 5801 tecum
1041 5748 1236 5803 locutus
1257 5764 1370 5803 sum
1400 5765 1418 5805 :
1443 5751 1591 5821 quasi
1625 5750 1874 5806 dimissu-

1712 333 1915 394 LIBER
1956 336 2113 395 PR1)!
2120 337 2222 398 US.

3492 357 3593 413 1‘33

2024 469 2138 519 rus,
2165 470 2284 512 cum
2307 454 2525 525 fecerit;
2548 475 2653 516 non
2685 462 2885 534 utique,
2912 464 3003 521 sed
3030 464 3224 523 locutio
3250 479 3351 524 est.

2094 544 2193 619 [lb.
2227 564 2417 613 xxvnt,
2450 548 2557 625 l6.]
2586 550 2817 609 Surrexit
2862 552 3023 610 Iacob
3057 556 3121 611 de
3164 575 3340 615 somno
3380 577 3493 627 suo,
3546 573 3591 616 rt

2022 634 2166 701 dixit,
2204 636 2334 701 Quia
2361 649 2432 693 est
2452 639 2700 697 Dominus
2724 644 2776 698 in
2798 644 2909 701 loco
2933 646 3046 713 hoc,
3074 665 3167 721 ego
3193 661 3360 711 autem
3388 653 3588 725 ignora-

2022 726 2134 814 bam
2160 742 2181 781 :
2205 728 2390 797 plenus
2418 746 2606 789 sensus
2640 742 2757 800 est,
2787 736 2886 792 etsi
2929 752 3034 797 non
3081 738 3304 810 habeat,
3330 744 3467 814 quia.
3502 746 3589 799 Est
3623 770 3627 775 τ

2021 813 2266 871 Dominus
2292 819 2343 873 in
2365 818 2475 874 loco
2497 822 2625 888 hoc;
2651 838 2714 879 ac
2738 824 2781 879 si
2806 824 3025 891 diceret,
3046 837 3130 884 est
3151 826 3241 888 hic
3254 813 3587 888 demonstra-
3618 856 3623 861 ’

2023 905 2097 960 tio
2117 906 2325 963 Domini
2355 927 2369 964 :
2401 926 2503 964 non
2531 914 2671 968 enim
2698 915 2951 971 Dominus
2979 918 3027 971 in
3054 918 3169 972 loco
3195 928 3297 975 est.

2091 995 2189 1070 [lb.
2240 1015 2361 1055 xxix
2382 1041 2399 1068 ,
2430 1001 2507 1075 5.]
2541 1004 2703 1061 Iacob
2731 1007 3059 1079 interrogans
3096 1010 3234 1080 quod
3261 1012 3367 1079 ait,
3412 1010 3588 1070 Nostis

2018 1086 2191 1143 Laban
2216 1090 2382 1157 filium
2409 1091 2653 1148 Nachor?
2676 1110 2794 1150 cum
2825 1108 2967 1154 esset
2996 1100 3131 1154 filius
3162 1100 3411 1168 Bathuel;
3444 1104 3586 1160 intelo

2018 1177 2281 1248 ligendum
2311 1191 2394 1238 est
2423 1183 2733 1239 nobiliorem
2759 1186 2921 1242 fuisse
2946 1187 3169 1255 Nacltor,
3202 1199 3252 1245 et
3285 1193 3472 1248 merito
3500 1195 3583 1249 di-

2013 1269 2225 1339 gnitatis
2274 1272 2390 1342 ejus
2438 1271 2631 1329 factum
2686 1290 2805 1332 esse
2848 1284 2906 1331 ut
2954 1278 3020 1333 de
3063 1278 3176 1347 ipso
3218 1280 3581 1353 interrogaret.

2015 1359 2206 1417 Filium
2233 1372 2407 1419 autem
2430 1363 2533 1421 dici
2558 1373 2612 1421 et
2634 1367 2714 1420 avi
2736 1376 2790 1423 et
2815 1368 2995 1438 proavi
3022 1378 3074 1424 et
3098 1371 3232 1426 ultra
3258 1373 3473 1442 majoris
3496 1376 3583 1431 ali-

2011 1450 2161 1520 cujus
2192 1467 2313 1507 eum
2348 1454 2437 1524 qui
2475 1470 2541 1510 ex
2580 1456 2671 1511 illo
2716 1466 3065 1529 propagatur,
3110 1460 3462 1519 usitatissimrc
3503 1465 3579 1521 lo-

2011 1542 2239 1597 cutionis
2288 1552 2390 1599 est.
2441 1545 2576 1602 Hinc
2625 1555 2707 1602 est
2755 1548 2895 1619 quod
2944 1558 2998 1605 et
3050 1550 3191 1606 Isaac
3236 1562 3436 1621 patrem
3491 1556 3580 1611 filii

2009 1634 2089 1689 sui
2137 1636 2421 1707 appellavit
2457 1639 2757 1707 Abraham,
2806 1640 2942 1697 sicut
2980 1643 3137 1713 paulo
3181 1654 3302 1699 ante
3343 1660 3579 1703 comme—

2010 1728 2231 1785 moravi.

2080 1816 2178 1892 [lb.
2200 1817 2279 1892 7.]
2308 1819 2487 1875 Adhuc
2519 1830 2592 1877 est
2614 1822 2720 1878 dies
2750 1823 2908 1878 multa
2925 1865 2942 1893 ,
2966 1823 3186 1879 nondum
3215 1837 3286 1881 est
3310 1828 3433 1882 liora
3456 1846 3577 1884 con-

2005 1909 2245 1980 gregandi
2273 1926 2474 1981 pecora.

2076 1997 2173 2072 [lb.
2193 2016 2324 2069 xxx,
2355 2000 2435 2075 4.]
2464 2001 2529 2056 Et
2553 2002 2689 2057 dedit
2725 2003 2800 2059 illi
2822 2003 3023 2060 Ballam
3048 2007 3285 2063 ancillam
3312 2027 3455 2065 suam
3483 2012 3577 2082 ipsi

2004 2111 2212 2149 uxorem
2239 2111 2258 2150 :
2283 2098 2494 2165 plenum
2520 2107 2682 2164 esset,
2709 2102 2809 2155 etsi
2836 2100 2936 2171 ipsi
2962 2116 3067 2156 non
3094 2101 3399 2158 adderetur.

2075 2183 2174 2259 [lb.
2204 2184 2318 2259 27.]
2346 2186 2407 2242 Si
2431 2188 2596 2243 inueni
2622 2191 2836 2258 gratiam
2863 2199 2980 2244 ante
3008 2200 3073 2255 te,
3091 2202 3366 2263 auguratus
3390 2209 3577 2258 essem;

2002 2274 2251 2331 beneth
2274 2277 2407 2331 enim
2449 2293 2531 2331 me
2566 2276 2703 2333 Deus
2742 2280 2797 2333 in
2838 2279 3044 2334 introitu
3085 2289 3170 2336 tuo
3196 2296 3218 2336 :
3244 2297 3347 2337 non
3378 2283 3576 2338 videtur

2001 2380 2352 2437 consequens;
2367 2368 2491 2439 quia
2510 2368 2597 2425 hic
2616 2369 2895 2428 dicendum
2913 2370 3030 2438 fuit,
3051 2371 3106 2427 Si
3128 2372 3445 2429 invenissem
3462 2390 3577 2446 gra~

2000 2461 2125 2515 tiam
2162 2471 2283 2517 ante
2311 2471 2382 2528 te,
2402 2472 2688 2534 auguratus
2707 2478 2911 2529 essem;
2935 2480 3076 2521 nunc
3100 2474 3274 2521 autem
3298 2465 3359 2521 Si
3378 2469 3538 2522 iuvent
3563 2484 3578 2522 :

1999 2552 2132 2607 ordo
2160 2560 2261 2616 est,
2292 2552 2349 2609 Si
2376 2552 2555 2609 inveni
2573 2554 2795 2624 gratiam
2823 2563 2948 2610 ante
2977 2563 3062 2622 te,
3104 2557 3347 2626 permitte
3370 2572 3457 2612 me
3480 2571 3577 2611 au-

1996 2643 2207 2713 gurari;
2237 2644 2307 2697 ita
2334 2643 2475 2698 enim
2505 2643 2672 2711 dixit,
2700 2654 2976 2714 auguratus
3006 2661 3160 2700 essem
3179 2684 3197 2713 ,
3227 2653 3473 2716 tanquam
3494 2646 3577 2701 di-

1997 2740 2161 2799 ceret,
2190 2747 2223 2787 o
2248 2734 2291 2787 si
2322 2744 2610 2803 auguratus
2638 2749 2811 2789 essem
2838 2736 2851 2789 l
2884 2734 2934 2789 id
2962 2744 3063 2801 cst,
3095 2735 3162 2789 ad
3186 2734 3383 2791 bonum
3411 2751 3577 2808 augu-

1998 2821 2133 2876 rium
2162 2831 2211 2877 te
2237 2822 2290 2878 in
2320 2822 2477 2878 domo
2499 2839 2614 2878 mea
2646 2822 2916 2879 haberem.
3538 2822 3543 2829 ’

2069 2911 2167 2985 [lb.
2196 2912 2313 2986 '53.]
2341 2913 2408 2967 Et
2429 2914 2660 2969 exaudiet
2686 2932 2762 2969 me
2775 2915 2979 2986 justitia
3002 2933 3111 2971 mea
3135 2916 3188 2971 in
3212 2916 3295 2971 die
3317 2918 3536 2972 crastino
3560 2935 3574 2973 t

1997 3001 2048 3057 id
2074 3012 2175 3071 est,
2201 3003 2438 3060 exaudiri
2481 3020 2566 3060 me
2592 3006 2764 3059 faciet.

2066 3092 2168 3166 [11).
2197 3110 2341 3171 xxxi,
2371 3092 2453 3167 2.]
2481 3095 2545 3148 Et
2581 3096 2700 3149 vidit
2720 3094 2881 3151 Iacob
2917 3096 3098 3169 faciem
3130 3095 3305 3152 Laban
3327 3138 3344 3165 ,
3380 3107 3427 3152 et
3467 3115 3575 3153 eccs

1994 3199 2093 3237 non
2118 3193 2223 3238 crat
2246 3184 2313 3237 ad
2351 3200 2463 3239 eum
2495 3185 2621 3240 sicut
2660 3186 2890 3239 hesterna
2924 3195 2972 3240 et
3009 3186 3411 3242 nudiustertiana
3451 3190 3574 3243 die:

1995 3276 2402 3332 familiarissima
2443 3278 2495 3332 in
2526 3278 2815 3349 Scripturis
2858 3277 3087 3346 locutio,
3118 3277 3364 3335 hesterna
3394 3289 3443 3336 et
3472 3296 3573 3335 nu-

1992 3365 2337 3421 diustertiana
2365 3367 2471 3431 die,
2502 3383 2597 3437 pro
2633 3379 2870 3436 tempore
2907 3370 3174 3438 prmterito
3199 3372 3395 3440 posuit.

2064 3455 2165 3530 [lb.
2193 3456 2305 3532 10.]
2339 3458 2403 3512 Et
2438 3459 2539 3512 ridi
2560 3460 2717 3513 oculis
2744 3460 2864 3514 meis
2902 3459 2953 3514 in
2991 3476 3203 3529 somno;
3244 3477 3363 3518 cum
3405 3462 3570 3519 clausi

1991 3548 2099 3603 sint
2124 3546 2178 3602 in
2203 3562 2391 3601 somno
2420 3546 2560 3603 oeuli
2588 3548 2847 3618 corporis.

2060 3636 2162 3711 [lb.
2193 3635 2305 3712 15.]
2326 3637 2434 3709 Ego
2465 3653 2577 3693 sum
2598 3636 2755 3702 Deus,
2782 3638 2869 3710 qui
2894 3640 3111 3711 apparui
3130 3639 3218 3695 tibi
3242 3644 3294 3696 in
3320 3642 3430 3697 loco
3453 3641 3569 3712 Dei,

1994 3727 2189 3783 locutio
2212 3740 2296 3783 est
2328 3746 2343 3783 :
2374 3744 2442 3783 an
2475 3728 2614 3783 Deus
2639 3730 2692 3783 in
2719 3729 2837 3784 loco
2863 3730 2955 3786 Dei
2976 3731 3054 3786 sic
3077 3731 3440 3802 accipiendum
3464 3742 3569 3799 est,

1989 3817 2286 3887 quomodo,
2336 3816 2481 3872 Pluit
2511 3817 2755 3873 Dominus
2790 3834 2824 3871 a
2864 3818 3080 3874 Domino
3116 3819 3266 3893 (Gen.
3288 3836 3377 3876 xix
3397 3862 3413 3889 ,
3439 3820 3532 3894 24)
3553 3862 3567 3886 ,

1989 3907 2158 3963 Filius
2187 3923 2216 3961 a
2243 3909 2443 3965 Patre?

2060 3997 2158 4071 [lb.
2185 3996 2299 4071 '51.]
2323 3997 2647 4069 Respondens
2686 4007 2851 4052 autem
2889 3996 3049 4054 Iacob
3092 3998 3219 4054 dixit
3251 3997 3321 4053 ad
3361 3999 3566 4067 Laban,

1987 4086 2112 4143 Dixi
2143 4089 2277 4143 enim
2317 4104 2380 4143 ne
2412 4092 2543 4162 forte
2569 4092 2772 4162 auferas
2798 4088 2935 4160 ﬁlias
2970 4098 3083 4145 tuas
3111 4106 3142 4142 a
3182 4105 3292 4158 me,
3324 4100 3370 4144 et
3398 4093 3566 4146 omnia

1986 4196 2117 4233 mea.

2056 4268 2156 4343 [lb.
2330 4265 2550 4324 Intravit
2566 4276 2731 4323 autem
2756 4264 2935 4323 Laban
2972 4275 3019 4323 et
3058 4266 3363 4324 inscrutatus
3407 4280 3480 4325 est
3513 4271 3565 4325 in

1985 4364 2133 4417 domo
2160 4361 2268 4416 Lit:
2296 4377 2316 4417 :
2340 4360 2720 4417 advertendum
2747 4368 2830 4417 est
2856 4360 3121 4431 quomodo
3145 4350 3565 4418 dicatur'domus

1985 4454 2200 4521 uxoris,
2241 4468 2363 4509 cum
2401 4452 2453 4508 in
2493 4452 2682 4507 itinere
2721 4450 3087 4522 comprehensi
3125 4452 3232 4506 sint
3273 4468 3304 4507 a
3343 4452 3559 4517 Liban;

1984 4545 2084 4601 nisi
2117 4545 2253 4600 forte
2276 4542 2602 4600 consuetudo
2638 4542 3027 4615 Scripturarum
3058 4541 3187 4598 dicit
3213 4543 3428 4599 domum
3466 4562 3562 4615 pro

1982 4637 2227 4691 cubiculo
2253 4635 2337 4691 vel
2372 4635 2619 4702 tentorio,
2649 4633 2915 4706 quomodo
2943 4634 3102 4690 etiam
3131 4634 3439 4691 ancillarum
3465 4636 3563 4691 do-

1983 4740 2100 4781 mos
2123 4727 2268 4781 dicit.

2053 4817 2153 4893 [lb.
2179 4816 2293 4892 37.]
2318 4815 2480 4871 Iacob
2520 4816 2640 4872 dicit
2684 4816 2753 4872 ad
2795 4814 2967 4873 Laban
2989 4859 3005 4885 ,
3048 4817 3179 4886 Quia
3217 4830 3469 4877 scrutatus
3505 4839 3559 4878 es

1982 4912 2150 4967 omnia
2192 4928 2311 4966 casa
2349 4910 2528 4964 domus
2563 4926 2687 4965 mea:
2714 4925 2734 4965 :
2758 4924 2900 4966 mmc
2936 4925 3093 4965 unam
3134 4911 3349 4967 domum
3393 4913 3554 4981 dicit,

1980 5004 2131 5074 cujus
2165 5002 2399 5058 membra
2426 5012 2577 5057 erant
2612 5002 2801 5057 domus
2828 5017 3048 5058 uxorum
3083 5004 3198 5073 ejus
3221 5014 3275 5060 et
3302 5006 3555 5060 concubi-

1982 5109 2205 5159 narum;
2250 5101 2309 5148 ut
2354 5092 2673 5171 intelligatur
2716 5090 2905 5146 domos
2943 5093 3267 5163 appellatas,
3304 5109 3423 5148 cuin
3463 5110 3555 5148 es-

1980 5195 2101 5241 sent
2144 5184 2387 5241 cubicula
2429 5190 2523 5239 aut
2568 5181 2830 5251 tentoria,
2877 5198 3013 5254 quos
3058 5186 3216 5239 etiam
3267 5186 3555 5255 papiliones

1979 5284 2191 5333 vocant.

2049 5366 2147 5443 [lb.
2165 5364 2280 5440 δί]
2297 5364 2415 5421 Nisi
2437 5364 2571 5423 Deus
2595 5367 2753 5436 patris
2773 5367 2869 5422 mei
2894 5367 3147 5423 Abraham
3166 5378 3214 5422 et
3238 5368 3385 5422 timor
3406 5368 3554 5422 Isaac

1978 5461 2222 5531 adfuisset
2248 5461 2264 5493 ¹
2295 5460 2419 5513 mihi
2445 5474 2466 5514 :
2490 5467 2693 5529 patrem
2728 5473 2882 5512 suum
2911 5460 3139 5527 appellat
3172 5474 3324 5512 avum
3364 5475 3517 5514 suttnt
3536 5502 3548 5521 ,

1978 5552 2116 5608 sicut
2138 5552 2186 5607 ei
2214 5551 2418 5606 dixerat
2443 5550 2586 5605 Isaac
2612 5558 2760 5620 pater
2782 5549 2917 5617 ejus.

2051 5645 2150 5721 [lb.
2178 5660 2324 5699 xxxtt
2345 5687 2359 5711 ,
2391 5641 2536 5716 5-5.]
2569 5642 2706 5695 Misit
2733 5652 2899 5695 autem
2935 5638 3095 5695 Iacob
3130 5642 3328 5697 nuntios
3350 5654 3465 5700 ante
3502 5660 3548 5699 se

2044 5762 2062 5794 ⁸
2088 5768 2138 5810 In
2158 5766 2287 5818 Iss.,
2304 5763 2454 5819 esset;
2472 5758 2609 5821 juxta
2632 5768 2776 5818 graec.
2803 5761 3016 5819 Lxx,ett
3039 5754 3150 5806 mat.
