  <div class='ocr_page' id='page_1' title='image "/cluster/home/n/w/nwhite01/storage/ocr_20150623/34/hvd.32044015706310/253.png"; bbox 0 0 4094 6486; ppageno 0'>
   <div class='ocr_carea' id='block_1_1' title="bbox 489 355 594 415">
    <p class='ocr_par' dir='ltr' id='par_1_1' title="bbox 489 355 594 415">
     <span class='ocr_line' id='line_1_1' title="bbox 489 355 594 415; baseline -0.048 0"><span class='ocrx_word' id='word_1_1' title='bbox 489 355 594 415; x_wconf 62' lang='lat'><strong>£95</strong></span> 
     </span>
    </p>
   </div>
   <div class='ocr_carea' id='block_1_2' title="bbox 491 462 2070 538">
    <p class='ocr_par' dir='ltr' id='par_1_2' title="bbox 491 462 2070 538">
     <span class='ocr_line' id='line_1_2' title="bbox 491 462 2070 538; baseline -0.007 -15"><span class='ocrx_word' id='word_1_2' title='bbox 491 471 562 523; x_wconf 89' lang='lat' dir='ltr'><strong>ad</strong></span> <span class='ocrx_word' id='word_1_3' title='bbox 581 465 721 522; x_wconf 85' lang='lat' dir='ltr'><strong><em>Esau</em></strong></span> <span class='ocrx_word' id='word_1_4' title='bbox 741 471 950 538; x_wconf 63' lang='lat' dir='ltr'><strong>patrem</strong></span> <span class='ocrx_word' id='word_1_5' title='bbox 970 481 1116 521; x_wconf 84' lang='lat' dir='ltr'><strong>suum</strong></span> <span class='ocrx_word' id='word_1_6' title='bbox 1135 465 1185 520; x_wconf 87' lang='lat' dir='ltr'><strong>in</strong></span> <span class='ocrx_word' id='word_1_7' title='bbox 1209 474 1392 520; x_wconf 89' lang='lat' dir='ltr'><strong>terram</strong></span> <span class='ocrx_word' id='word_1_8' title='bbox 1413 465 1529 520; x_wconf 88' lang='lat' dir='ltr'><strong>Seir</strong></span> <span class='ocrx_word' id='word_1_9' title='bbox 1542 466 1593 517; x_wconf 92' lang='lat' dir='ltr'><strong>in</strong></span> <span class='ocrx_word' id='word_1_10' title='bbox 1614 463 1865 533; x_wconf 85' lang='lat' dir='ltr'><strong>regionem</strong></span> <span class='ocrx_word' id='word_1_11' title='bbox 1887 462 2070 528; x_wconf 80' lang='lat' dir='ltr'><strong>Edoni,</strong></span> 
     </span>
    </p>
   </div>
   <div class='ocr_carea' id='block_1_3' title="bbox 495 552 2072 621">
    <p class='ocr_par' dir='ltr' id='par_1_3' title="bbox 495 552 2072 621">
     <span class='ocr_line' id='line_1_3' title="bbox 495 552 2072 621; baseline -0.006 -8"><span class='ocrx_word' id='word_1_12' title='bbox 495 558 753 613; x_wconf 81' lang='lat' dir='ltr'><strong>mandavit</strong></span> <span class='ocrx_word' id='word_1_13' title='bbox 793 557 897 613; x_wconf 87' lang='lat' dir='ltr'><strong>illis</strong></span> <span class='ocrx_word' id='word_1_14' title='bbox 935 557 1136 621; x_wconf 89' lang='lat' dir='ltr'><strong>dicens,</strong></span> <span class='ocrx_word' id='word_1_15' title='bbox 1185 555 1273 610; x_wconf 89' lang='lat' dir='ltr'><strong>Sic</strong></span> <span class='ocrx_word' id='word_1_16' title='bbox 1307 556 1478 609; x_wconf 88' lang='lat' dir='ltr'><strong>dicetis</strong></span> <span class='ocrx_word' id='word_1_17' title='bbox 1521 554 1724 607; x_wconf 86' lang='lat' dir='ltr'><strong>domino</strong></span> <span class='ocrx_word' id='word_1_18' title='bbox 1760 569 1869 606; x_wconf 86' lang='lat' dir='ltr'><strong>meo</strong></span> <span class='ocrx_word' id='word_1_19' title='bbox 1903 552 2072 615; x_wconf 85' lang='lat' dir='ltr'><strong>Esau,</strong></span> 
     </span>
    </p>
   </div>
   <div class='ocr_carea' id='block_1_4' title="bbox 496 645 2077 722">
    <p class='ocr_par' dir='ltr' id='par_1_4' title="bbox 496 645 2077 722">
     <span class='ocr_line' id='line_1_4' title="bbox 496 645 2077 722; baseline -0.006 -17"><span class='ocrx_word' id='word_1_20' title='bbox 496 652 586 707; x_wconf 82' lang='lat' dir='ltr'><strong>Sic</strong></span> <span class='ocrx_word' id='word_1_21' title='bbox 611 651 733 705; x_wconf 84' lang='lat' dir='ltr'><strong>dicit</strong></span> <span class='ocrx_word' id='word_1_22' title='bbox 757 667 882 722; x_wconf 84' lang='lat' dir='ltr'><strong>puer</strong></span> <span class='ocrx_word' id='word_1_23' title='bbox 904 659 1020 705; x_wconf 77' lang='lat' dir='ltr'><strong>tuus</strong></span> <span class='ocrx_word' id='word_1_24' title='bbox 1042 649 1222 713; x_wconf 82' lang='lat' dir='ltr'><strong>Jacob,</strong></span> <span class='ocrx_word' id='word_1_25' title='bbox 1256 664 1370 702; x_wconf 88' lang='lat' dir='ltr'><strong>cum</strong></span> <span class='ocrx_word' id='word_1_26' title='bbox 1394 646 1564 700; x_wconf 87' lang='lat' dir='ltr'><strong>Laban</strong></span> <span class='ocrx_word' id='word_1_27' title='bbox 1595 645 1812 699; x_wconf 83' lang='lat' dir='ltr'><strong>habitavi</strong></span> <span class='ocrx_word' id='word_1_28' title='bbox 1831 655 1876 698; x_wconf 92' lang='lat' dir='ltr'><strong>et</strong></span> <span class='ocrx_word' id='word_1_29' title='bbox 1904 645 2077 698; x_wconf 86' lang='lat' dir='ltr'><strong>demo-</strong></span> 
     </span>
    </p>
   </div>
   <div class='ocr_carea' id='block_1_5' title="bbox 495 734 2077 812">
    <p class='ocr_par' dir='ltr' id='par_1_5' title="bbox 495 734 2077 812">
     <span class='ocr_line' id='line_1_5' title="bbox 495 734 2077 812; baseline -0.006 -17"><span class='ocrx_word' id='word_1_30' title='bbox 495 753 636 796; x_wconf 84' lang='lat' dir='ltr'><strong>ratus</strong></span> <span class='ocrx_word' id='word_1_31' title='bbox 663 758 774 796; x_wconf 85' lang='lat' dir='ltr'><strong>smn</strong></span> <span class='ocrx_word' id='word_1_32' title='bbox 803 757 959 812; x_wconf 78' lang='lat' dir='ltr'><strong>usque</strong></span> <span class='ocrx_word' id='word_1_33' title='bbox 983 740 1133 794; x_wconf 86' lang='lat' dir='ltr'><strong>modo</strong></span> <span class='ocrx_word' id='word_1_34' title='bbox 1154 779 1169 804; x_wconf 97' lang='lat'><strong>,</strong></span> <span class='ocrx_word' id='word_1_35' title='bbox 1197 746 1242 792; x_wconf 91' lang='lat' dir='ltr'><strong>et</strong></span> <span class='ocrx_word' id='word_1_36' title='bbox 1267 741 1389 810; x_wconf 82' lang='lat' dir='ltr'><strong>facti</strong></span> <span class='ocrx_word' id='word_1_37' title='bbox 1416 746 1529 791; x_wconf 88' lang='lat' dir='ltr'><strong>sunt</strong></span> <span class='ocrx_word' id='word_1_38' title='bbox 1560 736 1683 789; x_wconf 89' lang='lat' dir='ltr'><strong>mihi</strong></span> <span class='ocrx_word' id='word_1_39' title='bbox 1709 737 1850 790; x_wconf 79' lang='lat' dir='ltr'><strong>boves</strong></span> <span class='ocrx_word' id='word_1_40' title='bbox 1875 744 1920 789; x_wconf 90' lang='lat' dir='ltr'><strong>et</strong></span> <span class='ocrx_word' id='word_1_41' title='bbox 1946 734 2077 787; x_wconf 85' lang='lat' dir='ltr'><strong>asini</strong></span> 
     </span>
    </p>
   </div>
   <div class='ocr_carea' id='block_1_6' title="bbox 491 827 2076 902">
    <p class='ocr_par' dir='ltr' id='par_1_6' title="bbox 491 827 2076 902">
     <span class='ocr_line' id='line_1_6' title="bbox 491 827 2076 902; baseline -0.005 -16"><span class='ocrx_word' id='word_1_42' title='bbox 491 843 542 886; x_wconf 91' lang='lat' dir='ltr'><strong>et</strong></span> <span class='ocrx_word' id='word_1_43' title='bbox 571 849 683 888; x_wconf 72' lang='lat' dir='ltr'><strong>ores</strong></span> <span class='ocrx_word' id='word_1_44' title='bbox 706 841 752 886; x_wconf 93' lang='lat' dir='ltr'><strong>et</strong></span> <span class='ocrx_word' id='word_1_45' title='bbox 785 832 927 902; x_wconf 88' lang='lat' dir='ltr'><strong>pueri</strong></span> <span class='ocrx_word' id='word_1_46' title='bbox 945 841 990 885; x_wconf 92' lang='lat' dir='ltr'><strong>et</strong></span> <span class='ocrx_word' id='word_1_47' title='bbox 1025 831 1235 901; x_wconf 68' lang='lat' dir='ltr'><strong>puellm,</strong></span> <span class='ocrx_word' id='word_1_48' title='bbox 1261 839 1307 882; x_wconf 91' lang='lat' dir='ltr'><strong>et</strong></span> <span class='ocrx_word' id='word_1_49' title='bbox 1333 829 1446 882; x_wconf 88' lang='lat' dir='ltr'><strong>misi</strong></span> <span class='ocrx_word' id='word_1_50' title='bbox 1473 829 1708 882; x_wconf 86' lang='lat' dir='ltr'><strong>nuntiare</strong></span> <span class='ocrx_word' id='word_1_51' title='bbox 1734 827 1936 880; x_wconf 90' lang='lat' dir='ltr'><strong>domino</strong></span> <span class='ocrx_word' id='word_1_52' title='bbox 1967 842 2076 879; x_wconf 78' lang='lat' dir='ltr'><strong>mro</strong></span> 
     </span>
    </p>
   </div>
   <div class='ocr_carea' id='block_1_7' title="bbox 498 918 1556 982">
    <p class='ocr_par' dir='ltr' id='par_1_7' title="bbox 498 918 1556 982">
     <span class='ocr_line' id='line_1_7' title="bbox 498 918 1556 982; baseline -0.005 -7"><span class='ocrx_word' id='word_1_53' title='bbox 498 921 637 977; x_wconf 82' lang='lat' dir='ltr'><strong>Esau</strong></span> <span class='ocrx_word' id='word_1_54' title='bbox 668 936 689 976; x_wconf 84' lang='lat'><strong>.&#39;</strong></span> <span class='ocrx_word' id='word_1_55' title='bbox 715 937 820 976; x_wconf 89' lang='lat' dir='ltr'><strong>non</strong></span> <span class='ocrx_word' id='word_1_56' title='bbox 847 920 997 982; x_wconf 90' lang='lat' dir='ltr'><strong>dixit,</strong></span> <span class='ocrx_word' id='word_1_57' title='bbox 1029 920 1146 974; x_wconf 89' lang='lat' dir='ltr'><strong>misi</strong></span> <span class='ocrx_word' id='word_1_58' title='bbox 1175 919 1415 973; x_wconf 88' lang='lat' dir='ltr'><strong>nuntiare</strong></span> <span class='ocrx_word' id='word_1_59' title='bbox 1444 918 1556 972; x_wconf 84' lang='lat' dir='ltr'><strong>libi.</strong></span> 
     </span>
    </p>
   </div>
   <div class='ocr_carea' id='block_1_8' title="bbox 563 1007 2072 1086">
    <p class='ocr_par' dir='ltr' id='par_1_8' title="bbox 563 1007 2072 1086">
     <span class='ocr_line' id='line_1_8' title="bbox 563 1007 2072 1086; baseline -0.005 -20"><span class='ocrx_word' id='word_1_60' title='bbox 563 1011 665 1086; x_wconf 90' lang='grc'><strong>[11).</strong></span> <span class='ocrx_word' id='word_1_61' title='bbox 711 1027 886 1076; x_wconf 87' lang='lat' dir='ltr'><strong>xxxtt,</strong></span> <span class='ocrx_word' id='word_1_62' title='bbox 927 1009 1036 1082; x_wconf 86' lang='lat'><strong>17.]</strong></span> <span class='ocrx_word' id='word_1_63' title='bbox 1066 1009 1129 1065; x_wconf 89' lang='lat' dir='ltr'><strong>Si</strong></span> <span class='ocrx_word' id='word_1_64' title='bbox 1175 1009 1552 1080; x_wconf 62' lang='lat' dir='ltr'><strong>interrogaret-it</strong></span> <span class='ocrx_word' id='word_1_65' title='bbox 1604 1017 1650 1062; x_wconf 88' lang='lat' dir='ltr'><strong>te</strong></span> <span class='ocrx_word' id='word_1_66' title='bbox 1684 1007 1823 1063; x_wconf 82' lang='lat' dir='ltr'><strong><em>Esau</em></strong></span> <span class='ocrx_word' id='word_1_67' title='bbox 1877 1007 2072 1072; x_wconf 88' lang='lat' dir='ltr'><strong>dicens,</strong></span> 
     </span>
    </p>
   </div>
   <div class='ocr_carea' id='block_1_9' title="bbox 493 1099 2078 1177">
    <p class='ocr_par' dir='ltr' id='par_1_9' title="bbox 493 1099 2078 1177">
     <span class='ocr_line' id='line_1_9' title="bbox 493 1099 2078 1177; baseline -0.004 -17"><span class='ocrx_word' id='word_1_68' title='bbox 493 1105 653 1177; x_wconf 85' lang='lat' dir='ltr'><strong>Cujus</strong></span> <span class='ocrx_word' id='word_1_69' title='bbox 668 1106 756 1160; x_wconf 70' lang='lat' dir='ltr'><strong>es!</strong></span> <span class='ocrx_word' id='word_1_70' title='bbox 769 1114 817 1158; x_wconf 91' lang='lat' dir='ltr'><strong>et</strong></span> <span class='ocrx_word' id='word_1_71' title='bbox 843 1120 940 1173; x_wconf 85' lang='lat' dir='ltr'><strong>quo</strong></span> <span class='ocrx_word' id='word_1_72' title='bbox 968 1103 1146 1156; x_wconf 79' lang='lat' dir='ltr'><strong>vadis?</strong></span> <span class='ocrx_word' id='word_1_73' title='bbox 1174 1111 1221 1156; x_wconf 90' lang='lat' dir='ltr'><strong>et</strong></span> <span class='ocrx_word' id='word_1_74' title='bbox 1245 1103 1388 1172; x_wconf 88' lang='lat' dir='ltr'><strong>cujus</strong></span> <span class='ocrx_word' id='word_1_75' title='bbox 1410 1103 1513 1154; x_wconf 79' lang='lat' dir='ltr'><strong>hwc</strong></span> <span class='ocrx_word' id='word_1_76' title='bbox 1534 1117 1647 1171; x_wconf 63' lang='lat' dir='ltr'><strong>quae</strong></span> <span class='ocrx_word' id='word_1_77' title='bbox 1664 1099 1963 1154; x_wconf 85' lang='lat' dir='ltr'><strong>antecedunt</strong></span> <span class='ocrx_word' id='word_1_78' title='bbox 1990 1110 2038 1152; x_wconf 91' lang='lat' dir='ltr'><strong>te</strong></span> <span class='ocrx_word' id='word_1_79' title='bbox 2051 1099 2078 1153; x_wconf 70' lang='grc' dir='ltr'><em>ἵ</em></span> 
     </span>
    </p>
   </div>
   <div class='ocr_carea' id='block_1_10' title="bbox 490 1193 2074 1264">
    <p class='ocr_par' dir='ltr' id='par_1_10' title="bbox 490 1193 2074 1264">
     <span class='ocr_line' id='line_1_10' title="bbox 490 1193 2074 1264; baseline -0.004 -14"><span class='ocrx_word' id='word_1_80' title='bbox 490 1207 537 1251; x_wconf 89' lang='lat' dir='ltr'><strong>et</strong></span> <span class='ocrx_word' id='word_1_81' title='bbox 557 1198 693 1253; x_wconf 80' lang='lat' dir='ltr'><strong><em>dices</em></strong></span> <span class='ocrx_word' id='word_1_82' title='bbox 713 1239 728 1262; x_wconf 96' lang='lat'><strong>,</strong></span> <span class='ocrx_word' id='word_1_83' title='bbox 765 1196 916 1252; x_wconf 80' lang='lat' dir='ltr'><strong>Pueri</strong></span> <span class='ocrx_word' id='word_1_84' title='bbox 946 1195 1018 1250; x_wconf 85' lang='lat' dir='ltr'><strong>tui</strong></span> <span class='ocrx_word' id='word_1_85' title='bbox 1045 1193 1206 1249; x_wconf 73' lang='lat' dir='ltr'><strong>Jac-ob</strong></span> <span class='ocrx_word' id='word_1_86' title='bbox 1233 1209 1252 1249; x_wconf 92' lang='lat'><strong><em>:</em></strong></span> <span class='ocrx_word' id='word_1_87' title='bbox 1282 1195 1494 1264; x_wconf 89' lang='lat' dir='ltr'><strong>plenum</strong></span> <span class='ocrx_word' id='word_1_88' title='bbox 1525 1201 1667 1248; x_wconf 89' lang='lat' dir='ltr'><strong>esset</strong></span> <span class='ocrx_word' id='word_1_89' title='bbox 1694 1202 1747 1248; x_wconf 95' lang='lat' dir='ltr'><strong>et</strong></span> <span class='ocrx_word' id='word_1_90' title='bbox 1777 1193 2036 1262; x_wconf 80' lang='lat' dir='ltr'><strong>inlrgt&#39;ultt</strong></span> <span class='ocrx_word' id='word_1_91' title='bbox 2057 1231 2074 1258; x_wconf 95' lang='lat'><strong>,</strong></span> 
     </span>
    </p>
   </div>
   <div class='ocr_carea' id='block_1_11' title="bbox 490 1288 1206 1346">
    <p class='ocr_par' dir='ltr' id='par_1_11' title="bbox 490 1288 1206 1346">
     <span class='ocr_line' id='line_1_11' title="bbox 490 1288 1206 1346; baseline -0.008 0"><span class='ocrx_word' id='word_1_92' title='bbox 490 1292 648 1346; x_wconf 90' lang='lat' dir='ltr'><strong>etiam</strong></span> <span class='ocrx_word' id='word_1_93' title='bbox 679 1291 723 1346; x_wconf 90' lang='lat' dir='ltr'><strong><em>si</em></strong></span> <span class='ocrx_word' id='word_1_94' title='bbox 751 1299 798 1343; x_wconf 90' lang='lat' dir='ltr'><strong>et</strong></span> <span class='ocrx_word' id='word_1_95' title='bbox 823 1304 931 1343; x_wconf 89' lang='lat' dir='ltr'><strong>non</strong></span> <span class='ocrx_word' id='word_1_96' title='bbox 968 1288 1206 1343; x_wconf 91' lang='lat' dir='ltr'><strong>haberet.</strong></span> 
     </span>
    </p>
   </div>
   <div class='ocr_carea' id='block_1_12' title="bbox 559 1376 2078 1458">
    <p class='ocr_par' dir='ltr' id='par_1_12' title="bbox 559 1376 2078 1458">
     <span class='ocr_line' id='line_1_12' title="bbox 559 1376 2078 1458; baseline -0.008 -20"><span class='ocrx_word' id='word_1_97' title='bbox 559 1383 659 1458; x_wconf 89' lang='lat' dir='ltr'><strong>[lb.</strong></span> <span class='ocrx_word' id='word_1_98' title='bbox 692 1381 805 1457; x_wconf 81' lang='lat'><strong>18.]</strong></span> <span class='ocrx_word' id='word_1_99' title='bbox 826 1382 1040 1436; x_wconf 79' lang='lat' dir='ltr'><strong>Munera</strong></span> <span class='ocrx_word' id='word_1_100' title='bbox 1069 1382 1202 1435; x_wconf 88' lang='lat' dir='ltr'><strong>misit</strong></span> <span class='ocrx_word' id='word_1_101' title='bbox 1230 1380 1432 1434; x_wconf 86' lang='lat' dir='ltr'><strong>domino</strong></span> <span class='ocrx_word' id='word_1_102' title='bbox 1454 1397 1560 1433; x_wconf 88' lang='lat' dir='ltr'><strong>meo</strong></span> <span class='ocrx_word' id='word_1_103' title='bbox 1591 1377 1746 1438; x_wconf 78' lang='lat' dir='ltr'><strong>Esau.</strong></span> <span class='ocrx_word' id='word_1_104' title='bbox 1771 1387 1816 1430; x_wconf 84' lang='lat' dir='ltr'><strong>et</strong></span> <span class='ocrx_word' id='word_1_105' title='bbox 1839 1391 1948 1430; x_wconf 80' lang='lat' dir='ltr'><strong>ecce</strong></span> <span class='ocrx_word' id='word_1_106' title='bbox 1972 1376 2078 1445; x_wconf 85' lang='lat' dir='ltr'><strong>ipse</strong></span> 
     </span>
    </p>
   </div>
   <div class='ocr_carea' id='block_1_13' title="bbox 489 1467 2072 1546">
    <p class='ocr_par' dir='ltr' id='par_1_13' title="bbox 489 1467 2072 1546">
     <span class='ocr_line' id='line_1_13' title="bbox 489 1467 2072 1546; baseline -0.006 -16"><span class='ocrx_word' id='word_1_107' title='bbox 489 1484 600 1546; x_wconf 82' lang='lat' dir='ltr'><strong>post</strong></span> <span class='ocrx_word' id='word_1_108' title='bbox 639 1492 730 1529; x_wconf 89' lang='lat' dir='ltr'><strong>nos</strong></span> <span class='ocrx_word' id='word_1_109' title='bbox 758 1489 776 1530; x_wconf 90' lang='lat'><strong><em>:</em></strong></span> <span class='ocrx_word' id='word_1_110' title='bbox 804 1473 1087 1528; x_wconf 89' lang='lat' dir='ltr'><strong>dicendum</strong></span> <span class='ocrx_word' id='word_1_111' title='bbox 1129 1482 1304 1526; x_wconf 89' lang='lat' dir='ltr'><strong>autem</strong></span> <span class='ocrx_word' id='word_1_112' title='bbox 1342 1471 1509 1525; x_wconf 90' lang='lat' dir='ltr'><strong>fuerat</strong></span> <span class='ocrx_word' id='word_1_113' title='bbox 1541 1470 1728 1522; x_wconf 85' lang='lat' dir='ltr'><strong>usitata</strong></span> <span class='ocrx_word' id='word_1_114' title='bbox 1769 1467 2035 1521; x_wconf 86' lang='lat' dir='ltr'><strong>loeutioue</strong></span> <span class='ocrx_word' id='word_1_115' title='bbox 2057 1507 2072 1532; x_wconf 92' lang='lat'><strong>,</strong></span> 
     </span>
    </p>
   </div>
   <div class='ocr_carea' id='block_1_14' title="bbox 487 1560 1644 1632">
    <p class='ocr_par' dir='ltr' id='par_1_14' title="bbox 487 1560 1644 1632">
     <span class='ocr_line' id='line_1_14' title="bbox 487 1560 1644 1632; baseline -0.008 -10"><span class='ocrx_word' id='word_1_116' title='bbox 487 1568 702 1622; x_wconf 88' lang='lat' dir='ltr'><strong>domino</strong></span> <span class='ocrx_word' id='word_1_117' title='bbox 731 1582 850 1622; x_wconf 89' lang='lat' dir='ltr'><strong>meo</strong></span> <span class='ocrx_word' id='word_1_118' title='bbox 879 1566 991 1632; x_wconf 84' lang='lat' dir='ltr'><strong>tibi,</strong></span> <span class='ocrx_word' id='word_1_119' title='bbox 1021 1575 1132 1631; x_wconf 89' lang='lat' dir='ltr'><strong>aut,</strong></span> <span class='ocrx_word' id='word_1_120' title='bbox 1162 1563 1379 1619; x_wconf 89' lang='lat' dir='ltr'><strong>domino</strong></span> <span class='ocrx_word' id='word_1_121' title='bbox 1401 1577 1499 1616; x_wconf 93' lang='lat' dir='ltr'><strong>suo</strong></span> <span class='ocrx_word' id='word_1_122' title='bbox 1531 1560 1644 1616; x_wconf 87' lang='lat' dir='ltr'><strong>libi.</strong></span> 
     </span>
    </p>
   </div>
   <div class='ocr_carea' id='block_1_15' title="bbox 559 1647 2078 1731">
    <p class='ocr_par' dir='ltr' id='par_1_15' title="bbox 559 1647 2078 1731">
     <span class='ocr_line' id='line_1_15' title="bbox 559 1647 2078 1731; baseline -0.009 -18"><span class='ocrx_word' id='word_1_123' title='bbox 559 1657 658 1731; x_wconf 87' lang='lat' dir='ltr'><strong>[lb.</strong></span> <span class='ocrx_word' id='word_1_124' title='bbox 702 1655 834 1730; x_wconf 84' lang='lat'><strong>22.]</strong></span> <span class='ocrx_word' id='word_1_125' title='bbox 862 1656 1093 1712; x_wconf 79' lang='lat' dir='ltr'><strong>Surrexit</strong></span> <span class='ocrx_word' id='word_1_126' title='bbox 1119 1663 1284 1708; x_wconf 86' lang='lat' dir='ltr'><strong>autent</strong></span> <span class='ocrx_word' id='word_1_127' title='bbox 1305 1652 1476 1707; x_wconf 89' lang='lat' dir='ltr'><strong>eadem</strong></span> <span class='ocrx_word' id='word_1_128' title='bbox 1501 1660 1661 1716; x_wconf 88' lang='lat' dir='ltr'><strong>nocte,</strong></span> <span class='ocrx_word' id='word_1_129' title='bbox 1681 1658 1727 1703; x_wconf 84' lang='lat' dir='ltr'><strong>et</strong></span> <span class='ocrx_word' id='word_1_130' title='bbox 1746 1647 1934 1728; x_wconf 85' lang='lat' dir='ltr'><strong>accepit</strong></span> <span class='ocrx_word' id='word_1_131' title='bbox 1959 1662 2078 1700; x_wconf 77' lang='lat' dir='ltr'><strong>uxo-</strong></span> 
     </span>
    </p>
   </div>
   <div class='ocr_carea' id='block_1_16' title="bbox 486 1739 2075 1812">
    <p class='ocr_par' dir='ltr' id='par_1_16' title="bbox 486 1739 2075 1812">
     <span class='ocr_line' id='line_1_16' title="bbox 486 1739 2075 1812; baseline -0.009 -8"><span class='ocrx_word' id='word_1_132' title='bbox 486 1767 565 1805; x_wconf 86' lang='lat' dir='ltr'><strong>res</strong></span> <span class='ocrx_word' id='word_1_133' title='bbox 595 1750 722 1803; x_wconf 84' lang='lat' dir='ltr'><strong>duas</strong></span> <span class='ocrx_word' id='word_1_134' title='bbox 747 1757 793 1802; x_wconf 90' lang='lat' dir='ltr'><strong>et</strong></span> <span class='ocrx_word' id='word_1_135' title='bbox 823 1749 951 1802; x_wconf 88' lang='lat' dir='ltr'><strong>duas</strong></span> <span class='ocrx_word' id='word_1_136' title='bbox 979 1747 1194 1800; x_wconf 83' lang='lat' dir='ltr'><strong>ancillas</strong></span> <span class='ocrx_word' id='word_1_137' title='bbox 1223 1761 1241 1800; x_wconf 91' lang='lat'><strong><em>:</em></strong></span> <span class='ocrx_word' id='word_1_138' title='bbox 1269 1743 1356 1798; x_wconf 89' lang='lat' dir='ltr'><strong>hic</strong></span> <span class='ocrx_word' id='word_1_139' title='bbox 1385 1743 1777 1812; x_wconf 81' lang='lat' dir='ltr'><strong>distinguuntur</strong></span> <span class='ocrx_word' id='word_1_140' title='bbox 1801 1739 1869 1793; x_wconf 89' lang='lat' dir='ltr'><strong>ab</strong></span> <span class='ocrx_word' id='word_1_141' title='bbox 1896 1739 2075 1791; x_wconf 82' lang='lat' dir='ltr'><strong>uxori-</strong></span> 
     </span>
    </p>
   </div>
   <div class='ocr_carea' id='block_1_17' title="bbox 487 1829 2077 1912">
    <p class='ocr_par' dir='ltr' id='par_1_17' title="bbox 487 1829 2077 1912">
     <span class='ocr_line' id='line_1_17' title="bbox 487 1829 2077 1912; baseline -0.009 -16"><span class='ocrx_word' id='word_1_142' title='bbox 487 1843 608 1908; x_wconf 89' lang='lat' dir='ltr'><strong>bus,</strong></span> <span class='ocrx_word' id='word_1_143' title='bbox 641 1856 775 1912; x_wconf 89' lang='lat' dir='ltr'><strong>quas</strong></span> <span class='ocrx_word' id='word_1_144' title='bbox 803 1839 948 1910; x_wconf 91' lang='lat' dir='ltr'><strong>prius</strong></span> <span class='ocrx_word' id='word_1_145' title='bbox 977 1851 1172 1892; x_wconf 86' lang='lat' dir='ltr'><strong>uxores</strong></span> <span class='ocrx_word' id='word_1_146' title='bbox 1204 1835 1478 1905; x_wconf 77' lang='lat' dir='ltr'><strong>Scriptura</strong></span> <span class='ocrx_word' id='word_1_147' title='bbox 1517 1833 1743 1888; x_wconf 81' lang='lat' dir='ltr'><strong>dixerat.</strong></span> <span class='ocrx_word' id='word_1_148' title='bbox 1793 1829 1858 1884; x_wconf 83' lang='lat' dir='ltr'><strong>Et</strong></span> <span class='ocrx_word' id='word_1_149' title='bbox 1884 1829 2077 1898; x_wconf 80' lang='lat' dir='ltr'><strong>accepit</strong></span> 
     </span>
    </p>
   </div>
   <div class='ocr_carea' id='block_1_18' title="bbox 486 1921 2080 1993">
    <p class='ocr_par' dir='ltr' id='par_1_18' title="bbox 486 1921 2080 1993">
     <span class='ocr_line' id='line_1_18' title="bbox 486 1921 2080 1993; baseline -0.009 -6"><span class='ocrx_word' id='word_1_150' title='bbox 486 1934 614 1987; x_wconf 89' lang='lat' dir='ltr'><strong>duas</strong></span> <span class='ocrx_word' id='word_1_151' title='bbox 643 1948 827 1987; x_wconf 77' lang='lat' dir='ltr'><strong>uxores</strong></span> <span class='ocrx_word' id='word_1_152' title='bbox 855 1941 900 1985; x_wconf 89' lang='lat' dir='ltr'><strong>et</strong></span> <span class='ocrx_word' id='word_1_153' title='bbox 937 1931 1064 1984; x_wconf 89' lang='lat' dir='ltr'><strong>duas</strong></span> <span class='ocrx_word' id='word_1_154' title='bbox 1101 1928 1315 1982; x_wconf 86' lang='lat' dir='ltr'><strong>ancillas</strong></span> <span class='ocrx_word' id='word_1_155' title='bbox 1342 1942 1361 1981; x_wconf 91' lang='lat'><strong><em>:</em></strong></span> <span class='ocrx_word' id='word_1_156' title='bbox 1390 1926 1678 1982; x_wconf 91' lang='lat' dir='ltr'><strong>notandum</strong></span> <span class='ocrx_word' id='word_1_157' title='bbox 1706 1933 1788 1980; x_wconf 91' lang='lat' dir='ltr'><strong>est</strong></span> <span class='ocrx_word' id='word_1_158' title='bbox 1823 1921 2080 1993; x_wconf 86' lang='lat' dir='ltr'><strong>quemad-</strong></span> 
     </span>
    </p>
   </div>
   <div class='ocr_carea' id='block_1_19' title="bbox 487 2014 2077 2088">
    <p class='ocr_par' dir='ltr' id='par_1_19' title="bbox 487 2014 2077 2088">
     <span class='ocr_line' id='line_1_19' title="bbox 487 2014 2077 2088; baseline -0.009 -8"><span class='ocrx_word' id='word_1_159' title='bbox 487 2025 701 2080; x_wconf 86' lang='lat' dir='ltr'><strong>modum</strong></span> <span class='ocrx_word' id='word_1_160' title='bbox 727 2023 935 2078; x_wconf 86' lang='lat' dir='ltr'><strong>dicatur</strong></span> <span class='ocrx_word' id='word_1_161' title='bbox 972 2018 1354 2076; x_wconf 80' lang='lat' dir='ltr'><strong>consuetudine</strong></span> <span class='ocrx_word' id='word_1_162' title='bbox 1384 2018 1776 2088; x_wconf 88' lang='lat' dir='ltr'><strong>Seripturarum</strong></span> <span class='ocrx_word' id='word_1_163' title='bbox 1802 2057 1816 2075; x_wconf 89' lang='lat'><strong>,</strong></span> <span class='ocrx_word' id='word_1_164' title='bbox 1848 2014 2038 2082; x_wconf 80' lang='lat' dir='ltr'><strong>accepit</strong></span> <span class='ocrx_word' id='word_1_165' title='bbox 2056 2028 2077 2077; x_wconf 86' lang='lat'><em>;</em></span> 
     </span>
    </p>
   </div>
   <div class='ocr_carea' id='block_1_20' title="bbox 487 2111 2077 2176">
    <p class='ocr_par' dir='ltr' id='par_1_20' title="bbox 487 2111 2077 2176">
     <span class='ocr_line' id='line_1_20' title="bbox 487 2111 2077 2176; baseline -0.008 -5"><span class='ocrx_word' id='word_1_166' title='bbox 487 2132 593 2171; x_wconf 87' lang='lat' dir='ltr'><strong>non</strong></span> <span class='ocrx_word' id='word_1_167' title='bbox 639 2115 780 2171; x_wconf 89' lang='lat' dir='ltr'><strong>enim</strong></span> <span class='ocrx_word' id='word_1_168' title='bbox 823 2123 948 2169; x_wconf 89' lang='lat' dir='ltr'><strong>tunc</strong></span> <span class='ocrx_word' id='word_1_169' title='bbox 990 2125 1082 2167; x_wconf 89' lang='lat' dir='ltr'><strong>eas</strong></span> <span class='ocrx_word' id='word_1_170' title='bbox 1119 2111 1307 2176; x_wconf 89' lang='lat' dir='ltr'><strong>duxit,</strong></span> <span class='ocrx_word' id='word_1_171' title='bbox 1340 2118 1431 2164; x_wconf 86' lang='lat' dir='ltr'><strong>aut</strong></span> <span class='ocrx_word' id='word_1_172' title='bbox 1461 2119 1585 2164; x_wconf 91' lang='lat' dir='ltr'><strong>tunc</strong></span> <span class='ocrx_word' id='word_1_173' title='bbox 1626 2123 1656 2161; x_wconf 91' lang='lat' dir='ltr'><strong>a</strong></span> <span class='ocrx_word' id='word_1_174' title='bbox 1695 2121 1882 2161; x_wconf 88' lang='lat' dir='ltr'><strong>socero</strong></span> <span class='ocrx_word' id='word_1_175' title='bbox 1923 2120 2077 2159; x_wconf 73' lang='lat' dir='ltr'><strong>atec-</strong></span> 
     </span>
    </p>
   </div>
   <div class='ocr_carea' id='block_1_21' title="bbox 493 2209 591 2279">
    <p class='ocr_par' dir='ltr' id='par_1_21' title="bbox 493 2209 591 2279">
     <span class='ocr_line' id='line_1_21' title="bbox 493 2209 591 2279; baseline -0.01 -18"><span class='ocrx_word' id='word_1_176' title='bbox 493 2209 591 2279; x_wconf 89' lang='lat' dir='ltr'><strong>pit.</strong></span> 
     </span>
    </p>
   </div>
   <div class='ocr_carea' id='block_1_22' title="bbox 558 2286 2079 2372">
    <p class='ocr_par' dir='ltr' id='par_1_22' title="bbox 558 2286 2079 2372">
     <span class='ocr_line' id='line_1_22' title="bbox 558 2286 2079 2372; baseline -0.011 -19"><span class='ocrx_word' id='word_1_177' title='bbox 558 2297 671 2372; x_wconf 90' lang='lat' dir='ltr'><strong>[1b.</strong></span> <span class='ocrx_word' id='word_1_178' title='bbox 699 2313 889 2362; x_wconf 86' lang='lat' dir='ltr'><strong>xxxm,</strong></span> <span class='ocrx_word' id='word_1_179' title='bbox 917 2293 1040 2368; x_wconf 80' lang='lat'><strong>15.]</strong></span> <span class='ocrx_word' id='word_1_180' title='bbox 1068 2293 1218 2363; x_wconf 87' lang='lat' dir='ltr'><strong>Quod</strong></span> <span class='ocrx_word' id='word_1_181' title='bbox 1243 2291 1437 2346; x_wconf 83' lang='lat' dir='ltr'><strong>habent</strong></span> <span class='ocrx_word' id='word_1_182' title='bbox 1459 2289 1603 2345; x_wconf 88' lang='lat' dir='ltr'><strong>latini</strong></span> <span class='ocrx_word' id='word_1_183' title='bbox 1629 2288 1859 2351; x_wconf 84' lang='lat' dir='ltr'><strong>codices,</strong></span> <span class='ocrx_word' id='word_1_184' title='bbox 1881 2286 1941 2339; x_wconf 87' lang='lat' dir='ltr'><strong>Et</strong></span> <span class='ocrx_word' id='word_1_185' title='bbox 1966 2301 2079 2338; x_wconf 80' lang='lat' dir='ltr'><strong>ores</strong></span> 
     </span>
    </p>
   </div>
   <div class='ocr_carea' id='block_1_23' title="bbox 487 2384 2079 2459">
    <p class='ocr_par' dir='ltr' id='par_1_23' title="bbox 487 2384 2079 2459">
     <span class='ocr_line' id='line_1_23' title="bbox 487 2384 2079 2459; baseline -0.012 -12"><span class='ocrx_word' id='word_1_186' title='bbox 487 2401 533 2448; x_wconf 84' lang='lat' dir='ltr'><strong>et</strong></span> <span class='ocrx_word' id='word_1_187' title='bbox 567 2392 710 2446; x_wconf 80' lang='lat' dir='ltr'><strong>boves</strong></span> <span class='ocrx_word' id='word_1_188' title='bbox 739 2391 992 2459; x_wconf 77' lang='lat' dir='ltr'><strong>{etantur;</strong></span> <span class='ocrx_word' id='word_1_189' title='bbox 1016 2386 1172 2458; x_wconf 71' lang='lat' dir='ltr'><strong>grteci</strong></span> <span class='ocrx_word' id='word_1_190' title='bbox 1216 2384 1451 2449; x_wconf 88' lang='lat' dir='ltr'><strong>habent,</strong></span> <span class='ocrx_word' id='word_1_191' title='bbox 1497 2384 1717 2453; x_wconf 80' lang='lat' dir='ltr'><strong>fetanlur</strong></span> <span class='ocrx_word' id='word_1_192' title='bbox 1757 2395 1909 2447; x_wconf 82' lang='lat' dir='ltr'><strong>super</strong></span> <span class='ocrx_word' id='word_1_193' title='bbox 1953 2390 2079 2430; x_wconf 59' lang='lat' dir='ltr'><strong>me?</strong></span> 
     </span>
    </p>
   </div>
   <div class='ocr_carea' id='block_1_24' title="bbox 493 2469 2079 2553">
    <p class='ocr_par' dir='ltr' id='par_1_24' title="bbox 493 2469 2079 2553">
     <span class='ocr_line' id='line_1_24' title="bbox 493 2469 2079 2553; baseline -0.012 -16"><span class='ocrx_word' id='word_1_194' title='bbox 493 2481 633 2553; x_wconf 91' lang='lat' dir='ltr'><strong>quod</strong></span> <span class='ocrx_word' id='word_1_195' title='bbox 659 2496 723 2536; x_wconf 91' lang='lat' dir='ltr'><strong>ea</strong></span> <span class='ocrx_word' id='word_1_196' title='bbox 749 2477 1135 2551; x_wconf 88' lang='lat' dir='ltr'><strong>signiﬁcatione</strong></span> <span class='ocrx_word' id='word_1_197' title='bbox 1173 2475 1372 2530; x_wconf 83' lang='lat' dir='ltr'><strong>dictant</strong></span> <span class='ocrx_word' id='word_1_198' title='bbox 1399 2481 1502 2538; x_wconf 91' lang='lat' dir='ltr'><strong>est,</strong></span> <span class='ocrx_word' id='word_1_199' title='bbox 1533 2481 1589 2525; x_wconf 90' lang='lat' dir='ltr'><strong>ut</strong></span> <span class='ocrx_word' id='word_1_200' title='bbox 1611 2469 1953 2538; x_wconf 80' lang='lat' dir='ltr'><strong>intelligatur,</strong></span> <span class='ocrx_word' id='word_1_201' title='bbox 1985 2483 2079 2520; x_wconf 88' lang='lat' dir='ltr'><strong>su-</strong></span> 
     </span>
    </p>
   </div>
   <div class='ocr_carea' id='block_1_25' title="bbox 488 2560 2076 2647">
    <p class='ocr_par' dir='ltr' id='par_1_25' title="bbox 488 2560 2076 2647">
     <span class='ocr_line' id='line_1_25' title="bbox 488 2560 2076 2647; baseline -0.012 -15"><span class='ocrx_word' id='word_1_202' title='bbox 488 2592 584 2647; x_wconf 85' lang='lat' dir='ltr'><strong>per</strong></span> <span class='ocrx_word' id='word_1_203' title='bbox 610 2571 1020 2630; x_wconf 84' lang='lat' dir='ltr'><strong>sollicitudinem</strong></span> <span class='ocrx_word' id='word_1_204' title='bbox 1064 2570 1144 2623; x_wconf 96' lang='lat' dir='ltr'><strong>vel</strong></span> <span class='ocrx_word' id='word_1_205' title='bbox 1185 2582 1366 2623; x_wconf 90' lang='lat' dir='ltr'><strong>curam</strong></span> <span class='ocrx_word' id='word_1_206' title='bbox 1398 2579 1603 2629; x_wconf 86' lang='lat' dir='ltr'><strong>meam;</strong></span> <span class='ocrx_word' id='word_1_207' title='bbox 1633 2561 1904 2632; x_wconf 90' lang='lat' dir='ltr'><strong>quomodo</strong></span> <span class='ocrx_word' id='word_1_208' title='bbox 1937 2560 2076 2613; x_wconf 90' lang='lat' dir='ltr'><strong>sole-</strong></span> 
     </span>
    </p>
   </div>
   <div class='ocr_carea' id='block_1_26' title="bbox 489 2649 2080 2736">
    <p class='ocr_par' dir='ltr' id='par_1_26' title="bbox 489 2649 2080 2736">
     <span class='ocr_line' id='line_1_26' title="bbox 489 2649 2080 2736; baseline -0.012 -14"><span class='ocrx_word' id='word_1_209' title='bbox 489 2684 607 2722; x_wconf 87' lang='lat' dir='ltr'><strong>mus</strong></span> <span class='ocrx_word' id='word_1_210' title='bbox 632 2665 797 2736; x_wconf 82' lang='lat' dir='ltr'><strong>loqui,</strong></span> <span class='ocrx_word' id='word_1_211' title='bbox 821 2679 942 2720; x_wconf 91' lang='lat' dir='ltr'><strong>cum</strong></span> <span class='ocrx_word' id='word_1_212' title='bbox 966 2662 1195 2716; x_wconf 89' lang='lat' dir='ltr'><strong>dicimus</strong></span> <span class='ocrx_word' id='word_1_213' title='bbox 1219 2672 1379 2728; x_wconf 85' lang='lat' dir='ltr'><strong>super</strong></span> <span class='ocrx_word' id='word_1_214' title='bbox 1397 2663 1554 2726; x_wconf 85' lang='lat' dir='ltr'><strong>caput</strong></span> <span class='ocrx_word' id='word_1_215' title='bbox 1578 2664 1816 2708; x_wconf 88' lang='lat' dir='ltr'><strong>nostrum</strong></span> <span class='ocrx_word' id='word_1_216' title='bbox 1837 2664 1958 2706; x_wconf 89' lang='lat' dir='ltr'><strong>esse</strong></span> <span class='ocrx_word' id='word_1_217' title='bbox 1982 2649 2080 2703; x_wconf 88' lang='lat' dir='ltr'><strong>ali-</strong></span> 
     </span>
    </p>
   </div>
   <div class='ocr_carea' id='block_1_27' title="bbox 489 2747 1631 2828">
    <p class='ocr_par' dir='ltr' id='par_1_27' title="bbox 489 2747 1631 2828">
     <span class='ocr_line' id='line_1_27' title="bbox 489 2747 1631 2828; baseline -0.011 -18"><span class='ocrx_word' id='word_1_218' title='bbox 489 2756 640 2828; x_wconf 84' lang='lat' dir='ltr'><strong>quid,</strong></span> <span class='ocrx_word' id='word_1_219' title='bbox 669 2755 822 2825; x_wconf 84' lang='lat' dir='ltr'><strong>cujus</strong></span> <span class='ocrx_word' id='word_1_220' title='bbox 853 2753 1137 2808; x_wconf 79' lang='lat' dir='ltr'><strong>maximam</strong></span> <span class='ocrx_word' id='word_1_221' title='bbox 1167 2764 1348 2804; x_wconf 90' lang='lat' dir='ltr'><strong>curam</strong></span> <span class='ocrx_word' id='word_1_222' title='bbox 1378 2747 1631 2818; x_wconf 81' lang='lat' dir='ltr'><strong>gerimus.</strong></span> 
     </span>
    </p>
   </div>
   <div class='ocr_carea' id='block_1_28' title="bbox 562 2835 2080 2924">
    <p class='ocr_par' dir='ltr' id='par_1_28' title="bbox 562 2835 2080 2924">
     <span class='ocr_line' id='line_1_28' title="bbox 562 2835 2080 2924; baseline -0.014 -18"><span class='ocrx_word' id='word_1_223' title='bbox 562 2849 673 2924; x_wconf 89' lang='grc'><strong>[11).</strong></span> <span class='ocrx_word' id='word_1_224' title='bbox 700 2863 887 2912; x_wconf 80' lang='lat' dir='ltr'><strong>xxxiv,</strong></span> <span class='ocrx_word' id='word_1_225' title='bbox 919 2842 1012 2917; x_wconf 89' lang='lat'><strong>7.]</strong></span> <span class='ocrx_word' id='word_1_226' title='bbox 1041 2843 1106 2898; x_wconf 84' lang='lat' dir='ltr'><strong>Et</strong></span> <span class='ocrx_word' id='word_1_227' title='bbox 1130 2842 1227 2913; x_wconf 79' lang='lat' dir='ltr'><strong>ﬁlii</strong></span> <span class='ocrx_word' id='word_1_228' title='bbox 1261 2839 1420 2893; x_wconf 82' lang='lat' dir='ltr'><strong>Jacob</strong></span> <span class='ocrx_word' id='word_1_229' title='bbox 1449 2845 1683 2892; x_wconf 65' lang='lat' dir='ltr'><strong>venerunt</strong></span> <span class='ocrx_word' id='word_1_230' title='bbox 1709 2835 1772 2890; x_wconf 86' lang='lat' dir='ltr'><strong>de</strong></span> <span class='ocrx_word' id='word_1_231' title='bbox 1802 2849 2000 2905; x_wconf 89' lang='lat' dir='ltr'><strong>campo,</strong></span> <span class='ocrx_word' id='word_1_232' title='bbox 2032 2841 2080 2886; x_wconf 91' lang='lat' dir='ltr'><strong>et</strong></span> 
     </span>
    </p>
   </div>
   <div class='ocr_carea' id='block_1_29' title="bbox 490 2925 2080 3006">
    <p class='ocr_par' dir='ltr' id='par_1_29' title="bbox 490 2925 2080 3006">
     <span class='ocr_line' id='line_1_29' title="bbox 490 2925 2080 3006; baseline -0.011 -10"><span class='ocrx_word' id='word_1_233' title='bbox 490 2958 605 2996; x_wconf 80' lang='lat' dir='ltr'><strong>cum</strong></span> <span class='ocrx_word' id='word_1_234' title='bbox 635 2940 913 3003; x_wconf 87' lang='lat' dir='ltr'><strong>attdissent,</strong></span> <span class='ocrx_word' id='word_1_235' title='bbox 953 2933 1236 3006; x_wconf 86' lang='lat' dir='ltr'><strong>compuncti</strong></span> <span class='ocrx_word' id='word_1_236' title='bbox 1269 2940 1385 2986; x_wconf 85' lang='lat' dir='ltr'><strong>sunt</strong></span> <span class='ocrx_word' id='word_1_237' title='bbox 1413 2930 1534 2994; x_wconf 80' lang='lat' dir='ltr'><strong>viri,</strong></span> <span class='ocrx_word' id='word_1_238' title='bbox 1572 2941 1619 2983; x_wconf 86' lang='lat' dir='ltr'><strong>et</strong></span> <span class='ocrx_word' id='word_1_239' title='bbox 1658 2928 1800 2982; x_wconf 86' lang='lat' dir='ltr'><strong>triste</strong></span> <span class='ocrx_word' id='word_1_240' title='bbox 1839 2935 1944 2980; x_wconf 90' lang='lat' dir='ltr'><strong>erat</strong></span> <span class='ocrx_word' id='word_1_241' title='bbox 1977 2925 2080 2979; x_wconf 86' lang='lat' dir='ltr'><strong>illis</strong></span> 
     </span>
    </p>
   </div>
   <div class='ocr_carea' id='block_1_30' title="bbox 491 3017 2080 3101">
    <p class='ocr_par' dir='ltr' id='par_1_30' title="bbox 491 3017 2080 3101">
     <span class='ocr_line' id='line_1_30' title="bbox 491 3017 2080 3101; baseline -0.013 -15"><span class='ocrx_word' id='word_1_242' title='bbox 491 3031 637 3086; x_wconf 68' lang='lat' dir='ltr'><strong>ualde</strong></span> <span class='ocrx_word' id='word_1_243' title='bbox 657 3030 792 3101; x_wconf 84' lang='lat' dir='ltr'><strong>quod</strong></span> <span class='ocrx_word' id='word_1_244' title='bbox 823 3038 968 3098; x_wconf 80' lang='lat' dir='ltr'><strong>turpe</strong></span> <span class='ocrx_word' id='word_1_245' title='bbox 995 3030 1179 3098; x_wconf 77' lang='lat' dir='ltr'><strong>fecerat</strong></span> <span class='ocrx_word' id='word_1_246' title='bbox 1205 3022 1257 3076; x_wconf 86' lang='lat' dir='ltr'><strong>in</strong></span> <span class='ocrx_word' id='word_1_247' title='bbox 1290 3018 1475 3086; x_wconf 84' lang='lat' dir='ltr'><strong>Israel,</strong></span> <span class='ocrx_word' id='word_1_248' title='bbox 1514 3019 1649 3090; x_wconf 84' lang='lat' dir='ltr'><strong>quod</strong></span> <span class='ocrx_word' id='word_1_249' title='bbox 1679 3017 1938 3072; x_wconf 83' lang='lat' dir='ltr'><strong>dormisset</strong></span> <span class='ocrx_word' id='word_1_250' title='bbox 1965 3031 2080 3068; x_wconf 87' lang='lat' dir='ltr'><strong>cum</strong></span> 
     </span>
    </p>
   </div>
   <div class='ocr_carea' id='block_1_31' title="bbox 493 3107 2078 3192">
    <p class='ocr_par' dir='ltr' id='par_1_31' title="bbox 493 3107 2078 3192">
     <span class='ocr_line' id='line_1_31' title="bbox 493 3107 2078 3192; baseline -0.012 -14"><span class='ocrx_word' id='word_1_251' title='bbox 493 3123 602 3192; x_wconf 75' lang='lat' dir='ltr'><strong>[ilia</strong></span> <span class='ocrx_word' id='word_1_252' title='bbox 627 3121 808 3182; x_wconf 78' lang='lat' dir='ltr'><strong>Jccob,</strong></span> <span class='ocrx_word' id='word_1_253' title='bbox 839 3129 886 3173; x_wconf 90' lang='lat' dir='ltr'><strong>et</strong></span> <span class='ocrx_word' id='word_1_254' title='bbox 916 3133 1014 3172; x_wconf 88' lang='lat' dir='ltr'><strong>non</strong></span> <span class='ocrx_word' id='word_1_255' title='bbox 1043 3115 1114 3170; x_wconf 89' lang='lat' dir='ltr'><strong>sic</strong></span> <span class='ocrx_word' id='word_1_256' title='bbox 1143 3113 1236 3168; x_wconf 88' lang='lat' dir='ltr'><strong>erit</strong></span> <span class='ocrx_word' id='word_1_257' title='bbox 1266 3127 1285 3167; x_wconf 91' lang='lat'><strong><em>:</em></strong></span> <span class='ocrx_word' id='word_1_258' title='bbox 1314 3110 1530 3166; x_wconf 89' lang='lat' dir='ltr'><strong>difﬁcile</strong></span> <span class='ocrx_word' id='word_1_259' title='bbox 1558 3109 1678 3164; x_wconf 86' lang='lat' dir='ltr'><strong>talis</strong></span> <span class='ocrx_word' id='word_1_260' title='bbox 1708 3107 1903 3162; x_wconf 90' lang='lat' dir='ltr'><strong>locutio</strong></span> <span class='ocrx_word' id='word_1_261' title='bbox 1922 3121 2078 3176; x_wconf 82' lang='lat' dir='ltr'><strong>repe-</strong></span> 
     </span>
    </p>
   </div>
   <div class='ocr_carea' id='block_1_32' title="bbox 495 3197 2078 3280">
    <p class='ocr_par' dir='ltr' id='par_1_32' title="bbox 495 3197 2078 3280">
     <span class='ocr_line' id='line_1_32' title="bbox 495 3197 2078 3280; baseline -0.011 -13"><span class='ocrx_word' id='word_1_262' title='bbox 495 3212 631 3268; x_wconf 88' lang='lat' dir='ltr'><strong>ritur</strong></span> <span class='ocrx_word' id='word_1_263' title='bbox 667 3211 720 3266; x_wconf 91' lang='lat' dir='ltr'><strong>in</strong></span> <span class='ocrx_word' id='word_1_264' title='bbox 762 3208 1068 3280; x_wconf 87' lang='lat' dir='ltr'><strong>Scripturis,</strong></span> <span class='ocrx_word' id='word_1_265' title='bbox 1110 3221 1213 3260; x_wconf 90' lang='lat' dir='ltr'><strong>non</strong></span> <span class='ocrx_word' id='word_1_266' title='bbox 1243 3201 1451 3258; x_wconf 88' lang='lat' dir='ltr'><strong>inducta</strong></span> <span class='ocrx_word' id='word_1_267' title='bbox 1495 3214 1722 3272; x_wconf 87' lang='lat' dir='ltr'><strong>persona</strong></span> <span class='ocrx_word' id='word_1_268' title='bbox 1751 3197 2078 3268; x_wconf 88' lang='lat' dir='ltr'><strong>loquentium</strong></span> 
     </span>
    </p>
   </div>
   <div class='ocr_carea' id='block_1_33' title="bbox 493 3289 2075 3376">
    <p class='ocr_par' dir='ltr' id='par_1_33' title="bbox 493 3289 2075 3376">
     <span class='ocr_line' id='line_1_33' title="bbox 493 3289 2075 3376; baseline -0.013 -15"><span class='ocrx_word' id='word_1_269' title='bbox 493 3305 808 3376; x_wconf 78' lang='lat' dir='ltr'><strong>scriptorem</strong></span> <span class='ocrx_word' id='word_1_270' title='bbox 838 3300 999 3357; x_wconf 87' lang='lat' dir='ltr'><strong>verba</strong></span> <span class='ocrx_word' id='word_1_271' title='bbox 1029 3314 1213 3355; x_wconf 90' lang='lat' dir='ltr'><strong>eorum</strong></span> <span class='ocrx_word' id='word_1_272' title='bbox 1240 3294 1620 3364; x_wconf 85' lang='lat' dir='ltr'><strong>interposuisse</strong></span> <span class='ocrx_word' id='word_1_273' title='bbox 1646 3309 1658 3346; x_wconf 92' lang='lat'><strong>:</strong></span> <span class='ocrx_word' id='word_1_274' title='bbox 1691 3306 1795 3346; x_wconf 90' lang='lat' dir='ltr'><strong>non</strong></span> <span class='ocrx_word' id='word_1_275' title='bbox 1817 3291 1959 3345; x_wconf 91' lang='lat' dir='ltr'><strong>enim</strong></span> <span class='ocrx_word' id='word_1_276' title='bbox 1984 3289 2075 3356; x_wconf 85' lang='lat' dir='ltr'><strong>ait,</strong></span> 
     </span>
    </p>
   </div>
   <div class='ocr_carea' id='block_1_34' title="bbox 493 3385 2079 3462">
    <p class='ocr_par' dir='ltr' id='par_1_34' title="bbox 493 3385 2079 3462">
     <span class='ocr_line' id='line_1_34' title="bbox 493 3385 2079 3462; baseline -0.013 -7"><span class='ocrx_word' id='word_1_277' title='bbox 493 3407 548 3455; x_wconf 89' lang='lat' dir='ltr'><strong>et</strong></span> <span class='ocrx_word' id='word_1_278' title='bbox 570 3397 853 3462; x_wconf 87' lang='lat' dir='ltr'><strong>dixerunt;</strong></span> <span class='ocrx_word' id='word_1_279' title='bbox 887 3393 979 3449; x_wconf 89' lang='lat' dir='ltr'><strong>scd</strong></span> <span class='ocrx_word' id='word_1_280' title='bbox 1012 3393 1114 3447; x_wconf 90' lang='lat' dir='ltr'><strong>hoc</strong></span> <span class='ocrx_word' id='word_1_281' title='bbox 1154 3390 1314 3445; x_wconf 91' lang='lat' dir='ltr'><strong>tacito</strong></span> <span class='ocrx_word' id='word_1_282' title='bbox 1340 3387 1500 3442; x_wconf 89' lang='lat' dir='ltr'><strong>verba</strong></span> <span class='ocrx_word' id='word_1_283' title='bbox 1531 3385 1663 3439; x_wconf 82' lang='lat' dir='ltr'><strong>dixit</strong></span> <span class='ocrx_word' id='word_1_284' title='bbox 1699 3397 1882 3438; x_wconf 90' lang='lat' dir='ltr'><strong>eorum</strong></span> <span class='ocrx_word' id='word_1_285' title='bbox 1915 3399 1928 3435; x_wconf 92' lang='lat'>:</span> <span class='ocrx_word' id='word_1_286' title='bbox 1956 3397 2079 3435; x_wconf 89' lang='lat' dir='ltr'><strong>nam</strong></span> 
     </span>
    </p>
   </div>
   <div class='ocr_carea' id='block_1_35' title="bbox 493 3471 2078 3560">
    <p class='ocr_par' dir='ltr' id='par_1_35' title="bbox 493 3471 2078 3560">
     <span class='ocr_line' id='line_1_35' title="bbox 493 3471 2078 3560; baseline -0.015 -14"><span class='ocrx_word' id='word_1_287' title='bbox 493 3491 584 3560; x_wconf 85' lang='lat' dir='ltr'><strong>qui</strong></span> <span class='ocrx_word' id='word_1_288' title='bbox 606 3489 694 3544; x_wconf 92' lang='lat' dir='ltr'><strong>alii</strong></span> <span class='ocrx_word' id='word_1_289' title='bbox 733 3488 915 3542; x_wconf 88' lang='lat' dir='ltr'><strong>dicere</strong></span> <span class='ocrx_word' id='word_1_290' title='bbox 943 3488 1247 3554; x_wconf 89' lang='lat' dir='ltr'><strong>potuerunt,</strong></span> <span class='ocrx_word' id='word_1_291' title='bbox 1277 3488 1323 3532; x_wconf 89' lang='lat' dir='ltr'><strong>et</strong></span> <span class='ocrx_word' id='word_1_292' title='bbox 1353 3494 1451 3532; x_wconf 88' lang='lat' dir='ltr'><strong>non</strong></span> <span class='ocrx_word' id='word_1_293' title='bbox 1481 3477 1552 3530; x_wconf 88' lang='lat' dir='ltr'><strong>sic</strong></span> <span class='ocrx_word' id='word_1_294' title='bbox 1571 3475 1686 3540; x_wconf 69' lang='lat' dir='ltr'><strong>erit,</strong></span> <span class='ocrx_word' id='word_1_295' title='bbox 1719 3473 1819 3528; x_wconf 89' lang='lat' dir='ltr'><strong>nisi</strong></span> <span class='ocrx_word' id='word_1_296' title='bbox 1848 3471 1935 3543; x_wconf 92' lang='lat' dir='ltr'><strong>qui</strong></span> <span class='ocrx_word' id='word_1_297' title='bbox 1955 3485 2078 3542; x_wconf 86' lang='lat' dir='ltr'><strong>gra-</strong></span> 
     </span>
    </p>
   </div>
   <div class='ocr_carea' id='block_1_36' title="bbox 493 3565 1641 3648">
    <p class='ocr_par' dir='ltr' id='par_1_36' title="bbox 493 3565 1641 3648">
     <span class='ocr_line' id='line_1_36' title="bbox 493 3565 1641 3648; baseline -0.013 -13"><span class='ocrx_word' id='word_1_298' title='bbox 493 3585 631 3635; x_wconf 83' lang='lat' dir='ltr'><strong>viter</strong></span> <span class='ocrx_word' id='word_1_299' title='bbox 663 3577 918 3648; x_wconf 79' lang='lat' dir='ltr'><strong>indignati</strong></span> <span class='ocrx_word' id='word_1_300' title='bbox 943 3575 1229 3630; x_wconf 85' lang='lat' dir='ltr'><strong>vindictam</strong></span> <span class='ocrx_word' id='word_1_301' title='bbox 1253 3565 1641 3625; x_wconf 77' lang='lat' dir='ltr'><strong>moliebantur?</strong></span> 
     </span>
    </p>
   </div>
   <div class='ocr_carea' id='block_1_37' title="bbox 561 3652 2078 3745">
    <p class='ocr_par' dir='ltr' id='par_1_37' title="bbox 561 3652 2078 3745">
     <span class='ocr_line' id='line_1_37' title="bbox 561 3652 2078 3745; baseline -0.015 -18"><span class='ocrx_word' id='word_1_302' title='bbox 561 3670 676 3745; x_wconf 83' lang='grc'><strong>[11).</strong></span> <span class='ocrx_word' id='word_1_303' title='bbox 693 3667 783 3742; x_wconf 92' lang='lat'><strong>8.]</strong></span> <span class='ocrx_word' id='word_1_304' title='bbox 801 3665 1095 3722; x_wconf 79' lang='lat' dir='ltr'><strong>Notandum</strong></span> <span class='ocrx_word' id='word_1_305' title='bbox 1123 3661 1262 3735; x_wconf 91' lang='lat' dir='ltr'><strong>quod</strong></span> <span class='ocrx_word' id='word_1_306' title='bbox 1287 3661 1504 3714; x_wconf 84' lang='lat' dir='ltr'><strong>Emmor</strong></span> <span class='ocrx_word' id='word_1_307' title='bbox 1528 3657 1748 3726; x_wconf 89' lang='lat' dir='ltr'><strong>loquens</strong></span> <span class='ocrx_word' id='word_1_308' title='bbox 1771 3654 1838 3709; x_wconf 92' lang='lat' dir='ltr'><strong>de</strong></span> <span class='ocrx_word' id='word_1_309' title='bbox 1861 3653 1988 3745; x_wconf 61' lang='lat' dir='ltr'><strong>_Dina</strong></span> <span class='ocrx_word' id='word_1_310' title='bbox 2014 3652 2078 3711; x_wconf 75' lang='lat' dir='ltr'><strong>ad</strong></span> 
     </span>
    </p>
   </div>
   <div class='ocr_carea' id='block_1_38' title="bbox 494 3743 2078 3827">
    <p class='ocr_par' dir='ltr' id='par_1_38' title="bbox 494 3743 2078 3827">
     <span class='ocr_line' id='line_1_38' title="bbox 494 3743 2078 3827; baseline -0.015 -11"><span class='ocrx_word' id='word_1_311' title='bbox 494 3743 662 3816; x_wconf 76' lang='lat' dir='ltr'><strong>Jacob</strong></span> <span class='ocrx_word' id='word_1_312' title='bbox 686 3769 738 3813; x_wconf 90' lang='lat' dir='ltr'><strong>et</strong></span> <span class='ocrx_word' id='word_1_313' title='bbox 765 3759 901 3813; x_wconf 90' lang='lat' dir='ltr'><strong>lilios</strong></span> <span class='ocrx_word' id='word_1_314' title='bbox 925 3756 1060 3827; x_wconf 80' lang='lat' dir='ltr'><strong>ejus,</strong></span> <span class='ocrx_word' id='word_1_315' title='bbox 1092 3753 1255 3824; x_wconf 78' lang='lat' dir='ltr'><strong>ﬁliam</strong></span> <span class='ocrx_word' id='word_1_316' title='bbox 1279 3750 1404 3804; x_wconf 87' lang='lat' dir='ltr'><strong>dicit</strong></span> <span class='ocrx_word' id='word_1_317' title='bbox 1430 3756 1678 3810; x_wconf 84' lang='lat' dir='ltr'><strong>vestram;</strong></span> <span class='ocrx_word' id='word_1_318' title='bbox 1709 3759 1814 3798; x_wconf 89' lang='lat' dir='ltr'><strong>non</strong></span> <span class='ocrx_word' id='word_1_319' title='bbox 1843 3743 1990 3807; x_wconf 89' lang='lat' dir='ltr'><strong>dicit,</strong></span> <span class='ocrx_word' id='word_1_320' title='bbox 2017 3743 2078 3794; x_wconf 88' lang='lat' dir='ltr'><strong>li-</strong></span> 
     </span>
    </p>
   </div>
   <div class='ocr_carea' id='block_1_39' title="bbox 496 3847 1340 3914">
    <p class='ocr_par' dir='ltr' id='par_1_39' title="bbox 496 3847 1340 3914">
     <span class='ocr_line' id='line_1_39' title="bbox 496 3847 1340 3914; baseline -0.017 -6"><span class='ocrx_word' id='word_1_321' title='bbox 496 3853 617 3908; x_wconf 86' lang='lat' dir='ltr'><strong>liam</strong></span> <span class='ocrx_word' id='word_1_322' title='bbox 643 3860 808 3914; x_wconf 90' lang='lat' dir='ltr'><strong>tuam,</strong></span> <span class='ocrx_word' id='word_1_323' title='bbox 836 3862 1073 3903; x_wconf 87' lang='lat' dir='ltr'><strong>sororem</strong></span> <span class='ocrx_word' id='word_1_324' title='bbox 1098 3847 1340 3900; x_wconf 89' lang='lat' dir='ltr'><strong>istorum.</strong></span> 
     </span>
    </p>
   </div>
   <div class='ocr_carea' id='block_1_40' title="bbox 564 3923 2079 4016">
    <p class='ocr_par' dir='ltr' id='par_1_40' title="bbox 564 3923 2079 4016">
     <span class='ocr_line' id='line_1_40' title="bbox 564 3923 2079 4016; baseline -0.015 -19"><span class='ocrx_word' id='word_1_325' title='bbox 564 3940 680 4016; x_wconf 79' lang='grc'><strong>[11).</strong></span> <span class='ocrx_word' id='word_1_326' title='bbox 716 3940 802 4006; x_wconf 83' lang='grc'><strong>15,</strong></span> <span class='ocrx_word' id='word_1_327' title='bbox 834 3935 946 4010; x_wconf 88' lang='grc'><strong>16.]</strong></span> <span class='ocrx_word' id='word_1_328' title='bbox 975 3935 1042 3990; x_wconf 85' lang='lat' dir='ltr'><strong>In</strong></span> <span class='ocrx_word' id='word_1_329' title='bbox 1070 3935 1164 3988; x_wconf 84' lang='lat' dir='ltr'><strong>hoc</strong></span> <span class='ocrx_word' id='word_1_330' title='bbox 1187 3933 1376 3988; x_wconf 88' lang='lat' dir='ltr'><strong>similes</strong></span> <span class='ocrx_word' id='word_1_331' title='bbox 1411 3929 1596 3984; x_wconf 87' lang='lat' dir='ltr'><strong>erimus</strong></span> <span class='ocrx_word' id='word_1_332' title='bbox 1621 3926 1776 3991; x_wconf 83' lang='lat' dir='ltr'><strong>vobis,</strong></span> <span class='ocrx_word' id='word_1_333' title='bbox 1809 3935 1853 3979; x_wconf 88' lang='lat' dir='ltr'><strong>et</strong></span> <span class='ocrx_word' id='word_1_334' title='bbox 1881 3923 2079 3977; x_wconf 86' lang='lat' dir='ltr'><strong>habita-</strong></span> 
     </span>
    </p>
   </div>
   <div class='ocr_carea' id='block_1_41' title="bbox 496 4023 1459 4088">
    <p class='ocr_par' dir='ltr' id='par_1_41' title="bbox 496 4023 1459 4088">
     <span class='ocr_line' id='line_1_41' title="bbox 496 4023 1459 4088; baseline -0.016 0"><span class='ocrx_word' id='word_1_335' title='bbox 496 4035 657 4088; x_wconf 88' lang='lat' dir='ltr'><strong><em>bimus</em></strong></span> <span class='ocrx_word' id='word_1_336' title='bbox 682 4033 734 4086; x_wconf 90' lang='lat' dir='ltr'><strong>in</strong></span> <span class='ocrx_word' id='word_1_337' title='bbox 760 4028 894 4086; x_wconf 85' lang='lat' dir='ltr'><strong>vobis</strong></span> <span class='ocrx_word' id='word_1_338' title='bbox 925 4044 943 4082; x_wconf 92' lang='lat'><em>:</em></span> <span class='ocrx_word' id='word_1_339' title='bbox 975 4026 1027 4082; x_wconf 93' lang='lat' dir='ltr'><strong>id</strong></span> <span class='ocrx_word' id='word_1_340' title='bbox 1054 4033 1156 4088; x_wconf 83' lang='lat' dir='ltr'><strong>est,</strong></span> <span class='ocrx_word' id='word_1_341' title='bbox 1183 4023 1320 4078; x_wconf 89' lang='lat' dir='ltr'><strong>inter</strong></span> <span class='ocrx_word' id='word_1_342' title='bbox 1347 4035 1459 4074; x_wconf 91' lang='lat' dir='ltr'><strong>vos.</strong></span> 
     </span>
    </p>
   </div>
   <div class='ocr_carea' id='block_1_42' title="bbox 570 4107 2082 4199">
    <p class='ocr_par' dir='ltr' id='par_1_42' title="bbox 570 4107 2082 4199">
     <span class='ocr_line' id='line_1_42' title="bbox 570 4107 2082 4199; baseline -0.014 -19"><span class='ocrx_word' id='word_1_343' title='bbox 570 4125 669 4199; x_wconf 82' lang='lat' dir='ltr'><strong>[lb.</strong></span> <span class='ocrx_word' id='word_1_344' title='bbox 695 4121 809 4196; x_wconf 86' lang='lat'><strong>19.]</strong></span> <span class='ocrx_word' id='word_1_345' title='bbox 830 4119 1103 4193; x_wconf 76' lang='lat' dir='ltr'><strong>Appositus</strong></span> <span class='ocrx_word' id='word_1_346' title='bbox 1119 4116 1250 4172; x_wconf 85' lang='lat' dir='ltr'><strong>enim</strong></span> <span class='ocrx_word' id='word_1_347' title='bbox 1270 4121 1375 4168; x_wconf 87' lang='lat' dir='ltr'><strong>erat</strong></span> <span class='ocrx_word' id='word_1_348' title='bbox 1395 4112 1517 4182; x_wconf 79' lang='lat' dir='ltr'><strong>ﬁlice</strong></span> <span class='ocrx_word' id='word_1_349' title='bbox 1535 4107 1728 4164; x_wconf 68' lang='lat' dir='ltr'><strong>Iacob:</strong></span> <span class='ocrx_word' id='word_1_350' title='bbox 1750 4107 1799 4162; x_wconf 92' lang='lat' dir='ltr'><strong>id</strong></span> <span class='ocrx_word' id='word_1_351' title='bbox 1821 4115 1922 4173; x_wconf 87' lang='lat' dir='ltr'><strong>est,</strong></span> <span class='ocrx_word' id='word_1_352' title='bbox 1945 4121 2082 4160; x_wconf 86' lang='lat' dir='ltr'><strong>ama-</strong></span> 
     </span>
    </p>
   </div>
   <div class='ocr_carea' id='block_1_43' title="bbox 496 4218 750 4271">
    <p class='ocr_par' dir='ltr' id='par_1_43' title="bbox 496 4218 750 4271">
     <span class='ocr_line' id='line_1_43' title="bbox 496 4218 750 4271; baseline -0.012 0"><span class='ocrx_word' id='word_1_353' title='bbox 496 4218 582 4271; x_wconf 86' lang='lat' dir='ltr'><strong>bat</strong></span> <span class='ocrx_word' id='word_1_354' title='bbox 608 4230 750 4271; x_wconf 81' lang='lat' dir='ltr'><strong>cam.</strong></span> 
     </span>
    </p>
   </div>
   <div class='ocr_carea' id='block_1_44' title="bbox 570 4292 2082 4381">
    <p class='ocr_par' dir='ltr' id='par_1_44' title="bbox 570 4292 2082 4381">
     <span class='ocr_line' id='line_1_44' title="bbox 570 4292 2082 4381; baseline -0.013 -18"><span class='ocrx_word' id='word_1_355' title='bbox 570 4307 675 4381; x_wconf 85' lang='grc'><strong>[11).</strong></span> <span class='ocrx_word' id='word_1_356' title='bbox 705 4303 823 4379; x_wconf 88' lang='lat'><strong>26.]</strong></span> <span class='ocrx_word' id='word_1_357' title='bbox 846 4301 912 4358; x_wconf 84' lang='lat' dir='ltr'><strong>Et</strong></span> <span class='ocrx_word' id='word_1_358' title='bbox 946 4301 1112 4374; x_wconf 83' lang='lat' dir='ltr'><strong>ﬁlium</strong></span> <span class='ocrx_word' id='word_1_359' title='bbox 1147 4299 1257 4367; x_wconf 80' lang='lat' dir='ltr'><strong>eius</strong></span> <span class='ocrx_word' id='word_1_360' title='bbox 1295 4295 1498 4353; x_wconf 84' lang='lat' dir='ltr'><strong>Sic/tem</strong></span> <span class='ocrx_word' id='word_1_361' title='bbox 1521 4295 1874 4366; x_wconf 76' lang='lat' dir='ltr'><strong>interfecerunt</strong></span> <span class='ocrx_word' id='word_1_362' title='bbox 1909 4292 1961 4345; x_wconf 89' lang='lat' dir='ltr'><strong>in</strong></span> <span class='ocrx_word' id='word_1_363' title='bbox 1997 4307 2082 4345; x_wconf 90' lang='lat' dir='ltr'><strong>ore</strong></span> 
     </span>
    </p>
   </div>
   <div class='ocr_carea' id='block_1_45' title="bbox 495 4390 1323 4474">
    <p class='ocr_par' dir='ltr' id='par_1_45' title="bbox 495 4390 1323 4474">
     <span class='ocr_line' id='line_1_45' title="bbox 495 4390 1323 4474; baseline -0.018 -16"><span class='ocrx_word' id='word_1_364' title='bbox 495 4401 655 4474; x_wconf 84' lang='lat' dir='ltr'><strong>gladii</strong></span> <span class='ocrx_word' id='word_1_365' title='bbox 677 4416 697 4456; x_wconf 91' lang='lat'><strong><em>:</em></strong></span> <span class='ocrx_word' id='word_1_366' title='bbox 723 4415 788 4456; x_wconf 81' lang='lat' dir='ltr'><strong>ac</strong></span> <span class='ocrx_word' id='word_1_367' title='bbox 813 4396 858 4452; x_wconf 89' lang='lat' dir='ltr'><strong>si</strong></span> <span class='ocrx_word' id='word_1_368' title='bbox 881 4395 1101 4460; x_wconf 90' lang='lat' dir='ltr'><strong>diceret,</strong></span> <span class='ocrx_word' id='word_1_369' title='bbox 1128 4390 1323 4463; x_wconf 89' lang='lat' dir='ltr'><strong>gladio.</strong></span> 
     </span>
    </p>
   </div>
   <div class='ocr_carea' id='block_1_46' title="bbox 565 4473 2082 4566">
    <p class='ocr_par' dir='ltr' id='par_1_46' title="bbox 565 4473 2082 4566">
     <span class='ocr_line' id='line_1_46' title="bbox 565 4473 2082 4566; baseline -0.012 -19"><span class='ocrx_word' id='word_1_370' title='bbox 565 4490 590 4566; x_wconf 94' lang='lat'><strong>[</strong></span> <span class='ocrx_word' id='word_1_371' title='bbox 612 4491 689 4549; x_wconf 83' lang='lat'><strong>11:.</strong></span> <span class='ocrx_word' id='word_1_372' title='bbox 713 4491 806 4559; x_wconf 90' lang='lat'><strong>28,</strong></span> <span class='ocrx_word' id='word_1_373' title='bbox 822 4485 938 4560; x_wconf 93' lang='lat'><strong>29.]</strong></span> <span class='ocrx_word' id='word_1_374' title='bbox 962 4485 1090 4554; x_wconf 85' lang='lat' dir='ltr'><strong>Quae</strong></span> <span class='ocrx_word' id='word_1_375' title='bbox 1109 4480 1442 4538; x_wconf 87' lang='lat' dir='ltr'><strong>abstulerunt</strong></span> <span class='ocrx_word' id='word_1_376' title='bbox 1472 4475 1563 4531; x_wconf 90' lang='lat' dir='ltr'><strong>ﬁlii</strong></span> <span class='ocrx_word' id='word_1_377' title='bbox 1589 4474 1754 4531; x_wconf 83' lang='lat' dir='ltr'><strong>Jacob</strong></span> <span class='ocrx_word' id='word_1_378' title='bbox 1781 4473 1847 4529; x_wconf 89' lang='lat' dir='ltr'><strong>de</strong></span> <span class='ocrx_word' id='word_1_379' title='bbox 1868 4474 2082 4529; x_wconf 77' lang='lat' dir='ltr'><strong>civitate</strong></span> 
     </span>
    </p>
   </div>
   <div class='ocr_carea' id='block_1_47' title="bbox 495 4567 2083 4642">
    <p class='ocr_par' dir='ltr' id='par_1_47' title="bbox 495 4567 2083 4642">
     <span class='ocr_line' id='line_1_47' title="bbox 495 4567 2083 4642; baseline -0.014 -1"><span class='ocrx_word' id='word_1_380' title='bbox 495 4583 852 4641; x_wconf 89' lang='lat' dir='ltr'><strong>Sichimorum</strong></span> <span class='ocrx_word' id='word_1_381' title='bbox 884 4580 1084 4642; x_wconf 80' lang='lat' dir='ltr'><strong>Solem,</strong></span> <span class='ocrx_word' id='word_1_382' title='bbox 1113 4589 1234 4630; x_wconf 89' lang='lat' dir='ltr'><strong>cum</strong></span> <span class='ocrx_word' id='word_1_383' title='bbox 1263 4586 1381 4627; x_wconf 89' lang='lat' dir='ltr'><strong>eam</strong></span> <span class='ocrx_word' id='word_1_384' title='bbox 1412 4574 1820 4640; x_wconf 81' lang='lat' dir='ltr'><strong>expugnassent,</strong></span> <span class='ocrx_word' id='word_1_385' title='bbox 1851 4567 1930 4620; x_wconf 91' lang='lat' dir='ltr'><strong>sic</strong></span> <span class='ocrx_word' id='word_1_386' title='bbox 1949 4581 2083 4620; x_wconf 89' lang='lat' dir='ltr'><strong>enu-</strong></span> 
     </span>
    </p>
   </div>
   <div class='ocr_carea' id='block_1_48' title="bbox 499 4657 2080 4732">
    <p class='ocr_par' dir='ltr' id='par_1_48' title="bbox 499 4657 2080 4732">
     <span class='ocr_line' id='line_1_48' title="bbox 499 4657 2080 4732; baseline -0.014 -1"><span class='ocrx_word' id='word_1_387' title='bbox 499 4681 774 4732; x_wconf 87' lang='lat' dir='ltr'><strong>merantur</strong></span> <span class='ocrx_word' id='word_1_388' title='bbox 809 4687 824 4724; x_wconf 91' lang='lat'><strong>:</strong></span> <span class='ocrx_word' id='word_1_389' title='bbox 861 4667 988 4722; x_wconf 75' lang='lat' dir='ltr'><strong><em>Oves</em></strong></span> <span class='ocrx_word' id='word_1_390' title='bbox 1030 4681 1222 4731; x_wconf 87' lang='lat' dir='ltr'><strong>eorum,</strong></span> <span class='ocrx_word' id='word_1_391' title='bbox 1251 4671 1295 4716; x_wconf 89' lang='lat' dir='ltr'><strong>et</strong></span> <span class='ocrx_word' id='word_1_392' title='bbox 1325 4662 1470 4716; x_wconf 87' lang='lat' dir='ltr'><strong>boves</strong></span> <span class='ocrx_word' id='word_1_393' title='bbox 1493 4675 1682 4722; x_wconf 87' lang='lat' dir='ltr'><strong>eorum,</strong></span> <span class='ocrx_word' id='word_1_394' title='bbox 1713 4666 1761 4710; x_wconf 90' lang='lat' dir='ltr'><strong>et</strong></span> <span class='ocrx_word' id='word_1_395' title='bbox 1789 4657 1958 4710; x_wconf 90' lang='lat' dir='ltr'><strong>asinos</strong></span> <span class='ocrx_word' id='word_1_396' title='bbox 1993 4673 2080 4709; x_wconf 89' lang='lat' dir='ltr'><strong>eo-</strong></span> 
     </span>
    </p>
   </div>
   <div class='ocr_carea' id='block_1_49' title="bbox 495 4753 2082 4834">
    <p class='ocr_par' dir='ltr' id='par_1_49' title="bbox 495 4753 2082 4834">
     <span class='ocr_line' id='line_1_49' title="bbox 495 4753 2082 4834; baseline -0.012 -13"><span class='ocrx_word' id='word_1_397' title='bbox 495 4781 631 4830; x_wconf 90' lang='lat' dir='ltr'><strong>rum,</strong></span> <span class='ocrx_word' id='word_1_398' title='bbox 661 4777 983 4834; x_wconf 67' lang='lat' dir='ltr'><strong>quantumque</strong></span> <span class='ocrx_word' id='word_1_399' title='bbox 1009 4765 1149 4812; x_wconf 88' lang='lat' dir='ltr'><strong>erant</strong></span> <span class='ocrx_word' id='word_1_400' title='bbox 1179 4756 1230 4808; x_wconf 91' lang='lat' dir='ltr'><strong>in</strong></span> <span class='ocrx_word' id='word_1_401' title='bbox 1261 4753 1477 4817; x_wconf 81' lang='lat' dir='ltr'><strong>civitate,</strong></span> <span class='ocrx_word' id='word_1_402' title='bbox 1520 4762 1565 4806; x_wconf 90' lang='lat' dir='ltr'><strong>et</strong></span> <span class='ocrx_word' id='word_1_403' title='bbox 1593 4765 1918 4822; x_wconf 66' lang='lat' dir='ltr'><strong>quiscumque</strong></span> <span class='ocrx_word' id='word_1_404' title='bbox 1939 4759 2082 4802; x_wconf 88' lang='lat' dir='ltr'><strong>erant</strong></span> 
     </span>
    </p>
   </div>
   <div class='ocr_carea' id='block_1_50' title="bbox 494 4839 2080 4926">
    <p class='ocr_par' dir='ltr' id='par_1_50' title="bbox 494 4839 2080 4926">
     <span class='ocr_line' id='line_1_50' title="bbox 494 4839 2080 4926; baseline -0.015 -14"><span class='ocrx_word' id='word_1_405' title='bbox 494 4859 549 4912; x_wconf 88' lang='lat' dir='ltr'><strong>in</strong></span> <span class='ocrx_word' id='word_1_406' title='bbox 591 4869 772 4926; x_wconf 86' lang='lat' dir='ltr'><strong>campo</strong></span> <span class='ocrx_word' id='word_1_407' title='bbox 814 4851 1068 4914; x_wconf 86' lang='lat' dir='ltr'><strong>tulerunt;</strong></span> <span class='ocrx_word' id='word_1_408' title='bbox 1105 4856 1150 4900; x_wconf 90' lang='lat' dir='ltr'><strong>et</strong></span> <span class='ocrx_word' id='word_1_409' title='bbox 1172 4845 1338 4898; x_wconf 85' lang='lat' dir='ltr'><strong>omnia</strong></span> <span class='ocrx_word' id='word_1_410' title='bbox 1366 4858 1579 4912; x_wconf 87' lang='lat' dir='ltr'><strong>corpora</strong></span> <span class='ocrx_word' id='word_1_411' title='bbox 1606 4856 1777 4894; x_wconf 88' lang='lat' dir='ltr'><strong>eorum</strong></span> <span class='ocrx_word' id='word_1_412' title='bbox 1797 4839 2080 4908; x_wconf 82' lang='lat' dir='ltr'><strong>captivaue-</strong></span> 
     </span>
    </p>
   </div>
   <div class='ocr_carea' id='block_1_51' title="bbox 494 4932 2083 5012">
    <p class='ocr_par' dir='ltr' id='par_1_51' title="bbox 494 4932 2083 5012">
     <span class='ocr_line' id='line_1_51' title="bbox 494 4932 2083 5012; baseline -0.014 -10"><span class='ocrx_word' id='word_1_413' title='bbox 494 4957 634 5012; x_wconf 80' lang='lat' dir='ltr'><strong>runt,</strong></span> <span class='ocrx_word' id='word_1_414' title='bbox 657 4957 704 5000; x_wconf 92' lang='lat' dir='ltr'><strong>et</strong></span> <span class='ocrx_word' id='word_1_415' title='bbox 724 4943 1039 5012; x_wconf 83' lang='lat' dir='ltr'><strong>diripuerunt</strong></span> <span class='ocrx_word' id='word_1_416' title='bbox 1059 4951 1381 5010; x_wconf 60' lang='lat' dir='ltr'><strong>quacumque</strong></span> <span class='ocrx_word' id='word_1_417' title='bbox 1403 4943 1543 4987; x_wconf 88' lang='lat' dir='ltr'><strong>erant</strong></span> <span class='ocrx_word' id='word_1_418' title='bbox 1564 4933 1615 4984; x_wconf 89' lang='lat' dir='ltr'><strong>in</strong></span> <span class='ocrx_word' id='word_1_419' title='bbox 1639 4932 1854 4995; x_wconf 86' lang='lat' dir='ltr'><strong>civitate,</strong></span> <span class='ocrx_word' id='word_1_420' title='bbox 1883 4939 1930 4983; x_wconf 90' lang='lat' dir='ltr'><strong>et</strong></span> <span class='ocrx_word' id='word_1_421' title='bbox 1954 4943 2083 4998; x_wconf 76' lang='lat' dir='ltr'><strong>qua:-</strong></span> 
     </span>
    </p>
   </div>
   <div class='ocr_carea' id='block_1_52' title="bbox 495 5021 2082 5109">
    <p class='ocr_par' dir='ltr' id='par_1_52' title="bbox 495 5021 2082 5109">
     <span class='ocr_line' id='line_1_52' title="bbox 495 5021 2082 5109; baseline -0.014 -15"><span class='ocrx_word' id='word_1_422' title='bbox 495 5054 708 5109; x_wconf 86' lang='lat' dir='ltr'><strong>cumque</strong></span> <span class='ocrx_word' id='word_1_423' title='bbox 742 5042 886 5092; x_wconf 84' lang='lat' dir='ltr'><strong>erant</strong></span> <span class='ocrx_word' id='word_1_424' title='bbox 915 5034 969 5086; x_wconf 87' lang='lat' dir='ltr'><strong>in</strong></span> <span class='ocrx_word' id='word_1_425' title='bbox 1006 5030 1256 5085; x_wconf 83' lang='lat' dir='ltr'><strong>domibus.</strong></span> <span class='ocrx_word' id='word_1_426' title='bbox 1297 5026 1442 5080; x_wconf 86' lang='lat' dir='ltr'><strong>lnter</strong></span> <span class='ocrx_word' id='word_1_427' title='bbox 1470 5025 1584 5078; x_wconf 64' lang='lat' dir='ltr'><strong>haec</strong></span> <span class='ocrx_word' id='word_1_428' title='bbox 1609 5023 1784 5077; x_wconf 88' lang='lat' dir='ltr'><strong>omnia</strong></span> <span class='ocrx_word' id='word_1_429' title='bbox 1821 5036 1924 5074; x_wconf 90' lang='lat' dir='ltr'><strong>non</strong></span> <span class='ocrx_word' id='word_1_430' title='bbox 1953 5021 2082 5074; x_wconf 89' lang='lat' dir='ltr'><strong>satis</strong></span> 
     </span>
    </p>
   </div>
   <div class='ocr_carea' id='block_1_53' title="bbox 497 5115 2078 5201">
    <p class='ocr_par' dir='ltr' id='par_1_53' title="bbox 497 5115 2078 5201">
     <span class='ocr_line' id='line_1_53' title="bbox 497 5115 2078 5201; baseline -0.015 -13"><span class='ocrx_word' id='word_1_431' title='bbox 497 5131 810 5201; x_wconf 83' lang='lat' dir='ltr'><strong>intelligitur</strong></span> <span class='ocrx_word' id='word_1_432' title='bbox 835 5123 960 5196; x_wconf 90' lang='lat' dir='ltr'><strong>quid</strong></span> <span class='ocrx_word' id='word_1_433' title='bbox 991 5122 1144 5185; x_wconf 90' lang='lat' dir='ltr'><strong>dixit,</strong></span> <span class='ocrx_word' id='word_1_434' title='bbox 1176 5129 1221 5174; x_wconf 88' lang='lat' dir='ltr'><strong>et</strong></span> <span class='ocrx_word' id='word_1_435' title='bbox 1261 5134 1472 5189; x_wconf 85' lang='lat' dir='ltr'><strong>corpora</strong></span> <span class='ocrx_word' id='word_1_436' title='bbox 1502 5131 1674 5169; x_wconf 85' lang='lat' dir='ltr'><strong>eorum</strong></span> <span class='ocrx_word' id='word_1_437' title='bbox 1703 5129 1720 5166; x_wconf 91' lang='lat'><strong><em>:</em></strong></span> <span class='ocrx_word' id='word_1_438' title='bbox 1747 5127 1916 5181; x_wconf 88' lang='lat' dir='ltr'><strong>neque</strong></span> <span class='ocrx_word' id='word_1_439' title='bbox 1939 5115 2078 5164; x_wconf 86' lang='lat' dir='ltr'><strong>enim</strong></span> 
     </span>
    </p>
   </div>
   <div class='ocr_carea' id='block_1_54' title="bbox 497 5206 2084 5294">
    <p class='ocr_par' dir='ltr' id='par_1_54' title="bbox 497 5206 2084 5294">
     <span class='ocr_line' id='line_1_54' title="bbox 497 5206 2084 5294; baseline -0.017 -14"><span class='ocrx_word' id='word_1_440' title='bbox 497 5218 873 5294; x_wconf 88' lang='lat' dir='ltr'><strong>suspicandum</strong></span> <span class='ocrx_word' id='word_1_441' title='bbox 909 5223 1023 5277; x_wconf 89' lang='lat' dir='ltr'><strong>est,</strong></span> <span class='ocrx_word' id='word_1_442' title='bbox 1054 5210 1195 5284; x_wconf 90' lang='lat' dir='ltr'><strong>quod</strong></span> <span class='ocrx_word' id='word_1_443' title='bbox 1239 5223 1460 5280; x_wconf 86' lang='lat' dir='ltr'><strong>corpora</strong></span> <span class='ocrx_word' id='word_1_444' title='bbox 1502 5206 1833 5260; x_wconf 88' lang='lat' dir='ltr'><strong>abstulerunt</strong></span> <span class='ocrx_word' id='word_1_445' title='bbox 1873 5215 2084 5271; x_wconf 89' lang='lat' dir='ltr'><strong>perem-</strong></span> 
     </span>
    </p>
   </div>
   <div class='ocr_carea' id='block_1_55' title="bbox 501 5299 2080 5388">
    <p class='ocr_par' dir='ltr' id='par_1_55' title="bbox 501 5299 2080 5388">
     <span class='ocr_line' id='line_1_55' title="bbox 501 5299 2080 5388; baseline -0.018 -15"><span class='ocrx_word' id='word_1_446' title='bbox 501 5326 714 5388; x_wconf 86' lang='lat' dir='ltr'><strong>ptorum</strong></span> <span class='ocrx_word' id='word_1_447' title='bbox 742 5326 758 5380; x_wconf 90' lang='lat'><strong>;</strong></span> <span class='ocrx_word' id='word_1_448' title='bbox 787 5309 881 5366; x_wconf 80' lang='lat' dir='ltr'><strong>sed</strong></span> <span class='ocrx_word' id='word_1_449' title='bbox 925 5322 1102 5363; x_wconf 88' lang='lat' dir='ltr'><strong>rerum</strong></span> <span class='ocrx_word' id='word_1_450' title='bbox 1142 5299 1481 5372; x_wconf 88' lang='lat' dir='ltr'><strong>intelligenda</strong></span> <span class='ocrx_word' id='word_1_451' title='bbox 1506 5305 1647 5362; x_wconf 89' lang='lat' dir='ltr'><strong>sunt,</strong></span> <span class='ocrx_word' id='word_1_452' title='bbox 1680 5310 1800 5377; x_wconf 68' lang='lat' dir='ltr'><strong>qua:</strong></span> <span class='ocrx_word' id='word_1_453' title='bbox 1826 5307 2080 5362; x_wconf 83' lang='lat' dir='ltr'><strong>corpora-</strong></span> 
     </span>
    </p>
   </div>
   <div class='ocr_carea' id='block_1_56' title="bbox 498 5383 2082 5478">
    <p class='ocr_par' dir='ltr' id='par_1_56' title="bbox 498 5383 2082 5478">
     <span class='ocr_line' id='line_1_56' title="bbox 498 5383 2082 5478; baseline -0.019 -13"><span class='ocrx_word' id='word_1_454' title='bbox 498 5383 620 5465; x_wconf 83' lang='lat' dir='ltr'><strong>liter</strong></span> <span class='ocrx_word' id='word_1_455' title='bbox 649 5401 988 5478; x_wconf 88' lang='lat' dir='ltr'><strong>possidentur</strong></span> <span class='ocrx_word' id='word_1_456' title='bbox 1015 5416 1029 5453; x_wconf 87' lang='lat'><strong>:</strong></span> <span class='ocrx_word' id='word_1_457' title='bbox 1062 5409 1113 5451; x_wconf 91' lang='lat' dir='ltr'><strong>ut</strong></span> <span class='ocrx_word' id='word_1_458' title='bbox 1139 5409 1320 5450; x_wconf 88' lang='lat' dir='ltr'><strong>eorum</strong></span> <span class='ocrx_word' id='word_1_459' title='bbox 1350 5392 1419 5444; x_wconf 93' lang='lat' dir='ltr'><strong>sit</strong></span> <span class='ocrx_word' id='word_1_460' title='bbox 1445 5387 1715 5444; x_wconf 76' lang='lat' dir='ltr'><strong>exsecutio</strong></span> <span class='ocrx_word' id='word_1_461' title='bbox 1743 5384 1882 5456; x_wconf 89' lang='lat' dir='ltr'><strong>quod</strong></span> <span class='ocrx_word' id='word_1_462' title='bbox 1905 5383 2082 5478; x_wconf 81' lang='lat' dir='ltr'><strong>sequi-</strong></span> 
     </span>
    </p>
   </div>
   <div class='ocr_carea' id='block_1_57' title="bbox 498 5473 2082 5565">
    <p class='ocr_par' dir='ltr' id='par_1_57' title="bbox 498 5473 2082 5565">
     <span class='ocr_line' id='line_1_57' title="bbox 498 5473 2082 5565; baseline -0.016 -11"><span class='ocrx_word' id='word_1_463' title='bbox 498 5510 606 5565; x_wconf 88' lang='lat' dir='ltr'><strong>tur,</strong></span> <span class='ocrx_word' id='word_1_464' title='bbox 639 5473 683 5550; x_wconf 58' lang='grc' dir='ltr'><em>ἐι</em></span> <span class='ocrx_word' id='word_1_465' title='bbox 720 5490 1098 5563; x_wconf 85' lang='lat' dir='ltr'><strong>supellectilem,</strong></span> <span class='ocrx_word' id='word_1_466' title='bbox 1135 5495 1190 5540; x_wconf 92' lang='lat' dir='ltr'><strong>et</strong></span> <span class='ocrx_word' id='word_1_467' title='bbox 1217 5492 1432 5547; x_wconf 62' lang='lat' dir='ltr'><strong>extera,</strong></span> <span class='ocrx_word' id='word_1_468' title='bbox 1472 5481 1610 5533; x_wconf 87' lang='lat' dir='ltr'><strong>sicut</strong></span> <span class='ocrx_word' id='word_1_469' title='bbox 1647 5478 1701 5531; x_wconf 90' lang='lat' dir='ltr'><strong>in</strong></span> <span class='ocrx_word' id='word_1_470' title='bbox 1735 5475 1853 5546; x_wconf 84' lang='lat' dir='ltr'><strong>jure</strong></span> <span class='ocrx_word' id='word_1_471' title='bbox 1888 5473 2082 5530; x_wconf 88' lang='lat' dir='ltr'><strong>dicitur</strong></span> 
     </span>
    </p>
   </div>
   <div class='ocr_carea' id='block_1_58' title="bbox 501 5570 2081 5655">
    <p class='ocr_par' dir='ltr' id='par_1_58' title="bbox 501 5570 2081 5655">
     <span class='ocr_line' id='line_1_58' title="bbox 501 5570 2081 5655; baseline -0.017 -8"><span class='ocrx_word' id='word_1_472' title='bbox 501 5591 716 5647; x_wconf 83' lang='lat' dir='ltr'><strong>traditio</strong></span> <span class='ocrx_word' id='word_1_473' title='bbox 755 5595 1075 5655; x_wconf 82' lang='lat' dir='ltr'><strong>corporum;</strong></span> <span class='ocrx_word' id='word_1_474' title='bbox 1117 5589 1415 5648; x_wconf 83' lang='lat' dir='ltr'><strong>quanquam</strong></span> <span class='ocrx_word' id='word_1_475' title='bbox 1441 5570 1599 5642; x_wconf 70' lang='lat' dir='ltr'><strong>graeci</strong></span> <span class='ocrx_word' id='word_1_476' title='bbox 1637 5575 1856 5636; x_wconf 76' lang='grc' dir='ltr'><strong>σωμάτια</strong></span> <span class='ocrx_word' id='word_1_477' title='bbox 1897 5581 2081 5620; x_wconf 85' lang='lat' dir='ltr'><strong>servos</strong></span> 
     </span>
    </p>
   </div>
   <div class='ocr_carea' id='block_1_59' title="bbox 502 5659 2080 5755">
    <p class='ocr_par' dir='ltr' id='par_1_59' title="bbox 502 5659 2080 5755">
     <span class='ocr_line' id='line_1_59' title="bbox 502 5659 2080 5755; baseline -0.022 -15"><span class='ocrx_word' id='word_1_478' title='bbox 502 5680 774 5755; x_wconf 78' lang='lat' dir='ltr'><strong>appellant</strong></span> <span class='ocrx_word' id='word_1_479' title='bbox 800 5672 1142 5731; x_wconf 83' lang='lat' dir='ltr'><strong>usitatissima</strong></span> <span class='ocrx_word' id='word_1_480' title='bbox 1171 5665 1456 5726; x_wconf 85' lang='lat' dir='ltr'><strong>locutione,</strong></span> <span class='ocrx_word' id='word_1_481' title='bbox 1490 5661 1583 5715; x_wconf 89' lang='lat' dir='ltr'><strong>sed</strong></span> <span class='ocrx_word' id='word_1_482' title='bbox 1625 5659 1745 5730; x_wconf 89' lang='lat' dir='ltr'><strong>quia</strong></span> <span class='ocrx_word' id='word_1_483' title='bbox 1787 5672 1889 5712; x_wconf 89' lang='lat' dir='ltr'><strong>non</strong></span> <span class='ocrx_word' id='word_1_484' title='bbox 1919 5664 2080 5724; x_wconf 68' lang='grc' dir='ltr'><strong>σωμά-</strong></span> 
     </span>
    </p>
   </div>
   <div class='ocr_carea' id='block_1_60' title="bbox 501 5759 2078 5837">
    <p class='ocr_par' dir='ltr' id='par_1_60' title="bbox 501 5759 2078 5837">
     <span class='ocr_line' id='line_1_60' title="bbox 501 5759 2078 5837; baseline -0.02 -7"><span class='ocrx_word' id='word_1_485' title='bbox 501 5797 606 5837; x_wconf 67' lang='grc' dir='ltr'><strong>ςια,</strong></span> <span class='ocrx_word' id='word_1_486' title='bbox 648 5767 740 5827; x_wconf 87' lang='lat' dir='ltr'><strong>scd</strong></span> <span class='ocrx_word' id='word_1_487' title='bbox 780 5773 983 5835; x_wconf 64' lang='grc' dir='ltr'><strong>σώματι)</strong></span> <span class='ocrx_word' id='word_1_488' title='bbox 1005 5759 1093 5818; x_wconf 89' lang='lat' dir='ltr'><strong>hic</strong></span> <span class='ocrx_word' id='word_1_489' title='bbox 1119 5759 1314 5816; x_wconf 89' lang='lat' dir='ltr'><strong>dictum</strong></span> <span class='ocrx_word' id='word_1_490' title='bbox 1345 5764 1446 5819; x_wconf 89' lang='lat' dir='ltr'><strong>est,</strong></span> <span class='ocrx_word' id='word_1_491' title='bbox 1479 5765 1581 5805; x_wconf 85' lang='grc'><strong>11011</strong></span> <span class='ocrx_word' id='word_1_492' title='bbox 1614 5759 1688 5804; x_wconf 76' lang='lat' dir='ltr'><strong>t‘sl</strong></span> <span class='ocrx_word' id='word_1_493' title='bbox 1723 5759 1921 5804; x_wconf 88' lang='lat' dir='ltr'><strong>temere</strong></span> <span class='ocrx_word' id='word_1_494' title='bbox 1947 5762 2078 5801; x_wconf 70' lang='lat' dir='ltr'><strong>eon-</strong></span> 
     </span>
    </p>
   </div>
   <div class='ocr_carea' id='block_1_61' title="bbox 1299 345 2940 408">
    <p class='ocr_par' dir='ltr' id='par_1_61' title="bbox 1299 345 2940 408">
     <span class='ocr_line' id='line_1_61' title="bbox 1299 345 2940 408; baseline -0.001 -1"><span class='ocrx_word' id='word_1_495' title='bbox 1299 348 1734 407; x_wconf 75' lang='lat' dir='ltr'><strong>LOCUTIONUM</strong></span> <span class='ocrx_word' id='word_1_496' title='bbox 1773 347 1830 404; x_wconf 89' lang='lat' dir='ltr'><strong>S.</strong></span> <span class='ocrx_word' id='word_1_497' title='bbox 1873 345 2239 404; x_wconf 73' lang='lat' dir='ltr'><strong>AUGUSTINI</strong></span> <span class='ocrx_word' id='word_1_498' title='bbox 2279 347 2345 406; x_wconf 80' lang='grc' dir='ltr'><strong>ΙΝ</strong></span> <span class='ocrx_word' id='word_1_499' title='bbox 2385 349 2940 408; x_wconf 76' lang='grc' dir='ltr'><strong>ΙΙΕΡΤΛΤΕυΟΙΙυΜ</strong></span> 
     </span>
    </p>
   </div>
   <div class='ocr_carea' id='block_1_62' title="bbox 3662 351 3766 410">
    <p class='ocr_par' dir='ltr' id='par_1_62' title="bbox 3662 351 3766 410">
     <span class='ocr_line' id='line_1_62' title="bbox 3662 351 3766 410; baseline -0.01 0"><span class='ocrx_word' id='word_1_500' title='bbox 3662 351 3766 410; x_wconf 64' lang='lat' dir='ltr'><strong>L96</strong></span> 
     </span>
    </p>
   </div>
   <div class='ocr_carea' id='block_1_63' title="bbox 2187 463 3768 540">
    <p class='ocr_par' dir='ltr' id='par_1_63' title="bbox 2187 463 3768 540">
     <span class='ocr_line' id='line_1_63' title="bbox 2187 463 3768 540; baseline 0.005 -24"><span class='ocrx_word' id='word_1_501' title='bbox 2187 463 2525 530; x_wconf 88' lang='lat' dir='ltr'><strong>ﬁrmandum,</strong></span> <span class='ocrx_word' id='word_1_502' title='bbox 2549 480 2732 522; x_wconf 86' lang='lat' dir='ltr'><strong>servos</strong></span> <span class='ocrx_word' id='word_1_503' title='bbox 2752 465 3076 536; x_wconf 85' lang='lat' dir='ltr'><strong>signiﬁcatos</strong></span> <span class='ocrx_word' id='word_1_504' title='bbox 3099 484 3113 522; x_wconf 90' lang='lat'>:</span> <span class='ocrx_word' id='word_1_505' title='bbox 3139 464 3250 522; x_wconf 91' lang='lat' dir='ltr'><strong>ﬁeri</strong></span> <span class='ocrx_word' id='word_1_506' title='bbox 3273 476 3446 522; x_wconf 70' lang='lat' dir='ltr'><strong>tatmn</strong></span> <span class='ocrx_word' id='word_1_507' title='bbox 3469 475 3643 540; x_wconf 79' lang='lat' dir='ltr'><strong>poiest</strong></span> <span class='ocrx_word' id='word_1_508' title='bbox 3665 509 3682 537; x_wconf 89' lang='lat'><strong>,</strong></span> <span class='ocrx_word' id='word_1_509' title='bbox 3711 481 3768 524; x_wconf 92' lang='lat' dir='ltr'><strong>ut</strong></span> 
     </span>
    </p>
   </div>
   <div class='ocr_carea' id='block_1_64' title="bbox 2188 554 2598 626">
    <p class='ocr_par' dir='ltr' id='par_1_64' title="bbox 2188 554 2598 626">
     <span class='ocr_line' id='line_1_64' title="bbox 2188 554 2598 626; baseline 0.005 -18"><span class='ocrx_word' id='word_1_510' title='bbox 2188 554 2288 609; x_wconf 89' lang='lat' dir='ltr'><strong>hoc</strong></span> <span class='ocrx_word' id='word_1_511' title='bbox 2315 557 2480 626; x_wconf 86' lang='lat' dir='ltr'><strong>magis</strong></span> <span class='ocrx_word' id='word_1_512' title='bbox 2509 558 2598 612; x_wconf 91' lang='lat' dir='ltr'><strong>sit.</strong></span> 
     </span>
    </p>
   </div>
   <div class='ocr_carea' id='block_1_65' title="bbox 2258 646 3770 721">
    <p class='ocr_par' dir='ltr' id='par_1_65' title="bbox 2258 646 3770 721">
     <span class='ocr_line' id='line_1_65' title="bbox 2258 646 3770 721; baseline 0.005 -22"><span class='ocrx_word' id='word_1_513' title='bbox 2258 646 2357 720; x_wconf 86' lang='lat' dir='ltr'><strong>[lb.</strong></span> <span class='ocrx_word' id='word_1_514' title='bbox 2378 663 2572 712; x_wconf 79' lang='lat' dir='ltr'><strong>xxxvi,</strong></span> <span class='ocrx_word' id='word_1_515' title='bbox 2596 647 2710 721; x_wconf 66' lang='lat'><strong>40.]</strong></span> <span class='ocrx_word' id='word_1_516' title='bbox 2730 648 2864 704; x_wconf 91' lang='lat' dir='ltr'><strong>Cum</strong></span> <span class='ocrx_word' id='word_1_517' title='bbox 2891 657 3098 720; x_wconf 80' lang='lat' dir='ltr'><strong>gentem</strong></span> <span class='ocrx_word' id='word_1_518' title='bbox 3123 650 3313 716; x_wconf 83' lang='lat' dir='ltr'><strong>Edom,</strong></span> <span class='ocrx_word' id='word_1_519' title='bbox 3340 653 3388 706; x_wconf 88' lang='lat' dir='ltr'><strong>id</strong></span> <span class='ocrx_word' id='word_1_520' title='bbox 3411 661 3491 708; x_wconf 89' lang='lat' dir='ltr'><strong>est</strong></span> <span class='ocrx_word' id='word_1_521' title='bbox 3511 653 3770 708; x_wconf 58' lang='lat' dir='ltr'><strong>Idumaeo-</strong></span> 
     </span>
    </p>
   </div>
   <div class='ocr_carea' id='block_1_66' title="bbox 2188 741 3769 816">
    <p class='ocr_par' dir='ltr' id='par_1_66' title="bbox 2188 741 3769 816">
     <span class='ocr_line' id='line_1_66' title="bbox 2188 741 3769 816; baseline 0.006 -26"><span class='ocrx_word' id='word_1_522' title='bbox 2188 753 2326 805; x_wconf 92' lang='lat' dir='ltr'><strong>rum,</strong></span> <span class='ocrx_word' id='word_1_523' title='bbox 2355 750 2738 794; x_wconf 89' lang='lat' dir='ltr'><strong>commemoret</strong></span> <span class='ocrx_word' id='word_1_524' title='bbox 2763 741 3057 810; x_wconf 89' lang='lat' dir='ltr'><strong>Scriptura,</strong></span> <span class='ocrx_word' id='word_1_525' title='bbox 3081 752 3134 797; x_wconf 91' lang='lat' dir='ltr'><strong>et</strong></span> <span class='ocrx_word' id='word_1_526' title='bbox 3156 745 3244 813; x_wconf 91' lang='lat' dir='ltr'><strong>qui</strong></span> <span class='ocrx_word' id='word_1_527' title='bbox 3267 744 3318 798; x_wconf 92' lang='lat' dir='ltr'><strong>in</strong></span> <span class='ocrx_word' id='word_1_528' title='bbox 3346 759 3406 798; x_wconf 90' lang='lat' dir='ltr'><strong>ea</strong></span> <span class='ocrx_word' id='word_1_529' title='bbox 3436 755 3769 816; x_wconf 88' lang='lat' dir='ltr'><strong>regnassent,</strong></span> 
     </span>
    </p>
   </div>
   <div class='ocr_carea' id='block_1_67' title="bbox 2187 829 3771 902">
    <p class='ocr_par' dir='ltr' id='par_1_67' title="bbox 2187 829 3771 902">
     <span class='ocr_line' id='line_1_67' title="bbox 2187 829 3771 902; baseline 0.004 -21"><span class='ocrx_word' id='word_1_530' title='bbox 2187 840 2370 898; x_wconf 85' lang='lat' dir='ltr'><strong>postea</strong></span> <span class='ocrx_word' id='word_1_531' title='bbox 2415 830 2570 895; x_wconf 90' lang='lat' dir='ltr'><strong>dicit,</strong></span> <span class='ocrx_word' id='word_1_532' title='bbox 2599 829 2725 885; x_wconf 69' lang='grc' dir='ltr'><strong>Παῖς</strong></span> <span class='ocrx_word' id='word_1_533' title='bbox 2753 833 2958 886; x_wconf 86' lang='lat' dir='ltr'><strong>nomina</strong></span> <span class='ocrx_word' id='word_1_534' title='bbox 2999 833 3285 902; x_wconf 82' lang='lat' dir='ltr'><strong>principum</strong></span> <span class='ocrx_word' id='word_1_535' title='bbox 3310 833 3466 898; x_wconf 80' lang='lat' dir='ltr'><strong>Esau,</strong></span> <span class='ocrx_word' id='word_1_536' title='bbox 3497 838 3771 889; x_wconf 86' lang='lat' dir='ltr'><strong>secundum</strong></span> 
     </span>
    </p>
   </div>
   <div class='ocr_carea' id='block_1_68' title="bbox 2185 921 3770 996">
    <p class='ocr_par' dir='ltr' id='par_1_68' title="bbox 2185 921 3770 996">
     <span class='ocr_line' id='line_1_68' title="bbox 2185 921 3770 996; baseline 0.004 -23"><span class='ocrx_word' id='word_1_537' title='bbox 2185 921 2295 974; x_wconf 88' lang='lat' dir='ltr'><strong>loca</strong></span> <span class='ocrx_word' id='word_1_538' title='bbox 2323 937 2497 975; x_wconf 88' lang='lat' dir='ltr'><strong>eorum</strong></span> <span class='ocrx_word' id='word_1_539' title='bbox 2535 923 2587 975; x_wconf 84' lang='lat' dir='ltr'><strong>in</strong></span> <span class='ocrx_word' id='word_1_540' title='bbox 2616 923 2901 994; x_wconf 81' lang='lat' dir='ltr'><strong>regionibus</strong></span> <span class='ocrx_word' id='word_1_541' title='bbox 2925 939 3117 989; x_wconf 88' lang='lat' dir='ltr'><strong>eorum,</strong></span> <span class='ocrx_word' id='word_1_542' title='bbox 3151 934 3197 978; x_wconf 89' lang='lat' dir='ltr'><strong>et</strong></span> <span class='ocrx_word' id='word_1_543' title='bbox 3224 925 3276 978; x_wconf 87' lang='lat' dir='ltr'><strong>in</strong></span> <span class='ocrx_word' id='word_1_544' title='bbox 3305 926 3534 996; x_wconf 82' lang='lat' dir='ltr'><strong>gentibus</strong></span> <span class='ocrx_word' id='word_1_545' title='bbox 3557 943 3729 980; x_wconf 84' lang='lat' dir='ltr'><strong>eorum</strong></span> <span class='ocrx_word' id='word_1_546' title='bbox 3754 941 3770 980; x_wconf 91' lang='lat'><strong><em>:</em></strong></span> 
     </span>
    </p>
   </div>
   <div class='ocr_carea' id='block_1_69' title="bbox 2183 1013 3770 1086">
    <p class='ocr_par' dir='ltr' id='par_1_69' title="bbox 2183 1013 3770 1086">
     <span class='ocr_line' id='line_1_69' title="bbox 2183 1013 3770 1086; baseline 0.004 -21"><span class='ocrx_word' id='word_1_547' title='bbox 2183 1023 2370 1082; x_wconf 84' lang='lat' dir='ltr'><strong>gentes</strong></span> <span class='ocrx_word' id='word_1_548' title='bbox 2421 1013 2698 1083; x_wconf 85' lang='lat' dir='ltr'><strong>appellans</strong></span> <span class='ocrx_word' id='word_1_549' title='bbox 2745 1015 2901 1069; x_wconf 91' lang='lat' dir='ltr'><strong>unius</strong></span> <span class='ocrx_word' id='word_1_550' title='bbox 2953 1016 3156 1086; x_wconf 90' lang='lat' dir='ltr'><strong>gentis,</strong></span> <span class='ocrx_word' id='word_1_551' title='bbox 3198 1027 3416 1086; x_wconf 74' lang='lat' dir='ltr'><strong>promer</strong></span> <span class='ocrx_word' id='word_1_552' title='bbox 3454 1016 3770 1071; x_wconf 79' lang='lat' dir='ltr'><strong>familiarum</strong></span> 
     </span>
    </p>
   </div>
   <div class='ocr_carea' id='block_1_70' title="bbox 2185 1103 3764 1177">
    <p class='ocr_par' dir='ltr' id='par_1_70' title="bbox 2185 1103 3764 1177">
     <span class='ocr_line' id='line_1_70' title="bbox 2185 1103 3764 1177; baseline 0.003 -22"><span class='ocrx_word' id='word_1_553' title='bbox 2185 1103 2560 1172; x_wconf 89' lang='lat' dir='ltr'><strong>multiplicatas</strong></span> <span class='ocrx_word' id='word_1_554' title='bbox 2583 1105 2972 1174; x_wconf 85' lang='lat' dir='ltr'><strong>generationes,</strong></span> <span class='ocrx_word' id='word_1_555' title='bbox 3003 1122 3122 1160; x_wconf 92' lang='lat' dir='ltr'><strong>eum</strong></span> <span class='ocrx_word' id='word_1_556' title='bbox 3152 1107 3313 1161; x_wconf 89' lang='lat' dir='ltr'><strong>etiam</strong></span> <span class='ocrx_word' id='word_1_557' title='bbox 3343 1108 3455 1177; x_wconf 84' lang='lat' dir='ltr'><strong>ipse</strong></span> <span class='ocrx_word' id='word_1_558' title='bbox 3485 1108 3654 1160; x_wconf 84' lang='lat' dir='ltr'><strong>Edom</strong></span> <span class='ocrx_word' id='word_1_559' title='bbox 3682 1125 3764 1160; x_wconf 88' lang='lat' dir='ltr'><strong>vo-</strong></span> 
     </span>
    </p>
   </div>
   <div class='ocr_carea' id='block_1_71' title="bbox 2183 1195 3760 1268">
    <p class='ocr_par' dir='ltr' id='par_1_71' title="bbox 2183 1195 3760 1268">
     <span class='ocr_line' id='line_1_71' title="bbox 2183 1195 3760 1268; baseline 0.004 -22"><span class='ocrx_word' id='word_1_560' title='bbox 2183 1203 2394 1247; x_wconf 89' lang='lat' dir='ltr'><strong>caretur</strong></span> <span class='ocrx_word' id='word_1_561' title='bbox 2420 1210 2434 1258; x_wconf 89' lang='lat'><strong>;</strong></span> <span class='ocrx_word' id='word_1_562' title='bbox 2466 1195 2605 1248; x_wconf 91' lang='lat' dir='ltr'><strong>unde</strong></span> <span class='ocrx_word' id='word_1_563' title='bbox 2633 1204 2686 1250; x_wconf 89' lang='lat' dir='ltr'><strong>et</strong></span> <span class='ocrx_word' id='word_1_564' title='bbox 2711 1211 2840 1265; x_wconf 89' lang='lat' dir='ltr'><strong>gens</strong></span> <span class='ocrx_word' id='word_1_565' title='bbox 2876 1213 3032 1265; x_wconf 81' lang='lat' dir='ltr'><strong>quant</strong></span> <span class='ocrx_word' id='word_1_566' title='bbox 3062 1199 3368 1268; x_wconf 73' lang='lat' dir='ltr'><strong>propagavit</strong></span> <span class='ocrx_word' id='word_1_567' title='bbox 3391 1200 3760 1268; x_wconf 84' lang='lat' dir='ltr'><strong>cognominata</strong></span> 
     </span>
    </p>
   </div>
   <div class='ocr_carea' id='block_1_72' title="bbox 2185 1286 3009 1358">
    <p class='ocr_par' dir='ltr' id='par_1_72' title="bbox 2185 1286 3009 1358">
     <span class='ocr_line' id='line_1_72' title="bbox 2185 1286 3009 1358; baseline 0.001 -19"><span class='ocrx_word' id='word_1_568' title='bbox 2185 1294 2285 1348; x_wconf 82' lang='lat' dir='ltr'><strong>cst,</strong></span> <span class='ocrx_word' id='word_1_569' title='bbox 2317 1286 2467 1354; x_wconf 85' lang='lat' dir='ltr'><strong>cujus</strong></span> <span class='ocrx_word' id='word_1_570' title='bbox 2497 1288 2679 1356; x_wconf 88' lang='lat' dir='ltr'><strong>utique</strong></span> <span class='ocrx_word' id='word_1_571' title='bbox 2711 1298 2864 1358; x_wconf 82' lang='lat' dir='ltr'><strong>pater</strong></span> <span class='ocrx_word' id='word_1_572' title='bbox 2895 1287 3009 1341; x_wconf 81' lang='lat' dir='ltr'><strong>fuit.</strong></span> 
     </span>
    </p>
   </div>
   <div class='ocr_carea' id='block_1_73' title="bbox 2256 1374 3771 1449">
    <p class='ocr_par' dir='ltr' id='par_1_73' title="bbox 2256 1374 3771 1449">
     <span class='ocr_line' id='line_1_73' title="bbox 2256 1374 3771 1449; baseline 0.001 -19"><span class='ocrx_word' id='word_1_573' title='bbox 2256 1374 2355 1448; x_wconf 84' lang='lat' dir='ltr'><strong>[lb.</strong></span> <span class='ocrx_word' id='word_1_574' title='bbox 2383 1392 2588 1440; x_wconf 80' lang='lat' dir='ltr'><strong>xxxvu,</strong></span> <span class='ocrx_word' id='word_1_575' title='bbox 2619 1375 2734 1449; x_wconf 85' lang='lat'><strong>21.]</strong></span> <span class='ocrx_word' id='word_1_576' title='bbox 2765 1376 2891 1432; x_wconf 86' lang='lat' dir='ltr'><strong>Cum</strong></span> <span class='ocrx_word' id='word_1_577' title='bbox 2916 1379 3136 1432; x_wconf 85' lang='lat' dir='ltr'><strong>audisset</strong></span> <span class='ocrx_word' id='word_1_578' title='bbox 3163 1388 3329 1432; x_wconf 86' lang='lat' dir='ltr'><strong>autem</strong></span> <span class='ocrx_word' id='word_1_579' title='bbox 3360 1378 3555 1443; x_wconf 86' lang='lat' dir='ltr'><strong>Ruben,</strong></span> <span class='ocrx_word' id='word_1_580' title='bbox 3585 1379 3771 1432; x_wconf 87' lang='lat' dir='ltr'><strong>libera-</strong></span> 
     </span>
    </p>
   </div>
   <div class='ocr_carea' id='block_1_74' title="bbox 2184 1467 3772 1539">
    <p class='ocr_par' dir='ltr' id='par_1_74' title="bbox 2184 1467 3772 1539">
     <span class='ocr_line' id='line_1_74' title="bbox 2184 1467 3772 1539; baseline 0.003 -20"><span class='ocrx_word' id='word_1_581' title='bbox 2184 1467 2253 1519; x_wconf 79' lang='lat' dir='ltr'><strong>vit</strong></span> <span class='ocrx_word' id='word_1_582' title='bbox 2281 1483 2393 1520; x_wconf 87' lang='lat' dir='ltr'><strong>eum</strong></span> <span class='ocrx_word' id='word_1_583' title='bbox 2422 1467 2486 1520; x_wconf 89' lang='lat' dir='ltr'><strong>de</strong></span> <span class='ocrx_word' id='word_1_584' title='bbox 2509 1468 2739 1521; x_wconf 89' lang='lat' dir='ltr'><strong>manibus</strong></span> <span class='ocrx_word' id='word_1_585' title='bbox 2764 1484 2954 1534; x_wconf 90' lang='lat' dir='ltr'><strong>eorum,</strong></span> <span class='ocrx_word' id='word_1_586' title='bbox 2989 1478 3035 1522; x_wconf 91' lang='lat' dir='ltr'><strong>et</strong></span> <span class='ocrx_word' id='word_1_587' title='bbox 3059 1469 3204 1534; x_wconf 81' lang='lat' dir='ltr'><strong>dixit,</strong></span> <span class='ocrx_word' id='word_1_588' title='bbox 3239 1468 3360 1523; x_wconf 87' lang='lat' dir='ltr'><strong>Non</strong></span> <span class='ocrx_word' id='word_1_589' title='bbox 3394 1469 3632 1539; x_wconf 76' lang='lat' dir='ltr'><strong>feriamus</strong></span> <span class='ocrx_word' id='word_1_590' title='bbox 3656 1486 3772 1523; x_wconf 85' lang='lat' dir='ltr'><strong>eum</strong></span> 
     </span>
    </p>
   </div>
   <div class='ocr_carea' id='block_1_75' title="bbox 2184 1557 3770 1629">
    <p class='ocr_par' dir='ltr' id='par_1_75' title="bbox 2184 1557 3770 1629">
     <span class='ocr_line' id='line_1_75' title="bbox 2184 1557 3770 1629; baseline 0.003 -19"><span class='ocrx_word' id='word_1_591' title='bbox 2184 1557 2236 1610; x_wconf 87' lang='lat' dir='ltr'><strong>in</strong></span> <span class='ocrx_word' id='word_1_592' title='bbox 2261 1558 2504 1610; x_wconf 88' lang='lat' dir='ltr'><strong>animam.</strong></span> <span class='ocrx_word' id='word_1_593' title='bbox 2535 1558 2650 1613; x_wconf 83' lang='lat' dir='ltr'><strong>Non</strong></span> <span class='ocrx_word' id='word_1_594' title='bbox 2673 1575 2800 1629; x_wconf 80' lang='lat' dir='ltr'><strong>ergo</strong></span> <span class='ocrx_word' id='word_1_595' title='bbox 2827 1559 3068 1614; x_wconf 81' lang='lat' dir='ltr'><strong>liberavit</strong></span> <span class='ocrx_word' id='word_1_596' title='bbox 3087 1576 3229 1628; x_wconf 91' lang='lat' dir='ltr'><strong>eum,</strong></span> <span class='ocrx_word' id='word_1_597' title='bbox 3257 1569 3312 1615; x_wconf 90' lang='lat' dir='ltr'><strong>et</strong></span> <span class='ocrx_word' id='word_1_598' title='bbox 3334 1561 3456 1616; x_wconf 86' lang='lat' dir='ltr'><strong>inde</strong></span> <span class='ocrx_word' id='word_1_599' title='bbox 3480 1561 3580 1616; x_wconf 92' lang='lat' dir='ltr'><strong>hoc</strong></span> <span class='ocrx_word' id='word_1_600' title='bbox 3603 1561 3770 1624; x_wconf 71' lang='lat' dir='ltr'><strong>dixit;</strong></span> 
     </span>
    </p>
   </div>
   <div class='ocr_carea' id='block_1_76' title="bbox 2182 1647 3768 1720">
    <p class='ocr_par' dir='ltr' id='par_1_76' title="bbox 2182 1647 3768 1720">
     <span class='ocr_line' id='line_1_76' title="bbox 2182 1647 3768 1720; baseline 0.004 -19"><span class='ocrx_word' id='word_1_601' title='bbox 2182 1647 2277 1702; x_wconf 91' lang='lat' dir='ltr'><strong>sed</strong></span> <span class='ocrx_word' id='word_1_602' title='bbox 2308 1647 2408 1702; x_wconf 90' lang='lat' dir='ltr'><strong>hoc</strong></span> <span class='ocrx_word' id='word_1_603' title='bbox 2431 1648 2655 1704; x_wconf 89' lang='lat' dir='ltr'><strong>dicendo</strong></span> <span class='ocrx_word' id='word_1_604' title='bbox 2681 1666 2799 1704; x_wconf 91' lang='lat' dir='ltr'><strong>cum</strong></span> <span class='ocrx_word' id='word_1_605' title='bbox 2825 1650 3084 1706; x_wconf 84' lang='lat' dir='ltr'><strong>liberavit.</strong></span> <span class='ocrx_word' id='word_1_606' title='bbox 3119 1652 3273 1707; x_wconf 88' lang='lat' dir='ltr'><strong>Prius</strong></span> <span class='ocrx_word' id='word_1_607' title='bbox 3302 1668 3428 1720; x_wconf 87' lang='lat' dir='ltr'><strong>ergo</strong></span> <span class='ocrx_word' id='word_1_608' title='bbox 3453 1653 3604 1720; x_wconf 85' lang='lat' dir='ltr'><strong>dixit,</strong></span> <span class='ocrx_word' id='word_1_609' title='bbox 3639 1653 3768 1707; x_wconf 84' lang='lat' dir='ltr'><strong>libe-</strong></span> 
     </span>
    </p>
   </div>
   <div class='ocr_carea' id='block_1_77' title="bbox 2182 1741 3773 1816">
    <p class='ocr_par' dir='ltr' id='par_1_77' title="bbox 2182 1741 3773 1816">
     <span class='ocr_line' id='line_1_77' title="bbox 2182 1741 3773 1816; baseline 0.005 -24"><span class='ocrx_word' id='word_1_610' title='bbox 2182 1741 2309 1793; x_wconf 83' lang='lat' dir='ltr'><strong>ravit</strong></span> <span class='ocrx_word' id='word_1_611' title='bbox 2346 1757 2493 1805; x_wconf 89' lang='lat' dir='ltr'><strong>eum,</strong></span> <span class='ocrx_word' id='word_1_612' title='bbox 2540 1751 2595 1796; x_wconf 92' lang='lat' dir='ltr'><strong>et</strong></span> <span class='ocrx_word' id='word_1_613' title='bbox 2623 1741 2816 1798; x_wconf 89' lang='lat' dir='ltr'><strong>deinde</strong></span> <span class='ocrx_word' id='word_1_614' title='bbox 2844 1743 2993 1799; x_wconf 87' lang='lat' dir='ltr'><strong>brevi</strong></span> <span class='ocrx_word' id='word_1_615' title='bbox 3037 1744 3476 1816; x_wconf 87' lang='lat' dir='ltr'><strong>recapitulatione</strong></span> <span class='ocrx_word' id='word_1_616' title='bbox 3501 1745 3773 1816; x_wconf 89' lang='lat' dir='ltr'><strong>quomodo</strong></span> 
     </span>
    </p>
   </div>
   <div class='ocr_carea' id='block_1_78' title="bbox 2183 1830 2937 1898">
    <p class='ocr_par' dir='ltr' id='par_1_78' title="bbox 2183 1830 2937 1898">
     <span class='ocr_line' id='line_1_78' title="bbox 2183 1830 2937 1898; baseline 0.005 -14"><span class='ocrx_word' id='word_1_617' title='bbox 2183 1844 2303 1884; x_wconf 88' lang='lat' dir='ltr'><strong>eum</strong></span> <span class='ocrx_word' id='word_1_618' title='bbox 2333 1830 2656 1898; x_wconf 88' lang='lat' dir='ltr'><strong>liberaverit,</strong></span> <span class='ocrx_word' id='word_1_619' title='bbox 2685 1833 2937 1889; x_wconf 86' lang='lat' dir='ltr'><strong>insinuat.</strong></span> 
     </span>
    </p>
   </div>
   <div class='ocr_carea' id='block_1_79' title="bbox 2255 1919 3774 1994">
    <p class='ocr_par' dir='ltr' id='par_1_79' title="bbox 2255 1919 3774 1994">
     <span class='ocr_line' id='line_1_79' title="bbox 2255 1919 3774 1994; baseline 0.004 -20"><span class='ocrx_word' id='word_1_620' title='bbox 2255 1919 2373 1992; x_wconf 90' lang='lat' dir='ltr'><strong>[lb.</strong></span> <span class='ocrx_word' id='word_1_621' title='bbox 2401 1920 2518 1994; x_wconf 79' lang='lat'><strong>22.]</strong></span> <span class='ocrx_word' id='word_1_622' title='bbox 2543 1921 2662 1977; x_wconf 88' lang='lat' dir='ltr'><strong>Non</strong></span> <span class='ocrx_word' id='word_1_623' title='bbox 2690 1924 2936 1994; x_wconf 80' lang='lat' dir='ltr'><strong>feriamus</strong></span> <span class='ocrx_word' id='word_1_624' title='bbox 2969 1941 3084 1978; x_wconf 85' lang='lat' dir='ltr'><strong>eum</strong></span> <span class='ocrx_word' id='word_1_625' title='bbox 3118 1924 3172 1978; x_wconf 85' lang='lat' dir='ltr'><strong>in</strong></span> <span class='ocrx_word' id='word_1_626' title='bbox 3213 1925 3434 1978; x_wconf 87' lang='lat' dir='ltr'><strong>animant</strong></span> <span class='ocrx_word' id='word_1_627' title='bbox 3472 1941 3490 1979; x_wconf 90' lang='lat'><strong><em>:</em></strong></span> <span class='ocrx_word' id='word_1_628' title='bbox 3527 1925 3627 1980; x_wconf 90' lang='lat' dir='ltr'><strong>hoc</strong></span> <span class='ocrx_word' id='word_1_629' title='bbox 3655 1924 3774 1980; x_wconf 88' lang='lat' dir='ltr'><strong>loco</strong></span> 
     </span>
    </p>
   </div>
   <div class='ocr_carea' id='block_1_80' title="bbox 2185 2012 3775 2086">
    <p class='ocr_par' dir='ltr' id='par_1_80' title="bbox 2185 2012 3775 2086">
     <span class='ocr_line' id='line_1_80' title="bbox 2185 2012 3775 2086; baseline 0.004 -23"><span class='ocrx_word' id='word_1_630' title='bbox 2185 2012 2400 2066; x_wconf 88' lang='lat' dir='ltr'><strong>nomine</strong></span> <span class='ocrx_word' id='word_1_631' title='bbox 2433 2013 2624 2067; x_wconf 77' lang='lat' dir='ltr'><strong>anima:</strong></span> <span class='ocrx_word' id='word_1_632' title='bbox 2653 2013 2813 2068; x_wconf 83' lang='lat' dir='ltr'><strong>vitam</strong></span> <span class='ocrx_word' id='word_1_633' title='bbox 2841 2016 3082 2084; x_wconf 88' lang='lat' dir='ltr'><strong>corporis</strong></span> <span class='ocrx_word' id='word_1_634' title='bbox 3118 2016 3337 2070; x_wconf 83' lang='lat' dir='ltr'><strong>animati</strong></span> <span class='ocrx_word' id='word_1_635' title='bbox 3366 2015 3644 2086; x_wconf 76' lang='lat' dir='ltr'><strong>signiﬁcnt,</strong></span> <span class='ocrx_word' id='word_1_636' title='bbox 3679 2031 3775 2086; x_wconf 88' lang='lat' dir='ltr'><strong>per</strong></span> 
     </span>
    </p>
   </div>
   <div class='ocr_carea' id='block_1_81' title="bbox 2182 2103 3774 2176">
    <p class='ocr_par' dir='ltr' id='par_1_81' title="bbox 2182 2103 3774 2176">
     <span class='ocr_line' id='line_1_81' title="bbox 2182 2103 3774 2176; baseline 0.004 -19"><span class='ocrx_word' id='word_1_637' title='bbox 2182 2103 2502 2159; x_wconf 88' lang='lat' dir='ltr'><strong>efﬁcientem</strong></span> <span class='ocrx_word' id='word_1_638' title='bbox 2551 2105 2604 2160; x_wconf 94' lang='lat' dir='ltr'><strong>id</strong></span> <span class='ocrx_word' id='word_1_639' title='bbox 2644 2107 2787 2176; x_wconf 87' lang='lat' dir='ltr'><strong>quod</strong></span> <span class='ocrx_word' id='word_1_640' title='bbox 2825 2106 3073 2163; x_wconf 89' lang='lat' dir='ltr'><strong>efﬁcitur.</strong></span> <span class='ocrx_word' id='word_1_641' title='bbox 3117 2106 3420 2163; x_wconf 90' lang='lat' dir='ltr'><strong>Secundum</strong></span> <span class='ocrx_word' id='word_1_642' title='bbox 3461 2111 3561 2162; x_wconf 88' lang='lat' dir='ltr'><strong>hoc</strong></span> <span class='ocrx_word' id='word_1_643' title='bbox 3603 2107 3774 2164; x_wconf 85' lang='lat' dir='ltr'><strong>videri</strong></span> 
     </span>
    </p>
   </div>
   <div class='ocr_carea' id='block_1_82' title="bbox 2184 2198 3774 2266">
    <p class='ocr_par' dir='ltr' id='par_1_82' title="bbox 2184 2198 3774 2266">
     <span class='ocr_line' id='line_1_82' title="bbox 2184 2198 3774 2266; baseline 0.004 -19"><span class='ocrx_word' id='word_1_644' title='bbox 2184 2208 2357 2266; x_wconf 89' lang='lat' dir='ltr'><strong>potest</strong></span> <span class='ocrx_word' id='word_1_645' title='bbox 2387 2199 2547 2253; x_wconf 88' lang='lat' dir='ltr'><strong>etiam</strong></span> <span class='ocrx_word' id='word_1_646' title='bbox 2585 2198 2652 2254; x_wconf 85' lang='lat' dir='ltr'><strong>ad</strong></span> <span class='ocrx_word' id='word_1_647' title='bbox 2693 2199 2963 2254; x_wconf 85' lang='lat' dir='ltr'><strong>diabolum</strong></span> <span class='ocrx_word' id='word_1_648' title='bbox 2991 2200 3192 2255; x_wconf 89' lang='lat' dir='ltr'><strong>dictum</strong></span> <span class='ocrx_word' id='word_1_649' title='bbox 3237 2215 3357 2255; x_wconf 59' lang='lat' dir='ltr'><strong>esse</strong></span> <span class='ocrx_word' id='word_1_650' title='bbox 3381 2200 3450 2256; x_wconf 87' lang='lat' dir='ltr'><strong>de</strong></span> <span class='ocrx_word' id='word_1_651' title='bbox 3487 2200 3608 2264; x_wconf 79' lang='lat' dir='ltr'><strong>Job,</strong></span> <span class='ocrx_word' id='word_1_652' title='bbox 3641 2201 3774 2254; x_wconf 77' lang='lat' dir='ltr'><strong>Ani-</strong></span> 
     </span>
    </p>
   </div>
   <div class='ocr_carea' id='block_1_83' title="bbox 2183 2289 3776 2360">
    <p class='ocr_par' dir='ltr' id='par_1_83' title="bbox 2183 2289 3776 2360">
     <span class='ocr_line' id='line_1_83' title="bbox 2183 2289 3776 2360; baseline 0.002 -20"><span class='ocrx_word' id='word_1_653' title='bbox 2183 2304 2318 2340; x_wconf 89' lang='lat' dir='ltr'><strong>mam</strong></span> <span class='ocrx_word' id='word_1_654' title='bbox 2346 2291 2455 2358; x_wconf 88' lang='lat' dir='ltr'><strong>ejus</strong></span> <span class='ocrx_word' id='word_1_655' title='bbox 2488 2305 2551 2342; x_wconf 88' lang='lat' dir='ltr'><strong>ne</strong></span> <span class='ocrx_word' id='word_1_656' title='bbox 2590 2299 2768 2359; x_wconf 78' lang='lat' dir='ltr'><strong>tangas</strong></span> <span class='ocrx_word' id='word_1_657' title='bbox 2793 2289 2926 2360; x_wconf 80' lang='lat' dir='ltr'><strong>(Job</strong></span> <span class='ocrx_word' id='word_1_658' title='bbox 2952 2306 3024 2353; x_wconf 84' lang='lat' dir='ltr'><strong>tt.</strong></span> <span class='ocrx_word' id='word_1_659' title='bbox 3067 2290 3173 2360; x_wconf 90' lang='lat'><strong>6);</strong></span> <span class='ocrx_word' id='word_1_660' title='bbox 3220 2289 3270 2344; x_wconf 90' lang='lat' dir='ltr'><strong>id</strong></span> <span class='ocrx_word' id='word_1_661' title='bbox 3309 2300 3424 2353; x_wconf 85' lang='lat' dir='ltr'><strong>est,</strong></span> <span class='ocrx_word' id='word_1_662' title='bbox 3469 2306 3536 2345; x_wconf 88' lang='lat' dir='ltr'><strong>ne</strong></span> <span class='ocrx_word' id='word_1_663' title='bbox 3559 2289 3776 2345; x_wconf 80' lang='lat' dir='ltr'><strong>occidas</strong></span> 
     </span>
    </p>
   </div>
   <div class='ocr_carea' id='block_1_84' title="bbox 2185 2379 3772 2452">
    <p class='ocr_par' dir='ltr' id='par_1_84' title="bbox 2185 2379 3772 2452">
     <span class='ocr_line' id='line_1_84' title="bbox 2185 2379 3772 2452; baseline 0.002 -21"><span class='ocrx_word' id='word_1_664' title='bbox 2185 2393 2327 2432; x_wconf 90' lang='lat' dir='ltr'><strong>eum.</strong></span> <span class='ocrx_word' id='word_1_665' title='bbox 2355 2379 2484 2433; x_wconf 86' lang='lat' dir='ltr'><strong>Nam</strong></span> <span class='ocrx_word' id='word_1_666' title='bbox 2509 2381 2797 2435; x_wconf 90' lang='lat' dir='ltr'><strong>secundum</strong></span> <span class='ocrx_word' id='word_1_667' title='bbox 2822 2381 2965 2436; x_wconf 91' lang='lat' dir='ltr'><strong>illam</strong></span> <span class='ocrx_word' id='word_1_668' title='bbox 2992 2381 3429 2452; x_wconf 86' lang='lat' dir='ltr'><strong>significationem</strong></span> <span class='ocrx_word' id='word_1_669' title='bbox 3453 2397 3556 2452; x_wconf 88' lang='lat' dir='ltr'><strong>qua</strong></span> <span class='ocrx_word' id='word_1_670' title='bbox 3584 2391 3772 2435; x_wconf 85' lang='lat' dir='ltr'><strong>natura</strong></span> 
     </span>
    </p>
   </div>
   <div class='ocr_carea' id='block_1_85' title="bbox 2183 2469 3772 2536">
    <p class='ocr_par' dir='ltr' id='par_1_85' title="bbox 2183 2469 3772 2536">
     <span class='ocr_line' id='line_1_85' title="bbox 2183 2469 3772 2536; baseline 0.001 -14"><span class='ocrx_word' id='word_1_671' title='bbox 2183 2469 2376 2523; x_wconf 76' lang='lat' dir='ltr'><strong>animce</strong></span> <span class='ocrx_word' id='word_1_672' title='bbox 2397 2481 2868 2536; x_wconf 86' lang='lat' dir='ltr'><strong>commemoratur,</strong></span> <span class='ocrx_word' id='word_1_673' title='bbox 2895 2471 3021 2525; x_wconf 93' lang='lat' dir='ltr'><strong>illud</strong></span> <span class='ocrx_word' id='word_1_674' title='bbox 3044 2489 3070 2524; x_wconf 88' lang='lat' dir='ltr'><strong>a</strong></span> <span class='ocrx_word' id='word_1_675' title='bbox 3095 2473 3318 2525; x_wconf 90' lang='lat' dir='ltr'><strong>Domino</strong></span> <span class='ocrx_word' id='word_1_676' title='bbox 3341 2471 3532 2526; x_wconf 90' lang='lat' dir='ltr'><strong>dicitur</strong></span> <span class='ocrx_word' id='word_1_677' title='bbox 3555 2489 3572 2526; x_wconf 90' lang='lat'><strong>:</strong></span> <span class='ocrx_word' id='word_1_678' title='bbox 3598 2470 3772 2524; x_wconf 68' lang='lat' dir='ltr'><strong>Nolite</strong></span> 
     </span>
    </p>
   </div>
   <div class='ocr_carea' id='block_1_86' title="bbox 2183 2561 3772 2634">
    <p class='ocr_par' dir='ltr' id='par_1_86' title="bbox 2183 2561 3772 2634">
     <span class='ocr_line' id='line_1_86' title="bbox 2183 2561 3772 2634; baseline 0.003 -20"><span class='ocrx_word' id='word_1_679' title='bbox 2183 2561 2360 2615; x_wconf 90' lang='lat' dir='ltr'><strong>timere</strong></span> <span class='ocrx_word' id='word_1_680' title='bbox 2382 2578 2465 2616; x_wconf 89' lang='lat' dir='ltr'><strong>eos</strong></span> <span class='ocrx_word' id='word_1_681' title='bbox 2493 2563 2579 2633; x_wconf 83' lang='lat' dir='ltr'><strong>qui</strong></span> <span class='ocrx_word' id='word_1_682' title='bbox 2602 2579 2787 2634; x_wconf 88' lang='lat' dir='ltr'><strong>corpus</strong></span> <span class='ocrx_word' id='word_1_683' title='bbox 2809 2565 3060 2630; x_wconf 84' lang='lat' dir='ltr'><strong>accidunt,</strong></span> <span class='ocrx_word' id='word_1_684' title='bbox 3089 2566 3311 2618; x_wconf 86' lang='lat' dir='ltr'><strong>animam</strong></span> <span class='ocrx_word' id='word_1_685' title='bbox 3339 2575 3504 2618; x_wconf 79' lang='lat' dir='ltr'><strong>autem</strong></span> <span class='ocrx_word' id='word_1_686' title='bbox 3526 2581 3626 2618; x_wconf 86' lang='lat' dir='ltr'><strong>non</strong></span> <span class='ocrx_word' id='word_1_687' title='bbox 3650 2581 3772 2634; x_wconf 87' lang='lat' dir='ltr'><strong>pos-</strong></span> 
     </span>
    </p>
   </div>
   <div class='ocr_carea' id='block_1_87' title="bbox 2183 2653 3026 2727">
    <p class='ocr_par' dir='ltr' id='par_1_87' title="bbox 2183 2653 3026 2727">
     <span class='ocr_line' id='line_1_87' title="bbox 2183 2653 3026 2727; baseline 0.005 -23"><span class='ocrx_word' id='word_1_688' title='bbox 2183 2663 2298 2705; x_wconf 87' lang='lat' dir='ltr'><strong>sunt</strong></span> <span class='ocrx_word' id='word_1_689' title='bbox 2325 2653 2551 2707; x_wconf 78' lang='lat' dir='ltr'><strong>occidere</strong></span> <span class='ocrx_word' id='word_1_690' title='bbox 2577 2653 2788 2727; x_wconf 81' lang='lat' dir='ltr'><strong>(Matth.</strong></span> <span class='ocrx_word' id='word_1_691' title='bbox 2819 2671 2876 2720; x_wconf 87' lang='lat' dir='ltr'><strong>x,</strong></span> <span class='ocrx_word' id='word_1_692' title='bbox 2899 2655 2966 2710; x_wconf 76' lang='lat'><strong>28</strong></span> 
     </span>
    </p>
   </div>
   <div class='ocr_carea' id='block_1_88' title="bbox 2256 2742 3772 2816">
    <p class='ocr_par' dir='ltr' id='par_1_88' title="bbox 2256 2742 3772 2816">
     <span class='ocr_line' id='line_1_88' title="bbox 2256 2742 3772 2816; baseline 0.001 -18"><span class='ocrx_word' id='word_1_693' title='bbox 2256 2742 2354 2816; x_wconf 89' lang='lat' dir='ltr'><strong>[lb.</strong></span> <span class='ocrx_word' id='word_1_694' title='bbox 2378 2742 2493 2816; x_wconf 87' lang='lat'><strong>27.]</strong></span> <span class='ocrx_word' id='word_1_695' title='bbox 2523 2743 2672 2811; x_wconf 87' lang='lat' dir='ltr'><strong>Quod</strong></span> <span class='ocrx_word' id='word_1_696' title='bbox 2699 2744 2862 2800; x_wconf 87' lang='lat' dir='ltr'><strong>Judas</strong></span> <span class='ocrx_word' id='word_1_697' title='bbox 2881 2744 3028 2809; x_wconf 82' lang='lat' dir='ltr'><strong>dicit,</strong></span> <span class='ocrx_word' id='word_1_698' title='bbox 3062 2744 3246 2799; x_wconf 77' lang='lat' dir='ltr'><strong>Manus</strong></span> <span class='ocrx_word' id='word_1_699' title='bbox 3273 2756 3439 2800; x_wconf 81' lang='lat' dir='ltr'><strong>autem</strong></span> <span class='ocrx_word' id='word_1_700' title='bbox 3465 2756 3653 2800; x_wconf 76' lang='lat' dir='ltr'><strong>nostra:</strong></span> <span class='ocrx_word' id='word_1_701' title='bbox 3670 2762 3772 2800; x_wconf 78' lang='lat' dir='ltr'><strong>nou</strong></span> 
     </span>
    </p>
   </div>
   <div class='ocr_carea' id='block_1_89' title="bbox 2181 2835 3766 2908">
    <p class='ocr_par' dir='ltr' id='par_1_89' title="bbox 2181 2835 3766 2908">
     <span class='ocr_line' id='line_1_89' title="bbox 2181 2835 3766 2908; baseline 0.003 -20"><span class='ocrx_word' id='word_1_702' title='bbox 2181 2835 2282 2889; x_wconf 84' lang='lat' dir='ltr'><strong>sint</strong></span> <span class='ocrx_word' id='word_1_703' title='bbox 2309 2852 2460 2906; x_wconf 85' lang='lat' dir='ltr'><strong>super</strong></span> <span class='ocrx_word' id='word_1_704' title='bbox 2481 2852 2613 2901; x_wconf 76' lang='lat' dir='ltr'><strong>enin,</strong></span> <span class='ocrx_word' id='word_1_705' title='bbox 2637 2836 2738 2892; x_wconf 91' lang='lat' dir='ltr'><strong>hoc</strong></span> <span class='ocrx_word' id='word_1_706' title='bbox 2765 2847 2847 2892; x_wconf 88' lang='lat' dir='ltr'><strong>est</strong></span> <span class='ocrx_word' id='word_1_707' title='bbox 2873 2838 3014 2908; x_wconf 88' lang='lat' dir='ltr'><strong>quod</strong></span> <span class='ocrx_word' id='word_1_708' title='bbox 3038 2837 3141 2892; x_wconf 92' lang='lat' dir='ltr'><strong>dici</strong></span> <span class='ocrx_word' id='word_1_709' title='bbox 3166 2852 3194 2892; x_wconf 86' lang='lat' dir='ltr'><strong>a</strong></span> <span class='ocrx_word' id='word_1_710' title='bbox 3221 2836 3375 2892; x_wconf 85' lang='lat' dir='ltr'><strong>nobis</strong></span> <span class='ocrx_word' id='word_1_711' title='bbox 3399 2837 3553 2904; x_wconf 86' lang='lat' dir='ltr'><strong>solet,</strong></span> <span class='ocrx_word' id='word_1_712' title='bbox 3577 2837 3766 2893; x_wconf 78' lang='lat' dir='ltr'><strong>Manus</strong></span> 
     </span>
    </p>
   </div>
   <div class='ocr_carea' id='block_1_90' title="bbox 2183 2925 2699 2983">
    <p class='ocr_par' dir='ltr' id='par_1_90' title="bbox 2183 2925 2699 2983">
     <span class='ocr_line' id='line_1_90' title="bbox 2183 2925 2699 2983; baseline -0.002 -1"><span class='ocrx_word' id='word_1_713' title='bbox 2183 2926 2232 2982; x_wconf 92' lang='lat' dir='ltr'><strong>ei</strong></span> <span class='ocrx_word' id='word_1_714' title='bbox 2261 2941 2367 2982; x_wconf 90' lang='lat' dir='ltr'><strong>non</strong></span> <span class='ocrx_word' id='word_1_715' title='bbox 2392 2925 2699 2983; x_wconf 86' lang='lat' dir='ltr'><strong>inferamus.</strong></span> 
     </span>
    </p>
   </div>
   <div class='ocr_carea' id='block_1_91' title="bbox 2256 3015 3772 3089">
    <p class='ocr_par' dir='ltr' id='par_1_91' title="bbox 2256 3015 3772 3089">
     <span class='ocr_line' id='line_1_91' title="bbox 2256 3015 3772 3089; baseline 0.003 -20"><span class='ocrx_word' id='word_1_716' title='bbox 2256 3015 2355 3088; x_wconf 93' lang='lat' dir='ltr'><strong>[lb.</strong></span> <span class='ocrx_word' id='word_1_717' title='bbox 2382 3015 2511 3089; x_wconf 88' lang='lat'><strong>27.]</strong></span> <span class='ocrx_word' id='word_1_718' title='bbox 2549 3017 2798 3082; x_wconf 80' lang='lat' dir='ltr'><strong>Quoniam</strong></span> <span class='ocrx_word' id='word_1_719' title='bbox 2824 3021 2980 3089; x_wconf 80' lang='lat' dir='ltr'><strong>frater</strong></span> <span class='ocrx_word' id='word_1_720' title='bbox 3007 3029 3174 3072; x_wconf 89' lang='lat' dir='ltr'><strong>noster</strong></span> <span class='ocrx_word' id='word_1_721' title='bbox 3201 3028 3248 3072; x_wconf 90' lang='lat' dir='ltr'><strong>et</strong></span> <span class='ocrx_word' id='word_1_722' title='bbox 3284 3035 3402 3072; x_wconf 89' lang='lat' dir='ltr'><strong>caro</strong></span> <span class='ocrx_word' id='word_1_723' title='bbox 3447 3027 3616 3073; x_wconf 87' lang='lat' dir='ltr'><strong>nostra</strong></span> <span class='ocrx_word' id='word_1_724' title='bbox 3645 3027 3721 3072; x_wconf 87' lang='lat' dir='ltr'><strong>est</strong></span> <span class='ocrx_word' id='word_1_725' title='bbox 3749 3032 3772 3074; x_wconf 92' lang='lat'><strong><em>:</em></strong></span> 
     </span>
    </p>
   </div>
   <div class='ocr_carea' id='block_1_92' title="bbox 2185 3103 3772 3179">
    <p class='ocr_par' dir='ltr' id='par_1_92' title="bbox 2185 3103 3772 3179">
     <span class='ocr_line' id='line_1_92' title="bbox 2185 3103 3772 3179; baseline 0.001 -15"><span class='ocrx_word' id='word_1_726' title='bbox 2185 3125 2290 3164; x_wconf 91' lang='lat' dir='ltr'><strong>non</strong></span> <span class='ocrx_word' id='word_1_727' title='bbox 2313 3109 2477 3173; x_wconf 91' lang='lat' dir='ltr'><strong>aliud,</strong></span> <span class='ocrx_word' id='word_1_728' title='bbox 2505 3109 2600 3164; x_wconf 91' lang='lat' dir='ltr'><strong>sed</strong></span> <span class='ocrx_word' id='word_1_729' title='bbox 2631 3109 2710 3164; x_wconf 89' lang='lat' dir='ltr'><strong>bis</strong></span> <span class='ocrx_word' id='word_1_730' title='bbox 2733 3109 2834 3164; x_wconf 92' lang='lat' dir='ltr'><strong>hoc</strong></span> <span class='ocrx_word' id='word_1_731' title='bbox 2862 3109 2996 3164; x_wconf 89' lang='lat' dir='ltr'><strong>idem</strong></span> <span class='ocrx_word' id='word_1_732' title='bbox 3026 3110 3225 3165; x_wconf 90' lang='lat' dir='ltr'><strong>dictum</strong></span> <span class='ocrx_word' id='word_1_733' title='bbox 3251 3119 3354 3175; x_wconf 86' lang='lat' dir='ltr'><strong>est,</strong></span> <span class='ocrx_word' id='word_1_734' title='bbox 3383 3103 3631 3179; x_wconf 84' lang='lat' dir='ltr'><strong>tauquam</strong></span> <span class='ocrx_word' id='word_1_735' title='bbox 3669 3123 3772 3166; x_wconf 77' lang='lat' dir='ltr'><strong>ex-</strong></span> 
     </span>
    </p>
   </div>
   <div class='ocr_carea' id='block_1_93' title="bbox 2186 3200 3770 3273">
    <p class='ocr_par' dir='ltr' id='par_1_93' title="bbox 2186 3200 3770 3273">
     <span class='ocr_line' id='line_1_93' title="bbox 2186 3200 3770 3273; baseline 0 -16"><span class='ocrx_word' id='word_1_736' title='bbox 2186 3202 2431 3273; x_wconf 90' lang='lat' dir='ltr'><strong>ponendo</strong></span> <span class='ocrx_word' id='word_1_737' title='bbox 2469 3202 2595 3273; x_wconf 92' lang='lat' dir='ltr'><strong>quid</strong></span> <span class='ocrx_word' id='word_1_738' title='bbox 2635 3202 2705 3257; x_wconf 89' lang='lat' dir='ltr'><strong>sit</strong></span> <span class='ocrx_word' id='word_1_739' title='bbox 2741 3200 2907 3257; x_wconf 88' lang='lat' dir='ltr'><strong>frater</strong></span> <span class='ocrx_word' id='word_1_740' title='bbox 2936 3212 3135 3266; x_wconf 88' lang='lat' dir='ltr'><strong>noster,</strong></span> <span class='ocrx_word' id='word_1_741' title='bbox 3177 3202 3227 3257; x_wconf 92' lang='lat' dir='ltr'><strong>id</strong></span> <span class='ocrx_word' id='word_1_742' title='bbox 3269 3212 3353 3259; x_wconf 90' lang='lat' dir='ltr'><strong>est</strong></span> <span class='ocrx_word' id='word_1_743' title='bbox 3386 3218 3512 3257; x_wconf 90' lang='lat' dir='ltr'><strong>caro</strong></span> <span class='ocrx_word' id='word_1_744' title='bbox 3553 3212 3770 3267; x_wconf 87' lang='lat' dir='ltr'><strong>nostra,</strong></span> 
     </span>
    </p>
   </div>
   <div class='ocr_carea' id='block_1_94' title="bbox 2183 3293 3354 3365">
    <p class='ocr_par' dir='ltr' id='par_1_94' title="bbox 2183 3293 3354 3365">
     <span class='ocr_line' id='line_1_94' title="bbox 2183 3293 3354 3365; baseline 0.002 -19"><span class='ocrx_word' id='word_1_745' title='bbox 2183 3293 2323 3364; x_wconf 89' lang='lat' dir='ltr'><strong>quod</strong></span> <span class='ocrx_word' id='word_1_746' title='bbox 2351 3310 2414 3349; x_wconf 85' lang='lat' dir='ltr'><strong>ex</strong></span> <span class='ocrx_word' id='word_1_747' title='bbox 2441 3293 2626 3350; x_wconf 87' lang='lat' dir='ltr'><strong>eadem</strong></span> <span class='ocrx_word' id='word_1_748' title='bbox 2647 3309 2809 3350; x_wconf 86' lang='lat' dir='ltr'><strong>carne</strong></span> <span class='ocrx_word' id='word_1_749' title='bbox 2835 3293 3046 3350; x_wconf 80' lang='lat' dir='ltr'><strong>fuerant</strong></span> <span class='ocrx_word' id='word_1_750' title='bbox 3071 3295 3354 3365; x_wconf 85' lang='lat' dir='ltr'><strong>procreati.</strong></span> 
     </span>
    </p>
   </div>
   <div class='ocr_carea' id='block_1_95' title="bbox 2258 3382 3773 3457">
    <p class='ocr_par' dir='ltr' id='par_1_95' title="bbox 2258 3382 3773 3457">
     <span class='ocr_line' id='line_1_95' title="bbox 2258 3382 3773 3457; baseline -0.001 -21"><span class='ocrx_word' id='word_1_751' title='bbox 2258 3383 2357 3457; x_wconf 91' lang='lat' dir='ltr'><strong>[lb.</strong></span> <span class='ocrx_word' id='word_1_752' title='bbox 2380 3386 2440 3440; x_wconf 78' lang='lat'><strong>31</strong></span> <span class='ocrx_word' id='word_1_753' title='bbox 2528 3383 2831 3439; x_wconf 85' lang='lat' dir='ltr'><strong>Occiderunt</strong></span> <span class='ocrx_word' id='word_1_754' title='bbox 2854 3383 3053 3438; x_wconf 68' lang='lat' dir='ltr'><strong>turdum</strong></span> <span class='ocrx_word' id='word_1_755' title='bbox 3078 3401 3347 3455; x_wconf 84' lang='lat' dir='ltr'><strong>caprarum</strong></span> <span class='ocrx_word' id='word_1_756' title='bbox 3379 3399 3398 3437; x_wconf 78' lang='lat'><strong>.°</strong></span> <span class='ocrx_word' id='word_1_757' title='bbox 3423 3385 3501 3439; x_wconf 88' lang='lat' dir='ltr'><strong>sic</strong></span> <span class='ocrx_word' id='word_1_758' title='bbox 3525 3385 3663 3440; x_wconf 84' lang='lat' dir='ltr'><strong>solet</strong></span> <span class='ocrx_word' id='word_1_759' title='bbox 3695 3383 3773 3438; x_wconf 74' lang='lat' dir='ltr'><strong>lo-</strong></span> 
     </span>
    </p>
   </div>
   <div class='ocr_carea' id='block_1_96' title="bbox 2187 3474 3771 3547">
    <p class='ocr_par' dir='ltr' id='par_1_96' title="bbox 2187 3474 3771 3547">
     <span class='ocr_line' id='line_1_96' title="bbox 2187 3474 3771 3547; baseline 0 -17"><span class='ocrx_word' id='word_1_760' title='bbox 2187 3478 2276 3547; x_wconf 91' lang='lat' dir='ltr'><strong>qui</strong></span> <span class='ocrx_word' id='word_1_761' title='bbox 2322 3476 2616 3544; x_wconf 89' lang='lat' dir='ltr'><strong>Scriptura,</strong></span> <span class='ocrx_word' id='word_1_762' title='bbox 2644 3475 3092 3546; x_wconf 87' lang='lat' dir='ltr'><strong>quemadmodum</strong></span> <span class='ocrx_word' id='word_1_763' title='bbox 3122 3476 3174 3529; x_wconf 91' lang='lat' dir='ltr'><strong>in</strong></span> <span class='ocrx_word' id='word_1_764' title='bbox 3211 3475 3445 3541; x_wconf 83' lang='lat' dir='ltr'><strong>Psalmo,</strong></span> <span class='ocrx_word' id='word_1_765' title='bbox 3474 3474 3619 3530; x_wconf 88' lang='lat' dir='ltr'><strong>Sicut</strong></span> <span class='ocrx_word' id='word_1_766' title='bbox 3652 3491 3771 3544; x_wconf 81' lang='lat' dir='ltr'><strong>agni</strong></span> 
     </span>
    </p>
   </div>
   <div class='ocr_carea' id='block_1_97' title="bbox 2187 3566 3772 3638">
    <p class='ocr_par' dir='ltr' id='par_1_97' title="bbox 2187 3566 3772 3638">
     <span class='ocr_line' id='line_1_97' title="bbox 2187 3566 3772 3638; baseline 0 -17"><span class='ocrx_word' id='word_1_767' title='bbox 2187 3569 2350 3621; x_wconf 75' lang='lat' dir='ltr'><strong>ovium</strong></span> <span class='ocrx_word' id='word_1_768' title='bbox 2386 3566 2564 3638; x_wconf 79' lang='lat' dir='ltr'><strong>(l’sal.</strong></span> <span class='ocrx_word' id='word_1_769' title='bbox 2595 3583 2744 3634; x_wconf 87' lang='lat' dir='ltr'><strong>cxm,</strong></span> <span class='ocrx_word' id='word_1_770' title='bbox 2775 3567 2841 3638; x_wconf 71' lang='grc'><strong>4)</strong></span> <span class='ocrx_word' id='word_1_771' title='bbox 2871 3609 2884 3622; x_wconf 89' lang='grc'><strong>.</strong></span> <span class='ocrx_word' id='word_1_772' title='bbox 2921 3568 3070 3638; x_wconf 89' lang='lat' dir='ltr'><strong>quasi</strong></span> <span class='ocrx_word' id='word_1_773' title='bbox 3109 3569 3276 3638; x_wconf 89' lang='lat' dir='ltr'><strong>possit</strong></span> <span class='ocrx_word' id='word_1_774' title='bbox 3306 3581 3425 3622; x_wconf 90' lang='lat' dir='ltr'><strong>esse</strong></span> <span class='ocrx_word' id='word_1_775' title='bbox 3461 3575 3552 3622; x_wconf 90' lang='lat' dir='ltr'><strong>aut</strong></span> <span class='ocrx_word' id='word_1_776' title='bbox 3588 3567 3772 3621; x_wconf 57' lang='lat' dir='ltr'><strong>bardus</strong></span> 
     </span>
    </p>
   </div>
   <div class='ocr_carea' id='block_1_98' title="bbox 2187 3660 3246 3731">
    <p class='ocr_par' dir='ltr' id='par_1_98' title="bbox 2187 3660 3246 3731">
     <span class='ocr_line' id='line_1_98' title="bbox 2187 3660 3246 3731; baseline -0.001 -17"><span class='ocrx_word' id='word_1_777' title='bbox 2187 3662 2287 3716; x_wconf 90' lang='lat' dir='ltr'><strong>nisi</strong></span> <span class='ocrx_word' id='word_1_778' title='bbox 2327 3676 2624 3731; x_wconf 86' lang='lat' dir='ltr'><strong>caprarum,</strong></span> <span class='ocrx_word' id='word_1_779' title='bbox 2651 3671 2742 3715; x_wconf 91' lang='lat' dir='ltr'><strong>aut</strong></span> <span class='ocrx_word' id='word_1_780' title='bbox 2769 3661 2886 3730; x_wconf 85' lang='lat' dir='ltr'><strong>agni</strong></span> <span class='ocrx_word' id='word_1_781' title='bbox 2919 3661 3018 3714; x_wconf 85' lang='lat' dir='ltr'><strong>nisi</strong></span> <span class='ocrx_word' id='word_1_782' title='bbox 3043 3660 3246 3714; x_wconf 90' lang='lat' dir='ltr'><strong>ovium.</strong></span> 
     </span>
    </p>
   </div>
   <div class='ocr_carea' id='block_1_99' title="bbox 2261 3747 3750 3823">
    <p class='ocr_par' dir='ltr' id='par_1_99' title="bbox 2261 3747 3750 3823">
     <span class='ocr_line' id='line_1_99' title="bbox 2261 3747 3750 3823; baseline -0.003 -18"><span class='ocrx_word' id='word_1_783' title='bbox 2261 3751 2358 3823; x_wconf 89' lang='lat' dir='ltr'><strong>[lb.</strong></span> <span class='ocrx_word' id='word_1_784' title='bbox 2393 3766 2604 3804; x_wconf 85' lang='lat' dir='ltr'><strong>xxxvttt</strong></span> <span class='ocrx_word' id='word_1_785' title='bbox 2631 3793 2644 3814; x_wconf 94' lang='lat'><strong>,</strong></span> <span class='ocrx_word' id='word_1_786' title='bbox 2680 3749 2801 3823; x_wconf 79' lang='lat'><strong>13.]</strong></span> <span class='ocrx_word' id='word_1_787' title='bbox 2835 3750 2901 3803; x_wconf 81' lang='lat' dir='ltr'><strong>Et</strong></span> <span class='ocrx_word' id='word_1_788' title='bbox 2928 3751 3212 3804; x_wconf 88' lang='lat' dir='ltr'><strong>nuntiatum</strong></span> <span class='ocrx_word' id='word_1_789' title='bbox 3238 3759 3308 3803; x_wconf 84' lang='lat' dir='ltr'><strong>est</strong></span> <span class='ocrx_word' id='word_1_790' title='bbox 3329 3749 3477 3803; x_wconf 89' lang='lat' dir='ltr'><strong>nurui</strong></span> <span class='ocrx_word' id='word_1_791' title='bbox 3504 3749 3613 3819; x_wconf 86' lang='lat' dir='ltr'><strong>ejus</strong></span> <span class='ocrx_word' id='word_1_792' title='bbox 3637 3747 3750 3801; x_wconf 86' lang='lat' dir='ltr'><strong>Tha</strong></span> 
     </span>
    </p>
   </div>
   <div class='ocr_carea' id='block_1_100' title="bbox 2188 3837 3773 3905">
    <p class='ocr_par' dir='ltr' id='par_1_100' title="bbox 2188 3837 3773 3905">
     <span class='ocr_line' id='line_1_100' title="bbox 2188 3837 3773 3905; baseline -0.002 -10"><span class='ocrx_word' id='word_1_793' title='bbox 2188 3858 2301 3895; x_wconf 88' lang='lat' dir='ltr'><strong>mar</strong></span> <span class='ocrx_word' id='word_1_794' title='bbox 2328 3840 2548 3895; x_wconf 86' lang='lat' dir='ltr'><strong>dicentes</strong></span> <span class='ocrx_word' id='word_1_795' title='bbox 2578 3855 2596 3894; x_wconf 89' lang='lat'><strong><em>:</em></strong></span> <span class='ocrx_word' id='word_1_796' title='bbox 2625 3841 2904 3895; x_wconf 87' lang='lat' dir='ltr'><strong>dicendmn</strong></span> <span class='ocrx_word' id='word_1_797' title='bbox 2929 3849 3105 3894; x_wconf 88' lang='lat' dir='ltr'><strong>autem</strong></span> <span class='ocrx_word' id='word_1_798' title='bbox 3133 3840 3248 3905; x_wconf 89' lang='lat' dir='ltr'><strong>fuit,</strong></span> <span class='ocrx_word' id='word_1_799' title='bbox 3273 3839 3656 3894; x_wconf 82' lang='lat' dir='ltr'><strong>Nuntiavertmt</strong></span> <span class='ocrx_word' id='word_1_800' title='bbox 3685 3837 3773 3892; x_wconf 83' lang='lat' dir='ltr'><strong>di-</strong></span> 
     </span>
    </p>
   </div>
   <div class='ocr_carea' id='block_1_101' title="bbox 2187 3941 2389 3987">
    <p class='ocr_par' dir='ltr' id='par_1_101' title="bbox 2187 3941 2389 3987">
     <span class='ocr_line' id='line_1_101' title="bbox 2187 3941 2389 3987; baseline -0.005 0"><span class='ocrx_word' id='word_1_801' title='bbox 2187 3941 2389 3987; x_wconf 90' lang='lat' dir='ltr'><strong>centes.</strong></span> 
     </span>
    </p>
   </div>
   <div class='ocr_carea' id='block_1_102' title="bbox 2260 4010 3772 4095">
    <p class='ocr_par' dir='ltr' id='par_1_102' title="bbox 2260 4010 3772 4095">
     <span class='ocr_line' id='line_1_102' title="bbox 2260 4010 3772 4095; baseline -0.001 -20"><span class='ocrx_word' id='word_1_802' title='bbox 2260 4021 2360 4095; x_wconf 89' lang='lat' dir='ltr'><strong>[lb.</strong></span> <span class='ocrx_word' id='word_1_803' title='bbox 2399 4010 2512 4094; x_wconf 50' lang='lat' dir='ltr'><strong>1b.]</strong></span> <span class='ocrx_word' id='word_1_804' title='bbox 2542 4020 2608 4075; x_wconf 85' lang='lat' dir='ltr'><strong>Et</strong></span> <span class='ocrx_word' id='word_1_805' title='bbox 2633 4021 2873 4093; x_wconf 89' lang='lat' dir='ltr'><strong>depositis</strong></span> <span class='ocrx_word' id='word_1_806' title='bbox 2893 4021 3191 4075; x_wconf 86' lang='lat' dir='ltr'><strong>restimentis</strong></span> <span class='ocrx_word' id='word_1_807' title='bbox 3214 4021 3469 4074; x_wconf 78' lang='lat' dir='ltr'><strong>viduitatis</strong></span> <span class='ocrx_word' id='word_1_808' title='bbox 3499 4035 3606 4074; x_wconf 70' lang='lat' dir='ltr'><strong>sui:</strong></span> <span class='ocrx_word' id='word_1_809' title='bbox 3628 4036 3660 4071; x_wconf 91' lang='lat' dir='ltr'><strong>a</strong></span> <span class='ocrx_word' id='word_1_810' title='bbox 3679 4036 3733 4073; x_wconf 88' lang='lat' dir='ltr'><strong>se</strong></span> <span class='ocrx_word' id='word_1_811' title='bbox 3751 4035 3772 4074; x_wconf 91' lang='lat'><strong><em>:</em></strong></span> 
     </span>
    </p>
   </div>
   <div class='ocr_carea' id='block_1_103' title="bbox 2187 4112 3409 4185">
    <p class='ocr_par' dir='ltr' id='par_1_103' title="bbox 2187 4112 3409 4185">
     <span class='ocr_line' id='line_1_103' title="bbox 2187 4112 3409 4185; baseline -0.002 -17"><span class='ocrx_word' id='word_1_812' title='bbox 2187 4114 2311 4185; x_wconf 90' lang='lat' dir='ltr'><strong>quid</strong></span> <span class='ocrx_word' id='word_1_813' title='bbox 2341 4113 2514 4168; x_wconf 90' lang='lat' dir='ltr'><strong>minus</strong></span> <span class='ocrx_word' id='word_1_814' title='bbox 2535 4123 2702 4180; x_wconf 88' lang='lat' dir='ltr'><strong>esset,</strong></span> <span class='ocrx_word' id='word_1_815' title='bbox 2729 4112 2774 4167; x_wconf 91' lang='lat' dir='ltr'><strong>si</strong></span> <span class='ocrx_word' id='word_1_816' title='bbox 2802 4127 2907 4167; x_wconf 88' lang='lat' dir='ltr'><strong>non</strong></span> <span class='ocrx_word' id='word_1_817' title='bbox 2933 4112 3236 4176; x_wconf 87' lang='lat' dir='ltr'><strong>adderetur,</strong></span> <span class='ocrx_word' id='word_1_818' title='bbox 3266 4129 3298 4164; x_wconf 91' lang='lat' dir='ltr'><strong>a</strong></span> <span class='ocrx_word' id='word_1_819' title='bbox 3322 4112 3409 4165; x_wconf 82' lang='lat' dir='ltr'><strong>se.’</strong></span> 
     </span>
    </p>
   </div>
   <div class='ocr_carea' id='block_1_104' title="bbox 2260 4204 3774 4280">
    <p class='ocr_par' dir='ltr' id='par_1_104' title="bbox 2260 4204 3774 4280">
     <span class='ocr_line' id='line_1_104' title="bbox 2260 4204 3774 4280; baseline 0 -20"><span class='ocrx_word' id='word_1_820' title='bbox 2260 4205 2359 4280; x_wconf 91' lang='lat' dir='ltr'><strong>[lb.</strong></span> <span class='ocrx_word' id='word_1_821' title='bbox 2387 4204 2502 4279; x_wconf 88' lang='lat'><strong>26.]</strong></span> <span class='ocrx_word' id='word_1_822' title='bbox 2535 4205 2600 4259; x_wconf 86' lang='lat' dir='ltr'><strong>Et</strong></span> <span class='ocrx_word' id='word_1_823' title='bbox 2627 4222 2727 4260; x_wconf 84' lang='lat' dir='ltr'><strong>non</strong></span> <span class='ocrx_word' id='word_1_824' title='bbox 2747 4205 2982 4276; x_wconf 82' lang='lat' dir='ltr'><strong>apposuit</strong></span> <span class='ocrx_word' id='word_1_825' title='bbox 3003 4206 3219 4276; x_wconf 87' lang='lat' dir='ltr'><strong>amplius</strong></span> <span class='ocrx_word' id='word_1_826' title='bbox 3243 4206 3371 4259; x_wconf 89' lang='lat' dir='ltr'><strong>scire</strong></span> <span class='ocrx_word' id='word_1_827' title='bbox 3406 4221 3515 4258; x_wconf 91' lang='lat' dir='ltr'><strong>eam</strong></span> <span class='ocrx_word' id='word_1_828' title='bbox 3538 4220 3558 4258; x_wconf 90' lang='lat'><strong><em>:</em></strong></span> <span class='ocrx_word' id='word_1_829' title='bbox 3581 4219 3680 4274; x_wconf 88' lang='lat' dir='ltr'><strong>pro</strong></span> <span class='ocrx_word' id='word_1_830' title='bbox 3706 4219 3774 4260; x_wconf 86' lang='lat' dir='ltr'><strong>eo</strong></span> 
     </span>
    </p>
   </div>
   <div class='ocr_carea' id='block_1_105' title="bbox 2185 4297 2780 4369">
    <p class='ocr_par' dir='ltr' id='par_1_105' title="bbox 2185 4297 2780 4369">
     <span class='ocr_line' id='line_1_105' title="bbox 2185 4297 2780 4369; baseline 0 -17"><span class='ocrx_word' id='word_1_831' title='bbox 2185 4297 2327 4369; x_wconf 91' lang='lat' dir='ltr'><strong>quod</strong></span> <span class='ocrx_word' id='word_1_832' title='bbox 2356 4306 2442 4353; x_wconf 89' lang='lat' dir='ltr'><strong>est</strong></span> <span class='ocrx_word' id='word_1_833' title='bbox 2466 4297 2675 4352; x_wconf 90' lang='lat' dir='ltr'><strong>misceri</strong></span> <span class='ocrx_word' id='word_1_834' title='bbox 2706 4297 2780 4353; x_wconf 92' lang='lat' dir='ltr'><strong>ei.</strong></span> 
     </span>
    </p>
   </div>
   <div class='ocr_carea' id='block_1_106' title="bbox 2264 4385 3773 4461">
    <p class='ocr_par' dir='ltr' id='par_1_106' title="bbox 2264 4385 3773 4461">
     <span class='ocr_line' id='line_1_106' title="bbox 2264 4385 3773 4461; baseline -0.001 -19"><span class='ocrx_word' id='word_1_835' title='bbox 2264 4389 2364 4461; x_wconf 87' lang='lat' dir='ltr'><strong>[lb.</strong></span> <span class='ocrx_word' id='word_1_836' title='bbox 2397 4404 2592 4454; x_wconf 81' lang='lat' dir='ltr'><strong>xxxix,</strong></span> <span class='ocrx_word' id='word_1_837' title='bbox 2625 4386 2703 4460; x_wconf 75' lang='grc'><strong>4.]</strong></span> <span class='ocrx_word' id='word_1_838' title='bbox 2737 4386 2805 4440; x_wconf 78' lang='lat' dir='ltr'><strong>Et</strong></span> <span class='ocrx_word' id='word_1_839' title='bbox 2845 4387 3032 4441; x_wconf 73' lang='lat' dir='ltr'><strong>invenit</strong></span> <span class='ocrx_word' id='word_1_840' title='bbox 3069 4385 3264 4458; x_wconf 75' lang='lat' dir='ltr'><strong>Ioseph</strong></span> <span class='ocrx_word' id='word_1_841' title='bbox 3293 4389 3508 4458; x_wconf 89' lang='lat' dir='ltr'><strong>gratiam</strong></span> <span class='ocrx_word' id='word_1_842' title='bbox 3547 4386 3599 4440; x_wconf 88' lang='lat' dir='ltr'><strong>in</strong></span> <span class='ocrx_word' id='word_1_843' title='bbox 3645 4403 3773 4440; x_wconf 89' lang='lat' dir='ltr'><strong>con-</strong></span> 
     </span>
    </p>
   </div>
   <div class='ocr_carea' id='block_1_107' title="bbox 2185 4477 3775 4552">
    <p class='ocr_par' dir='ltr' id='par_1_107' title="bbox 2185 4477 3775 4552">
     <span class='ocr_line' id='line_1_107' title="bbox 2185 4477 3775 4552; baseline -0.004 -16"><span class='ocrx_word' id='word_1_844' title='bbox 2185 4490 2358 4552; x_wconf 87' lang='lat' dir='ltr'><strong>spectu</strong></span> <span class='ocrx_word' id='word_1_845' title='bbox 2395 4479 2586 4532; x_wconf 86' lang='lat' dir='ltr'><strong>domini</strong></span> <span class='ocrx_word' id='word_1_846' title='bbox 2622 4479 2699 4532; x_wconf 90' lang='lat' dir='ltr'><strong>sui</strong></span> <span class='ocrx_word' id='word_1_847' title='bbox 2739 4493 2758 4532; x_wconf 90' lang='lat'><strong><em>:</em></strong></span> <span class='ocrx_word' id='word_1_848' title='bbox 2803 4477 2917 4533; x_wconf 66' lang='lat' dir='ltr'><strong>haec</strong></span> <span class='ocrx_word' id='word_1_849' title='bbox 2962 4477 3158 4532; x_wconf 90' lang='lat' dir='ltr'><strong>locutio</strong></span> <span class='ocrx_word' id='word_1_850' title='bbox 3196 4477 3326 4532; x_wconf 91' lang='lat' dir='ltr'><strong>nulli</strong></span> <span class='ocrx_word' id='word_1_851' title='bbox 3379 4487 3463 4531; x_wconf 90' lang='lat' dir='ltr'><strong>est</strong></span> <span class='ocrx_word' id='word_1_852' title='bbox 3498 4477 3676 4548; x_wconf 72' lang='lat' dir='ltr'><strong>ignota</strong></span> <span class='ocrx_word' id='word_1_853' title='bbox 3719 4477 3775 4530; x_wconf 88' lang='lat' dir='ltr'><strong>in</strong></span> 
     </span>
    </p>
   </div>
   <div class='ocr_carea' id='block_1_108' title="bbox 2186 4573 2493 4642">
    <p class='ocr_par' dir='ltr' id='par_1_108' title="bbox 2186 4573 2493 4642">
     <span class='ocr_line' id='line_1_108' title="bbox 2186 4573 2493 4642; baseline -0.013 -14"><span class='ocrx_word' id='word_1_854' title='bbox 2186 4573 2493 4642; x_wconf 88' lang='lat' dir='ltr'><strong>Scripturis.</strong></span> 
     </span>
    </p>
   </div>
   <div class='ocr_carea' id='block_1_109' title="bbox 2262 4659 3773 4735">
    <p class='ocr_par' dir='ltr' id='par_1_109' title="bbox 2262 4659 3773 4735">
     <span class='ocr_line' id='line_1_109' title="bbox 2262 4659 3773 4735; baseline 0 -21"><span class='ocrx_word' id='word_1_855' title='bbox 2262 4662 2371 4735; x_wconf 89' lang='lat' dir='ltr'><strong>[lb.</strong></span> <span class='ocrx_word' id='word_1_856' title='bbox 2399 4659 2476 4733; x_wconf 89' lang='lat'><strong>6.]</strong></span> <span class='ocrx_word' id='word_1_857' title='bbox 2505 4660 2569 4714; x_wconf 84' lang='lat' dir='ltr'><strong>Et</strong></span> <span class='ocrx_word' id='word_1_858' title='bbox 2598 4660 2842 4714; x_wconf 82' lang='lat' dir='ltr'><strong>nesciebat</strong></span> <span class='ocrx_word' id='word_1_859' title='bbox 2880 4676 2992 4730; x_wconf 74' lang='lat' dir='ltr'><strong>qua:</strong></span> <span class='ocrx_word' id='word_1_860' title='bbox 3029 4660 3164 4713; x_wconf 89' lang='lat' dir='ltr'><strong>circa</strong></span> <span class='ocrx_word' id='word_1_861' title='bbox 3206 4675 3320 4713; x_wconf 88' lang='lat' dir='ltr'><strong>eum</strong></span> <span class='ocrx_word' id='word_1_862' title='bbox 3366 4669 3510 4712; x_wconf 85' lang='lat' dir='ltr'><strong>erant</strong></span> <span class='ocrx_word' id='word_1_863' title='bbox 3555 4659 3726 4713; x_wconf 73' lang='lat' dir='ltr'><strong>uihil‘</strong></span> <span class='ocrx_word' id='word_1_864' title='bbox 3759 4679 3773 4714; x_wconf 85' lang='lat'><strong>:</strong></span> 
     </span>
    </p>
   </div>
   <div class='ocr_carea' id='block_1_110' title="bbox 2187 4752 3775 4825">
    <p class='ocr_par' dir='ltr' id='par_1_110' title="bbox 2187 4752 3775 4825">
     <span class='ocr_line' id='line_1_110' title="bbox 2187 4752 3775 4825; baseline -0.003 -15"><span class='ocrx_word' id='word_1_865' title='bbox 2187 4755 2325 4825; x_wconf 88' lang='lat' dir='ltr'><strong>apud</strong></span> <span class='ocrx_word' id='word_1_866' title='bbox 2354 4755 2568 4810; x_wconf 62' lang='lat' dir='ltr'><strong>Gnaeos</strong></span> <span class='ocrx_word' id='word_1_867' title='bbox 2593 4753 2778 4808; x_wconf 85' lang='lat' dir='ltr'><strong>usitata</strong></span> <span class='ocrx_word' id='word_1_868' title='bbox 2806 4763 2888 4808; x_wconf 85' lang='lat' dir='ltr'><strong>est</strong></span> <span class='ocrx_word' id='word_1_869' title='bbox 2915 4753 3070 4822; x_wconf 84' lang='lat' dir='ltr'><strong>vulgo</strong></span> <span class='ocrx_word' id='word_1_870' title='bbox 3094 4753 3307 4814; x_wconf 87' lang='lat' dir='ltr'><strong>locutio,</strong></span> <span class='ocrx_word' id='word_1_871' title='bbox 3339 4752 3476 4820; x_wconf 85' lang='lat' dir='ltr'><strong>apud</strong></span> <span class='ocrx_word' id='word_1_872' title='bbox 3504 4767 3602 4806; x_wconf 88' lang='lat' dir='ltr'><strong>nos</strong></span> <span class='ocrx_word' id='word_1_873' title='bbox 3625 4766 3775 4807; x_wconf 85' lang='lat' dir='ltr'><strong>recta</strong></span> 
     </span>
    </p>
   </div>
   <div class='ocr_carea' id='block_1_111' title="bbox 2188 4844 3390 4914">
    <p class='ocr_par' dir='ltr' id='par_1_111' title="bbox 2188 4844 3390 4914">
     <span class='ocr_line' id='line_1_111' title="bbox 2188 4844 3390 4914; baseline -0.006 -12"><span class='ocrx_word' id='word_1_874' title='bbox 2188 4863 2292 4902; x_wconf 91' lang='lat' dir='ltr'><strong>non</strong></span> <span class='ocrx_word' id='word_1_875' title='bbox 2319 4855 2432 4912; x_wconf 87' lang='lat' dir='ltr'><strong>est;</strong></span> <span class='ocrx_word' id='word_1_876' title='bbox 2459 4845 2574 4911; x_wconf 91' lang='lat' dir='ltr'><strong>sed,</strong></span> <span class='ocrx_word' id='word_1_877' title='bbox 2604 4845 2877 4900; x_wconf 89' lang='lat' dir='ltr'><strong>nesciebat</strong></span> <span class='ocrx_word' id='word_1_878' title='bbox 2899 4844 3115 4914; x_wconf 85' lang='lat' dir='ltr'><strong>aliquid,</strong></span> <span class='ocrx_word' id='word_1_879' title='bbox 3148 4845 3390 4898; x_wconf 79' lang='lat' dir='ltr'><strong>dicimus.</strong></span> 
     </span>
    </p>
   </div>
   <div class='ocr_carea' id='block_1_112' title="bbox 2263 4934 3772 5012">
    <p class='ocr_par' dir='ltr' id='par_1_112' title="bbox 2263 4934 3772 5012">
     <span class='ocr_line' id='line_1_112' title="bbox 2263 4934 3772 5012; baseline -0.003 -19"><span class='ocrx_word' id='word_1_880' title='bbox 2263 4939 2360 5012; x_wconf 88' lang='lat' dir='ltr'><strong>[lb.</strong></span> <span class='ocrx_word' id='word_1_881' title='bbox 2392 4937 2470 5010; x_wconf 86' lang='lat'><strong>6.]</strong></span> <span class='ocrx_word' id='word_1_882' title='bbox 2502 4937 2694 4991; x_wconf 67' lang='lat' dir='ltr'><strong>Praeter</strong></span> <span class='ocrx_word' id='word_1_883' title='bbox 2721 4953 2899 5006; x_wconf 84' lang='lat' dir='ltr'><strong>panem</strong></span> <span class='ocrx_word' id='word_1_884' title='bbox 2924 4952 3067 5005; x_wconf 82' lang='lat' dir='ltr'><strong>quem</strong></span> <span class='ocrx_word' id='word_1_885' title='bbox 3089 4936 3193 5005; x_wconf 88' lang='lat' dir='ltr'><strong>ipse</strong></span> <span class='ocrx_word' id='word_1_886' title='bbox 3216 4934 3391 4989; x_wconf 83' lang='lat' dir='ltr'><strong>edebat</strong></span> <span class='ocrx_word' id='word_1_887' title='bbox 3419 4950 3436 4987; x_wconf 89' lang='lat'><strong><em>:</em></strong></span> <span class='ocrx_word' id='word_1_888' title='bbox 3462 4949 3558 5004; x_wconf 86' lang='lat' dir='ltr'><strong>per</strong></span> <span class='ocrx_word' id='word_1_889' title='bbox 3577 4950 3772 5004; x_wconf 88' lang='lat' dir='ltr'><strong>panem</strong></span> 
     </span>
    </p>
   </div>
   <div class='ocr_carea' id='block_1_113' title="bbox 2191 5025 3766 5100">
    <p class='ocr_par' dir='ltr' id='par_1_113' title="bbox 2191 5025 3766 5100">
     <span class='ocr_line' id='line_1_113' title="bbox 2191 5025 3766 5100; baseline -0.006 -15"><span class='ocrx_word' id='word_1_890' title='bbox 2191 5033 2369 5100; x_wconf 88' lang='lat' dir='ltr'><strong>utique</strong></span> <span class='ocrx_word' id='word_1_891' title='bbox 2416 5028 2593 5083; x_wconf 83' lang='lat' dir='ltr'><strong>omnia</strong></span> <span class='ocrx_word' id='word_1_892' title='bbox 2639 5026 2854 5097; x_wconf 81' lang='lat' dir='ltr'><strong>intelligi</strong></span> <span class='ocrx_word' id='word_1_893' title='bbox 2899 5026 3064 5079; x_wconf 89' lang='lat' dir='ltr'><strong>voluit</strong></span> <span class='ocrx_word' id='word_1_894' title='bbox 3104 5025 3170 5078; x_wconf 86' lang='lat' dir='ltr'><strong>ad</strong></span> <span class='ocrx_word' id='word_1_895' title='bbox 3211 5025 3407 5078; x_wconf 89' lang='lat' dir='ltr'><strong>victmn</strong></span> <span class='ocrx_word' id='word_1_896' title='bbox 3451 5025 3570 5094; x_wconf 87' lang='lat' dir='ltr'><strong>ejus</strong></span> <span class='ocrx_word' id='word_1_897' title='bbox 3610 5025 3766 5094; x_wconf 85' lang='lat' dir='ltr'><strong>perti-</strong></span> 
     </span>
    </p>
   </div>
   <div class='ocr_carea' id='block_1_114' title="bbox 2189 5116 3769 5187">
    <p class='ocr_par' dir='ltr' id='par_1_114' title="bbox 2189 5116 3769 5187">
     <span class='ocr_line' id='line_1_114' title="bbox 2189 5116 3769 5187; baseline -0.004 -12"><span class='ocrx_word' id='word_1_898' title='bbox 2189 5121 2406 5184; x_wconf 89' lang='lat' dir='ltr'><strong>nentia;</strong></span> <span class='ocrx_word' id='word_1_899' title='bbox 2439 5118 2579 5172; x_wconf 90' lang='lat' dir='ltr'><strong>unde</strong></span> <span class='ocrx_word' id='word_1_900' title='bbox 2613 5133 2707 5186; x_wconf 88' lang='lat' dir='ltr'><strong>pro</strong></span> <span class='ocrx_word' id='word_1_901' title='bbox 2745 5117 3062 5187; x_wconf 74' lang='lat' dir='ltr'><strong>quotidianq</strong></span> <span class='ocrx_word' id='word_1_902' title='bbox 3083 5117 3244 5181; x_wconf 91' lang='lat' dir='ltr'><strong>victu,</strong></span> <span class='ocrx_word' id='word_1_903' title='bbox 3277 5117 3427 5184; x_wconf 85' lang='lat' dir='ltr'><strong>panis</strong></span> <span class='ocrx_word' id='word_1_904' title='bbox 3455 5116 3598 5169; x_wconf 89' lang='lat' dir='ltr'><strong>solus</strong></span> <span class='ocrx_word' id='word_1_905' title='bbox 3628 5117 3769 5184; x_wconf 74' lang='lat' dir='ltr'><strong>posi-</strong></span> 
     </span>
    </p>
   </div>
   <div class='ocr_carea' id='block_1_115' title="bbox 2190 5205 3771 5280">
    <p class='ocr_par' dir='ltr' id='par_1_115' title="bbox 2190 5205 3771 5280">
     <span class='ocr_line' id='line_1_115' title="bbox 2190 5205 3771 5280; baseline -0.005 -12"><span class='ocrx_word' id='word_1_906' title='bbox 2190 5223 2276 5268; x_wconf 92' lang='lat' dir='ltr'><strong>tus</strong></span> <span class='ocrx_word' id='word_1_907' title='bbox 2297 5211 2608 5280; x_wconf 88' lang='lat' dir='ltr'><strong>intelligitur</strong></span> <span class='ocrx_word' id='word_1_908' title='bbox 2640 5209 2691 5262; x_wconf 91' lang='lat' dir='ltr'><strong>in</strong></span> <span class='ocrx_word' id='word_1_909' title='bbox 2721 5209 2961 5262; x_wconf 89' lang='lat' dir='ltr'><strong>oratione</strong></span> <span class='ocrx_word' id='word_1_910' title='bbox 2987 5207 3254 5261; x_wconf 90' lang='lat' dir='ltr'><strong>Dominica</strong></span> <span class='ocrx_word' id='word_1_911' title='bbox 3286 5205 3512 5275; x_wconf 78' lang='lat' dir='ltr'><strong>(Matth.</strong></span> <span class='ocrx_word' id='word_1_912' title='bbox 3544 5223 3621 5273; x_wconf 66' lang='grc' dir='ltr'><strong>γι,</strong></span> <span class='ocrx_word' id='word_1_913' title='bbox 3653 5208 3771 5278; x_wconf 87' lang='grc'><strong>11).</strong></span> 
     </span>
    </p>
   </div>
   <div class='ocr_carea' id='block_1_116' title="bbox 2261 5297 3770 5378">
    <p class='ocr_par' dir='ltr' id='par_1_116' title="bbox 2261 5297 3770 5378">
     <span class='ocr_line' id='line_1_116' title="bbox 2261 5297 3770 5378; baseline -0.004 -20"><span class='ocrx_word' id='word_1_914' title='bbox 2261 5303 2360 5378; x_wconf 88' lang='grc'><strong>[11).</strong></span> <span class='ocrx_word' id='word_1_915' title='bbox 2385 5301 2462 5376; x_wconf 90' lang='grc'><strong>7.]</strong></span> <span class='ocrx_word' id='word_1_916' title='bbox 2492 5301 2556 5356; x_wconf 82' lang='lat' dir='ltr'><strong>Et</strong></span> <span class='ocrx_word' id='word_1_917' title='bbox 2577 5301 2707 5354; x_wconf 86' lang='lat' dir='ltr'><strong>misit</strong></span> <span class='ocrx_word' id='word_1_918' title='bbox 2737 5317 2866 5354; x_wconf 78' lang='lat' dir='ltr'><strong>uxor</strong></span> <span class='ocrx_word' id='word_1_919' title='bbox 2892 5299 3098 5352; x_wconf 87' lang='lat' dir='ltr'><strong>Domini</strong></span> <span class='ocrx_word' id='word_1_920' title='bbox 3117 5301 3228 5369; x_wconf 89' lang='lat' dir='ltr'><strong>ejus</strong></span> <span class='ocrx_word' id='word_1_921' title='bbox 3255 5300 3428 5352; x_wconf 87' lang='lat' dir='ltr'><strong>oculos</strong></span> <span class='ocrx_word' id='word_1_922' title='bbox 3446 5315 3564 5352; x_wconf 86' lang='lat' dir='ltr'><strong>suos</strong></span> <span class='ocrx_word' id='word_1_923' title='bbox 3585 5299 3637 5351; x_wconf 89' lang='lat' dir='ltr'><strong>in</strong></span> <span class='ocrx_word' id='word_1_924' title='bbox 3664 5297 3770 5352; x_wconf 80' lang='lat' dir='ltr'><strong>Jo-</strong></span> 
     </span>
    </p>
   </div>
   <div class='ocr_carea' id='block_1_117' title="bbox 2189 5389 3771 5470">
    <p class='ocr_par' dir='ltr' id='par_1_117' title="bbox 2189 5389 3771 5470">
     <span class='ocr_line' id='line_1_117' title="bbox 2189 5389 3771 5470; baseline -0.009 -16"><span class='ocrx_word' id='word_1_925' title='bbox 2189 5400 2311 5470; x_wconf 88' lang='lat' dir='ltr'><strong>seph</strong></span> <span class='ocrx_word' id='word_1_926' title='bbox 2341 5414 2358 5454; x_wconf 91' lang='lat'><strong><em>:</em></strong></span> <span class='ocrx_word' id='word_1_927' title='bbox 2387 5397 2521 5452; x_wconf 88' lang='lat' dir='ltr'><strong>solet</strong></span> <span class='ocrx_word' id='word_1_928' title='bbox 2547 5405 2601 5450; x_wconf 90' lang='lat' dir='ltr'><strong>et</strong></span> <span class='ocrx_word' id='word_1_929' title='bbox 2631 5395 2767 5465; x_wconf 85' lang='lat' dir='ltr'><strong>apud</strong></span> <span class='ocrx_word' id='word_1_930' title='bbox 2812 5408 2910 5448; x_wconf 92' lang='lat' dir='ltr'><strong>nos</strong></span> <span class='ocrx_word' id='word_1_931' title='bbox 2948 5392 3105 5463; x_wconf 89' lang='lat' dir='ltr'><strong>vulgo</strong></span> <span class='ocrx_word' id='word_1_932' title='bbox 3144 5407 3267 5448; x_wconf 90' lang='lat' dir='ltr'><strong>esse</strong></span> <span class='ocrx_word' id='word_1_933' title='bbox 3310 5392 3503 5446; x_wconf 87' lang='lat' dir='ltr'><strong>usitata</strong></span> <span class='ocrx_word' id='word_1_934' title='bbox 3533 5389 3771 5457; x_wconf 84' lang='lat' dir='ltr'><strong>locutio,</strong></span> 
     </span>
    </p>
   </div>
   <div class='ocr_carea' id='block_1_118' title="bbox 2189 5484 3076 5563">
    <p class='ocr_par' dir='ltr' id='par_1_118' title="bbox 2189 5484 3076 5563">
     <span class='ocr_line' id='line_1_118' title="bbox 2189 5484 3076 5563; baseline -0.01 -17"><span class='ocrx_word' id='word_1_935' title='bbox 2189 5510 2285 5563; x_wconf 78' lang='lat' dir='ltr'><strong>pro</strong></span> <span class='ocrx_word' id='word_1_936' title='bbox 2314 5507 2377 5545; x_wconf 91' lang='lat' dir='ltr'><strong>eo</strong></span> <span class='ocrx_word' id='word_1_937' title='bbox 2406 5488 2545 5559; x_wconf 89' lang='lat' dir='ltr'><strong>quod</strong></span> <span class='ocrx_word' id='word_1_938' title='bbox 2571 5495 2674 5552; x_wconf 88' lang='lat' dir='ltr'><strong>cst,</strong></span> <span class='ocrx_word' id='word_1_939' title='bbox 2703 5484 2911 5540; x_wconf 82' lang='lat' dir='ltr'><strong>Amavit</strong></span> <span class='ocrx_word' id='word_1_940' title='bbox 2933 5499 3076 5539; x_wconf 90' lang='lat' dir='ltr'><strong>eum.</strong></span> 
     </span>
    </p>
   </div>
   <div class='ocr_carea' id='block_1_119' title="bbox 2252 5615 3771 5685">
    <p class='ocr_par' dir='ltr' id='par_1_119' title="bbox 2252 5615 3771 5685">
     <span class='ocr_line' id='line_1_119' title="bbox 2252 5615 3771 5685; baseline -0.007 -9"><span class='ocrx_word' id='word_1_941' title='bbox 2252 5631 2268 5661; x_wconf 74' lang='grc' dir='ltr'><strong><em>ι</em></strong></span> <span class='ocrx_word' id='word_1_942' title='bbox 2294 5627 2411 5677; x_wconf 71' lang='lat' dir='ltr'><strong>aliti</strong></span> <span class='ocrx_word' id='word_1_943' title='bbox 2433 5640 2444 5674; x_wconf 92' lang='lat'>:</span> <span class='ocrx_word' id='word_1_944' title='bbox 2464 5633 2576 5685; x_wconf 65' lang='lat' dir='ltr'><strong>(tum</strong></span> <span class='ocrx_word' id='word_1_945' title='bbox 2597 5621 2729 5674; x_wconf 85' lang='lat' dir='ltr'><strong>circa</strong></span> <span class='ocrx_word' id='word_1_946' title='bbox 2764 5633 2873 5685; x_wconf 83' lang='lat' dir='ltr'><strong>eum</strong></span> <span class='ocrx_word' id='word_1_947' title='bbox 2905 5625 3076 5685; x_wconf 63' lang='lat' dir='ltr'><strong>erant;</strong></span> <span class='ocrx_word' id='word_1_948' title='bbox 3096 5633 3190 5685; x_wconf 86' lang='lat' dir='ltr'><strong>nec</strong></span> <span class='ocrx_word' id='word_1_949' title='bbox 3220 5618 3429 5685; x_wconf 82' lang='lat' dir='ltr'><strong>addunt,</strong></span> <span class='ocrx_word' id='word_1_950' title='bbox 3453 5615 3575 5685; x_wconf 70' lang='lat' dir='ltr'><strong>nihil</strong></span> <span class='ocrx_word' id='word_1_951' title='bbox 3591 5653 3607 5667; x_wconf 94' lang='lat'><strong>.</strong></span> <span class='ocrx_word' id='word_1_952' title='bbox 3637 5615 3771 5685; x_wconf 78' lang='lat' dir='ltr'><strong>quod</strong></span> 
     </span>
    </p>
   </div>
   <div class='ocr_carea' id='block_1_120' title="bbox 2187 5678 3772 5753">
    <p class='ocr_par' dir='ltr' id='par_1_120' title="bbox 2187 5678 3772 5753">
     <span class='ocr_line' id='line_1_120' title="bbox 2187 5678 3772 5753; baseline -0.006 -14"><span class='ocrx_word' id='word_1_953' title='bbox 2187 5678 2490 5753; x_wconf 70' lang='lat' dir='ltr'><strong>reposuimus</strong></span> <span class='ocrx_word' id='word_1_954' title='bbox 2519 5700 2580 5734; x_wconf 82' lang='lat' dir='ltr'><strong>ex</strong></span> <span class='ocrx_word' id='word_1_955' title='bbox 2609 5693 2710 5733; x_wconf 78' lang='lat' dir='ltr'><strong>Mss.</strong></span> <span class='ocrx_word' id='word_1_956' title='bbox 2737 5684 2916 5753; x_wconf 83' lang='lat' dir='ltr'><strong>quippe</strong></span> <span class='ocrx_word' id='word_1_957' title='bbox 2933 5678 3206 5753; x_wconf 43' lang='lat' dir='ltr'><strong>cunilmjus</strong></span> <span class='ocrx_word' id='word_1_958' title='bbox 3235 5682 3363 5732; x_wconf 82' lang='lat' dir='ltr'><strong>vocis</strong></span> <span class='ocrx_word' id='word_1_959' title='bbox 3395 5678 3536 5732; x_wconf 83' lang='lat' dir='ltr'><strong>causa</strong></span> <span class='ocrx_word' id='word_1_960' title='bbox 3561 5678 3772 5730; x_wconf 71' lang='lat' dir='ltr'><strong>locutio-</strong></span> 
     </span>
    </p>
   </div>
   <div class='ocr_carea' id='block_1_121' title="bbox 2188 5744 3148 5808">
    <p class='ocr_par' dir='ltr' id='par_1_121' title="bbox 2188 5744 3148 5808">
     <span class='ocr_line' id='line_1_121' title="bbox 2188 5744 3148 5808; baseline -0.008 -6"><span class='ocrx_word' id='word_1_961' title='bbox 2188 5744 2301 5802; x_wconf 71' lang='lat' dir='ltr'><strong>ne&#39;m</strong></span> <span class='ocrx_word' id='word_1_962' title='bbox 2326 5744 2452 5798; x_wconf 83' lang='lat' dir='ltr'><strong>illam</strong></span> <span class='ocrx_word' id='word_1_963' title='bbox 2473 5744 2830 5800; x_wconf 78' lang='lat' dir='ltr'><strong>commemoret</strong></span> <span class='ocrx_word' id='word_1_964' title='bbox 2842 5744 3148 5808; x_wconf 66' lang='lat' dir='ltr'><strong>tiugmtinus.</strong></span> 
     </span>
    </p>
   </div>
  </div>
