4094 6470
329 433 429 488 497

396 552 413 625 [
437 551 514 605 11).
541 568 720 619 xxxrx,
740 551 816 624 Ἰ]
843 551 908 604 Et
934 553 1026 618 ait,
1055 551 1228 605 Durati
1259 567 1446 605 mecum
1471 566 1490 606 :
1513 562 1568 607 et
1588 552 1685 606 ista
1718 553 1906 606 usitata

327 652 406 698 est
431 643 650 706 locutio,
674 659 770 712 pro
791 659 854 697 eo
881 643 1020 713 quod
1048 653 1147 709 est,
1179 644 1483 698 Concumhe
1509 659 1735 697 mecum.

394 731 493 806 [lb.
514 732 630 806 22]
657 734 720 787 Et
740 735 874 788 dedit
897 734 1110 788 carceris
1126 745 1290 788 custos
1318 751 1562 788 carcerem
1581 751 1670 805 per
1695 750 1905 787 manum

322 823 514 894 Ioseph
545 841 564 880 :
592 840 688 895 pro
716 840 782 881 eo
807 825 948 896 quod
969 835 1068 891 est,
1097 825 1152 879 In
1184 841 1371 880 manus
1398 825 1620 896 loseph;
1647 840 1737 894 per
1762 823 1903 895 quod

321 917 606 986 significat,
641 916 691 970 in
718 925 997 986 potestate.

390 1004 505 1079 [lb.
540 1024 629 1073 XL,
659 1006 739 1081 8.]
771 1007 831 1062 Et
875 1009 1140 1074 dixerunt,
1182 1007 1448 1062 Somnium
1476 1007 1704 1072 vidimus,
1730 1015 1775 1059 et
1801 1021 1902 1060 non

318 1106 387 1153 cst
421 1098 513 1167 qui
540 1100 895 1168 interpretetur
924 1099 1053 1154 illud
1083 1114 1102 1153 :
1130 1114 1250 1154 cum
1276 1101 1540 1154 somnium
1565 1115 1716 1154 suum
1743 1113 1904 1153 unus-

319 1189 541 1260 quisque
561 1191 800 1256 vidisset,
825 1207 929 1246 non
957 1191 1223 1257 dixerunt,
1249 1191 1463 1246 Somnia
1489 1191 1750 1258 vidimus;
1782 1189 1898 1257 sed,

317 1277 587 1333 Somnium
610 1280 844 1336 vidimus.

383 1367 504 1439 [lb.
540 1368 658 1443 12.]
687 1369 811 1426 Tres
827 1371 996 1442 fundi,
1033 1381 1132 1426 tres
1159 1365 1266 1426 dies
1289 1380 1406 1426 sunt
1433 1386 1452 1425 :
1477 1386 1578 1426 n0u
1606 1369 1758 1437 dixit,
1788 1376 1898 1425 tres

316 1459 430 1513 dies
455 1460 780 1530 signiﬁcant.
818 1463 878 1516 Et
922 1463 1141 1516 multum
1170 1462 1283 1516 haec
1317 1462 1512 1517 locutio
1539 1461 1764 1516 notanda
1791 1469 1893 1528 est,

316 1551 403 1606 ubi
430 1553 606 1622 aliqua
649 1553 998 1624 signiﬁcantia
1024 1595 1039 1621 ,
1083 1569 1265 1608 earum
1301 1569 1476 1608 rerum
1521 1569 1651 1622 quas
1691 1551 1894 1622 signiﬁ-

312 1652 452 1710 cant,
477 1645 694 1699 nomine
720 1644 1056 1715 appellantur
1088 1662 1101 1698 :
1137 1645 1260 1700 inde
1295 1654 1378 1698 est
1405 1643 1543 1714 quod
1570 1643 1643 1696 ait
1663 1644 1892 1712 Aposto-

311 1734 410 1796 lus,
443 1733 605 1788 Petra
625 1745 793 1789 autem
819 1745 923 1789 erat
952 1734 1182 1790 Christus
1209 1735 1264 1810 (l
1291 1735 1406 1795 Cor.
1437 1751 1493 1803 x,
1521 1735 1618 1806 4);
1648 1750 1752 1788 non
1784 1734 1890 1802 ait,

310 1826 466 1882 Petra
496 1829 826 1896 signiﬁcabat
847 1827 1135 1882 Christum.

377 1919 490 1992 [lb.
522 1919 632 1992 15.]
659 1919 726 1974 Et
755 1921 898 1974 dabis
923 1922 1128 1975 calicem
1157 1919 1420 1974 Pharaoni
1439 1920 1490 1974 in
1512 1935 1713 1972 manum
1744 1919 1891 1990 ejus;

308 2027 426 2065 eum
458 2011 674 2082 plenum
700 2020 862 2081 esset,
905 2012 1111 2068 etiamsi
1142 2027 1245 2067 non
1273 2011 1576 2078 adderetur,
1608 2011 1659 2063 iu
1685 2027 1890 2063 manum

305 2104 435 2171 ejus.

375 2193 475 2268 [1).
501 2194 614 2268 19.]
632 2195 697 2249 Et
716 2200 907 2268 auferet
923 2195 1127 2250 Pharao
1144 2206 1293 2268 caput
1311 2187 1453 2251 tuum
1473 2197 1559 2250 abs
1579 2204 1626 2250 te
1643 2212 1662 2251 :
1676 2195 1889 2267 plenum

302 2295 467 2350 esset,
493 2287 653 2340 etiam
677 2287 721 2342 si
744 2304 848 2342 non
880 2287 1118 2354 haberet,
1149 2287 1238 2342 abs
1264 2298 1332 2342 te.

375 2376 492 2449 [lb.
524 2376 635 2450 19.]
671 2378 732 2432 Et
767 2377 1138 2432 manducabunt
1167 2395 1280 2433 aves
1309 2380 1419 2434 cazli
1440 2396 1616 2434 carnes
1653 2387 1766 2434 tuas
1799 2378 1889 2434 abs

303 2478 348 2521 te
377 2484 396 2520 :
423 2468 616 2544 similis
641 2469 902 2537 superiori
925 2469 1194 2523 locutioni.

373 2558 384 2630 ι
407 2557 604 2624 ll).xu,
629 2558 703 2633 1.]
729 2559 792 2614 Et
807 2560 994 2630 factum
1011 2570 1081 2614 est
1103 2569 1213 2633 post
1237 2561 1486 2616 biennium
1507 2563 1701 2618 dierum
1724 2563 1886 2635 :qnid

302 2651 483 2704 minus
505 2659 646 2705 esset
676 2652 720 2704 si
749 2666 852 2704 non
886 2651 1125 2718 haberet,
1155 2652 1396 2706 dierum?

371 2741 490 2814 [lb.
523 2741 600 2815 7.]
630 2743 860 2798 Surrexit
889 2753 1056 2797 autent
1091 2743 1320 2809 Pharao,
1363 2753 1410 2798 et
1437 2753 1542 2798 erat
1589 2745 1839 2798 somnium
1866 2762 1887 2800 :

299 2843 483 2887 amant
511 2835 800 2903 Scriptura:
822 2835 898 2889 sic
922 2833 1064 2906 loqui
1095 2835 1160 2890 de
1186 2835 1424 2897 somniis,
1454 2851 1572 2890 cum
1603 2835 1757 2891 fuerit
1777 2836 1887 2892 evi-

299 2925 538 2993 gilatum,
565 2933 810 2996 tanquam
839 2925 1042 2980 reddita
1071 2925 1268 2980 homini
1296 2921 1514 2981 ve'ritate
1537 2927 1880 2996 vigilantium,

299 3026 426 3072 tunc
457 3017 588 3071 illud
631 3029 884 3088 appareat
926 3017 1223 3084 somnium,
1255 3017 1396 3088 quod
1433 3033 1553 3073 cum
1594 3017 1878 3085 videretur,

299 3108 450 3177 quasi
484 3107 678 3162 veritas
704 3107 822 3162 fuit.

370 3196 470 3270 [lb.
501 3196 578 3271 9.]
611 3197 878 3254 Peccatum
913 3217 1076 3254 meum
1102 3200 1335 3254 recordor
1354 3199 1519 3254 hodie.
1550 3199 1754 3255 Pharao
1780 3202 1884 3256 ira-

295 3296 374 3340 tus
403 3288 500 3357 fuit
523 3289 690 3358 pueris
709 3290 834 3356 suis,
861 3297 907 3342 et
936 3291 1100 3359 posuit
1126 3307 1215 3346 nos
1242 3291 1293 3344 in
1327 3307 1524 3345 carcere
1551 3306 1570 3345 :
1598 3292 1667 3345 illi
1695 3292 1881 3362 loque-

295 3375 452 3431 batur
478 3387 727 3448 tanquam
755 3379 822 3434 de
848 3381 1034 3434 altero.

366 3468 486 3543 [lb.
517 3469 628 3543 11.]
667 3469 733 3524 Et
760 3472 974 3526 vidimus
1012 3473 1259 3526 somnium
1296 3473 1441 3527 ambo
1470 3484 1613 3528 nocte
1640 3491 1760 3541 una,
1789 3491 1878 3546 ego

291 3570 339 3614 et
368 3561 457 3613 ille
483 3577 502 3614 :
527 3562 676 3631 quasi
717 3576 819 3616 non
848 3562 1135 3628 sufﬁceret,
1166 3563 1308 3634 quod
1343 3564 1488 3619 ambo
1519 3565 1744 3620 dixerat.
1775 3565 1878 3620 De-

292 3651 418 3705 inde
461 3661 514 3706 et
561 3651 674 3718 hic,
704 3652 919 3707 vidimus
961 3654 1210 3707 somnium
1255 3653 1409 3720 dicit;
1455 3671 1558 3710 non
1583 3697 1598 3722 ,
1651 3656 1878 3712 vidimus

289 3741 500 3796 somnia
525 3758 538 3794 :
574 3752 818 3812 tanquam
848 3760 1009 3798 unum
1035 3746 1192 3800 atnbo
1215 3745 1485 3802 vidissent.

362 3831 464 3907 [lb.
500 3833 610 3907 15.]
642 3833 861 3889 Factum
885 3845 962 3892 est
990 3845 1159 3893 autem
1196 3838 1324 3894 sicut
1364 3841 1671 3908 comparavit
1712 3840 1874 3908 nobis,

289 3923 360 3977 ita
388 3934 432 3978 et
473 3927 699 3995 contigit.
735 3925 950 3983 Factum
992 3939 1063 3983 est
1103 3942 1305 3994 autem;
1331 3931 1407 3985 sic
1446 3935 1580 3986 solet
1607 3932 1875 4003 Scriptura

288 4033 491 4088 ponere
515 4036 528 4071 :
560 4035 678 4072 nam
714 4020 923 4088 plenum
945 4032 1106 4090 esset,
1133 4023 1260 4077 sicut
1289 4024 1418 4076 enint
1455 4026 1760 4094 comparavit
1786 4042 1878 4079 no-

284 4110 383 4173 bis,
409 4110 482 4162 ita
510 4120 557 4163 et
580 4112 805 4182 contigit.

359 4199 465 4272 [lb.
499 4200 609 4274 19.]
636 4202 819 4266 Quales
846 4219 1099 4274 nunquam
1128 4204 1226 4257 vidi
1254 4205 1375 4259 tales
1409 4206 1459 4259 in
1486 4215 1588 4260 tota
1614 4216 1745 4262 terra
1772 4208 1876 4262 Λῖ-

283 4293 427 4362 ggpti
450 4293 698 4362 turpiores
722 4307 740 4347 :
760 4293 861 4348 dici
885 4305 1057 4349 autem
1081 4305 1260 4367 posset
1281 4314 1425 4352 more
1451 4307 1654 4364 nostro,
1682 4301 1874 4370 quibus

283 4400 555 4453 numquam
590 4385 694 4438 vidi
732 4387 1029 4456 turpiores;
1061 4396 1169 4454 aut,
1214 4389 1396 4458 quales
1434 4407 1699 4460 nunquam
1730 4392 1868 4458 vidi;

280 4486 396 4545 aut,
441 4494 708 4548 nunquam
743 4479 850 4533 vidi
892 4480 1045 4535 tales.
1079 4479 1374 4552 Exsurgens
1402 4493 1564 4536 autem
1595 4483 1826 4538 dormivit
1854 4499 1874 4540 :

279 4585 563 4642 asurgens
593 4571 685 4634 ait,
715 4584 811 4640 pro
837 4570 1226 4640 expergiseens.

288 4652 290 4654 ’
353 4661 454 4738 [11).
484 4660 602 4734 25]
629 4662 830 4733 Quanta
855 4661 991 4717 Deus
1017 4665 1159 4735 facit,
1184 4664 1395 4718 ostendit
1418 4664 1678 4721 Pharaoni
1707 4681 1727 4722 :
1748 4681 1870 4723 cum

278 4752 357 4806 illi
389 4753 719 4828 loqueretur,
751 4763 997 4824 tanquam
1023 4757 1088 4809 de
1110 4755 1276 4812 altero
1301 4757 1445 4810 dicit.

354 4843 454 4918 [lb.
613 4843 709 4902 Etc
724 4856 947 4901 onsumet
967 4849 1126 4918 fames
1148 4856 1329 4903 terram
1345 4863 1363 4903 :
1378 4862 1494 4917 pro,
1517 4847 1761 4906 homines
1781 4851 1870 4922 qui

277 4947 404 4989 sunt
437 4935 489 4987 in
521 4944 681 4994 terra.

352 5024 462 5098 [lb.
483 5024 601 5100 55.]
623 5025 774 5081 Nunc
799 5043 914 5100 ergo
942 5027 1053 5082 vide
1072 5029 1320 5081 hominem
1352 5030 1642 5098 prudentem
1667 5040 1712 5084 et
1732 5031 1874 5086 intel-

276 5117 538 5187 ligentem,
572 5128 617 5172 et
639 5120 884 5173 constitue
911 5137 1022 5174 eum
1050 5137 1201 5190 super
1225 5131 1408 5174 (errant
1436 5121 1654 5193 Αἴθρη)ιί
1670 5143 1689 5190 ;
1718 5135 1764 5178 et
1789 5126 1870 5195 [a-

275 5207 622 5263 ciat'Pharao
656 5218 700 5263 et
733 5212 1004 5265 constituat
1036 5211 1255 5265 locorum
1291 5214 1539 5284 principes
1574 5231 1726 5283 super
1765 5226 1865 5270 ter-

273 5315 388 5350 ram
412 5314 431 5352 :
461 5300 610 5368 quasi
639 5300 772 5354 alius
801 5301 869 5354 sit
892 5302 974 5357 cui
1001 5301 1152 5367 dixit,
1199 5301 1417 5360 Provide
1442 5306 1691 5360 hominem
1740 5325 1866 5374 pru-

273 5389 496 5456 dentem,
528 5397 584 5444 et
602 5391 735 5444 alius
757 5392 825 5449 dc
852 5409 956 5460 quo
985 5392 1143 5454 dixit,
1175 5395 1445 5448 constituat
1474 5395 1698 5452 Pharao.

354 5476 442 5550 [In
605 5480 668 5533 Et
688 5491 1008 5552 congregetur
1029 5483 1240 5539 triticum
1261 5483 1350 5542 sub
1371 5503 1521 5538 manu
1543 5485 1828 5542 Pharaonis
1846 5503 1866 5543 :

275 5574 326 5628 id
353 5583 450 5636 est,
482 5573 581 5627 sub
608 5581 887 5642 potestate.

351 5663 466 5734 [11).
499 5661 618 5735 40]
652 5662 838 5716 Tamen
868 5665 1103 5716 thronum
1133 5663 1408 5734 prtecedsm
1436 5667 1508 5719 tui
1535 5683 1625 5737 ego
1659 5683 1677 5721 :
1705 5668 1782 5723 sic
1806 5684 1864 5724 se

279 5755 484 5809 habent
511 5755 675 5810 verba
706 5755 758 5809 in
786 5770 981 5825 gra-co,
1010 5772 1130 5825 quae
1169 5758 1300 5811 dixit
1330 5757 1534 5812 Pharao
1555 5759 1619 5812 ad
1641 5759 1860 5844 .loseph.

273 5846 383 5905 Sed
421 5846 709 5918 prteeedam
739 5847 845 5916 tui,
875 5847 1066 5909 usitata
1091 5856 1174 5907 est
1210 5848 1348 5920 apud
1385 5849 1600 5908 Graecos
1628 5849 1860 5922 locutio,

1661 437 1862 493 LIBER
1900 436 2169 494 PRIMUS.

3487 445 3593 501 198

2016 551 2155 620 apud
2189 566 2285 605 nos
2315 560 2490 607 autem
2530 553 2740 622 dicitur,
2784 553 3076 624 prazcedam
3127 564 3220 612 te:
3260 557 3384 614 illul
3433 575 3588 622 sero.

2014 642 2307 710 prmccdam
2337 652 2388 698 te
2411 643 2682 712 thronum,
2715 661 2813 700 nec
2837 645 2972 716 apud
3003 645 3217 702 Gnaeos
3243 648 3434 704 usitata
3462 663 3586 719 per~

2012 733 2241 802 hibetur,
2265 735 2381 804 sed,
2405 738 2699 806 praecedam
2724 747 2776 793 te
2797 738 3007 805 throno,
3031 739 3081 794 id
3102 747 3182 794 est
3203 739 3402 797 honore
3420 741 3586 807 sedis;

2009 825 2146 892 quod
2176 825 2512 897 intelligitur,
2541 828 2834 898 praecedam
2865 835 2914 884 te
2934 845 3118 900 regno,
3147 828 3249 887 hoc
3271 830 3412 888 enim
3434 831 3510 887 illi
3533 842 3588 889 et

2007 925 2186 984 postea
2217 917 2364 973 dicit.

2077 1007 2175 1082 [lb.
2191 1025 2295 1076 xu,
2315 1007 2428 1082 44.]
2445 1008 2554 1081 Ego
2571 1010 2774 1065 Pharao
2787 1026 2806 1076 ;
2818 1013 2926 1066 sine
2938 1020 2984 1065 te
3002 1028 3146 1066 nemo
3163 1012 3364 1068 extot‘tet
3382 1030 3585 1068 manum

2003 1107 2146 1151 suam
2175 1115 2327 1168 super
2355 1115 2552 1153 onmem
2583 1109 2767 1155 terram
2793 1100 3013 1173 zEgypti
3040 1118 3060 1156 :
3089 1112 3335 1174 tauquam
3361 1104 3580 1171 diceret,

2003 1201 2102 1257 ego
2131 1204 2247 1242 sum
2279 1205 2394 1253 rex,
2424 1199 2476 1243 tu
2499 1199 2673 1244 autem
2703 1193 2946 1262 princeps
2970 1193 3049 1247 vel
3083 1195 3395 1265 przepositus
3413 1196 3582 1268 Egy-

2003 1282 2098 1348 pti.
2127 1281 2331 1337 Pharao
2357 1284 2552 1354 quippe
2573 1299 2677 1339 non
2701 1284 2932 1341 hominis
2957 1301 3148 1340 nomen
3176 1295 3277 1353 est,
3305 1286 3400 1344 sed
3425 1290 3582 1360 regia:

2001 1374 2294 1441 potestatis.

2072 1459 2168 1533 [lb.
2187 1461 2467 1536 xut,1,2.]
2497 1461 2684 1519 Videas
2705 1475 2869 1518 autem
2883 1462 3041 1519 Jacob
3061 1466 3180 1537 quia
3198 1476 3271 1522 est
3291 1469 3505 1523 venditio
3527 1469 3578 1524 in

2000 1550 2232 1623 lEgypto
2259 1594 2274 1620 ,
2325 1554 2452 1608 dixit
2492 1555 2613 1624 ﬁliis
2659 1556 2798 1622 suis,
2845 1555 3012 1621 Quare
3053 1573 3225 1627 segnes
3263 1558 3420 1612 estis?
3450 1557 3580 1614 Ecce

1999 1645 2168 1698 audivi
2195 1645 2330 1716 quod
2354 1656 2426 1700 est
2465 1647 2681 1701 venditio
2723 1647 2776 1702 in
2814 1646 3042 1719 zEgypto
3084 1662 3103 1702 :
3141 1648 3426 1704 notandum
3456 1651 3576 1720 quia

1998 1731 2049 1786 id
2097 1735 2238 1805 quod
2274 1736 2486 1792 audisse
2523 1752 2581 1793 se
2617 1737 2771 1805 dicit,
2817 1737 3013 1793 vidisse
3040 1753 3163 1794 eum
3193 1738 3462 1810 Scriptura
3494 1741 3574 1794 di-

1997 1836 2163 1880 xcrat.

2066 1917 2165 1992 [lb.
2187 1917 2267 1993 2.]
2292 1919 2476 1976 Emitte
2496 1923 2635 1976 nobis
2651 1923 2860 1993 pusillas
2879 1939 3037 1985 escas,
3065 1932 3119 1976 ut
3142 1924 3384 1990 vivamus,
3408 1933 3572 1978 etnon

1996 2011 2270 2064 moriamur
2292 2027 2487 2066 :unum
2517 2011 2705 2066 horum
2732 2012 3017 2081 sufﬁceret,
3058 2023 3167 2082 aut,
3198 2015 3439 2082 vivamus,
3463 2024 3572 2079 aut,

1994 2117 2092 2154 non
2114 2102 2407 2156 moriamur.
3455 2097 3460 2108 ’

2065 2190 2162 2266 [11).
2183 2190 2292 2265 11
2327 2191 2504 2247 Pacati
2529 2210 2734 2259 sumus;
2755 2210 2854 2248 non
2881 2201 2996 2248 sunt
3022 2193 3168 2265 pueri
3185 2195 3260 2248 tui
3287 2193 3575 2265 explorato-

1993 2301 2108 2340 res:
2132 2285 2283 2355 quasi
2309 2285 2373 2340 de
2393 2286 2510 2340 aliis
2531 2285 2781 2351 dixerint,
2809 2303 2908 2341 non
2934 2296 3048 2341 sunt
3070 2288 3213 2358 pueri
3235 2287 3310 2342 tui
3331 2288 3540 2358 explora
3555 2317 3570 2327 -

1993 2386 2142 2443 tores,
2167 2391 2284 2432 cum
2315 2386 2528 2446 possent
2555 2377 2751 2443 dicere,
2787 2394 2892 2432 nou
2914 2393 3097 2433 sumus
3121 2379 3570 2436 :honoriﬁcentia:

1992 2479 2166 2522 autem
2195 2484 2353 2546 more.
2375 2470 2604 2524 maxime
2624 2471 2694 2523 ita
2726 2470 3094 2540 loquebantur.

2063 2556 2160 2633 [lb.
2192 2555 2305 2630 15]
2348 2557 2626 2613 Duodecim
2655 2576 2826 2614 sumus
2872 2559 3016 2630 pueri
3052 2561 3126 2613 tui
3152 2561 3334 2630 fratres
3354 2560 3406 2614 in
3435 2570 3567 2616 terra

1990 2646 2232 2703 Chanaan
2255 2665 2272 2704 :
2297 2665 2416 2704 cmn
2440 2651 2703 2720 posterius
2723 2650 2918 2713 dicant,
2944 2651 3081 2721 quod
3107 2666 3242 2706 unus
3259 2667 3442 2706 eorum
3463 2669 3566 2708 non

1989 2740 2076 2804 sit,
2107 2740 2278 2809 ipsum
2317 2739 2516 2794 scilicet
2554 2740 2750 2810 Juseph
2793 2756 2898 2794 non
2941 2756 3061 2796 esse
3097 2743 3482 2810 existimantes,
3517 2744 3567 2798 id

1989 2841 2091 2899 est,
2123 2833 2361 2901 periisse.
2395 2833 2502 2887 llac
2532 2833 2795 2888 locutione
2817 2833 3014 2888 dictum
3032 2844 3110 2888 est
3141 2835 3297 2889 etiam
3327 2835 3471 2900 illud,
3498 2835 3549 2889 II

1988 2924 2085 2994 ﬁlii
2103 2923 2263 2978 Jacoo
2280 2925 2364 2994 qui
2383 2925 2502 2997 facti
2517 2935 2630 2979 sunt
2650 2925 2700 2978 in
2723 2924 3086 2996 Mesopotamia
3106 2924 3252 2996 (Gen.
3283 2943 3437 2993 xxxv,
3452 2928 3565 2996 $6);

1987 3034 2107 3074 cum
2139 3019 2209 3074 ibi
2241 3037 2344 3072 non
2377 3019 2530 3074 fuerit
2570 3029 2726 3074 natus
2764 3019 3058 3089 Bcnjamin.
3092 3020 3241 3088 Quod
3279 3033 3455 3078 autem
3481 3025 3568 3080 di-

1987 3119 2199 3175 xerunt,
2232 3127 2406 3164 sumus
2440 3111 2490 3163 in
2520 3107 2942 3176 terrrrChanaan,
2967 3126 3085 3164 cum
3115 3127 3179 3167 eo
3207 3121 3442 3183 tempore
3462 3131 3567 3186 quo

1987 3202 2358 3272 loquebantur,
2403 3202 2453 3256 iu
2497 3201 2729 3272 IEgypto
2775 3211 2974 3269 essent,
3009 3219 3181 3257 sumus
3223 3204 3419 3259 dictum
3463 3215 3563 3272 est,

1985 3310 2081 3365 pro
2114 3295 2409 3348 habitamus
2439 3313 2451 3347 z
2478 3294 2599 3348 inde
2633 3294 2772 3348 enim
2813 3302 3068 3349 venerant
3124 3295 3264 3350 illico
3322 3295 3562 3366 redituri,

1986 3387 2053 3440 ibi
2078 3394 2488 3440 commorantes.

2057 3476 2155 3550 [lb.
2185 3474 2295 3549 14.]
2326 3475 2437 3530 Hoc
2465 3487 2534 3531 est
2559 3478 2695 3547 quod
2718 3477 2828 3530 dixi
2854 3476 3007 3538 vobis.
3042 3476 3211 3532 dicens
3231 3477 3366 3549 quod
3389 3481 3564 3549 exple.

1981 3576 2174 3620 ratores
2196 3567 2312 3620 estis
2337 3581 2354 3620 :
2377 3566 2498 3637 quid
2526 3567 2752 3629 deesset,
2786 3568 2943 3622 etiam
2984 3568 3026 3620 si
3070 3582 3174 3622 non
3208 3567 3448 3636 adderet,
3479 3571 3560 3622 di-

1981 3673 2096 3710 cens
2116 3657 2142 3710 ?

2056 3747 2152 3820 [lb.
2188 3745 2296 3820 19.]
2319 3745 2431 3818 Ipsi
2463 3763 2575 3802 vero
2618 3747 2685 3802 ite
2719 3757 2765 3802 et
2791 3748 2960 3803 ducite
2981 3749 3278 3818 emptionem
3305 3749 3458 3802 tritici
3482 3765 3561 3802 ve-

1980 3839 2072 3892 stri
2093 3855 2110 3892 :
2135 3839 2320 3901 ducite,
2348 3855 2440 3908 pro
2471 3854 2536 3893 eo
2566 3839 2703 3909 quod
2729 3847 2830 3901 cst,
2857 3837 3019 3903 ferte;
3049 3838 3167 3907 quia
3193 3837 3334 3893 enim
3358 3837 3564 3893 ducun-

1984 3932 2323 4000 turjumenta
2356 3931 2406 3985 in
2437 3932 2627 4001 quibus
2665 3929 2850 3998 fertur,
2875 3931 3034 3986 etiam
3072 3929 3176 3985 hoc
3211 3929 3335 3985 duci
3361 3929 3560 3985 dictum

1981 4029 2078 4075 est.

2053 4111 2149 4184 [lb.
2175 4110 2290 4185 22]
2325 4111 2506 4166 Nonne
2526 4112 2721 4166 locutus
2747 4130 2860 4167 sum
2891 4113 3042 4175 vobis.
3068 4115 3256 4180 dicens,
3284 4111 3366 4170 Ne
3381 4129 3560 4169 noceao

1983 4206 2046 4258 tis
2068 4221 2242 4275 puero,
2261 4215 2307 4258 ct
2329 4221 2424 4258 non
2447 4205 2719 4258 exaudistis
2735 4206 2837 4259 me?
2848 4204 3146 4259 Notandum
3164 4206 3556 4262 exauditionem

1983 4312 2088 4350 non
2116 4313 2228 4350 eam
2260 4297 2424 4348 solam
2453 4295 2553 4350 dici
2581 4311 2681 4365 qua
2712 4296 2929 4351 exaudit
2963 4297 3118 4352 Deus.

2054 4389 2152 4463 [lb.
2176 4387 2289 4460 25]
2317 4388 2342 4441 1
2352 4389 2426 4457 psi
2450 4399 2619 4442 autem
2662 4387 2958 4458 ignorabant
2995 4389 3110 4458 quia
3150 4387 3292 4441 audit
3318 4387 3510 4459 Ioseph
3537 4402 3555 4441 :

1979 4482 2142 4548 audit,
2191 4495 2287 4550 pro
2343 4478 2612 4547 intelligit;
2660 4493 2780 4531 nam
2826 4492 2983 4530 voces
3023 4477 3168 4529 audit
3200 4477 3382 4546 utique
3427 4492 3555 4531 aure

1981 4573 2139 4625 etiam
2168 4571 2254 4639 qui
2288 4584 2390 4623 non
2414 4568 2923 4638 intelligitlinguam.
2949 4566 3329 4636 Repetiturilla
3358 4567 3554 4622 locutio

1975 4660 2187 4732 quando
2214 4669 2430 4714 narrant
2461 4659 2592 4728 patri
2630 4674 2726 4711 suo
2755 4657 2881 4728 quid
2925 4657 3002 4712 eis
3033 4655 3286 4714 acciderit
3315 4657 3367 4714 in
3389 4657 3558 4730 Egy-

1977 4763 2089 4825 pto,
2121 4762 2174 4806 et
2202 4750 2328 4822 quid
2351 4750 2580 4804 dixerint
2603 4749 2669 4803 ad
2695 4748 2911 4819 Joseph.

2049 4845 2148 4919 [11).
2172 4842 2286 4915 32]
2317 4843 2593 4896 Duodecim
2613 4858 2786 4897 sumus
2825 4846 3004 4914 fratres
3034 4843 3130 4912 filii
3167 4845 3325 4915 patris
3359 4847 3554 4901 nostri:

1975 4955 2108 4994 unus
2138 4955 2238 4992 non
2263 4947 2356 5000 est,
2391 4936 2605 5006 pusillus
2625 4944 2793 4990 autem
2827 4951 2939 4989 eum
2970 4944 3112 5005 patre
3134 4947 3305 4991 nostra
3331 4937 3480 4991 hodie
3498 4938 3552 4991 in

1975 5040 2107 5084 terra
2133 5028 2392 5082 Chanaan.
2419 5025 2579 5080 Multa
2607 5026 2658 5080 in
2680 5025 2764 5080 his
2787 5026 2966 5095 paucis
2988 5025 3163 5080 verbis
3185 5019 3378 5096 genera
3406 5027 3551 5081 locu~

1977 5124 2178 5173 tEonmn
2205 5127 2348 5184 sunt,
2380 5123 2434 5172 et
2460 5116 2586 5171 illud
2609 5116 2747 5185 quod
2769 5115 2927 5186 paulo
2950 5125 3073 5171 ante
3097 5116 3404 5183 memoravi,
3424 5116 3526 5169 duo

1974 5210 2131 5262 derint
2159 5226 2348 5273 sumus,
2381 5224 2500 5262 cum
2540 5207 2638 5276 ipsi
2679 5208 2877 5274 dicant,
2906 5223 3038 5260 unus
3083 5223 3185 5260 non
3224 5217 3334 5261 est:
3353 5216 3425 5271 et,
3454 5207 3551 5278 filii

1973 5318 2146 5355 sumus
2175 5301 2331 5371 patris
2362 5300 2541 5364 nostri,
2566 5299 2712 5368 quasi
2738 5306 2955 5368 possent
2988 5312 3106 5352 esse
3133 5297 3220 5350 ﬁlii
3255 5313 3356 5352 non
3386 5299 3549 5367 patris

1973 5395 2074 5447 sui.
2118 5391 2352 5460 Pusillus
2387 5401 2551 5444 autem
2589 5406 2702 5442 eum
2748 5398 2891 5459 patre
2928 5397 3096 5441 nostro
3141 5388 3288 5441 hodie
3324 5388 3378 5441 in
3415 5397 3548 5443 terra

1971 5483 2238 5543 Chanaan,
2264 5496 2360 5536 nec
2401 5481 2670 5546 dixerunt,
2708 5488 2809 5545 est,
2849 5487 2939 5532 aut
2984 5477 3180 5547 aliquid
3221 5477 3543 5547 hujusmodi.

1973 5573 2172 5631 Deinde
2201 5574 2490 5629 notandum
2516 5581 2616 5639 est,
2650 5572 2791 5642 quod
2824 5571 3053 5625 maxime
3081 5570 3437 5624 necessarium
3461 5572 3545 5624 vi-

1969 5669 2124 5722 detur
2161 5676 2375 5737 propter
2410 5664 2862 5734 Evangelistarum
2897 5650 3248 5728 narrationes,
3275 5662 3543 5731 quomodo

1969 5775 2088 5813 cum
2125 5774 2186 5812 ea
2233 5774 2349 5826 qua:
2393 5756 2529 5810 dicta
2577 5763 2721 5820 sunt,
2753 5753 2891 5808 dicta
2932 5767 3050 5806 esse
3094 5760 3393 5816 narrantur,
3436 5769 3542 5809 non

1970 5850 2187 5907 omnino
2212 5846 2400 5904 eodem
2422 5846 2579 5902 modo
2598 5851 2928 5916 repetuntur.
2944 5855 3066 5898 eum
3089 5849 3263 5899 tamen
3286 5842 3339 5898 in
3359 5843 3538 5901 diver-
