4094 6528
515 486 620 544 499

515 611 673 656 suate
720 601 1002 656 vetitorum
1048 599 1179 656 nihil
1226 597 1502 654 sententiae
1545 596 1800 668 depereat
1841 594 2098 650 veritatis.

517 691 648 746 Nam
676 690 816 763 quod
836 690 1088 747 dixerunt
1131 690 1328 747 dictum
1363 689 1463 746 sibi
1499 705 1620 746 esse
1658 704 1688 744 a
1726 688 1944 760 Ioseph,
1979 699 2024 742 et
2050 688 2103 742 in

517 799 650 839 terra
680 785 992 851 mercantini,
1026 800 1130 839 non
1174 784 1438 839 invenitur
1478 783 1546 837 ab
1591 782 1682 838 illo
1725 782 1943 837 dictum.
1974 779 2102 837 Sine

517 877 796 934 mendacio
822 886 998 934 autem
1026 877 1295 944 dixerunt,
1336 875 1477 947 quod
1511 891 1578 932 ex
1604 875 1779 931 verbis
1808 891 1923 946 qua:
1951 874 2097 929 dixe-

515 978 618 1036 rat,
649 969 701 1023 in
729 969 844 1038 ejus
866 969 1136 1024 voluntate
1158 976 1518 1039 cognoverant
1543 982 1747 1037 :neque
1774 967 1915 1021 enim
1938 966 2096 1021 verba

513 1070 635 1114 sunt
671 1059 972 1116 necessaria
1004 1058 1106 1114 nisi
1132 1059 1197 1113 ad
1233 1057 1675 1128 expromendam,
1702 1066 1758 1114 et
1795 1057 1844 1112 in
1877 1058 2098 1113 audien-

515 1151 645 1204 tium
684 1151 920 1206 notitiam
963 1149 1631 1221 perferendam,quantum
1670 1163 1978 1220 possmnus,
2004 1136 2096 1204 vo-

513 1243 793 1299 luntatem.
1272 1304 1278 1311 ,

587 1329 686 1408 [11).
708 1349 834 1394 XLII.
854 1330 966 1406 55.]
993 1331 1060 1386 Et
1078 1343 1186 1388 erat
1207 1332 1600 1404 uniuscujusque
1613 1331 1883 1402 alligatum
1905 1329 2101 1402 argenti

511 1424 561 1477 in
583 1439 726 1478 sacco
755 1440 931 1478 eorunt
956 1440 974 1480 :
1001 1439 1106 1478 non
1133 1425 1285 1490 dixit,
1319 1424 1371 1478 in
1402 1439 1558 1479 sacco
1585 1422 1718 1492 ejus,
1757 1431 1865 1484 aut,
1897 1421 1950 1475 itt
1977 1437 2096 1476 sac-

508 1517 586 1572 cis
605 1533 814 1583 corum,
842 1515 936 1572 sed
964 1518 1111 1588 quasi
1141 1533 1277 1573 unus
1305 1531 1490 1572 saccus
1515 1515 1750 1570 omnium
1779 1523 1940 1570 esset.

580 1609 680 1684 lib.
700 1606 815 1684 56.]
839 1607 1010 1681 Super
1039 1627 1116 1666 me
1143 1616 1278 1683 facta
1304 1619 1418 1664 sunt
1444 1610 1613 1664 omnia
1641 1609 1782 1664 Ita'c:
1809 1605 1860 1663 id
1890 1616 1990 1670 est,
2012 1624 2098 1664 me

510 1703 723 1760 miseria
750 1713 994 1760 onerant.

587 1795 681 1869 [Ib.
709 1812 854 1863 XLIII,
884 1795 962 1870 5.]
988 1797 1073 1850 Ait
1124 1808 1290 1849 autem
1332 1796 1410 1850 illi
1453 1794 1640 1862 Iudas,
1664 1795 1833 1849 dicens
1875 1810 1893 1848 :
1931 1794 2096 1864 potuit

509 1886 722 1957 plenum
748 1903 887 1956 esse,
918 1888 1016 1943 etsi
1047 1905 1153 1942 non
1177 1888 1418 1954 haberet,
1444 1889 1632 1941 dicens.

578 1978 678 2053 [Ib.
703 1975 782 2053 5.]
811 1977 1136 2051 Interrogans
1175 1981 1496 2050 interrogavit
1539 1995 1632 2032 nos
1673 1979 1822 2031 homo
1845 1994 1864 2032 :
1884 1977 2093 2033 assidua

507 2077 589 2124 est
621 2069 738 2124 talis
775 2069 971 2125 locutio
999 2070 1050 2124 in
1083 2069 1394 2140 Seripturis,
1424 2069 1743 2140 interrogans
1768 2068 2092 2140 interrogavit

507 2178 598 2216 nos
635 2162 786 2217 homo
800 2179 821 2228 ;
852 2172 961 2230 aut,
1002 2161 1381 2234 interrogando
1421 2162 1782 2234 interrogavit,
1816 2173 1868 2216 et
1907 2163 1950 2216 si
1991 2177 2090 2233 qna

504 2253 724 2312 similia.
1379 2326 1381 2330 η

579 2343 680 2420 [11).
711 2343 824 2420 16.]
855 2345 1058 2403 Mecum
1083 2346 1215 2402 enim
1260 2345 1632 2402 manducabunt
1671 2348 1896 2402 homines
1939 2364 2092 2417 panes

507 2438 715 2493 meridie
737 2454 756 2493 :
774 2438 1028 2510 numquid
1063 2454 1228 2510 panes
1249 2437 1492 2495 tantum?
1516 2438 1610 2495 sed
1637 2438 1706 2495 ab
1735 2454 1802 2494 eo
1829 2439 1970 2509 quod
1995 2456 2088 2494 ex-

505 2529 651 2585 cellit
677 2537 731 2584 et
753 2539 948 2585 caetera
993 2537 1077 2586 est
1116 2529 1394 2600 complexa
1445 2529 1662 2586 locutio.
1709 2528 1911 2584 Mecum
1958 2532 2091 2584 enim

504 2612 878 2668 manducabunt
907 2612 1136 2668 homines
1161 2629 1315 2683 panes
1343 2611 1550 2668 meridie
1571 2628 1590 2668 :
1609 2613 1750 2684 quod
1781 2614 1909 2669 dicit
1935 2615 2089 2669 meri-
2131 2688 2138 2692 ε

503 2703 604 2769 die,
635 2703 910 2773 prandium
953 2703 1220 2775 significat
1257 2704 1396 2775 quod
1444 2704 1503 2760 lit
1541 2704 1716 2761 medio
1745 2705 1852 2774 die,
1884 2707 1982 2762 hoc
2008 2717 2089 2763 est

501 2794 642 2848 enim
674 2795 941 2850 meridies.

578 2886 676 2962 [Ib.
705 2887 815 2962 l8.]
839 2888 904 2944 (It
934 2891 1151 2961 accipias
1183 2907 1273 2945 nos
1302 2891 1352 2945 in
1383 2908 1547 2947 servos
1577 2902 1623 2945 ct
1652 2893 1820 2947 asinos
1849 2902 2044 2947 nostros
2068 2909 2087 2947 :

503 2998 608 3036 non
655 2984 836 3052 utique
875 2983 1210 3047 subauditur,
1243 2999 1458 3050 servos;
1494 3001 1612 3039 nam
1640 2985 1780 3056 quod
1821 2986 1964 3041 latini
1996 3003 2087 3040 eo-

504 3074 650 3128 dices
689 3090 855 3128 seiras
907 3073 1123 3139 habent,
1179 3077 1230 3130 in
1281 3077 1469 3146 grtocis
1504 3082 1675 3138 παῖδας
1706 3077 1916 3148 legitur,
1945 3079 2084 3149 quod

505 3163 650 3219 nullo
694 3165 852 3219 modo
889 3165 1024 3220 asini
1072 3177 1286 3236 possunt
1332 3182 1470 3222 csso.
1515 3168 1653 3239 Ergo
1691 3169 1861 3222 asinos
1886 3179 2086 3225 nostros

510 3255 876 3310 tantunnnodo
907 3256 1127 3326 accipias
1155 3257 1487 3312 subauditur.

578 3341 677 3417 [Ib.
710 3343 770 3400 91
853 3346 1158 3416 Aperuimus
1185 3365 1355 3402 saccos
1383 3359 1576 3404 nostros
1593 3392 1607 3415 ,
1635 3359 1680 3403 et
1703 3352 1796 3405 hoc
1821 3362 2084 3424 argentum

501 3435 894 3509 uniuscujusque
912 3439 963 3492 in
979 3455 1124 3492 sacco
1143 3455 1235 3494 suo
1257 3456 1276 3494 :
1298 3457 1402 3496 non
1423 3441 1646 3508 addidit,
1673 3444 1944 3498 inventum
1967 3455 2046 3501 est
2066 3462 2081 3510 ;

501 3533 614 3593 aut,
647 3528 927 3597 apparuit;
956 3535 1068 3592 aut,
1090 3537 1224 3596 erat,
1256 3538 1346 3586 aut
1366 3531 1564 3602 aliquid
1593 3531 1916 3603 hujusmodi.

575 3615 674 3691 [Ib.
841 3616 1108 3691 Propitius
1127 3623 1283 3687 vobis,
1321 3623 1474 3678 nolite
1498 3625 1670 3679 timere
1689 3626 1774 3680 :in
1802 3626 1883 3682 his
1908 3629 2084 3684 verbis

501 3710 694 3780 quibus
735 3709 933 3767 dictum
976 3719 1080 3781 est,
1109 3711 1372 3784 Propitius
1419 3714 1576 3784 vobis,
1609 3717 1715 3772 duo
1762 3718 1922 3774 verba
1960 3729 2084 3774 sunt

501 3815 621 3870 qua:
653 3800 1057 3870 subaudiuntur,
1090 3810 1145 3860 et
1180 3804 1270 3871 sit,
1289 3813 1341 3859 et
1373 3806 1530 3861 Deus.
1564 3806 1783 3862 Plenum
1812 3816 1893 3863 est
1916 3808 2079 3876 enim,

503 3893 766 3965 Propitius
792 3895 863 3950 sit
887 3895 1039 3952 vobis
1064 3897 1222 3964 Deus,
1251 3897 1393 3968 quod
1421 3900 1638 3954 omnino
1675 3899 1728 3954 in
1762 3915 1937 3970 grrcco
1975 3901 2081 3956 usi-

502 3985 818 4041 latissimum
847 3995 946 4044 est.

577 4075 676 4152 [11).
693 4076 809 4152 28.]
827 4078 1012 4136 Salvus
1036 4090 1110 4136 est
1139 4097 1263 4153 puer
1289 4091 1402 4137 tuus
1429 4092 1574 4154 pater
1601 4093 1787 4151 noster,
1816 4085 1982 4142 adhuc
2011 4089 2082 4141 vi-

505 4169 572 4223 vit
594 4167 720 4224 :hie
743 4171 1046 4240 expressius
1085 4171 1385 4227 ostenditur
1422 4173 1576 4244 pueri
1620 4175 1834 4230 nomine
1868 4191 2080 4232 servum

501 4259 673 4316 solere
698 4250 1014 4332 significari;
1051 4277 1156 4318 non
1179 4261 1320 4319 enim
1362 4262 1415 4317 in
1454 4263 1544 4319 illo
1588 4279 1716 4319 sene
1763 4274 1942 4335 posset
1981 4265 2082 4324 hoc

498 4363 616 4406 esse
640 4364 833 4406 nomen
861 4353 1051 4407 aetatis.

575 4442 676 4517 [Ib.
699 4441 814 4518 '52.]
835 4443 955 4498 Non
973 4445 1102 4498 enim
1131 4455 1358 4516 poterant
1376 4444 1615 4518 Egyptii
1643 4447 1948 4505 manducare
1967 4467 2078 4505 eum

504 4535 734 4593 Hebraeis
761 4554 914 4611 panes
935 4553 955 4594 :
977 4537 1282 4593 abominatio
1300 4547 1372 4594 est
1401 4539 1534 4593 enim
1557 4538 1839 4612 zEgyptiis.
1875 4542 1961 4596 llla
1998 4542 2079 4599 lo-

500 4628 643 4685 cutio
671 4628 1058 4702 frequentatur,
1087 4640 1142 4686 ut
1172 4631 1223 4687 in
1257 4630 1483 4703 panibus
1507 4647 1696 4688 omnes
1720 4649 1857 4689 esea:
1885 4635 2081 4692 intelli-

494 4729 704 4789 gantur.

572 4809 675 4884 [11).
700 4809 815 4886 54.]
843 4811 1177 4884 Magni/irata
1204 4817 1342 4885 facta
1361 4825 1431 4869 est
1468 4824 1636 4870 autem
1665 4834 1784 4887 pars
1810 4816 2079 4889 Benjantin

497 4917 604 4972 pra:
642 4903 872 4974 partibus
905 4903 1128 4958 omnium
1169 4905 1555 4977 quincupliciter
1579 4907 1647 4960 ad
1674 4908 1877 4962 illorum
1915 4927 1934 4965 :
1964 4911 2075 4982 jam

496 4993 617 5060 quia
639 4993 840 5049 dictum
876 5003 1014 5063 erat,
1060 5010 1169 5066 ρνω
1209 4997 1435 5067 partibus
1475 4999 1719 5064 omnium,
1754 5002 1925 5070 potuit
1969 5020 2073 5059 non

495 5085 620 5153 dici,
646 5085 716 5140 ad
739 5085 964 5141 illorum.

569 5175 668 5249 [Ib.
689 5193 830 5246 κων,
849 5177 902 5245 6,
925 5175 1004 5250 7.]
1026 5176 1294 5234 Inveniens
1317 5189 1486 5234 autent
1511 5197 1615 5249 eos,
1646 5181 1774 5237 dixit
1799 5185 2074 5240 secundum

499 5267 643 5324 rerba
678 5269 1018 5340 haupotuit
1041 5270 1256 5338 dicere,
1297 5271 1432 5326 dixit
1473 5272 1551 5327 eis
1598 5273 1758 5329 verba
1801 5275 1935 5331 haec.
1990 5279 2072 5333 An

495 5361 630 5416 torte
654 5375 762 5416 non
790 5361 1078 5417 locutionis
1091 5377 1263 5432 genus
1293 5370 1396 5430 est,
1419 5363 1514 5417 sed
1540 5363 1761 5420 interest
1781 5367 1940 5420 etiam
1961 5382 2075 5424 sen-

495 5453 712 5508 tentia?
737 5453 893 5510 Aliud
909 5455 1051 5510 enim
1073 5463 1158 5510 est
1176 5455 1289 5525 ipsa
1306 5455 1466 5510 verba
1489 5456 1688 5523 dicere,
1716 5457 1857 5514 aliud
1885 5473 2075 5515 secun-

491 5544 618 5598 dum
649 5543 784 5614 ipsa,
818 5552 876 5600 ut
910 5561 1258 5616 quaecumque
1307 5545 1412 5600 alia
1452 5545 1592 5601 dicta
1638 5545 1855 5616 fuerint,
1883 5549 2073 5608 eadem

491 5635 752 5690 srntentia
783 5644 1028 5692 teneatur
1053 5651 1173 5707 qua:
1210 5636 1316 5692 illis
1335 5637 1512 5692 verbis
1539 5639 1924 5708 comprehensa
1950 5651 2033 5698 est
2055 5661 2071 5700 :

493 5725 597 5780 hoc
621 5735 724 5794 est,
751 5727 1044 5788 secundum
1074 5728 1212 5800 ipsa,
1239 5727 1450 5784 etiamsi
1483 5744 1589 5786 non
1637 5730 1769 5801 ipsa.
1808 5732 1914 5790 Sed
1949 5737 2072 5807 quia

489 5821 730 5889 sequitur
753 5819 858 5874 illis
883 5819 1346 5894 respondentibus,
1377 5818 1570 5892 thuid
1593 5823 1816 5897 loquitur
1839 5827 2073 5888 dominus

487 5912 763 5972 secundum
786 5912 930 5970 verba
955 5913 1100 5971 lues?
1120 5915 1211 5986 qui
1236 5916 1414 5988 utique
1433 5916 1612 5976 dicere
1628 5919 1930 5979 debuerunt
1956 5924 2069 5982 usi-

1325 481 1758 539 l.OCUTl0.VUM
1797 480 1856 538 S.
1896 477 2263 536 AUGUSTINI
2301 479 2364 536 ΠΝ
2403 479 2964 540 ιιεΡΤΑτιυοιιωι

3693 487 3794 543 500

2213 602 2322 651 tato
2341 611 2510 666 more,
2539 595 2732 668 thuid
2753 597 2981 669 loquitur
3010 598 3258 654 dominus
3285 598 3444 656 verba
3475 599 3631 658 haec?
3655 615 3791 658 con-

2208 698 2312 744 stat
2330 704 2455 747 esse
2482 690 2767 747 locutionis
2786 705 2974 763 genus.

2281 779 2379 855 [Ib.
2411 798 2556 847 xuv,
2587 779 2664 856 7.]
2682 783 2868 838 Absita
2893 783 3060 856 pueris
3074 782 3172 839 tuis
3203 783 3372 854 facere
3389 786 3788 842 secundumver-

2209 871 2431 928 buntltoc
2453 883 2768 944 :potuerunt
2792 873 2995 943 dicere,
3020 875 3174 931 Absit
3197 891 3226 929 a
3257 875 3444 942 nobis;
3466 877 3562 933 sed
3592 877 3680 933 illa
3697 879 3794 934 ho-

2207 964 2534 1021 norilicentia
2571 975 2656 1022 est
2694 968 2882 1023 usitata
2920 968 2974 1024 in
3015 968 3304 1040 Seripturis
3343 970 3421 1026 sic
3449 970 3648 1039 dicere,
3674 981 3793 1028 tan-

2207 1072 2365 1128 quam
2387 1057 2455 1114 de
2477 1058 2631 1115 aliis:
2655 1061 2823 1131 pueris
2841 1069 3039 1128 autem,
3069 1075 3166 1132 pro
3193 1062 3364 1116 servis
3391 1062 3590 1119 dictum
3617 1073 3721 1120 est.

2281 1147 2380 1222 [Ib.
2407 1147 2488 1224 9.]
2516 1150 2582 1205 Et
2620 1168 2710 1205 nos
2748 1160 2914 1205 autem
2957 1151 3142 1208 erimus
3191 1153 3321 1207 servi
3367 1155 3571 1208 domino
3596 1165 3792 1210 nostra.

2206 1239 2380 1295 Etiam
2419 1242 2500 1297 hic
2538 1247 2720 1308 παῖδες,
2752 1243 2912 1314 graeci
2952 1241 3170 1311 habent,
3202 1243 3304 1299 hoc
3339 1252 3422 1299 est
3461 1245 3625 1316 pueri,
3650 1247 3790 1316 quod

2207 1339 2316 1387 tam
2361 1332 2573 1388 assidue
2611 1333 2882 1404 Scriptura
2926 1349 3023 1404 pro
3071 1334 3240 1390 servis
3286 1335 3458 1404 ponit,
3488 1343 3545 1391 ut
3576 1336 3790 1392 difﬁcile

2206 1422 2503 1478 inveniatur
2523 1440 2626 1478 non
2660 1425 2762 1478 isto
2789 1425 3004 1478 nomine
3023 1425 3293 1496 appellare
3312 1440 3517 1481 servos.

2276 1511 2375 1589 [Ib.
2404 1513 2518 1588 δι]
2545 1515 2806 1581 Quomodo
2841 1525 3008 1570 autem
3041 1514 3311 1571 ascendam
3338 1514 3406 1569 ad
3431 1525 3644 1587 patrem,
3675 1532 3788 1572 cunt

2204 1622 2331 1676 piter
2367 1624 2466 1661 non
2502 1607 2566 1660 sit
2603 1605 2882 1673 nobiscum,
2919 1616 2972 1661 ut
3009 1614 3111 1661 non
3136 1606 3330 1660 videam
3357 1608 3491 1661 ntala
3516 1623 3629 1679 qua:
3655 1608 3787 1662 inve.

2203 1701 2340 1757 nient
2365 1701 2788 1771 patremomeum?
2823 1700 2988 1771 Magis
3024 1701 3353 1756 consuetudo
3393 1699 3646 1771 loquendi
3671 1701 3790 1757 exi-

2201 1791 2358 1863 gebat
2380 1789 2614 1860 diei,Ut
2652 1791 2859 1847 videam
2915 1791 3052 1859 mala
3091 1807 3210 1862 qua:
3258 1792 3530 1848 invenient
3580 1801 3785 1862 patrem

2203 1882 2454 1948 meum';
2486 1881 2589 1936 hoc
2638 1891 2741 1949 est,
2771 1881 3050 1950 Quomodo
3092 1881 3378 1936 ascendam
3429 1892 3486 1937 ut
3537 1882 3784 1938 videam!

2201 1971 2348 2028 Novo
2381 1973 2560 2043 itaque
2587 1971 2838 2044 loquendi
2869 1989 3020 2029 more
3056 1972 3108 2028 id
3135 1973 3274 2044 quod
3303 1974 3455 2040 dixit,
3485 1989 3580 2045 pro
3601 1989 3667 2030 eo
3697 1975 3785 2029 di-

2203 2063 2278 2119 xit
2304 2079 2367 2119 ac
2402 2062 2449 2118 si
2487 2063 2731 2132 dixisset,
2764 2081 2890 2119 non.
2935 2065 3024 2119 Sic
3065 2065 3207 2120 enim
3248 2065 3470 2119 usitatus
3509 2065 3642 2120 ordo
3687 2064 3784 2121 ista

2202 2154 2484 2209 verborum
2511 2162 2628 2210 est:
2657 2153 2773 2209 Non
2817 2153 3101 2211 ascendam
3133 2153 3199 2209 ad
3237 2155 3468 2220 Patrem,
3498 2170 3622 2210 cum
3653 2170 3778 2226 puer

2199 2261 2304 2299 non
2326 2246 2395 2302 sit
2422 2246 2716 2314 nobiscum,
2741 2255 2796 2301 ut
2819 2262 2923 2301 non
2950 2247 3157 2302 videam
3183 2246 3318 2301 mala
3349 2261 3469 2318 qua:
3497 2248 3774 2305 invenient

2202 2348 2406 2407 patrem
2429 2353 2628 2392 meum.

2270 2428 2369 2503 [Ib.
2389 2447 2512 2497 xcv,
2533 2430 2590 2499 2,
2610 2427 2689 2504 4.]
2709 2429 2930 2500 Quando
2952 2430 3097 2486 ﬂevit
3123 2430 3343 2504 Ioseph,
3375 2446 3495 2487 eum
3523 2448 3785 2503 recogno-

2196 2535 2436 2590 sceretur
2456 2541 2487 2580 a
2516 2525 2765 2580 fratribus
2790 2525 2922 2593 suis,
2963 2527 3035 2581 ait
3065 2525 3358 2596 Scriptura,
3387 2527 3666 2581 Audierant
3695 2545 3784 2580 au—

2197 2625 2294 2670 tent
2323 2633 2494 2672 omnes
2516 2615 2758 2689 (Egyptii
2774 2660 2788 2685 ,
2812 2629 2858 2672 et
2881 2619 3108 2672 auditum
3132 2629 3204 2673 est
3228 2619 3279 2672 in
3302 2619 3450 2674 domo
3469 2618 3781 2678 Pharaonis.

2196 2706 2401 2764 Deinde
2427 2709 2664 2780 sequitur
2693 2709 2834 2780 quod
2860 2711 3128 2778 narrabat,
3154 2709 3295 2765 Dixit
3313 2720 3480 2766 autent
3497 2710 3692 2782 Ioseph
3713 2711 3781 2766 ad

2196 2801 2378 2872 fratres
2401 2816 2519 2854 suos
2547 2815 2567 2854 :
2592 2800 2736 2871 prius
2766 2800 2940 2871 itaque
2969 2800 3238 2871 Scriptura
3265 2801 3396 2858 dixit
3423 2803 3563 2872 quod
3596 2812 3780 2872 postea

2196 2891 2387 2947 factum
2425 2900 2545 2957 est;
2595 2892 2698 2948 hoc
2741 2892 2884 2946 enim
2928 2892 3080 2948 fama:
3115 2894 3420 2949 celebritate
3452 2895 3674 2960 accidit,
3715 2905 3773 2950 ut

2191 2981 2437 3037 omnibus
2466 2981 2728 3053 Egyptiis
2759 2993 2939 3037 notum
2959 2984 3130 3049 tieret;
3150 2991 3202 3038 et
3229 2995 3408 3054 postea
3439 3001 3654 3041 reversa
3686 2995 3770 3042 est

2192 3076 2424 3128 narratio
2449 3075 2512 3128 ad
2539 3073 2587 3129 id
2618 3075 2755 3144 quod
2784 3073 3055 3130 dicebatur
3075 3077 3221 3131 brevi
3250 3077 3704 3146 recapitulatione.

2263 3165 2363 3239 [Ib.
2388 3165 2500 3239 16.]
2523 3166 2584 3220 Et
2613 3167 2868 3238 divulgata
2898 3177 2970 3222 est
3001 3185 3094 3222 ros:
3115 3169 3167 3222 in
3193 3169 3344 3222 domo
3367 3169 3676 3236 Pharaonis,
3700 3170 3778 3223 di-

2190 3268 2388 3323 centes,
2439 3255 2688 3310 Venerunt
2720 3259 2899 3329 fratres
2925 3257 3117 3328 Ioseplt
3150 3273 3168 3312 :
3196 3259 3443 3326 dicentes,
3477 3259 3652 3329 posuit
3683 3276 3778 3328 pro

2189 3347 2512 3413 dicentium;
2555 3363 2658 3402 vox
2698 3348 2840 3404 enim
2866 3348 3154 3404 dicentium
3180 3349 3445 3422 divulgata
3473 3360 3582 3419 est,
3619 3349 3777 3406 Vene-

2189 3449 2305 3493 runt
2333 3443 2513 3512 fratres
2539 3437 2751 3509 Ioseph.

2261 3527 2358 3602 [Ib.
2382 3544 2537 3594 XLVI,
2583 3526 2665 3602 2.]
2707 3531 2771 3584 At
2811 3530 2898 3586 ille
2937 3531 3394 3606 respmtdithuid
3428 3543 3530 3599 est,
3561 3533 3777 3588 dicens?

2189 3619 2332 3674 Ordo
2357 3628 2438 3674 est
2457 3661 2472 3685 ,
2497 3621 2567 3674 At
2595 3619 2681 3674 ille
2708 3620 2982 3690 respondit
3009 3621 3190 3676 dicens
3210 3664 3222 3684 .
3250 3623 3385 3691 Quid
3416 3622 3539 3677 est?

2261 3708 2360 3784 [11).
2401 3707 2482 3783 4.]
2507 3710 2648 3766 Deus
2671 3710 2738 3765 ad
2767 3709 2930 3766 Iacob
2955 3710 3111 3778 dicit,
3146 3709 3257 3784 Ego
3288 3713 3586 3767 desecndatn
3611 3722 3776 3767 tecum

2189 3803 2239 3857 itt
2268 3801 2558 3875 {Egyptum
2577 3846 2592 3869 ,
2624 3812 2669 3858 et
2698 3821 2788 3876 ego
2807 3804 3076 3860 ascendere
3101 3816 3147 3860 te
3176 3806 3362 3876 faciam
3391 3808 3441 3861 in
3469 3809 3620 3876 finem
3653 3823 3673 3862 :
3697 3809 3777 3863 sic

2191 3895 2387 3950 habent
2427 3896 2618 3966 graeci,
2657 3895 2798 3967 quod
2837 3895 2986 3952 latini
3021 3896 3248 3965 habent,
3272 3909 3318 3954 et
3344 3917 3433 3972 ego
3462 3899 3709 3957 deducam
3731 3911 3776 3956 ts

2188 3989 2238 4042 in
2265 3988 2439 4058 ﬁnem.
2509 3975 2516 3982 “

2267 4080 2364 4154 [11).
2383 4079 2500 4154 ‘28.]
2516 4080 2708 4136 Iudam
2731 4093 2898 4136 autent
2927 4083 3059 4136 misit
3085 4092 3202 4137 ante
3225 4100 3279 4138 se
3298 4083 3366 4138 ad
3387 4082 3599 4157 Ioseph,
3619 4095 3676 4138 ut
3697 4103 3775 4139 re-

2189 4175 2315 4227 niret
2333 4172 2429 4228 sibi
2454 4173 2648 4227 obviam
2660 4173 2814 4245 juxta
2845 4173 3069 4228 Ilerount
3089 4161 3340 4230 civitatem
3362 4193 3381 4230 :
3399 4175 3578 4232 nescio
3593 4185 3773 4232 utrum

2188 4265 2420 4321 lleroum
2448 4283 2640 4321 nomen
2672 4259 2822 4323 facile
2852 4267 2903 4321 in
2932 4265 3218 4338 Seripturis
3242 4268 3556 4338 reperiatur.

2259 4355 2358 4432 [11).
2379 4359 2468 4425 51,
2502 4355 2614 4431 52.]
2643 4359 2698 4413 ltt
2728 4359 2901 4414 verbis
2921 4359 3150 4432 .loseph,
3183 4361 3375 4430 quibus
3398 4361 3560 4417 aitad
3583 4363 3774 4418 fratres

2186 4464 2312 4504 suos
2330 4491 2345 4517 ,
2393 4449 2676 4505 Ascendens
2703 4449 2940 4504 nuntiabo
2970 4448 3234 4505 Pharaoni
3257 4461 3302 4506 et
3332 4451 3497 4506 dicant
3519 4453 3596 4521 ei,
3629 4451 3773 4506 Fra-

2188 4551 2286 4595 tres
2314 4540 2411 4594 mei
2434 4550 2479 4594 et
2505 4539 2685 4595 donius
2712 4540 2867 4610 patris
2894 4542 2991 4595 mei
3009 4541 3094 4612 qui
3115 4553 3257 4596 erant
3278 4544 3331 4599 in
3351 4553 3483 4598 terra
3502 4542 3772 4609 Chanaan,

2187 4641 2424 4686 venerunt
2449 4631 2518 4685 ad
2545 4648 2625 4687 me
2651 4645 2671 4686 :
2695 4633 2789 4686 viri
2808 4643 2972 4686 autem
3001 4642 3118 4688 sunt
3147 4644 3371 4704 pastores
3400 4633 3515 4707 (viri
3533 4636 3668 4690 enim
3689 4655 3774 4706 pc~

2186 4739 2360 4776 corunt
2389 4722 2659 4778 nutritores
2687 4725 2852 4796 erant)
2873 4765 2887 4788 ,
2919 4734 2965 4777 et
2979 4725 3210 4798 jumenta
3231 4735 3276 4779 et
3294 4741 3407 4781 oves
3425 4737 3471 4780 et
3491 4727 3662 4781 omnia
3681 4744 3774 4781 sua

2189 4813 2540 4882 adduxerunt,
2567 4814 2708 4884 quod
2736 4813 3106 4884 interpositum
3135 4825 3234 4882 est,
3258 4816 3352 4871 viri
3373 4817 3506 4871 enim
3533 4833 3771 4888 pecorum

2186 4905 2452 4958 nutritores
2491 4913 2634 4960 erant
2653 4947 2668 4972 ,
2701 4922 2765 4960 ex
2793 4921 3016 4976 persona
3046 4921 3142 4962 sua
3171 4907 3400 4978 scriptor
3423 4906 3770 4978 interposuit,

2186 5008 2235 5051 et
2269 4996 2404 5052 redit
2439 4995 2509 5051 ad
2547 4997 2708 5052 verba
2745 4996 2972 5067 Ioseph,
3011 4997 3384 5069 adjungendo,
3410 5007 3456 5052 et
3468 4998 3703 5069 juntenta
3725 5009 3770 5052 et

2183 5090 2355 5142 omnia
2391 5105 2483 5142 sua
2521 5087 2870 5154 adduxerunt,
2919 5095 2975 5144 ut
3000 5088 3132 5144 ordo
3161 5088 3229 5143 sit
3257 5089 3308 5144 in
3335 5088 3509 5143 verbis
3529 5081 3729 5159 Ioseph
3755 5106 3768 5117 θ

2186 5181 2294 5236 Viri
2321 5190 2498 5236 autem
2523 5189 2647 5235 sunt
2676 5191 2937 5252 pastores,
2960 5188 3015 5236 et
3038 5181 3280 5253 jumenta
3300 5189 3353 5237 et
3372 5195 3499 5237 oves
3517 5191 3573 5237 et
3590 5181 3769 5239 omnia

2180 5288 2274 5329 sua
2300 5272 2653 5329 adduxerunt.

2255 5362 2355 5438 [11).
2379 5379 2515 5418 XLVII
2537 5405 2552 5430 ,
2589 5360 2668 5437 8.]
2700 5361 2843 5418 Dixit
2870 5372 3038 5418 autent
3067 5361 3274 5418 Pharao
3317 5363 3385 5418 ad
3409 5362 3604 5434 Iaccb,
3637 5363 3767 5431 Quot

2182 5455 2303 5509 anni
2327 5455 2524 5508 dierum
2547 5454 2661 5508 vita:
2686 5455 2830 5508 tute?
2856 5453 3188 5518 subauditur,
3218 5462 3363 5509 sunt.

2255 5543 2352 5620 [11).
2368 5543 2447 5618 9.]
2460 5543 2648 5599 Pusilli
2671 5556 2716 5599 et
2736 5545 2859 5599 ntuli
2879 5547 3082 5617 fuerunt
3101 5546 3208 5600 dies
3226 5563 3478 5601 annorum
3497 5545 3612 5601 vitta
3627 5561 3770 5601 metr.

2184 5633 2428 5704 Pussilli,
2471 5650 2565 5707 pro
2603 5637 2822 5707 paucis,
2865 5636 3092 5707 positum
3121 5646 3206 5692 est
3233 5654 3248 5692 :
3277 5651 3452 5709 neque
3479 5637 3623 5692 enim
3653 5637 3770 5694 vita:

2249 5811 2341 5876 {In
2360 5810 2554 5876 excusis
2573 5824 2803 5876 omissum
2839 5809 3029 5876 fuerat:
3055 5821 3208 5876 Magis
3229 5811 3520 5876 consuetudo
3544 5811 3768 5876 loquendi

2181 5869 2404 5942 exitiequ
2425 5872 2552 5942 dici,
2576 5877 2634 5923 ti't
2859 5872 2991 5925 mata
3004 5885 3116 5939 qua
3133 5869 3371 5930 invenient
3390 5881 3579 5942 patrem
3593 5869 3760 5926 incitus

2189 5935 2465 5987 Itcsutuitur
2487 5935 2624 5993 lectis
2639 5947 2704 5987 ex
2727 5941 2834 5987 uss.
