4094 6452
355 376 448 433 501

356 491 577 560 alicujus
620 507 779 562 quam
807 501 1119 549 caeterorum
1149 492 1264 549 dies
1294 504 1511 564 possunt
1538 511 1656 553 esse
1682 497 1931 556 horarum

351 585 524 654 spatio
561 583 850 639 breviores.
892 585 1002 640 Hoc
1038 596 1215 640 autem
1251 584 1414 642 Jacob
1449 602 1517 643 ex
1540 589 1932 659 comparatione

348 674 484 728 dixit
511 674 636 728 vita:
664 674 920 745 majorum
948 690 1166 730 suorum
1196 692 1211 731 :
1245 691 1366 731 nam
1395 678 1575 749 utique
1601 688 1811 734 centum
1840 681 1929 735 tri-

344 766 494 836 ginta
532 781 736 833 annos,
776 782 909 837 quos
938 768 1023 823 ille
1045 769 1152 837 jam
1177 771 1401 840 agebat,
1433 786 1589 826 nemo
1615 786 1755 826 nunc
1777 772 1927 827 vivit.

419 856 521 931 [lb.
550 874 713 926 xum,
737 857 848 932 12.]
874 859 1116 914 Triticum
1136 862 1410 915 secundum
1423 878 1606 933 corpus
1626 878 1645 917 :
1661 863 1710 917 id
1727 872 1829 929 est,
1845 877 1930 919 se-

346 950 581 1005 cundum
635 966 913 1006 numerum
950 967 1253 1021 corporum.
1299 954 1402 1010 Per
1452 970 1647 1025 corpus
1700 955 1926 1023 etenim,

347 1057 629 1098 numerum
651 1059 929 1114 corporum
953 1061 968 1110 ;
995 1060 1087 1113 per
1114 1060 1387 1101 numerum
1415 1060 1719 1117 corporum,
1744 1064 1931 1106 nume-

346 1148 465 1188 rum
499 1132 771 1187 hominum
796 1132 1071 1204 significat.
1746 1152 1751 1156 '

415 1219 521 1295 [lb.
538 1223 624 1277 13.
641 1220 652 1294 |
670 1220 963 1278 Invaluerat
980 1234 1147 1278 autem
1162 1229 1321 1296 fames
1347 1226 1510 1294 valde,
1531 1238 1578 1281 et
1597 1228 1777 1299 defecit
1797 1240 1929 1283 terra

346 1310 572 1383 Βηριὶ
609 1329 629 1369 :
663 1323 866 1369 terram
886 1317 1059 1386 posuit
1101 1332 1197 1387 pro
1237 1318 1541 1375 hominibus
1576 1322 1844 1391 quierant
1873 1322 1925 1376 in

347 1414 509 1457 terra.

416 1492 519 1566 [lb.
554 1492 665 1567 15.]
712 1493 961 1551 Venerunt
986 1506 1155 1553 autem
1189 1516 1358 1556 omnes
1386 1501 1623 1575 Egyptii
1644 1504 1712 1559 ad
1736 1504 1926 1576 loseph

344 1584 564 1639 dicentes
581 1627 597 1651 ,
626 1586 708 1640 Da
732 1586 871 1641 nobis
892 1606 1047 1659 panes
1068 1607 1086 1644 :
1110 1606 1202 1660 per
1220 1609 1375 1663 panos
1399 1594 1625 1650 triticum
1647 1596 1922 1667 signiﬁcat,

344 1675 612 1730 locutione
642 1694 733 1746 per
763 1680 814 1733 id
840 1681 978 1750 quod
1008 1680 1267 1759 efﬁcitur,
1304 1685 1356 1739 id
1382 1687 1523 1755 quod
1548 1687 1730 1743 ellicit.

416 1765 518 1839 [lb.
537 1767 652 1841 20.]
684 1769 751 1823 Et
772 1774 909 1839 facta
936 1784 1006 1827 est
1034 1784 1166 1829 terra
1199 1774 1463 1831 Pharaoni
1487 1793 1506 1832 :
1538 1794 1640 1833 non
1671 1781 1763 1846 ait,
1790 1780 1925 1836 Pha-

345 1859 544 1912 raonis.
577 1860 734 1915 Amat
760 1862 838 1917 sic
866 1863 1007 1933 loqui
1034 1863 1304 1935 Scriptura
1323 1909 1336 1931 ,
1365 1868 1499 1923 sicut
1528 1869 1576 1922 in
1608 1870 1817 1926 Psnlmo
1842 1873 1923 1927 di-

342 1955 486 2001 etum
520 1958 622 2013 est,
654 1949 719 2002 Et
748 1953 989 2007 custodivi
1015 1955 1171 2026 legem
1197 1965 1334 2011 tuam
1358 1974 1376 2023 ;
1397 1958 1503 2013 haec
1528 1963 1660 2031 facta
1685 1972 1758 2015 est
1779 1962 1918 2026 mihi,

344 2036 865 2105 quiajusti/icationes
886 2052 995 2098 tuas
1016 2046 1259 2115 exquisivi
1278 2046 1445 2117 (Psal.
1468 2064 1657 2118 cxvm,
1681 2050 1771 2119 55,
1794 2052 1919 2122 56):

344 2130 411 2181 tie
440 2129 555 2199 lege
584 2131 675 2186 Dei
699 2132 858 2200 dixit,
889 2135 996 2189 han:
1020 2140 1155 2208 facta
1178 2149 1248 2193 est
1278 2140 1429 2207 mihi,
1454 2141 1503 2196 id
1529 2152 1610 2197 est
1628 2184 1642 2209 ,
1672 2144 1721 2198 in
1747 2159 1919 2200 meam

344 2217 643 2273 utilitatem.

416 2307 521 2380 [11).
545 2309 659 2383 22.]
693 2311 886 2369 Praeter
911 2324 1091 2372 terram
1118 2320 1433 2375 sacerdotum
1459 2332 1649 2378 tantum
1675 2342 1775 2381 non
1801 2344 1919 2397 pos-

342 2398 472 2452 sedit
494 2398 686 2472 Ioseph
709 2419 728 2457 :
755 2406 903 2474 quasi
932 2407 1185 2476 dixisset,
1218 2412 1418 2468 Pneter
1443 2424 1637 2469 terram
1667 2418 1918 2475 sacerdo-

347 2500 455 2544 tum
487 2502 685 2548 tantum
707 2536 722 2561 ,
748 2510 960 2554 omnem
986 2508 1177 2555 terram
1206 2504 1442 2572 possedit
1466 2504 1683 2577 Joseph.

415 2582 515 2656 [lb.
547 2585 662 2659 26.]
686 2587 751 2642 Et
770 2590 933 2659 posuit
952 2591 1055 2646 illis
1072 2593 1262 2665 Ioseph
1290 2596 1342 2650 in
1370 2610 1670 2670 preceptnm
1691 2618 1845 2671 usque
1868 2604 1919 2658 in

345 2673 643 2729 hodiernum
684 2678 816 2732 diem
858 2680 911 2734 in
952 2690 1085 2736 terra
1119 2682 1367 2755 Egypti,
1391 2696 1447 2740 ut
1467 2700 1699 2759 pra'stent
1723 2693 1919 2762 quintus

346 2763 611 2822 Pharaoni
623 2768 777 2824 :hinc
792 2771 1100 2842 intelligitur
1116 2775 1407 2832 Pharaonis
1429 2795 1618 2835 nomen
1643 2785 1919 2851 potestatis

345 2852 512 2911 fuisse
556 2859 768 2927 regalis,
800 2861 940 2930 quod
977 2864 1111 2919 dixit
1151 2883 1308 2938 usque
1347 2869 1400 2924 in
1435 2869 1733 2928 hodiernum
1763 2876 1914 2931 diem.

345 2941 461 2997 Non
484 2946 623 2999 enim
652 2947 726 3002 illi
753 2951 841 3019 qui
873 2960 993 3005 tunc
1016 2953 1128 3017 fuit,
1151 2966 1406 3024 prmstare
1422 2969 1664 3030 poterant
1682 2962 1916 3037 Egyptii

345 3050 516 3105 usque
543 3037 610 3093 ad
638 3038 787 3094 illum
812 3041 974 3110 diem,
1013 3059 1118 3114 quo
1155 3046 1252 3101 ista
1295 3049 1679 3118 scribebantur,
1706 3055 1917 3125 quando

342 3126 431 3179 ille
453 3126 565 3194 jam
597 3144 700 3182 non
738 3131 967 3189 vivebat.

414 3215 516 3289 [lb.
541 3218 658 3292 28.]
691 3221 758 3274 Et
782 3227 981 3293 fuerunt
1023 3225 1129 3281 dies
1150 3227 1309 3283 Iacob
1334 3246 1581 3287 annorum
1620 3237 1733 3289 vitta
1762 3238 1871 3307 ejus
1896 3254 1918 3294 :

339 3304 458 3361 dies
486 3323 746 3365 annorum
777 3327 919 3383 smpe
937 3314 1065 3371 dicit
1088 3316 1378 3388 Scriptura,
1400 3336 1521 3377 cum
1545 3327 1708 3381 semel
1738 3304 1916 3397 posset

338 3409 512 3450 annos
538 3397 735 3455 dicere.

413 3483 513 3557 [lb.
557 3504 737 3557 vaut,
767 3489 842 3565 1.]
863 3493 1012 3560 Quod
1057 3497 1310 3567 scriptum
1351 3508 1461 3569 est,
1510 3502 1811 3563 Nuntiatum
1842 3519 1915 3565 est

336 3573 556 3645 Joseph,
577 3580 695 3649 quia
716 3593 859 3651 pater
882 3592 997 3640 tuus
1019 3586 1247 3642 turbatur
1268 3606 1288 3644 :
1305 3592 1466 3661 aliqui
1487 3597 1698 3653 codices
1720 3599 1914 3656 habent

338 3675 571 3762 uexatur,
592 3669 755 3740 aliqui
778 3682 1040 3743 crsluatur,
1062 3687 1116 3733 et
1134 3680 1273 3737 aliud
1291 3683 1400 3751 alii,
1421 3686 1555 3741 sicut
1581 3689 1912 3762 interpretari

337 3752 513 3850 Datini
552 3766 865 3829 potuerunt,
892 3767 1028 3835 quod
1051 3784 1223 3838 grzece
1248 3773 1501 3843 scriptum
1528 3788 1604 3832 est
1630 3752 1908 3850 ἕνοέὶιῖται.

338 3841 464 3945 ideo
486 3858 669 3945 autem
700 3854 949 3921 turbatur,
986 3841 1382 3918 accomodatius
1406 3864 1508 3922 dici
1538 3841 1762 3937 videtur,
1789 3874 1908 3945 quia

336 3934 440 3990 boc
467 3937 570 3993 dici
607 3943 743 3997 solet
783 3945 849 4001 de
878 3948 943 4001 iis
976 3950 1066 4019 qui
1106 3951 1444 4012 amictatione
1469 3964 1707 4030 corporis
1732 3934 1906 4023 morte

334 4031 727 4131 propinquante
748 4039 1033 4108 jactantnr.
1065 4046 1131 4101 Et
1154 4063 1218 4102 ex
1259 4050 1360 4105 hoc
1397 4053 1554 4108 etiam
1596 4058 1744 4113 turba
1773 4068 1909 4131 ὄχλος

332 4121 535 4216 dicitur
566 4144 579 4180 :
610 4135 693 4183 est
719 4131 858 4185 enim
892 4134 1042 4190 turba
1062 4178 1077 4200 ,
1120 4140 1399 4196 multitudo
1442 4144 1735 4205 inordinata
1758 4196 1771 4216 ,
1800 4121 1904 4208 non

331 4212 473 4315 sicut
488 4218 739 4315 populus,
762 4224 901 4315 quod
919 4229 1062 4293 δῆμος
1078 4228 1291 4295 dicitur,
1307 4250 1404 4289 nec
1423 4235 1555 4291 sicut
1579 4212 1904 4315 plebquuod

328 4310 444 4366 λαὸς
468 4306 679 4376 dicitur,
708 4312 802 4367 sed
832 4316 967 4371 sicut
993 4324 1149 4386 ὄχλος,
1175 4323 1314 4391 quod
1345 4325 1491 4380 turba
1524 4306 1734 4386 dieitur.

402 4395 505 4468 [lb.
540 4399 650 4473 16.]
678 4403 841 4462 Jacob
865 4408 1183 4467 benedicens
1222 4424 1440 4486 nepotes
1469 4433 1593 4475 suos
1638 4423 1772 4480 ﬁlios
1807 4426 1902 4482 Jo-

327 4487 486 4556 seplt,
528 4490 603 4545 ait
643 4493 780 4549 inter
813 4506 1039 4567 caetera,
1080 4502 1148 4556 Et
1188 4504 1496 4563 inuocabitur
1534 4513 1586 4566 in
1623 4515 1702 4569 his
1724 4533 1902 4573 nomen

326 4593 517 4644 meum,
537 4591 583 4635 et
610 4600 788 4641 nomen
813 4598 1011 4658 patrum
1038 4609 1259 4650 meorum
1280 4612 1298 4651 :
1321 4598 1459 4654 unde
1482 4605 1770 4660 notandum
1797 4618 1898 4675 est,

324 4684 437 4724 non
462 4673 637 4729 solum
662 4679 1071 4750 exauditionem,
1093 4686 1186 4741 sed
1214 4688 1370 4743 etiam
1393 4690 1775 4753 invocationem
1796 4673 1899 4756 dici

325 4761 616 4829 aliquando
640 4783 759 4837 qua:
784 4785 888 4826 non
920 4772 1034 4838 Dei,
1062 4777 1153 4830 sed
1182 4775 1452 4837 hominum
1479 4783 1565 4838 sit.

397 4849 497 4945 [lb.
522 4852 631 4928 18.]
660 4856 758 4913 Hic
781 4861 912 4915 enim
930 4865 1209 4935 primitirus
1233 4884 1252 4923 :
1275 4871 1448 4927 minus
1473 4874 1648 4941 habet,
1677 4889 1775 4945 est,
1804 4896 1893 4937 se-

320 4942 554 4998 cundum
580 4947 788 5005 codices
812 4967 1032 5022 gnscos.

1634 385 1838 441 LIBER
1875 385 2247 463 SECUNDUS.

3496 398 3601 455 50‘!

2108 499 2207 574 [11).
2241 516 2380 566 xux,
2408 500 2524 576 2-5.]
2549 500 2605 558 in
2632 503 2996 562 benedictione
3021 504 3213 577 ioscph
3236 506 3308 562 ait
3337 509 3473 566 inter
3489 527 3593 568 ca:-

2036 599 2148 645 tera
2187 589 2381 655 Jacob,
2428 591 2560 647 lude
2602 593 2690 664 qui
2724 596 3020 661 confortavit
3060 595 3225 652 Israel
3264 612 3285 653 :
3321 597 3512 654 mirum
3551 606 3597 658 si

2035 695 2140 734 non
2180 680 2506 750 subauditur,
2536 691 2637 750 est,
2662 692 2718 738 ut
2747 684 2957 754 plenum
2987 686 3074 753 sit,
3099 686 3225 742 lude
3252 689 3448 761 estqui
3472 704 3602 746 con-

2035 770 2245 826 fortavit
2266 772 2444 827 lsrael.

2058 857 2067 862 ⁷
2105 860 2267 935 [11).ι,,
2288 863 2343 929 2,
2366 860 2444 935 5.]
2470 863 2621 933 Quod
2650 864 2901 936 scriptum
2930 876 3033 934 est,
3064 866 3207 923 Dixit
3229 864 3420 940 Ioseph
3444 872 3597 927 seruis

2031 953 2139 1008 suis
2160 954 2511 1025 sepultoribus,
2535 966 2588 1011 ut
2605 960 2868 1029 sepelirent
2885 970 3077 1033 patrem
3095 962 3241 1035 ejus;
3265 977 3372 1020 non
3399 964 3600 1021 invenit

2032 1043 2205 1115 lingua
2247 1046 2408 1102 latina
2442 1048 2885 1118 quemadmodum
2926 1051 3216 1123 appellaret
3248 1058 3554 1129 ινταφιαστὰς
3583 1077 3597 1112 :

2031 1152 2136 1191 non
2157 1137 2296 1191 enim
2315 1137 2413 1208 ipsi
2438 1139 2717 1209 sepeliant.
2740 1139 2793 1198 id
2811 1149 2915 1210 est,
2931 1150 3087 1199 terras
3112 1143 3362 1201 mandant
3376 1161 3598 1216 corpora

2032 1236 2379 1294 mortuorum,
2400 1228 2540 1299 quod
2566 1245 2669 1286 non
2692 1240 2776 1287 est
2798 1246 2969 1304 graece
2990 1238 3288 1307 lvi-aptius,
3311 1237 3403 1291 sed
3427 1244 3595 1305 θάψαι.

2031 1315 2108 1370 llli
2127 1321 2565 1390 ονεοινταφιασταε
2576 1318 2628 1373 id
2647 1328 2807 1390 agunt
2825 1321 2966 1393 quod
2985 1322 3264 1379 exhibetur
3279 1326 3597 1397 corporibus

2031 1408 2296 1476 humanis,
2318 1409 2401 1464 vel
2425 1410 2723 1467 condienda
2748 1412 2834 1468 vel
2859 1412 3110 1470 siccando
3150 1415 3233 1471 vel
3279 1415 3596 1473 involvendo

2028 1518 2082 1562 et
2109 1508 2396 1579 alligando,
2420 1509 2473 1565 in
2499 1526 2603 1581 quo
2628 1525 2790 1581 opere
2817 1512 3044 1568 maxime
3072 1510 3437 1584 Egyptiorum
3465 1529 3594 1571 cura

2031 1601 2300 1669 praecellit.
2330 1600 2478 1669 Quod
2506 1617 2633 1673 ergo
2650 1602 2794 1669 dicit,
2820 1601 2986 1657 Etiam
3014 1603 3346 1672 sepelierunt;
3369 1618 3595 1667 curare:

2028 1701 2171 1759 runt,
2200 1692 2493 1762 intelligere
2520 1693 2791 1749 debemus.
2825 1693 2892 1750 Et
2917 1694 3057 1765 quod
3087 1694 3233 1762 dicit,
3262 1696 3596 1767 quadraginta

2027 1783 2134 1839 dies
2161 1783 2452 1855 sepultum,
2477 1785 2640 1856 ipsius
2667 1788 2958 1841 curationis
2994 1787 3284 1856 accipiendi
3326 1795 3468 1844 sunt.
3494 1788 3594 1853 Sea

2026 1874 2203 1944 pullus
2246 1874 2389 1928 enim
2437 1874 2526 1931 ille
2569 1891 2673 1931 non
2714 1885 2816 1944 est,
2859 1874 2962 1931 nisi
3009 1877 3097 1933 ubi
3150 1891 3212 1934 se
3256 1879 3596 1936 mandaverat

2025 1962 2263 2032 sepeliri.
2484 1988 2491 1995 η
3556 2022 3559 2023 ν
3586 2025 3589 2028 1

2096 2052 2193 2128 [11).
2210 2048 2289 2126 4.]
2306 2052 2592 2126 Loquimini
2608 2054 2659 2109 in
2680 2070 2824 2110 aures
2846 2054 3129 2112 Pharaonis
3149 2056 3372 2114 :locutio
3390 2066 3472 2113 est
3487 2058 3596 2114 usi-

2027 2152 2130 2197 tata
2158 2143 2210 2197 in
2236 2142 2542 2213 Scripturis.
3584 2180 3590 2187 α

2094 2233 2193 2308 [11).
2218 2230 2296 2308 6.]
2313 2233 2378 2289 Et
2398 2236 2523 2291 dixit
2547 2235 2752 2293 Pharao
2779 2237 2848 2291 ad
2864 2237 3074 2309 Joseph,
3093 2237 3344 2295 Descende
3367 2249 3414 2296 et
3441 2240 3593 2311 sepeli

2026 2337 2219 2396 patrem
2258 2335 2400 2383 tuum
2426 2342 2447 2384 :
2470 2328 2629 2383 etiam
2671 2329 2717 2385 si
2760 2345 2856 2400 per
2889 2338 3131 2401 potentes
3168 2330 3288 2387 illos
3325 2348 3419 2401 per
3460 2346 3593 2401 quos

2024 2418 2225 2488 Joseph
2257 2419 2621 2488 mandaverat,
2643 2420 2850 2476 Pharao
2872 2421 3007 2477 dixit
3035 2421 3175 2492 quod
3206 2422 3502 2492 perferrent
3526 2422 3590 2477 ad

2027 2507 2241 2578 loseph,
2270 2525 2374 2564 non
2404 2507 2586 2581 utique
2614 2510 2745 2566 dixit
2772 2511 2872 2566 nisi
2914 2512 3013 2581 ipsi
3046 2512 3261 2584 Joscph.
3290 2512 3439 2569 Unde
3465 2513 3590 2568 illud

2023 2610 2104 2656 est
2146 2602 2198 2655 in
2242 2600 2547 2671 Evangelio,
2586 2601 2727 2672 quod
2765 2616 2902 2659 unus
2940 2602 3387 2672 Evangelistarum
3426 2603 3588 2669 dicit,

2020 2692 2383 2747 centurionem
2411 2692 2620 2747 venisse
2647 2692 2714 2747 ad
2731 2691 3009 2748 Dominum
3036 2702 3090 2748 et
3108 2693 3302 2749 dixisse
3332 2694 3426 2760 illi,
3449 2692 3588 2749 Puer

2021 2798 2158 2836 meus
2194 2786 2331 2854 jacet
2377 2782 2430 2837 in
2467 2782 2616 2837 domo
2657 2783 2963 2853 paralyticus
2996 2783 3224 2855 (Matth.
3248 2799 3362 2850 vttt,
3387 2784 3442 2850 5,
3471 2784 3585 2853 6):

2019 2874 2158 2932 alius
2184 2887 2359 2931 autem
2393 2882 2556 2931 totum
2585 2875 2887 2946 diligentius
2906 2891 3149 2942 narrans,
3164 2875 3363 2931 amicos
3382 2890 3503 2929 eum
3524 2875 3587 2931 ad

2020 2964 2302 3020 Dominum
2331 2966 2540 3021 misisse
2569 2975 2950 3020 commemorat
2971 3005 2987 3031 ,
3022 2965 3108 3034 qui
3137 2963 3237 3020 hoc
3273 2964 3319 3019 ei
3350 2964 3588 3023 dicerent

2021 3057 2168 3131 (Luc.
2185 3073 2281 3124 vn,
2300 3059 2385 3128 5);
2413 3058 2464 3113 in
2489 3057 2679 3129 quibus
2704 3057 2889 3113 amicis
2910 3057 3090 3127 utique
3120 3056 3232 3125 ipse
3250 3057 3415 3121 venit,
3438 3056 3587 3125 cujus

2018 3149 2072 3204 in
2103 3150 2182 3204 eis
2208 3149 2449 3204 voluntas
2474 3162 2708 3218 praesens
2731 3146 2827 3202 iuit
2849 3164 2862 3199 :
2886 3146 3024 3202 unde
3043 3156 3144 3212 est,
3170 3144 3271 3211 Qui
3288 3162 3373 3202 vos
3391 3147 3586 3216 recipit,

2018 3254 2097 3291 me
2117 3238 2328 3307 recipit;
2351 3246 2398 3292 et
2423 3237 2510 3309 qui
2533 3253 2611 3292 me
2647 3238 2842 3308 recipit,
2871 3237 3043 3309 recipit
3071 3253 3182 3292 eum
3218 3237 3304 3308 qui
3344 3254 3423 3292 me
3459 3238 3587 3293 misit

2021 3326 2234 3399 (Matth.
2254 3343 2307 3392 χ,
2336 3325 2446 3398 ιο).

2090 3416 2189 3490 [11).
2222 3416 2334 3489 10.]
2368 3417 2681 3472 Planxerunt
2712 3435 2823 3473 eum
2841 3419 3099 3490 planctum
3128 3434 3364 3490 magnum
3390 3428 3434 3472 ct
3460 3420 3583 3473 vali-

2016 3508 2139 3565 dum
2162 3524 2181 3565 :
2201 3510 2513 3579 planxerunt
2546 3510 2831 3579 planctum,
2861 3525 2966 3565 non
2995 3510 3306 3579 planxerunt
3336 3511 3582 3580 planctu;

2017 3600 2210 3655 locutio
2240 3610 2322 3655 est
2351 3601 2401 3653 in
2445 3598 2606 3655 latina
2641 3600 2819 3671 lingua
2849 3616 2953 3656 non
2996 3601 3192 3672 ignota,
3214 3601 3349 3657 sicut
3373 3602 3582 3670 dicitur,

2014 3693 2326 3748 servitutem
2354 3692 2588 3757 servivit,
2616 3690 2855 3747 militiam
2882 3692 3145 3759 militavit,
3172 3703 3225 3748 et
3247 3693 3457 3748 similia.

2087 3782 2185 3856 [lb.
2215 3781 2327 3856 15.]
2353 3782 2421 3837 Et
2448 3783 2725 3838 redditione
2754 3785 2928 3840 reddet
2961 3784 3102 3840 nobis
3127 3786 3293 3839 omnia
3318 3786 3452 3839 mala
3476 3802 3579 3854 qua

2013 3874 2320 3929 ostendimus
2358 3891 2424 3929 et.
2470 3874 2548 3930 Ex
2597 3874 2698 3930 hac
2745 3874 3010 3931 locutione
3050 3877 3125 3931 ait
3172 3886 3225 3931 et
3264 3877 3581 3946 Apostolus,

2012 3964 2300 4019 Alexander
2318 3965 2528 4020 aerarius
2555 3966 2714 4019 multa
2739 3964 2876 4020 mala
2900 3966 3025 4021 mihi
3043 3968 3255 4021 ostendit
3277 3968 3339 4038 (ll
3362 3966 3579 4023 Timotlt.

2012 4075 2085 4127 tv,
2113 4057 2199 4133 14)
2229 4077 2243 4115 :
2269 4059 2576 4114 ostendimus
2602 4058 2743 4113 enim
2772 4057 2967 4114 dictum
2995 4068 3095 4125 est,
3129 4060 3210 4115 vel
3239 4060 3471 4127 ostendit,
3489 4076 3579 4130 pro

2010 4166 2076 4207 eo
2102 4151 2239 4221 quod
2265 4161 2366 4213 est,
2396 4150 2630 4215 iecimus,
2662 4151 2745 4207 vel
2774 4151 2917 4207 fecit.

2081 4239 2180 4315 [lb.
2205 4238 2316 4313 17.]
2335 4241 2519 4312 Accipe
2545 4242 2855 4312 iniquitatem
2880 4257 3132 4297 morum
3152 4241 3249 4297 Dei
3275 4243 3433 4313 patris
3460 4244 3536 4298 tui
3562 4259 3578 4300 :
3634 4240 3643 4285 ί

2010 4347 2143 4385 nova
2169 4332 2362 4387 locutio
2388 4340 2488 4397 est,
2516 4330 2701 4401 Accipe
2726 4331 3053 4401 iniquitatem,
3084 4346 3178 4401 pro
3213 4332 3423 4402 ignosce
3445 4375 3458 4397 ,
3489 4342 3575 4392 aut

2011 4422 2218 4477 remitte
2237 4462 2252 4486 ,
2288 4429 2380 4476 aut
2421 4420 2770 4485 obliviscere;
2800 4419 2893 4475 sed
2925 4429 3049 4487 puto
3078 4419 3201 4476 inde
3232 4435 3350 4476 esse
3377 4421 3575 4477 dictum

2007 4511 2210 4581 Accipe,
2235 4526 2299 4566 ac
2321 4511 2367 4565 si
2387 4510 2676 4576 diceretur,
2705 4523 2857 4579 mquo
2879 4510 3057 4565 animo
3083 4509 3318 4580 acccipe,
3348 4511 3446 4566 hoc
3475 4522 3575 4576 est.

2006 4602 2111 4655 noli
2140 4601 2349 4670 indigne
2376 4599 2536 4655 ferre.

2075 4689 2173 4764 [lb.
2202 4687 2314 4763 18.]
2340 4688 2405 4744 Et
2434 4689 2680 4745 venientes
2713 4688 2782 4743 ad
2803 4706 2917 4744 eum
2950 4690 3229 4746 dixerunt:
3254 4707 3357 4747 non
3384 4692 3571 4750 iterum

2004 4790 2282 4845 venerunt,
2313 4779 2406 4834 sed
2436 4778 2576 4849 quod
2606 4780 2803 4834 dictum
2843 4778 2939 4834 fuit
2980 4780 3170 4837 iterum
3209 4782 3406 4839 dictum
3439 4793 3522 4839 est
3554 4800 3572 4841 :

2000 4871 2137 4925 solet
2165 4871 2265 4925 hoc
2293 4871 2463 4926 facere
2491 4870 2782 4940 Scriptura.

319 5057 3567 5105 .____________________,____________

1237 5126 1711 5237 LIBER
1765 5133 2638 5243 SECUNDUS.

1668 5317 1950 5368 mwtiones
1968 5318 2033 5368 de
2053 5304 2231 5369 Exodo.

1766 5427 2137 5481 (αὐθωὲφῦ

385 5508 582 5584 [Ειοῡ.
595 5530 709 5587 cap.
734 5532 771 5582 ι,
792 5516 826 5587 ᾗ
848 5556 863 5572 .
880 5520 913 5575 7
927 5516 1068 5592 -12.]
1091 5517 1158 5572 Et
1183 5519 1544 5576 invalescebant
1567 5523 1711 5577 valde
1729 5525 1892 5581 valde.

384 5602 485 5676 [lb.
509 5604 627 5679 21.]
645 5607 780 5676 Quid
804 5619 888 5666 est
910 5611 1050 5682 quod
1079 5611 1276 5668 dictum
1297 5622 1377 5668 est
1404 5612 1470 5669 de
1496 5615 1887 5682 obstetricibus,

316 5691 382 5747 Et
402 5697 627 5765 fecerunt
649 5697 746 5753 sibi
762 5700 958 5769 domos,
978 5702 1214 5772 quoniam
1234 5703 1506 5758 timuerunt
1520 5702 1683 5758 Deum
1697 5706 1723 5760 2
1740 5704 1885 5761 Prae-

305 5783 514 5841 dictum
541 5795 625 5845 est
645 5789 808 5859 enirn,
835 5790 1183 5865 Benefaciebat
1210 5790 1349 5850 Deus
1374 5810 1490 5851 cum
1515 5794 1873 5854 obstetricibus.

1999 5527 2065 5582 Et
2088 5528 2155 5583 ad
2177 5527 2277 5582 hoc
2297 5527 2501 5583 videtur
2522 5528 2805 5598 pertinere,
2827 5528 2966 5599 quod
2993 5528 3231 5586 iecerunt
3247 5530 3346 5586 sibi
3374 5531 3583 5590 domos.

1996 5618 2228 5672 timendo
2250 5619 2437 5685 Deum,
2461 5629 2707 5688 tanquam
2726 5618 2979 5675 beneﬁcia
3007 5618 3096 5674 Dei
3121 5618 3187 5674 ad
3210 5623 3311 5676 hoc
3334 5623 3413 5677 eis
3440 5639 3562 5691 pro-

1990 5707 2185 5762 luerint
2222 5717 2279 5763 ut
2321 5709 2555 5766 lacerent
2593 5708 2695 5766 sibi
2731 5710 2938 5765 domos.
2972 5709 3234 5782 Numquid
3262 5721 3417 5768 antea
3447 5729 3552 5768 non

1991 5811 2082 5853 eas
2110 5797 2357 5861 habuisse
2376 5798 2565 5856 domos
2592 5798 2983 5871 intelligendum
3010 5799 3126 5856 est?
3148 5802 3228 5856 An
3258 5799 3325 5857 ad
3346 5801 3553 5859 divitias
