4094 6452
507 380 619 439 503

510 494 617 551 hoc
634 492 859 549 verbum
882 490 1125 563 pertinet,
1149 491 1231 546 vel
1254 489 1426 560 potius
1451 487 1517 542 ad
1534 487 1741 557 aliquas
1761 486 1839 540 rei
1860 485 2079 540 familia-

507 588 583 642 ris
603 587 822 642 idoneas
844 584 1160 641 facultates?
1183 583 1315 639 Huic
1333 582 1476 637 enim
1498 581 1672 636 simile
1693 579 1920 644 videtur,
1940 579 2080 649 quod

503 678 583 733 ait
623 679 781 734 etiam
818 677 983 733 Jacob
1021 686 1143 748 post
1178 674 1575 746 quatuordecim
1610 688 1777 728 annos
1813 672 2081 727 servitutis

506 786 617 826 sum
646 785 833 825 socero
858 784 955 824 suo
980 769 1176 824 volenti
1217 783 1339 823 eum
1378 767 1551 823 adhuc
1584 766 1721 836 apud
1762 781 1823 821 se
1857 775 2075 820 tenere:

505 863 661 918 Nunc
686 880 804 935 ergo
828 862 1028 932 quando
1048 863 1230 934 faciant
1258 871 1305 917 et
1330 878 1421 933 ego
1446 862 1569 915 mihi
1598 861 1838 916 domum?
1866 861 2082 916 Dixerat

501 958 645 1013 enim
687 956 827 1027 quod
862 956 1131 1011 creverint
1168 970 1354 1025 pecora
1385 956 1563 1010 Laban
1590 954 1691 1009 sub
1716 953 1838 1017 illo;
1865 953 2004 1007 sicut
2026 961 2081 1007 et

502 1061 617 1118 tpse
638 1046 814 1102 Laban
839 1046 1116 1102 confessus
1145 1045 1315 1101 fuerat
1341 1046 1545 1109 dicens,
1566 1044 1830 1098 Benedixit
1850 1060 1927 1097 me
1943 1042 2078 1111 Deus

500 1140 554 1194 in
592 1139 799 1194 introitu
837 1147 921 1193 tuo
959 1138 1109 1212 (Gen.
1152 1153 1292 1199 xxx,
1326 1138 1523 1207 29-31)
1557 1154 1572 1190 :
1603 1152 1722 1192 cum
1764 1150 1889 1205 ergo
1926 1134 2076 1200 dicit,

500 1234 705 1306 quando
732 1233 917 1304 faciant
940 1242 990 1288 et
1013 1249 1103 1305 ego
1128 1232 1251 1286 mihi
1271 1233 1472 1285 domum
1489 1232 1516 1286 Ρ
1535 1229 1961 1299 subintelligitur,
1976 1228 2079 1282 sic-

499 1334 559 1382 ut
586 1334 643 1383 et
671 1335 744 1381 ιιι.
772 1325 883 1380 Hoc
902 1325 1111 1380 videtur
1135 1325 1277 1381 enim
1304 1325 1479 1379 valere
1502 1323 1644 1394 quod
1672 1323 1774 1387 ait,
1797 1331 1842 1376 et
1864 1337 1953 1393 ego
1973 1361 1989 1387 ,
2018 1329 2078 1375 ut

498 1417 569 1474 ad
613 1419 782 1489 ipsam
808 1417 1024 1472 domum
1064 1415 1359 1473 faciendam
1383 1416 1622 1471 videatur
1647 1415 1910 1484 pertinere
1935 1411 2075 1483 quod

498 1517 889 1582 consequenter
911 1508 978 1563 ad
1000 1508 1178 1564 Laban
1210 1522 1415 1562 merces
1446 1508 1558 1577 ipsa
1582 1503 1857 1561 statuenda
1884 1519 2078 1573 propo-

497 1602 659 1657 nitur.

568 1691 670 1766 [lb.
701 1706 740 1759 ι,
777 1689 895 1765 22.]
920 1690 986 1746 Et
1010 1707 1155 1745 omne
1178 1691 1480 1763 femininum
1523 1688 1771 1757 vivi/irate
1807 1687 1937 1742 illud
1960 1687 2074 1742 :sic

496 1786 637 1840 enim
667 1784 866 1840 habent
889 1784 1046 1854 graeci
1069 1799 1084 1849 ;
1111 1783 1259 1837 latini
1290 1796 1393 1836 non
1422 1781 1645 1845 habent,
1677 1781 1825 1833 illud.

564 1873 663 1949 [lb.
684 1890 743 1942 ιι,
765 1872 841 1947 1.]
856 1873 981 1927 Erat
1005 1884 1172 1929 autem
1192 1872 1395 1941 quidam
1414 1871 1476 1925 de
1499 1872 1627 1925 tribu
1642 1869 1781 1938 Levi,
1799 1880 1845 1924 et
1864 1872 2075 1940 sumpsit

496 1966 593 2022 sibi
614 1965 677 2019 de
700 1965 902 2035 ﬁliabus
921 1963 1040 2018 Levi
1063 1980 1082 2018 :
1102 1964 1407 2033 intelligitur
1434 1977 1674 2029 uxorem,
1696 1960 1839 2032 quod
1858 1960 2072 2032 quidam

495 2057 643 2113 latini
669 2057 985 2126 interpretes
1013 2054 1171 2109 etiam
1201 2054 1499 2109 addendum
1524 2062 1870 2124 putaverunt;
1894 2055 2075 2124 sequi-

495 2157 584 2203 tur
609 2156 809 2211 autem,
834 2146 899 2201 Et
922 2145 1094 2200 habuit
1116 2163 1244 2212 eam,
1269 2153 1314 2197 et
1336 2145 1579 2216 concepit.

566 2240 668 2315 [lb.
691 2239 770 2314 5.]
795 2240 931 2309 Quid
957 2241 1025 2295 sit
1054 2240 1231 2302 tltibin,
1251 2238 1369 2294 ideo
1399 2238 1613 2293 difﬁcile
1640 2246 1723 2292 est
1748 2253 1921 2305 nosse,
1948 2239 2071 2309 quia

496 2348 595 2389 nec
616 2348 819 2403 grtecus
846 2332 1107 2402 interpres
1136 2346 1200 2385 ex
1223 2329 1455 2392 hebrazo,
1480 2344 1579 2384 nec
1602 2329 1796 2384 latinus
1815 2344 1879 2384 ex
1900 2343 2073 2400 gnaro

496 2424 657 2480 vertit
685 2423 787 2478 hoc
807 2436 1023 2486 nomen,
1046 2421 1138 2477 sed
1164 2421 1241 2475 sic
1267 2420 1530 2474 transtulit
1557 2427 1613 2473 ut
1642 2419 1857 2474 invenit.

565 2515 665 2589 [lb.
684 2513 795 2587 1.1.]
820 2514 1005 2568 Timuit
1028 2523 1197 2569 autent
1220 2511 1424 2584 Moyses
1445 2521 1489 2566 et
1510 2512 1659 2577 dixit,
1676 2511 1738 2567 Si
1760 2513 1831 2565 sic
1850 2511 2074 2584 divulga-

499 2617 606 2661 tum
633 2616 705 2661 est
738 2604 940 2661 verbum
970 2604 1085 2658 hoc.
1108 2604 1221 2658 Duo
1250 2612 1375 2658 sunt
1400 2603 1451 2657 in
1477 2601 1577 2657 hac
1605 2603 1871 2658 locutione
1897 2611 2072 2658 atten-

495 2696 707 2754 denda:
740 2699 931 2767 primo,
963 2695 1083 2766 quia
1112 2694 1309 2767 pendet
1331 2696 1592 2750 sententia
1613 2736 1627 2760 ,
1663 2702 1718 2750 et
1752 2696 1829 2750 sic
1855 2696 2070 2750 dimissa

493 2797 602 2853 eSt;
626 2786 836 2853 deinde,
854 2786 973 2855 quia
1001 2784 1218 2839 verbum
1243 2800 1337 2854 pro
1363 2783 1499 2839 facto
1526 2785 1723 2854 posuit.

567 2876 798 2953 [lb.25.]
820 2877 883 2933 Et
901 2878 1117 2948 respexit
1140 2878 1274 2947 ﬁlios
1299 2876 1485 2944 Israel,
1508 2888 1553 2931 et
1578 2879 1795 2933 innotuit
1813 2879 1916 2934 illis
1938 2895 1956 2934 :
1977 2895 2072 2950 pro

493 2985 561 3027 eo
582 2971 810 3041 positum
841 2978 924 3025 est
948 2970 1200 3036 innotuit,
1226 2969 1367 3040 quod
1397 2970 1504 3039 egit
1542 2970 1592 3022 in
1621 2971 1730 3037 eis,
1756 2971 1945 3041 quibus
1978 2972 2072 3027 Dei

492 3077 675 3118 curam
704 3076 826 3131 erga
854 3076 913 3117 se
942 3060 1312 3130 intelligerent.

568 3151 667 3225 [lb.
683 3167 762 3219 ιιι,
784 3150 862 3225 7.]
894 3150 1080 3206 Videns
1101 3150 1203 3205 vidi
1227 3151 1535 3207 vexationem
1556 3152 1731 3223 populi
1756 3154 1869 3219 mei,
1895 3154 1979 3225 qui
2003 3163 2074 3210 est

493 3244 547 3297 in
569 3242 818 3315 Afgypto.

567 3333 664 3407 [lb.
692 3331 917 3406 11,12.]
946 3334 1011 3388 Et
1052 3334 1180 3388 dixit
1219 3333 1424 3406 Moyses
1461 3335 1530 3389 ad
1558 3333 1751 3403 Deum,
1786 3337 1910 3402 Quis
1936 3354 2068 3403 sunt,

493 3426 610 3495 quia
645 3423 725 3478 ibo
759 3424 827 3477 ad
858 3423 1183 3479 Pharaonem
1212 3442 1377 3497 regem
1398 3424 1637 3496 Egypti,
1661 3434 1706 3480 et
1730 3428 1847 3497 quia
1867 3427 2074 3481 educam

494 3516 629 3584 filios
647 3514 812 3570 Israel
829 3514 892 3569 de
910 3526 1044 3570 terra
1067 3514 1324 3587 AEgypti?
1346 3515 1485 3570 Dixit
1509 3526 1693 3583 autem,
1718 3516 1969 3582 Quoniam
1989 3533 2075 3572 ero

494 3619 656 3661 tecum
680 3623 699 3662 :
719 3607 795 3662 sic
827 3607 984 3663 habet
1014 3622 1219 3678 grtccus
1237 3624 1251 3674 ;
1272 3608 1470 3663 latinus
1499 3618 1673 3688 autem
1692 3650 1707 3673 ,
1732 3608 1797 3663 Et
1820 3609 1933 3680 quis
1960 3625 2071 3680 ego,

493 3700 628 3755 dixit
659 3717 672 3754 :
700 3707 754 3753 et
779 3714 881 3753 non
909 3699 1075 3765 dixit,
1097 3700 1215 3770 quia
1242 3699 1351 3763 ibo,
1384 3708 1432 3752 et
1463 3701 1582 3770 quia
1607 3700 1847 3764 educam;
1868 3699 1991 3765 sed,
2020 3709 2075 3753 ut

496 3808 626 3858 eam,
650 3801 697 3845 et
725 3790 956 3845 educant.
979 3791 1048 3845 Et
1070 3792 1209 3862 quod
1242 3792 1293 3845 in
1319 3806 1492 3861 grmco
1514 3792 1689 3856 habet,
1718 3791 1856 3846 Dixit
1880 3802 2072 3859 autem,

496 3882 615 3952 quia
648 3898 733 3937 ero
774 3892 972 3949 tecum,
1014 3882 1322 3953 intelligitur
1364 3883 1545 3952 utique
1589 3882 1729 3953 quod
1771 3882 1965 3937 dixerit
2007 3884 2074 3939 ad

498 3975 712 4047 Moysen
746 3993 757 4028 :
790 3984 954 4029 totum
1004 3982 1178 4029 autem
1226 3975 1326 4029 hoc
1374 3974 1568 4030 latinus
1611 3974 1838 4043 addidit,
1881 3983 1934 4031 ct
1978 3977 2073 4041 ait,

500 4066 641 4121 Dixit
668 4077 831 4120 autem
859 4065 1000 4120 Deus
1025 4066 1092 4119 ad
1122 4066 1349 4138 Moysen.

571 4156 802 4232 [lb.16.]
830 4159 970 4213 Deus
999 4157 1124 4212 dicit
1153 4157 1293 4228 quod
1321 4157 1464 4213 dicat
1489 4158 1696 4231 Moyses
1739 4158 1859 4215 [iliis
1889 4159 2072 4227 Israel,

505 4247 725 4304 Visitans
748 4248 942 4304 visitavi
966 4265 1074 4315 vos,
1096 4257 1144 4302 et
1166 4264 1485 4319 qua'cumque
1510 4250 1823 4321 contigerunt
1853 4251 1989 4307 vobis
2022 4252 2078 4308 in

499 4337 732 4410 Egypto
754 4353 773 4392 :
791 4353 995 4408 grarcus
1026 4337 1198 4403 habet,
1233 4336 1524 4392 Visitatione
1543 4339 1737 4393 visitavi
1756 4355 1859 4396 vos.

570 4428 670 4504 [lb.
690 4426 802 4502 18.]
833 4430 970 4483 Deus
991 4428 1119 4483 dicit
1144 4428 1208 4483 ad
1233 4428 1446 4501 Moysen
1471 4428 1537 4484 de
1566 4429 1687 4484 ﬁliis
1706 4430 1887 4499 Israel,
1908 4431 1974 4487 Et
1994 4450 2078 4489 au-

496 4522 635 4578 dient
670 4539 835 4577 vorem
873 4531 1010 4576 tuam
1036 4536 1278 4592 :graecus
1307 4521 1493 4587 habet,
1526 4520 1589 4575 Et
1618 4524 1882 4578 exaudient
1908 4541 2077 4581 vocem

500 4626 659 4681 tuam,
681 4614 801 4684 quia
827 4624 880 4669 et
905 4613 1170 4668 exauditio
1190 4612 1384 4667 dicitur
1405 4598 1654 4668 hominis.

578 4703 678 4778 [lb.
707 4703 824 4776 22.]
844 4704 994 4772 Quod
1028 4704 1184 4759 habet
1214 4704 1421 4764 latinus,
1448 4702 1626 4757 Poscet
1655 4704 2074 4773 mulieravicina,

500 4806 547 4849 et
586 4793 648 4847 ab
686 4794 930 4865 inquilina
971 4812 1065 4849 sua
1102 4810 1221 4849 vasa
1253 4803 1487 4865 argentea
1525 4803 1570 4847 et
1608 4811 1762 4849 aurea
1791 4804 1837 4849 et
1861 4808 2077 4862 vestem;

496 4901 705 4956 grazcus
734 4884 892 4940 habet
919 4902 949 4938 a
974 4885 1327 4939 cohabitatriee
1363 4902 1457 4938 sua
1476 4929 1490 4951 ,
1538 4885 1639 4939 hoc
1673 4893 1755 4940 est
1782 4899 2002 4948 συσκήνου
2032 4890 2072 4954 ³,

500 4976 642 5047 quod
670 4976 817 5030 latini
850 4976 1009 5045 aliqui
1063 4976 1390 5045 interpretati
1421 4985 1562 5038 sunt.
1584 4993 1615 5029 a
1638 4977 1939 5031 concellaria
1962 4995 2075 5032 sua.

572 5068 671 5141 [lb.
694 5084 765 5135 tv,
787 5066 863 5140 1.]
887 5068 1094 5139 Moyses
1109 5067 1253 5126 dicit.
1278 5066 1412 5133 Quid
1430 5068 1474 5122 si
1494 5084 1593 5122 non
1613 5069 1913 5125 crediderint
1933 5072 2074 5138 mihi,

499 5156 657 5230 neque
680 5160 991 5215 exaudierint
1015 5175 1182 5214 vocem
1203 5176 1364 5214 meam
1386 5175 1406 5215 :
1424 5160 1564 5230 quod
1592 5160 1804 5227 latinus,
1826 5161 2079 5218 audierint

498 5253 874 5323 interpretatus
902 5261 1001 5307 est.

572 5343 672 5417 [lb.
688 5342 767 5417 4.]
784 5343 1013 5398 Extende
1034 5360 1260 5408 manum,
1283 5352 1330 5398 et
1350 5344 1671 5415 apprehende
1688 5345 1921 5408 caudam,
1944 5362 2080 5417 gne-

496 5453 593 5494 cns
638 5437 798 5492 habet
829 5455 842 5491 :
874 5436 1067 5491 latinus
1104 5446 1316 5503 autem,
1355 5454 1559 5491 ntanum
1601 5447 1739 5491 tuam
1777 5447 1826 5492 et
1863 5439 2078 5491 caudam

495 5531 628 5598 ejus,
652 5529 1027 5599 interpretatus
1051 5536 1151 5582 est.
1182 5527 1246 5581 Et
1270 5528 1538 5583 extendens
1563 5545 1769 5582 manum
1797 5530 2078 5600 apprehen-

498 5620 574 5671 dit
593 5619 828 5685 caudam,
852 5628 898 5674 et
922 5622 1057 5689 facta
1082 5627 1151 5673 est
1170 5620 1310 5690 virga
1334 5618 1387 5671 in
1416 5635 1568 5671 ntanu
1595 5621 1721 5689 ejus.

572 5700 666 5783 [ιιιῖ
698 5707 776 5782 5.]
802 5711 867 5764 Et
891 5711 1020 5765 dixit
1042 5711 1119 5765 illi
1148 5726 1167 5765 :
1209 5709 1278 5765 Ut
1303 5709 1507 5764 credant
1536 5710 1620 5764 tibi
1655 5710 1889 5780 quoniam
1916 5730 2078 5785 appa-

558 5806 576 5836 ¹
603 5804 736 5865 Nili,
759 5804 1005 5856 sunoiltou.
1027 5811 1081 5854 At
1102 5810 1207 5855 Mss.
1227 5804 1297 5854 uti
1320 5802 1443 5866 apud
1461 5810 1590 5854 LXX.
1611 5802 1860 5856 susltenou.

1331 373 1763 432 LOCUTIONUM
1798 371 1857 430 S.
1899 372 2265 430 AUGUSTlNl
2306 374 2372 431 IN
2410 374 2968 436 HEPTATEUCHUM

3664 386 3768 443 501

2188 487 2292 540 ruit
2332 488 2422 541 tibi
2462 489 2709 544 Dominus
2735 490 2870 546 Deus
2898 502 3098 565 patrum
3140 495 3363 561 ipsorum
3391 511 3411 551 :
3433 513 3638 568 grmcus
3668 517 3770 557 non

2187 578 2365 644 habet,
2393 579 2462 633 Et
2488 581 2618 635 dixit
2640 582 2755 648 illi;
2783 584 2876 639 sed
2905 586 3158 641 continuo
3184 586 3445 656 adjunxit,
3480 599 3534 644 ut
3562 592 3769 647 credant

2187 669 2316 737 tibi;
2344 672 2397 727 id
2420 680 2520 737 est,
2549 674 2709 729 verba
2736 674 2852 742 Dei,
2899 686 3019 747 post
3046 678 3172 733 illud
3201 680 3393 735 factum
3427 683 3766 744 miraculum:

2189 768 2433 832 tanquam
2459 764 2632 820 adhuc
2675 767 2997 835 loqueretur,
3024 777 3080 825 et
3116 771 3277 827 modo
3299 776 3614 831 sententiam
3641 792 3770 833 ver-

2187 852 2373 908 borum
2401 855 2717 927 impleverit.
2750 857 2883 914 Nam
2910 860 3043 916 ordo
3068 870 3150 917 est
3176 863 3481 931 verborum,
3525 868 3768 926 Extende

2188 958 2400 1000 manum
2437 956 2494 1002 et
2528 949 2867 1019 apprehende
2904 952 3147 1019 caudam,
3177 963 3235 1009 ut
3257 956 3477 1012 credant
3504 959 3599 1014 tibi
3631 978 3645 1014 :
3674 962 3770 1017 sed

2187 1032 2494 1104 interposita
2532 1046 2618 1093 est
2654 1036 2778 1094 facti
2805 1042 3059 1108 narratio,
3098 1053 3152 1097 et
3177 1053 3360 1113 postea
3389 1047 3674 1115 redditum,
3717 1060 3770 1104 ut

2182 1124 2389 1179 credant
2415 1127 2522 1181 tibi.

2257 1214 2355 1287 [lb.
2371 1233 2442 1281 tv,
2458 1216 2536 1291 6.]
2552 1218 2702 1287 Qund
2721 1222 2913 1277 latinus
2937 1223 3115 1290 habet,
3139 1224 3205 1279 Et
3217 1230 3354 1298 facta
3365 1237 3437 1283 est
3453 1246 3633 1285 manus
3655 1234 3768 1304 ejus

2183 1304 2381 1376 leprosa
2420 1318 2658 1379 tanquam
2695 1314 2824 1379 nix;
2849 1331 3056 1385 grmcus
3083 1332 3186 1372 non
3215 1318 3375 1375 habet
3414 1323 3635 1393 leprosa,
3669 1324 3769 1380 sed

2184 1402 2405 1464 tantum,
2433 1403 2568 1470 facta
2596 1412 2666 1455 est
2692 1413 2927 1470 tanquam
2956 1409 3063 1463 nix.

2254 1485 2352 1559 [lb.
2375 1489 2452 1561 8.]
2496 1490 2645 1556 Quod
2667 1493 2713 1547 si
2756 1511 2859 1550 non
2899 1498 3151 1553 audierint
3198 1515 3365 1557 vocem
3397 1503 3529 1575 signi
3574 1507 3768 1576 pritni;

2180 1592 2384 1647 grmcus
2411 1581 2489 1636 sic
2532 1582 2737 1639 habet:
2770 1585 2963 1642 latinus
3005 1600 3202 1655 autem,
3251 1608 3419 1647 vocem
3450 1605 3588 1648 tuam
3632 1598 3768 1668 signi

2182 1671 2374 1739 primi;
2415 1674 2493 1729 sic
2521 1683 2576 1730 et
2614 1677 2870 1747 sequitur,
2910 1681 3110 1736 credent
3139 1683 3227 1737 tibi
3253 1686 3306 1739 in
3344 1702 3462 1740 voce
3506 1688 3640 1760 signi
3680 1706 3767 1744 se—

2178 1764 2391 1832 quentis.

2252 1853 2352 1926 [lb.
2381 1855 2461 1929 9.]
2486 1856 2550 1911 Et
2568 1860 2660 1913 erit
2681 1877 2833 1932 aqua,
2858 1878 3011 1932 quam
3036 1880 3201 1919 sumes
3224 1867 3288 1920 de
3304 1868 3533 1937 ﬂumine,
3556 1873 3764 1941 sanguis

2178 1961 2331 2015 super
2356 1947 2554 2001 aridam
2584 1966 2604 2003 :
2627 1951 2712 2007 vel
2752 1953 2927 2021 potius
2953 1970 3103 2025 super
3139 1956 3359 2021 aridum,
3390 1958 3441 2013 id
3467 1969 3571 2024 est,
3600 1974 3763 2030 super

2180 2035 2231 2089 id
2260 2037 2399 2107 quod
2425 2039 2631 2095 aridum
2656 2052 2775 2110 est;
2800 2044 2941 2115 quod
2981 2046 3175 2103 latinus
3196 2048 3349 2118 dixit,
3376 2052 3583 2120 sanguis
3608 2069 3762 2123 super

2175 2134 2383 2181 terram.

2250 2220 2348 2293 [lb.
2384 2222 2489 2296 10.]
2530 2225 2736 2296 Moyses
2778 2227 2905 2284 dicit
2936 2247 2950 2284 :
2986 2228 3191 2298 Precor,
3238 2231 3473 2299 Domine,
3510 2253 3611 2289 non
3642 2253 3759 2291 sum

2177 2311 2409 2382 eloquens
2439 2325 2555 2368 ante
2582 2315 2860 2371 hesternam
2886 2330 2931 2372 et
2958 2321 3409 2377 nudiustertianam
3449 2325 3601 2380 diem.

2248 2402 2348 2475 [lb.
2380 2402 2490 2475 17.]
2531 2405 2596 2458 Et
2616 2407 2807 2476 virgam
2831 2409 2962 2462 hanc
3002 2427 3167 2465 sumes
3192 2414 3245 2466 in
3271 2430 3477 2468 manum
3514 2425 3673 2483 tuam,
3703 2417 3760 2473 in

2175 2509 2274 2563 qua
2303 2495 2459 2564 [acies
2486 2496 2539 2549 in
2568 2512 2626 2549 ea
2653 2498 2798 2567 signa
2819 2515 2839 2563 ;
2874 2514 2993 2553 cum
3036 2501 3139 2555 dici
3167 2515 3364 2572 posset,
3388 2505 3439 2558 in
3466 2521 3569 2576 qua
3594 2506 3761 2564 facies

2175 2587 2323 2655 signa
2348 2603 2361 2649 ;
2384 2596 2477 2641 aut
2496 2598 2661 2655 certe,
2688 2590 2897 2660 Virgam
2918 2591 3052 2647 hanc
3071 2608 3251 2650 sumes
3273 2596 3325 2650 in
3350 2613 3560 2652 manum
3586 2607 3757 2667 tuam,

2176 2684 2230 2731 et
2254 2677 2415 2731 facies
2444 2678 2494 2731 in
2520 2693 2582 2732 ea
2608 2680 2756 2749 signa
2785 2698 2798 2733 :
2834 2698 2973 2736 nunc
2997 2698 3124 2738 vero
3153 2693 3433 2757 utrumque
3452 2687 3651 2744 dictum
3674 2699 3760 2746 est

2174 2765 2330 2820 solita
2360 2766 2627 2823 locutione
2655 2770 3067 2839 Scripturarum.

2250 2854 2350 2928 [lb.
2378 2857 2463 2921 18,
2499 2857 2608 2931 19.]
2643 2859 2777 2914 Post
2804 2862 2911 2915 dies
2951 2874 3117 2917 autem
3139 2863 3257 2920 illos
3282 2867 3487 2934 multos,
3531 2879 3760 2933 mortuus

2176 2957 2247 3001 est
2288 2964 2378 3002 rex
2416 2948 2637 3020 Egypti
2667 2966 2687 3005 :
2715 2953 2840 3007 dixit
2880 2963 3044 3007 autem
3082 2955 3330 3013 Dominus
3369 2960 3436 3012 ad
3464 2959 3675 3032 Moysen
3705 2962 3760 3017 in

2176 3037 2413 3106 Madian,
2465 3039 2622 3107 Vade,
2672 3060 2821 3115 perge
2846 3046 2898 3099 in
2927 3045 3233 3118 Egi/ptum,
3274 3052 3456 3105 mortui
3485 3062 3599 3107 sunt
3625 3055 3760 3112 enim

2176 3145 2347 3183 omnes
2366 3131 2453 3201 qui
2477 3134 2762 3202 quaerebant
2784 3137 3005 3189 animam
3035 3148 3190 3191 tuam.
3220 3139 3377 3195 Multa
3401 3142 3451 3195 in
3478 3141 3564 3197 his
3582 3144 3761 3201 verbis

2174 3236 2368 3290 genera
2395 3223 2721 3279 locutionum
2748 3228 2975 3283 notanda
2996 3237 3120 3284 sunt
3144 3249 3156 3284 :
3185 3233 3375 3300 primo,
3414 3232 3579 3302 Vade,
3608 3252 3761 3309 perge

2176 3315 2229 3368 in
2258 3315 2565 3387 IEgyptum,
2599 3326 2845 3390 tanquam
2887 3336 2990 3376 non
3031 3324 3297 3379 sufliceret
3328 3333 3532 3381 tantum
3575 3326 3719 3383 Vade
3739 3370 3760 3397 ,

2178 3407 2260 3461 vel
2286 3416 2487 3462 tantum
2517 3427 2666 3481 perge
2688 3426 2709 3475 ;
2736 3411 2947 3479 deinde,
2976 3416 3157 3468 mortui
3175 3426 3291 3469 sunt
3316 3434 3487 3472 omnes
3506 3420 3593 3489 qui
3614 3435 3762 3489 qutu-

2176 3499 2351 3553 rebant
2378 3501 2600 3554 animam
2627 3511 2786 3569 tuam,
2816 3517 2936 3557 cum
2968 3506 3136 3559 solum
3174 3522 3351 3577 regem
3374 3507 3585 3578 ΕΒΗ)ιί
3616 3510 3762 3565 Scri-

2179 3600 2329 3661 ptura
2356 3591 2548 3647 dixerit
2569 3601 2855 3661 mortuum,
2888 3600 2940 3649 et
2965 3596 3031 3651 de
3056 3597 3175 3652 solo
3198 3610 3351 3654 antea
3373 3600 3569 3655 dictum
3601 3600 3763 3663 fuerit

2176 3681 2320 3750 quod
2347 3682 2559 3754 Moysen
2589 3684 2861 3754 quaerebat
2888 3686 3148 3741 occidere.
3199 3689 3281 3743 An
3326 3689 3438 3759 ipse
3477 3699 3599 3759 post
3623 3690 3762 3757 alios

2179 3772 2423 3828 inimicos
2468 3774 2685 3830 ultimus
2728 3786 2968 3831 mortuus
2994 3778 3109 3832 est?
3137 3778 3289 3846 Quod
3332 3782 3374 3836 si
3416 3782 3487 3836 ita
3516 3791 3619 3849 est,
3650 3797 3761 3851 non

2179 3861 2396 3928 locutio,
2428 3864 2523 3919 sed
2561 3880 2751 3921 sensus
2776 3874 2877 3921 est.
2924 3866 3078 3934 Item,
3110 3870 3195 3938 qui
3221 3872 3509 3939 quwrebant
3535 3874 3763 3929 animam

2180 3964 2338 4020 tuam,
2364 3970 2465 4010 non
2495 3956 2544 4009 itt
2574 3956 2712 4010 malo
2737 3964 2961 4021 tantum,
2990 3957 3085 4013 sed
3113 3960 3269 4013 etiam
3290 3960 3341 4015 in
3374 3961 3513 4016 bono
3539 3962 3641 4018 dici
3669 3978 3762 4019 so-

2178 4046 2253 4102 lct
2277 4048 2327 4100 in
2357 4047 2645 4117 Scripturis
2673 4065 2685 4101 :
2720 4063 2841 4102 nam
2889 4049 3025 4103 sicut
3055 4050 3160 4116 hic,
3188 4051 3239 4104 in
3283 4052 3424 4107 malo
3449 4052 3647 4108 dictum
3678 4063 3761 4114 est

2180 4137 2338 4191 etiam
2392 4138 2442 4192 in
2492 4139 2745 4204 Psalmis,
2798 4138 3184 4208 Confundantur
3223 4150 3271 4195 et
3312 4154 3628 4198 "vereantur
3675 4147 3761 4218 qui

2178 4238 2407 4299 quierunt
2436 4230 2657 4283 animant
2685 4246 2845 4284 meam
2875 4228 3047 4298 (Psal.
3094 4247 3288 4296 χχχιι,
3322 4231 3410 4306 15)
3435 4250 3449 4300 ;
3478 4234 3530 4288 in
3575 4234 3719 4290 bono
3741 4276 3760 4303 ,

2182 4320 2341 4375 Periit
2365 4325 2486 4393 fuga
2509 4338 2540 4374 a
2564 4339 2661 4387 me,
2690 4332 2735 4376 et
2764 4340 2865 4376 non
2887 4332 2962 4377 est
2989 4324 3077 4392 qui
3099 4326 3320 4393 requirat
3344 4327 3565 4381 animam
3594 4345 3761 4386 meam

2181 4410 2351 4481 (Psal.
2382 4426 2525 4477 cm,
2555 4410 2610 4483 5)
2644 4429 2656 4464 :
2684 4411 2784 4467 nisi
2814 4411 2947 4466 forte
2967 4412 3163 4482 aliquid
3189 4413 3389 4471 distare
3411 4415 3603 4472 dicitur
3623 4418 3759 4474 inter

2178 4510 2480 4572 qumrentes
2499 4512 2552 4556 et
2572 4501 2920 4571 requirentes,
2942 4511 3000 4557 ut
3020 4503 3146 4558 illud
3165 4504 3215 4559 in
3238 4505 3398 4573 malo,
3420 4506 3520 4563 hoc
3539 4508 3591 4561 in
3614 4509 3752 4564 bona

2180 4592 2583 4663 intelligendum
2610 4593 2697 4646 sit.

2252 4681 2352 4754 [lb.
2380 4698 2437 4751 ν,
2484 4680 2593 4754 10.]
2633 4681 2699 4736 Et
2723 4683 2950 4738 dicebant
2976 4685 3047 4738 ad
3074 4686 3315 4757 papulum
3362 4688 3601 4756 dicentes,
3636 4688 3755 4743 Ηω.

2179 4774 2300 4827 dicit
2327 4773 2533 4829 Pharao
2561 4789 2581 4828 :
2604 4789 2760 4844 quam
2788 4774 3104 4831 locutionem
3134 4779 3295 4847 piguit
3341 4779 3561 4834 latinum
3592 4780 3757 4849 inter-

2181 4870 2398 4939 prclari.

2253 4958 2351 5031 [lb.
2376 4959 2437 5014 21
2521 4959 2696 5015 Videat
2717 4959 2855 5015 Deus
2880 4978 2964 5015 vos
2984 4970 3027 5014 et
3038 4961 3251 5032 judicet,
3274 4964 3509 5032 quoniam
3528 4979 3758 5019 exsecra-

2182 5053 2327 5105 bilem
2355 5052 2543 5124 fecistis
2579 5053 2783 5105 odorem
2812 5062 3036 5106 nostrum
3065 5055 3235 5124 palam
3266 5053 3556 5121 Pharaone.
3586 5065 3634 5110 et
3660 5074 3757 5128 pa-

2182 5142 2282 5196 lam
2306 5142 2458 5196 servis
2486 5143 2610 5213 ejus,
2639 5142 2762 5196 dare
2785 5143 3010 5213 gladium
3036 5145 3088 5197 in
3113 5161 3291 5199 ntanus
3318 5146 3447 5215 ejus,
3480 5156 3534 5199 ut
3563 5148 3757 5201 occidat

2181 5251 2272 5289 nos
2292 5250 2313 5300 ;
2337 5234 2414 5288 sic
2441 5234 2582 5288 enim
2611 5232 2769 5289 habet
2790 5249 2995 5304 gms-cus
3023 5253 3036 5290 :
3061 5236 3253 5290 latinus
3278 5245 3452 5291 autem
3478 5238 3570 5303 ait,
3599 5254 3757 5308 quem

2183 5341 2277 5395 pro
2302 5324 2500 5394 optimo
2528 5323 2855 5394 legebamus,
2887 5334 2942 5379 ut
2965 5325 3151 5379 daretis
3186 5325 3413 5396 gladium
3438 5328 3489 5380 in
3528 5328 3756 5382 manibus

2181 5418 2331 5486 ejus;
2360 5415 2447 5484 qui
2487 5415 2840 5479 solmcismns,
2875 5416 3014 5470 nulla
3041 5416 3492 5486 interpretationis
3520 5418 3752 5473 necessi-

2185 5518 2290 5565 tate
2318 5507 2487 5563 factus
2514 5516 2618 5575 est,
2644 5508 2767 5578 quia
2796 5508 2847 5561 in
2872 5522 3045 5577 grmco
3069 5523 3175 5563 non
3204 5517 3308 5564 est.

2255 5619 2354 5692 [lb.
2380 5635 2454 5683 Vt,
2482 5616 2559 5690 4.]
2601 5618 2772 5673 Statui
2792 5626 3139 5672 testamentum
3165 5634 3329 5671 meum
3354 5617 3424 5672 ad
3448 5619 3584 5685 illos,
3611 5620 3681 5674 ita
3706 5631 3754 5675 ut

2185 5711 2356 5763 darem
2384 5710 2484 5763 illis
2522 5718 2706 5762 terram
2742 5707 3163 5775 Chananatorum,
3194 5716 3239 5761 et
3270 5716 3454 5762 terram
3496 5726 3645 5778 quam
3671 5710 3753 5763 in-

2184 5801 2461 5866 coluerunt,
2488 5799 2541 5852 in
2565 5813 2663 5869 qua
2686 5806 2736 5854 et
2773 5795 3088 5852 incoluerunt
3108 5796 3164 5855 in
3195 5811 3257 5852 ea
3283 5810 3305 5853 :
3328 5797 3409 5854 sic
3431 5798 3571 5855 enim
3594 5797 3754 5862 habet
