4094 6476
322 361 422 419 ξοδ

322 495 547 551 succus,
571 478 709 548 quod
745 479 920 547 utique
945 488 998 533 et
1018 476 1069 530 in
1097 490 1270 547 graeca
1298 474 1472 545 lingua
1500 474 1729 531 absurde
1753 476 1899 532 vide-

323 583 405 625 tur
427 584 655 634 sonare;
687 577 741 623 et
770 581 943 624 tamen
974 565 1317 637 Septuaginta
1345 566 1693 635 interpretum
1716 575 1899 621 aucto-

321 663 448 718 ritas
480 671 626 715 tanta
651 670 752 724 est,
784 674 919 731 quos
944 660 1015 713 ita
1040 659 1184 729 loqui
1210 674 1314 712 non
1340 657 1522 726 piguit.
1563 656 1699 724 Quid
1720 656 1901 712 enim?

320 763 371 809 et
397 768 594 808 sensus
638 752 723 806 hic
748 752 913 806 latet?
958 751 1108 818 Quod
1136 750 1181 805 si
1207 749 1384 805 nullus
1410 758 1513 813 est,
1559 749 1673 824 ipsa
1702 749 1901 805 locutio

316 847 550 901 notanda
592 858 694 911 est,
736 862 801 901 ne
829 846 954 900 alibi
994 847 1210 900 inventa
1238 858 1453 901 sensum
1494 843 1767 913 impediat,
1815 843 1900 898 vel

320 940 516 1010 aliquid
547 956 785 1010 qnzerere
821 939 908 993 ubi
947 937 1290 1008 qnmrendum
1317 951 1422 992 non
1460 946 1571 1003 est,
1598 934 1898 1006 compellat.

389 1032 488 1106 [lb.
513 1049 589 1096 τι,
609 1031 687 1105 5.]
709 1031 860 1100 Quod
891 1031 1048 1086 habet
1071 1031 1287 1094 latinus,
1316 1026 1564 1082 Exaudivi
1583 1026 1818 1097 gemitum
1845 1025 1901 1095 fi-

318 1126 502 1178 liorum
528 1123 694 1178 Israel
709 1166 721 1183 ,
750 1121 1173 1191 quemadmodum
1202 1118 1437 1190 Egyptii
1464 1119 1746 1190 afﬂigerent
1771 1133 1855 1172 eos
1880 1131 1902 1182 ;

317 1230 521 1283 grzecus
547 1214 708 1269 habet
726 1218 1146 1277 καταδουλοῦνται,
1167 1210 1307 1281 quod
1334 1208 1670 1280 interpretari
1698 1215 1895 1278 posset,

318 1308 369 1359 in
395 1308 683 1359 servitutem
704 1305 936 1376 redigunt
959 1320 1041 1358 eos
1070 1319 1091 1358 :
1116 1318 1236 1357 nam
1259 1318 1363 1357 uno
1389 1302 1554 1358 verbo
1574 1316 1677 1356 non
1706 1309 1897 1370 potest.

388 1395 489 1469 [lb.
522 1395 603 1469 9.]
642 1395 709 1450 Et
731 1398 922 1452 loculus
951 1405 1022 1449 est
1054 1394 1255 1465 Moyses
1281 1394 1352 1447 sic
1383 1392 1451 1447 ad
1477 1393 1611 1462 ﬁlios
1641 1391 1824 1457 Israel,
1856 1398 1903 1445 et

319 1506 421 1542 non
450 1489 779 1545 exaudierunt
810 1486 1020 1558 Moysen
1046 1503 1076 1537 a
1102 1485 1374 1556 defectione
1397 1483 1553 1539 animi
1578 1492 1621 1537 et
1645 1480 1706 1535 ab
1731 1481 1900 1552 operi-

321 1580 410 1633 bus
436 1579 582 1633 duris
609 1593 629 1632 :
655 1578 985 1632 exaudierunt
1012 1576 1105 1635 ait.
1135 1591 1257 1637 non,
1291 1574 1589 1629 audierunt.

391 1670 493 1743 [lb.
531 1669 644 1742 12.]
684 1669 793 1740 Ego
818 1670 948 1724 enim
972 1667 1256 1732 iueloquens
1284 1682 1415 1731 sum,
1441 1665 1579 1735 quod
1606 1664 1679 1718 ait
1697 1662 1904 1733 Moyses

322 1762 385 1817 ad
418 1763 724 1825 Dominum,
771 1767 936 1827 ἄλογος
981 1761 1113 1814 dixit
1151 1772 1375 1829 graecus,
1406 1771 1533 1822 non,
1582 1754 1856 1824 imperitus
1883 1793 1899 1818 ,

322 1858 468 1928 quasi
499 1859 687 1922 ἀμαθὴς
718 1856 800 1910 vel
826 1858 1125 1913 ἀπαίδευτος.

393 1948 493 2020 [11).
524 1946 646 2018 26.]
686 1946 757 2001 Hi
786 1957 900 2000 sunt
925 1945 1092 1998 Aaron
1117 1952 1163 1997 et
1199 1940 1420 2012 Moyses,
1447 1939 1625 2011 quibus
1667 1939 1794 1994 dixit
1832 1939 1903 1993 eis

324 2039 461 2094 Deus
486 2050 541 2091 ut
565 2039 777 2093 educant
799 2038 931 2106 filios
951 2035 1115 2090 Israel
1139 2034 1202 2088 de
1222 2044 1354 2087 terra
1376 2031 1594 2103 ,Ἐφυριί
1621 2046 1640 2086 :
1663 2032 1740 2085 sic
1761 2029 1902 2086 enim

325 2130 485 2185 habet
513 2143 739 2198 grzccus.

394 2222 495 2296 [lb.
518 2221 630 2295 50.]
670 2222 804 2276 Ecce
830 2237 919 2291 ego
943 2220 1121 2291 gracili
1146 2235 1263 2273 voce
1300 2234 1433 2285 sum,
1459 2226 1505 2270 et
1532 2212 1783 2285 quomodo
1810 2228 1901 2267 ex-

321 2317 490 2369 audiet
508 2332 586 2369 me
612 2313 818 2367 Pharao
832 2315 859 2369 2
880 2311 1177 2367 Notandum
1200 2310 1339 2381 quod
1352 2306 1747 2371 exaudietdixit,
1772 2319 1900 2371 non,

321 2407 522 2463 audiet.

395 2498 495 2570 [lb.
523 2513 612 2557 vn,
641 2494 719 2567 6.]
750 2494 889 2549 Fecit
917 2504 1084 2549 autent
1111 2492 1312 2564 Moyses
1336 2501 1383 2546 et
1402 2490 1592 2556 Aaron,
1624 2489 1752 2544 sicut
1773 2501 1904 2557 pra:-

322 2590 451 2657 eepit
476 2588 576 2641 illis
605 2586 871 2653 Dominus,
911 2586 982 2639 ita
1022 2589 1289 2658 fecerunt:
1314 2582 1442 2654 quid
1466 2582 1693 2646 deesset,
1727 2580 1770 2633 si
1796 2595 1901 2634 non

320 2678 613 2739 diceretur,
642 2678 712 2730 ita
742 2677 1003 2747 fcerunt?

395 2767 494 2839 [lb.
526 2766 605 2839 9.]
634 2766 694 2822 Si
726 2768 952 2835 loquetur
975 2766 1111 2820 vobis
1138 2764 1343 2818 Pharao
1384 2762 1573 2827 dicens,
1609 2760 1736 2814 Date
1763 2759 1904 2813 nobis

320 2859 523 2928 signum
550 2867 638 2910 aut
664 2866 965 2927 portentum,
1011 2866 1058 2910 et
1083 2855 1217 2910 dices
1245 2855 1415 2908 Aaron
1444 2851 1591 2923 fratri
1616 2860 1722 2913 tuo,
1749 2849 1905 2904 Sume

322 2949 516 3018 virgam
540 2962 561 3000 :
585 2962 763 3002 nonne
792 2946 1071 3002 locutionis
1092 2956 1287 3000 nostra:
1306 2942 1632 3007 consuetudo
1655 2939 1904 3010 poscebat

320 3046 375 3091 et
397 3036 639 3105 quaedam
659 3036 777 3105 ejus
796 3035 1087 3105 integritas,
1108 3042 1167 3088 ut
1186 3034 1254 3087 ita
1273 3032 1561 3099 diceretur,
1586 3029 1642 3087 Si
1662 3030 1906 3098 loquetur

320 3126 475 3183 Vobis
508 3124 713 3179 Pharao
740 3125 944 3191 dicens,
977 3123 1106 3179 Date
1135 3122 1289 3179 nobis
1319 3121 1528 3191 signum
1559 3129 1649 3175 aut
1688 3128 1904 3187 porten-

324 3227 458 3281 tum,
491 3218 639 3273 dices
663 3217 836 3270 Aaron
860 3214 1007 3269 fratri
1038 3224 1149 3279 tuo,
1179 3212 1341 3269 Sume
1366 3209 1607 3282 virgam?
1633 3209 1756 3279 quid
1776 3223 1904 3276 ergo

322 3307 397 3360 ibi
426 3306 662 3360 additum
708 3315 808 3371 est,
841 3314 907 3372 et,
940 3303 1043 3359 nisi
1072 3304 1244 3374 aliqua
1275 3304 1595 3373 proprietate
1624 3299 1904 3363 locutionis

322 3396 632 3457 hebraicze?
657 3411 780 3455 nam
806 3410 977 3466 neque
1004 3409 1175 3465 graeca
1201 3408 1319 3448 esse
1342 3391 1668 3462 perhibetur.

397 3486 498 3560 [lb.
532 3484 644 3559 11.]
681 3485 795 3540 Non
818 3484 946 3539 mihi
984 3484 1229 3540 videntur
1257 3483 1388 3539 satis
1427 3479 1707 3537 commode
1735 3478 1902 3537 inter-

323 3578 519 3648 pretati
544 3577 689 3631 latini
714 3583 931 3650 σοφιστὰς
956 3574 1271 3640 Pharaonis,
1290 3583 1347 3629 ut
1370 3574 1608 3629 dicerent
1632 3572 1905 3642 sapientes:

322 3682 455 3742 «opai
498 3668 641 3724 enim
683 3670 950 3738 sapientes
991 3668 1256 3723 dicuntur.
1306 3666 1479 3722 Potuit
1525 3665 1665 3721 enim
1712 3665 1905 3719 latinus

322 3760 592 3829 interpres
617 3759 884 3829 sophistas
906 3758 1104 3826 dicere,
1137 3758 1384 3830 quoniam
1411 3772 1515 3812 non
1545 3765 1627 3810 est
1652 3755 1907 3826 quemad-

323 3851 543 3913 modum
562 3851 612 3905 id
628 3851 793 3907 latine
808 3850 1042 3916 dicatur;
1064 3860 1118 3906 et
1144 3849 1263 3907 ideo
1281 3849 1383 3904 isto
1400 3848 1560 3912 verbo
1580 3847 1689 3919 jam
1709 3848 1905 3902 utimur

322 3957 424 4012 pro
472 3942 659 4008 latino,
708 3943 844 3999 sicut
895 3942 1283 4013 philosophiam
1330 3942 1554 3996 dicimus
1593 3956 1698 3996 non
1730 3941 1904 3996 solum

322 4048 517 4102 graece.
560 4048 744 4091 verum
787 4035 945 4095 etiam
975 4033 1174 4089 latine:
1225 4031 1490 4101 sophistas
1528 4031 1903 4111 appellarunt‘

325 4123 611 4177 latinarum
643 4125 935 4178 litterarum
978 4122 1397 4193 eloquentissimi
1427 4130 1689 4177 auctores.

398 4214 498 4288 [lb.
528 4214 641 4287 12.]
665 4215 727 4269 Et
758 4216 1009 4270 absorbuit
1056 4216 1197 4286 virga
1241 4214 1411 4270 Aaron
1437 4215 1602 4287 virgas
1649 4215 1855 4270 illarunt
1884 4233 1904 4275 :

322 4322 389 4361 ac
418 4307 461 4361 si
492 4306 711 4370 diceret,
745 4307 904 4361 draco
934 4308 1130 4361 Aaron.

398 4395 499 4468 [lb.
532 4394 645 4468 15.]
674 4396 825 4463 Quod
863 4396 1061 4452 dictum
1089 4404 1173 4451 est
1200 4395 1270 4451 de
1294 4396 1592 4464 Pharaone,
1636 4395 1768 4452 Ecce
1796 4396 1907 4469 ipse

322 4489 445 4544 exiit
472 4488 540 4540 ad
570 4502 789 4557 aquam;
815 4502 1020 4557 graecus
1045 4488 1225 4553 habet,
1254 4505 1405 4558 super
1431 4504 1634 4558 aquam.

398 4578 499 4653 [lb.
528 4580 641 4652 16.]
682 4580 886 4645 Dimitte
915 4581 1158 4652 populum
1182 4596 1347 4639 meum
1374 4588 1428 4634 ut
1463 4581 1645 4635 serviat
1685 4580 1812 4634 mihi
1850 4580 1905 4635 in

325 4670 542 4736 deserto,
572 4678 618 4724 et
643 4687 752 4724 ecce
775 4688 874 4725 non
897 4671 1149 4726 exaudisti
1177 4688 1333 4742 usque
1353 4671 1522 4726 adhuc
1548 4686 1568 4726 :
1590 4672 1802 4743 quoties
1825 4672 1906 4728 di-

322 4761 466 4823 citur
494 4761 762 4826 exaudisti,
794 4776 911 4815 cum
943 4761 1145 4821 homini
1173 4760 1413 4819 dicatur?

404 4850 644 4925 [lb.
684 4851 934 4908 Fecerunt
985 4865 1153 4909 autem
1200 4854 1427 4907 similiter
1474 4863 1520 4907 et
1572 4855 1907 4911 incantatores

322 4942 691 5016 ﬁgyptiorum
714 4946 961 5014 veneﬁciis
998 4946 1119 5000 suis.
1152 4944 1219 4999 Et
1243 4945 1533 4999 induratunt
1557 4955 1629 5001 est
1648 4962 1735 5000 eor
1759 4945 1905 5003 Phas-

322 5036 519 5100 raonis,
550 5045 597 5089 et
617 5053 717 5098 non
752 5036 1002 5095 exaudivit
1028 5052 1133 5103 eos,
1163 5036 1289 5090 sicut
1317 5035 1443 5090 dixit
1460 5034 1707 5091 Dominus
1739 5052 1757 5091 :
1783 5038 1904 5107 quia

222 5142 225 5143 ν
323 5126 378 5178 in
407 5141 504 5179 usu
528 5126 815 5197 Scriptura:
840 5138 940 5195 est,
971 5128 1241 5194 exaudivit,
1270 5142 1390 5182 cum
1417 5127 1574 5182 etiam
1598 5127 1665 5185 de
1689 5127 1906 5187 homine

327 5215 580 5286 loquitur.

399 5306 497 5380 [lb.
531 5324 643 5375 vui,
677 5306 751 5381 1.]
778 5308 982 5368 Dimitte
1001 5311 1239 5379 populum
1260 5328 1422 5365 meum
1446 5319 1499 5366 ut
1518 5312 1734 5367 serviant
1759 5311 1905 5377 mihi;

325 5415 457 5466 non,
488 5408 545 5455 ut
582 5401 777 5453 serviat
809 5418 822 5453 :
851 5400 940 5469 qui
971 5400 1217 5467 loquendi
1251 5402 1437 5456 modus
1463 5418 1565 5458 non
1611 5401 1722 5459 fere
1752 5402 1905 5457 inve?

326 5490 471 5543 nitur
516 5489 617 5544 nisi
658 5491 748 5545 ubi
789 5507 876 5545 res
916 5491 1028 5561 ipsa
1072 5492 1355 5562 singularis
1398 5494 1632 5563 pluribus
1674 5500 1903 5551 constat.

327 5577 563 5653 Populus
585 5582 726 5635 enim
765 5582 1020 5653 singulari
1064 5583 1280 5638 nomine
1308 5584 1520 5650 dicitur,
1562 5584 1655 5639 sed
1700 5595 1909 5641 constat

327 5690 395 5729 ex
425 5676 626 5730 multis.
652 5673 741 5731 Sic
764 5677 923 5730 etiam
950 5688 1051 5742 est,
1083 5676 1261 5731 Omnis
1288 5685 1421 5730 terra
1438 5676 1646 5730 adorent
1668 5687 1713 5731 te
1735 5676 1904 5747 (Psal.

392 5778 407 5807 ι
432 5776 506 5825 sic
523 5782 629 5825 uss.
653 5782 707 5825 At
732 5775 868 5835 editi,
895 5774 1113 5839 mritis“?
1135 5780 1295 5828 autem
1316 5774 1631 5841 appelmttur.

1640 357 1845 413 LIBER
1880 358 2253 419 SECUNDUS.

3474 372 3581 429 506

2006 493 2132 541 xxv,
2161 478 2253 547 tl):
2285 477 2405 549 quia
2434 479 2607 535 omnis
2633 487 2771 535 terra
2795 479 2992 537 dictum
3016 490 3118 547 est,
3150 496 3245 553 pro
3274 482 3575 541 hominibus

2005 571 2094 641 qui
2121 581 2244 625 sunt
2273 572 2324 625 in
2348 581 2509 626 terra.

2077 660 2176 734 [lb.
2202 678 2314 728 Vill,
2344 661 2423 735 2.]
2462 663 2595 719 Ecce
2611 681 2703 735 ego
2748 666 2873 737 ferio
2898 682 3068 721 omnes
3095 667 3220 735 fines
3245 676 3355 722 tuos
3383 669 3524 723 ranis
3554 684 3574 724 :

2003 756 2083 811 sic
2097 756 2236 811 enim
2258 758 2413 812 habet
2427 771 2631 825 graecus
2647 758 3034 828 elegantissima
3054 759 3337 825 locutione,
3362 768 3419 814 ut
3434 776 3578 816 rame

2007 846 2156 915 ipsat,
2187 848 2333 917 plaga
2361 834 2701 916 intelligatur,
2728 864 2829 918 qua
2855 849 3038 903 feritur
3066 859 3203 904 terra
3231 848 3469 919 Egypti.

1994 996 1997 997 ν
2080 936 2178 1010 [11).
2202 939 2255 1003 5,
2285 936 2361 1010 4.]
2402 938 2468 992 Et
2510 939 2749 993 eructabit
2772 941 2959 1009 flumen
2986 955 3157 1006 ranas,
3184 950 3230 994 et
3258 940 3583 995 ascendentes

2005 1027 2263 1081 intrabunt
2291 1028 2342 1081 in
2368 1027 2541 1082 domos
2565 1036 2676 1083 tuas
2700 1038 2745 1083 et
2770 1029 2822 1082 in
2862 1030 3208 1099 promptuaria
3234 1028 3578 1084 cubiculorunt

2007 1126 2203 1172 tuorum
2228 1135 2377 1187 super
2396 1119 2545 1173 lectos
2571 1129 2701 1183 tuos.
2732 1129 2777 1173 et
2803 1120 2852 1173 in
2882 1119 3056 1174 domos
3078 1135 3332 1173 servorum
3356 1129 3577 1186 tuorum,

2006 1220 2054 1266 et
2082 1212 2257 1282 populi
2284 1212 2376 1277 tui,
2421 1220 2465 1265 et
2499 1212 2550 1265 in
2577 1212 2853 1281 conspersis
2892 1213 3010 1277 tuis,
3040 1222 3087 1266 et
3114 1212 3166 1266 in
3201 1211 3411 1266 elibanis
3437 1213 3579 1278 tuis;

2007 1310 2053 1356 et
2077 1318 2228 1372 super
2253 1312 2299 1356 te
2323 1313 2370 1357 et
2393 1319 2543 1372 super
2567 1302 2809 1374 populum
2850 1314 2987 1357 tuum
3013 1313 3061 1359 et
3083 1321 3234 1375 super
3275 1321 3440 1359 servos
3469 1314 3581 1360 tuos

2006 1391 2273 1451 ascenderit
2314 1408 2469 1447 rauce.
2501 1392 2799 1447 Notandum
2828 1393 2966 1463 quod
3004 1394 3057 1448 in
3085 1397 3275 1460 domos,
3308 1404 3412 1450 etc.
3457 1409 3579 1455 cum

2007 1482 2244 1548 dixisset,
2278 1485 2637 1541 accusativum
2666 1500 2844 1539 casum
2875 1486 3037 1540 tenuit
3064 1501 3078 1551 ;
3110 1494 3155 1539 et
3193 1502 3345 1557 super
3387 1486 3543 1540 lectos
3563 1527 3579 1551 ,

2008 1584 2132 1640 etc.,
2160 1574 2249 1631 ubi
2279 1576 2432 1643 dixit,
2465 1594 2633 1647 super,
2667 1577 3021 1631 accusativum
3050 1577 3292 1632 similiter
3315 1578 3581 1643 servavit;

2006 1666 2058 1719 in
2105 1668 2383 1735 conspersis
2424 1676 2601 1723 autem
2647 1676 2701 1723 et
2746 1669 2799 1723 in
2840 1668 3047 1723 clibanis
3091 1669 3157 1723 ad
3198 1670 3485 1725 ablativum
3522 1684 3583 1725 se

2009 1758 2315 1813 transtulit:
2347 1775 2469 1821 nam
2508 1768 2562 1813 et
2602 1775 2805 1829 grzncus
2848 1762 3068 1815 mutavit
3110 1761 3533 1830 praipositionem
3561 1799 3579 1826 ,

2007 1864 2164 1919 quam
2190 1866 2293 1904 non
2315 1859 2482 1906 mutat
2503 1852 2715 1907 latinus.
2741 1851 2834 1915 Ille
2855 1852 2993 1908 enim
3012 1852 3172 1908 habet
3191 1863 3257 1915 si;
3276 1861 3380 1915 τοὺς
3405 1862 3581 1919 οἴκους,

2006 1943 2059 1997 in
2089 1943 2303 2009 domos;
2332 1943 2384 1997 in
2423 1944 2701 2011 conspersis
2728 1952 2904 2001 autem
2930 1950 2976 1999 εν
3018 1960 3115 2006 τοῖς
3156 1952 3417 2016 φυράμασιν
3447 1962 3461 2000 :
3494 1945 3581 1999 ubi

2008 2032 2199 2085 mirum
2230 2032 2272 2086 si
2320 2047 2424 2087 non
2466 2033 2623 2088 etiam
2668 2048 2856 2091 sensus
2882 2042 2985 2101 est,
3034 2050 3139 2088 non
3170 2034 3384 2100 locutio,
3430 2040 3488 2087 ut
3527 2035 3582 2094 in

2006 2124 2472 2192 conspersionibus
2507 2132 2561 2178 et
2593 2123 2645 2186 in
2676 2124 2895 2179 clibanis
2919 2133 3131 2187 exortus
3168 2139 3324 2180 ranas
3365 2124 3583 2183 forsitan

2009 2214 2133 2270 velit
2154 2214 2392 2285 intelligi,
2422 2231 2526 2271 non
2546 2217 2882 2272 extrinsecus
2906 2216 3209 2272 ascendisse
3231 2217 3316 2272 vel
3339 2216 3579 2286 irruisse,

2007 2314 2061 2361 et
2075 2308 2195 2377 quia
2216 2324 2305 2363 eas
2326 2308 2541 2369 ﬂuvium
2557 2318 2915 2373 eructaturnm
2938 2311 3196 2381 praedicit,
3218 2309 3341 2367 inde
3361 2310 3582 2382 implere

2007 2411 2205 2451 Oll'lllla.

2080 2485 2179 2559 [lb.
2211 2486 2288 2559 6.]
2315 2487 2376 2541 Et
2406 2488 2624 2543 extendit
2647 2488 2816 2543 Aaron
2835 2505 3038 2543 manant
3057 2506 3208 2559 super
3230 2505 3389 2558 aquas
3410 2487 3580 2560 [Egyo

2009 2582 2082 2651 pti
2106 2592 2150 2635 et
2171 2582 2340 2635 eduxit
2364 2599 2536 2649 ranas,
2566 2591 2611 2637 et
2630 2583 2807 2637 educta
2829 2592 2898 2639 est
2923 2600 3050 2641 rana
3073 2592 3118 2637 et
3146 2583 3339 2654 aperuit
3360 2593 3576 2636 terram:

2008 2671 2251 2741 repetitio
2279 2687 2308 2725 a
2340 2671 2526 2741 plurali
2570 2672 2636 2726 ad
2679 2672 3001 2743 singularem.
3044 2686 3324 2730 numerum
3365 2670 3579 2740 trajecta

2007 2774 2124 2829 est;
2152 2778 2272 2816 nam
2303 2763 2480 2832 utique
2505 2778 2652 2828 rana,
2680 2778 2776 2833 pro
2806 2762 3139 2817 multitudine
3162 2776 3407 2821 ranarum
3437 2761 3579 2829 posi-

2008 2862 2120 2907 tum
2158 2862 2275 2917 est;
2308 2853 2487 2908 nescio
2529 2869 2634 2922 quo
2659 2862 2833 2908 autem
2866 2852 3023 2907 modo
3048 2867 3146 2923 per
3174 2851 3422 2921 loquendi
3450 2865 3581 2905 eon-

2007 2942 2339 2997 suetudinem
2392 2942 2604 2996 imbutis
2647 2942 2891 2997 sensibus
2936 2942 3228 3009 homirnam,
3278 2955 3421 3011 saepe
3462 2940 3581 3009 plus

2008 3034 2215 3089 videtur
2240 3032 2377 3104 quod
2406 3032 2759 3104 singulariter,
2792 3050 2947 3104 quam
2977 3032 3117 3103 quod
3154 3032 3421 3102 pluraliter
3446 3031 3580 3087 dici-

2010 3132 2095 3177 tur
2123 3141 2137 3178 :
2164 3138 2284 3177 nam
2311 3122 2430 3193 plus
2455 3123 2711 3192 accipitur
2737 3138 2857 3177 cum
2883 3122 3091 3188 dicitur,
3121 3122 3271 3177 verbi
3296 3137 3475 3186 causa,
3498 3128 3582 3177 est

2008 3212 2115 3267 illic
2152 3212 2325 3274 miles,
2371 3228 2528 3282 quam
2557 3222 2681 3267 sunt
2724 3214 2829 3268 illic
2856 3214 3088 3279 milites;
3132 3222 3215 3268 est
3242 3213 3352 3267 illic
3376 3212 3535 3283 piscis
3564 3252 3581 3279 ,

2008 3317 2165 3372 quam
2192 3310 2315 3355 sunt
2345 3301 2449 3355 illic
2476 3301 2669 3370 pisces.

2080 3391 2179 3464 [lb.
2212 3390 2325 3463 14.]
2347 3390 2415 3445 Et
2440 3391 2736 3462 colligebant
2756 3408 2840 3445 eas
2864 3408 3063 3445 aceruos
3086 3407 3287 3446 aceruos
3316 3405 3337 3445 :
3365 3391 3477 3446 haec
3497 3404 3582 3445 re-

2010 3484 2191 3560 petitio
2208 3483 2596 3538 multitudinem
2612 3498 2917 3539 acervorum
2934 3483 3214 3554 significat,
3228 3492 3282 3538 et
3295 3482 3582 3554 Scripturis

2010 3585 2088 3631 est
2124 3575 2417 3630 familiaris.
3652 3648 3657 3651 η

2081 3665 2181 3738 [11).
2214 3663 2326 3736 16.]
2365 3666 2513 3732 Quod
2547 3664 2741 3721 habent
2762 3665 2930 3730 latini,
2959 3664 3188 3720 Extende
3214 3680 3368 3718 manu
3392 3664 3583 3732 virgam

2011 3770 2166 3823 tuam,
2206 3768 2250 3814 et
2279 3770 2475 3830 percute
2524 3770 2696 3825 terra;
2728 3774 2857 3821 non,
2902 3767 3119 3828 percute
3163 3765 3357 3812 terram
3392 3773 3405 3810 :
3441 3769 3581 3826 grte-

2010 3866 2104 3906 cus
2129 3850 2286 3904 habet
2311 3866 2539 3920 aggerem
2560 3859 2722 3914 terrm,
2750 3850 2794 3904 si
2827 3858 2999 3904 tamen
3023 3844 3125 3902 hoc
3142 3847 3303 3902 verbo
3329 3856 3472 3902 recte
3497 3845 3582 3900 in-

2010 3949 2330 4009 terpretatur
2368 3940 2505 4008 quod
2534 3939 2733 3994 dictum
2768 3948 2850 3994 est
2875 3950 2928 3995 τὸ
2957 3949 3097 4008 χῶμα
3120 3952 3202 3999 τῆς
3226 3952 3331 4004 γῆς.

2082 4028 2180 4101 [lb.
2214 4028 2320 4101 18.]
2344 4028 2588 4084 Fecerunt
2619 4040 2785 4083 autem
2811 4028 3041 4083 similiter
3067 4038 3116 4082 et
3143 4029 3477 4082 incantatores
3501 4042 3585 4081 ue-

2009 4122 2199 4191 neficiis
2241 4122 2362 4187 suis,
2412 4131 2467 4174 ut
2509 4121 2771 4175 educerent
2813 4122 3070 4192 cyuipltes,
3115 4129 3163 4174 et
3201 4136 3303 4173 non
3333 4127 3563 4188 poterant

2009 4214 2308 4270 Notandum
2335 4222 2435 4277 est,
2464 4217 2686 4283 fecerunt
2713 4212 2908 4268 dictum
2956 4227 3050 4282 pro
3074 4227 3139 4267 eo
3182 4212 3322 4282 quod
3346 4220 3448 4276 est,
3493 4225 3585 4265 co-

2012 4306 2118 4359 nati
2145 4313 2267 4360 sunt
2306 4304 2498 4359 facere.
2544 4303 2677 4358 Nam
2720 4303 2897 4373 utique
2939 4304 2984 4358 si
3013 4303 3249 4358 fecerunt
3289 4301 3535 4356 similiter
3562 4341 3580 4368 ,

2011 4398 2193 4467 procul
2230 4397 2392 4453 dubio
2417 4396 2711 4451 eduxerunt
2739 4395 2994 4467 cyniphes
3020 4412 3032 4447 :
3061 4393 3153 4448 sed
3179 4393 3298 4464 quia
3323 4392 3579 4463 sequitur,

2011 4499 2066 4544 ut
2091 4491 2373 4556 educerent,
2405 4499 2449 4543 et
2476 4506 2574 4542 non
2600 4496 2867 4558 poterant;
2894 4501 2995 4540 non
3026 4501 3152 4556 ergo
3176 4484 3419 4540 similiter
3444 4484 3583 4539 fece-

2011 4590 2154 4645 runt,
2181 4580 2275 4635 sed
2313 4581 2558 4635 similiter
2585 4580 2754 4635 facere
2782 4579 2955 4634 conati
2983 4586 3125 4633 sunt.
3159 4581 3265 4633 Aut
3288 4578 3333 4633 si
3370 4578 3503 4632 forte
3529 4586 3583 4632 et

2010 4671 2113 4742 ipsi
2138 4672 2376 4740 quamvis
2414 4670 2682 4735 veneficiis
2714 4679 2952 4741 agerent,
2979 4669 3164 4727 eadem
3194 4680 3370 4725 tamen
3396 4669 3581 4739 agendi

2010 4762 2189 4832 specie
2232 4762 2430 4831 virgam
2460 4761 2833 4827 extendebant,
2878 4761 3016 4831 quod
3044 4762 3313 4831 Scriptura
3356 4776 3463 4817 non
3492 4776 3570 4816 ex-

2012 4853 2223 4923 pressit,
2254 4852 2318 4907 ad
2346 4851 2446 4906 hoc
2475 4850 2809 4906 referendum
2838 4862 2938 4918 est,
2970 4856 3192 4924 fecerunt
3219 4853 3466 4907 similiter.

2083 4942 2181 5016 [lb.
2202 4942 2292 5009 21,
2320 4940 2434 5014 22.]
2459 4942 2523 4996 Et
2540 4943 2591 4996 in
2611 4952 2794 4996 terram
2813 4959 2964 5011 super
2977 4959 3128 5014 quam
3149 4952 3265 4998 sunt
3283 4958 3431 5011 super
3447 4958 3579 4995 eam.

2012 5035 2078 5091 Et
2106 5034 2376 5105 gloriosam
2413 5033 2600 5104 faciant
2627 5033 2680 5086 in
2708 5032 2789 5087 die
2827 5031 2920 5086 illa
2949 5042 3132 5088 terram
3162 5031 3362 5097 Gesscu,
3405 5031 3456 5084 in
3485 5047 3584 5100 qua

2012 5129 2227 5201 papulas
2253 5146 2390 5183 meus
2414 5129 2540 5182 inest
2566 5145 2715 5197 super
2740 5146 2870 5183 eam.

2082 5219 2178 5291 [lb.
2209 5217 2325 5291 29.]
2365 5217 2432 5272 Et
2470 5220 2596 5272 dixit
2622 5218 2843 5289 Moyses,
2876 5217 2987 5290 Ego
3012 5234 3185 5273 exeam
3208 5234 3241 5271 a
3265 5226 3331 5284 te,
3359 5224 3404 5271 et
3431 5215 3583 5271 orabo

2010 5311 2079 5369 ad
2101 5309 2282 5376 Deum,
2311 5319 2357 5363 et
2374 5309 2523 5365 exibit
2543 5309 2809 5380 cynomyia
2836 5325 2867 5361 a
2888 5308 3215 5362 P/taraoneet
3236 5324 3265 5360 a
3284 5307 3435 5362 seruis
3456 5308 3585 5377 ejus:

2011 5402 2162 5472 quasi
2190 5402 2344 5457 alteri
2372 5400 2574 5465 diceret
2596 5408 2650 5456 et
2678 5416 2850 5455 exeam
2874 5416 2905 5452 a
2939 5409 3003 5465 te,
3030 5408 3084 5454 et
3106 5398 3174 5454 de
3197 5398 3368 5454 altero
3388 5399 3588 5453 Phara-

2012 5508 2114 5548 one
2140 5491 2550 5561 subsequeretur
2571 5506 2600 5543 a
2630 5506 2735 5560 quo
2763 5498 2903 5545 esset
2927 5491 3130 5544 exitura
3159 5490 3460 5561 cyuomyia.

2085 5583 2184 5657 [lb.
2212 5598 2289 5649 tx,
2342 5580 2419 5655 1.]
2456 5582 2665 5637 Dimitte
2706 5582 2951 5653 populum
3006 5598 3170 5636 meum
3210 5590 3265 5636 ut
3312 5581 3436 5636 mihi
3477 5597 3581 5635 ser-

2015 5677 2170 5731 biant.

2084 5767 2184 5839 [lb.
2210 5767 2294 5833 18,
2321 5764 2437 5837 21.]
2475 5763 2607 5820 Ecce
2629 5780 2718 5836 ego
2743 5763 2915 5834 pluunt
2954 5763 3083 5818 lianc
3108 5765 3283 5819 horam
3317 5767 3590 5829 crastinam
