4094 6456
541 496 674 548 diem
713 489 1012 564 grandinem
1053 486 1280 544 multam.
1326 484 1533 540 Grande
1573 490 1738 536 autem
1780 476 1938 534 multa
1973 472 2120 530 valde

543 583 706 640 valde.

578 673 679 748 [lb.
697 689 770 739 Ix,
788 673 880 745 29,
899 669 1016 746 28.]
1045 671 1112 727 Et
1127 670 1347 728 desinent
1365 683 1502 724 voces
1523 675 1570 722 et
1589 665 1800 738 grando.
1817 661 2118 719 Notandum

542 777 627 822 est
653 765 1003 836 Scripturam,
1029 778 1171 818 voces
1199 760 1373 817 solere
1398 759 1667 830 appellare
1689 756 1919 811 tonitrua
1939 795 1954 820 ,
1984 767 2117 824 quas

544 873 705 914 voces
746 857 841 913 Dei
875 857 1034 912 etiam
1068 855 1276 910 Pharao
1306 851 1552 922 superius
1588 847 1872 920 appellavit
1907 846 2114 912 dicens,

546 948 705 1006 Orate
731 965 824 1022 pro
845 966 923 1003 me
938 947 1008 1002 ad
1032 947 1323 1013 Dominum,
1352 954 1405 998 ut
1435 943 1662 998 desinant
1689 940 1799 1010 ﬁeri
1817 955 1954 995 voces
1979 937 2073 993 Dei
2095 955 2115 995 :

543 1043 630 1098 ubi
659 1050 715 1098 et
738 1041 825 1097 illa
853 1041 1050 1096 locutio
1079 1047 1161 1095 est
1187 1037 1327 1109 quod
1347 1036 1498 1100 dixit,
1526 1033 1756 1090 desinant
1781 1033 1889 1102 ﬁeri
1915 1047 2078 1113 voces.

616 1133 717 1209 [lb.
746 1151 802 1201 ι,
823 1131 904 1206 2.]
933 1131 999 1188 Ut
1023 1133 1236 1186 narretis
1273 1131 1326 1185 in
1364 1143 1511 1185 aures
1539 1129 1660 1198 ﬁliis
1695 1127 1890 1191 vestris,
1921 1133 1968 1178 et
1995 1123 2116 1191 [iliis

541 1227 764 1296 ﬁliorum
784 1237 1055 1280 vestrorum
1085 1239 1405 1293 quacumque
1428 1221 1567 1275 illusi
1586 1218 1849 1291 Egyptiis
1884 1232 1903 1272 :
1931 1224 2118 1271 notan-

541 1317 666 1371 dum
694 1313 1140 1388 quemadmodum
1165 1312 1373 1368 dicatur
1398 1311 1534 1366 illusi
1556 1352 1568 1374 ,
1595 1325 1663 1364 ne
1684 1310 1822 1365 forte
1848 1309 1915 1362 ita
1943 1307 2009 1361 sit
2031 1305 2115 1360 di-

539 1418 704 1469 ctum,
738 1405 905 1460 Draco
927 1405 1010 1460 hic
1031 1420 1176 1475 quem
1203 1403 1398 1474 ﬁnxisti
1424 1401 1491 1455 ad
1519 1400 1828 1456 illudendum
1864 1399 1908 1453 ei
1943 1396 2110 1467 (Psal.

539 1511 647 1557 CIII,
690 1495 818 1566 ‘26);
863 1504 916 1549 et
955 1493 1082 1549 illud
1127 1495 1178 1548 in
1215 1493 1336 1557 Job,
1375 1491 1488 1546 [Ioc
1537 1498 1608 1546 est
1650 1490 1848 1544 initium
1890 1486 2114 1558 ﬁgmenti

540 1585 747 1640 Domini
805 1586 940 1656 quod
995 1587 1112 1659 fecit
1157 1585 1224 1639 ad
1268 1582 1582 1640 illudendum
1629 1581 1691 1635 ab
1740 1578 1943 1652 Angelis
2006 1580 2113 1651 ejus

517 1678 656 1746 '(Job
684 1695 774 1746 XL,
801 1680 909 1750 ιι).

617 1771 718 1845 [11).
751 1770 830 1844 4.]
855 1771 987 1826 Ecce
1014 1788 1102 1843 ego
1129 1770 1312 1825 induco
1338 1770 1468 1824 hanc
1495 1769 1671 1823 horam
1690 1765 1908 1822 crastino
1926 1765 2008 1819 die
2032 1765 2110 1818 lo-

537 1875 735 1918 custam
771 1863 1002 1918 multam.
1042 1861 1176 1919 Ecce
1213 1859 1658 1932 quemadmodum
1702 1859 1944 1927 superius
1982 1856 2112 1910 dixit

539 1971 743 2021 ranam,
769 1955 854 2010 ubi
886 1955 1113 2010 diximus
1141 1955 1452 2025 plerumque
1480 1953 1596 2022 plus
1623 1951 1841 2019 intelligi
1871 1965 1989 2004 cum
2012 1949 2112 2003 ali—

538 2048 678 2116 quod
709 2047 1004 2116 hujusmodi
1035 2045 1373 2117 singulariter
1398 2043 1610 2109 dicitur,
1641 2056 1798 2112 quam
1829 2041 1873 2095 si
1897 2040 2112 2110 plurali-

539 2147 622 2192 ter
644 2138 926 2193 diceretur.
953 2138 1280 2192 Manifestum
1307 2145 1386 2191 est
1413 2138 1553 2191 enim
1585 2135 1702 2205 plus
1725 2145 1933 2198 sonare,
1967 2131 2111 2186 locu-

535 2239 664 2285 stam
691 2229 919 2296 multam,
953 2244 1109 2300 quam
1137 2229 1180 2282 si
1201 2228 1422 2290 diceret,
1441 2228 1672 2283 locustas
1702 2225 1914 2279 multas.

611 2319 708 2396 [lb.
742 2320 820 2394 8.]
853 2321 954 2387 Qui
992 2330 1160 2375 autem
1197 2329 1247 2376 et
1275 2320 1359 2390 qui
1396 2328 1511 2373 sunt
1546 2318 1633 2390 qui
1674 2319 1854 2373 ibunt?
1878 2313 2112 2387 quotidie

536 2416 759 2470 dicimus
795 2413 1176 2470 consuetudine
1216 2413 1588 2479 familiariore,
1615 2411 1782 2478 Quam
1813 2410 1901 2481 qui
1941 2403 2107 2480 etqui

535 2507 720 2563 ibunt?

607 2596 703 2671 [lb.
727 2595 831 2670 l5]
853 2596 970 2651 Non
987 2605 1058 2650 est
1080 2596 1308 2651 relictum
1326 2594 1482 2650 viride
1501 2593 1632 2648 nihil
1647 2594 1699 2648 in
1724 2593 1873 2665 lignis
1897 2591 2115 2647 :dicen—

534 2689 660 2744 dum
690 2688 787 2744 fuit
811 2703 957 2742 more
983 2687 1262 2742 locutionis
1288 2695 1505 2753 nostrm,
1521 2685 1636 2741 Non
1657 2692 1740 2740 est
1765 2685 2005 2740 relictum
2033 2683 2106 2736 vi-

534 2781 650 2835 ride
671 2779 865 2849 aliquid
894 2779 944 2832 in
977 2777 1149 2845 lignis.

606 2869 705 2942 [lb.
737 2867 952 2940 16,17]
975 2867 1182 2922 Pharao
1209 2867 1274 2922 ad
1305 2866 1541 2937 Moysen,
1569 2865 1779 2919 Peccavi
1799 2873 1916 2919 ante
1935 2862 2112 2918 Domi-

537 2978 658 3016 num
689 2960 848 3016 Deum
876 2971 1089 3015 vestrum
1105 2970 1151 3013 et
1174 2961 1224 3012 in
1255 2958 1420 3024 vobis;
1449 2957 1688 3027 suscipite
1725 2972 1840 3027 ergo
1872 2954 2107 3010 delictum

535 3069 700 3106 meum
739 3067 758 3106 :
791 3051 890 3106 hac
925 3051 1190 3106 locutione
1231 3059 1285 3104 et
1326 3047 1391 3102 ad
1433 3045 1629 3115 .loseph
1659 3046 1738 3100 usi
1768 3055 1891 3100 sunt
1919 3045 2110 3102 fratres

534 3141 651 3210 ejus
678 3142 764 3196 ubi
785 3141 1049 3203 dixerunt,
1078 3139 1263 3210 Accipe
1285 3137 1592 3209 iniquitatem
1610 3152 1864 3192 servorum
1890 3135 1984 3190 Dei
2011 3151 2108 3208 pa-

534 3233 626 3286 tris
647 3231 720 3285 tui
749 3228 900 3301 (Gen.
925 3247 975 3296 ι,
1012 3231 1120 3298 17).

611 3320 708 3393 [11).
739 3318 854 3392 25.]
881 3319 1031 3388 Quod
1061 3320 1206 3374 latini
1234 3319 1457 3382 habent,
1482 3316 1552 3372 Et
1577 3334 1720 3372 nemo
1745 3318 1864 3373 vidit
1900 3318 2107 3387 fratrem

537 3427 683 3467 suum
709 3404 867 3466 tribus
889 3409 1316 3478 dicbus;gr:rcus
1346 3407 1534 3474 habet,
1566 3407 1630 3461 Et
1667 3424 1766 3462 non
1807 3409 1930 3464 vidit
1963 3426 2107 3464 nemo

532 3502 739 3574 fratrem
791 3516 939 3555 suum
987 3515 1008 3553 :
1049 3497 1336 3552 notandum
1395 3498 1552 3552 etiam
1611 3495 1826 3553 fratrem
1880 3498 2107 3555 hominis

532 3591 817 3662 quemlibet
844 3589 1107 3642 hominem
1135 3588 1260 3643 dici.

607 3681 706 3756 [lb.
737 3679 851 3753 9.4.]
876 3679 1079 3735 Pharao
1108 3679 1233 3733 dicit
1265 3677 1331 3733 ad
1371 3678 1586 3751 Moysen
1613 3686 1670 3735 et
1706 3679 1909 3746 Aaron,
1945 3681 2028 3737 Ite
2059 3693 2106 3738 et

532 3774 710 3828 servile
737 3770 950 3825 Domino
981 3769 1088 3824 Deo
1118 3782 1298 3836 vestro,
1329 3779 1506 3841 praeter
1525 3785 1639 3824 oues
1671 3782 1717 3825 et
1745 3772 1918 3839 boves,
1949 3777 2106 3828 relin-

530 3867 696 3938 quite;
724 3867 800 3919 sic
823 3865 962 3920 enim
993 3862 1152 3918 habet
1175 3878 1381 3933 grmcus
1407 3879 1420 3915 :
1454 3862 1606 3918 valde
1639 3863 1882 3919 inusitata
1910 3866 2104 3924 locutio

530 3965 632 4020 est,
675 3954 777 4011 nisi
818 3963 936 4025 post
969 3954 1359 4009 distinctionem
1395 3953 1668 4021 inferatur,
1709 3955 2004 4022 relinquite,
2048 3967 2104 4014 ct

530 4045 894 4112 subaudiatur,
936 4045 1068 4110 ista;
1121 4053 1176 4099 ut
1218 4045 1286 4100 sit
1323 4060 1542 4111 sensus,
1575 4046 1648 4100 [te
1677 4055 1870 4115 praeter
1897 4062 2024 4102 oves
2048 4056 2103 4103 ct

531 4140 711 4205 boves,
740 4148 794 4193 et
819 4139 1096 4209 relinquite
1121 4139 1219 4192 ista
1251 4156 1264 4191 :
1292 4139 1426 4193 solet
1455 4139 1596 4192 enim
1616 4138 1736 4194 talis
1757 4140 1958 4212 ellipsis
1986 4141 2098 4196 fieri

528 4232 716 4285 crebro
744 4230 795 4284 in
821 4230 1174 4285 locutionibus
1193 4227 1603 4300 Scripturarum.

603 4321 701 4396 [lb.
728 4321 843 4394 26.]
875 4321 941 4376 Et
963 4339 1060 4376 non
1087 4320 1422 4391 relinquemus
1454 4323 1728 4393 ungulam;
1754 4321 1902 4392 quasi
1931 4323 2101 4379 abdu-

525 4413 623 4467 ctis
651 4412 948 4483 pecoribus,
971 4419 1147 4481 posset
1175 4410 1361 4480 ungula
1389 4425 1693 4467 remanere:
1715 4410 1836 4481 quid
1856 4420 1938 4468 est
1957 4412 2100 4470 enim

527 4504 666 4559 aliud
704 4520 803 4556 non
842 4503 1178 4572 relinquemus
1211 4501 1485 4572 ungulam,
1527 4501 1668 4568 nisi,
1712 4515 1809 4557 ncc
1849 4502 2098 4574 ungulam

527 4594 918 4664 relinquemus?

599 4682 696 4758 [lb.
715 4682 830 4756 28.]
851 4682 1053 4738 Pharao
1081 4682 1146 4737 ad
1169 4679 1406 4754 Moysen,
1437 4681 1650 4737 Attende
1667 4682 1756 4736 tibi
1781 4681 1914 4738 ultra
1936 4699 2101 4755 appo-

526 4792 644 4831 nere
682 4775 846 4830 videre
884 4773 1063 4845 faciem
1108 4788 1301 4826 meam:
1331 4787 1427 4842 pro
1455 4787 1521 4827 eo
1558 4771 1698 4843 quod
1731 4779 1812 4828 est
1833 4814 1849 4842 ,
1884 4772 2098 4831 attende

528 4865 618 4920 tibi
645 4880 711 4920 ne
737 4864 869 4918 ultra
898 4863 1076 4918 videas
1098 4861 1285 4917 faciem
1311 4876 1503 4916 meam.

600 4955 698 5030 [lb.
717 4972 796 5024 si,
815 4953 896 5028 2.]
911 4955 975 5009 Et
997 4963 1129 5024 petat
1150 4954 1485 5025 unusquisque
1503 4970 1534 5006 a
1553 4954 1782 5024 proximo
1801 4971 1910 5022 suo,
1929 4963 1975 5010 et
1995 4973 2100 5011 mu-

525 5047 618 5102 lier
640 5063 671 5100 a
697 5048 927 5116 proxima
953 5061 1072 5100 vasa
1093 5052 1326 5115 argentea
1344 5051 1392 5098 et
1415 5059 1568 5098 aurea
1585 5055 1633 5098 et
1655 5052 1832 5099 vestem
1859 5059 1878 5100 :
1907 5054 2097 5100 notan-

522 5137 648 5193 dum
671 5147 721 5191 et
750 5135 1030 5207 Egyptios
1055 5134 1290 5190 flebrzcis
1310 5135 1578 5205 proximos
1597 5133 1787 5188 dictos.

595 5225 694 5299 [lb.
721 5227 776 5289 6,
805 5225 882 5298 7.]
913 5225 974 5279 Et
1001 5225 1093 5278 erit
1121 5225 1315 5281 clamor
1340 5241 1552 5296 magnus
1579 5239 1669 5295 per
1695 5238 1888 5277 omnem
1913 5232 2096 5277 terram

523 5317 764 5389 ﬂgypti,
788 5316 952 5389 qualia
979 5331 1079 5370 non
1108 5315 1222 5386 fuit,
1247 5325 1292 5370 et
1319 5315 1434 5368 talis
1459 5329 1557 5368 non
1581 5312 1749 5367 adhuc
1775 5321 2057 5384 apponetur
2077 5328 2098 5370 .'

519 5411 574 5464 in
603 5409 723 5480 ﬁliis
760 5417 927 5462 autem
969 5405 1134 5462 Israel
1177 5422 1276 5461 non
1311 5405 1485 5460 mutiet
1522 5405 1662 5460 canis
1699 5405 1871 5477 lingua
1905 5422 2000 5460 sua
2033 5407 2096 5464 ab

523 5503 724 5555 [tantine
748 5514 911 5570 usque,
923 5497 991 5552 ad
1015 5513 1186 5570 pecus.
1211 5496 1612 5564 Elegantissime
1635 5496 1829 5552 locutio
1855 5505 1972 5554 est:
2001 5513 2098 5569 per

521 5603 707 5645 canem
733 5590 928 5659 quippe
953 5595 1249 5644 extremum
1270 5584 1586 5656 significavit
1607 5585 1690 5639 vel
1717 5584 1989 5642 hominum
2013 5587 2095 5643 vel

524 5696 800 5752 pecorum,
843 5681 915 5736 ita
941 5679 1320 5734 commendans
1347 5685 1540 5748 quanta
1581 5677 1632 5730 in
1672 5676 1908 5732 Hebraeis
1947 5677 2097 5749 quies

509 5771 694 5829 futura
729 5776 906 5840 esset,
943 5769 1208 5843 Egyptiis
1245 5767 1434 5843 acerba
1467 5767 1695 5824 orbitate
1723 5767 2089 5824 clamantibus.

1384 361 1817 424 LOCUTIONUM
1856 357 1914 414 3.
1957 349 2323 412 AUGUSTINI
2359 351 2425 410 IN
2461 353 3020 416 HEPTATEUCHUM

3696 362 3792 419 508

2295 471 2396 547 [lb.
2417 471 2608 549 xn,5.]
2638 476 2900 550 Accipient
2919 479 3106 552 singuli
3123 494 3261 536 ovem
3287 495 3376 551 per
3397 478 3575 536 domos
3600 481 3794 552 patria-

2220 583 2354 624 rum.
2382 569 2524 639 Quas
2566 569 2708 626 dicat
2744 571 2972 642 patrias,
3011 587 3117 628 non
3157 571 3315 629 facile
3351 581 3435 628 est
3469 572 3794 644 intelligere;

2223 669 2397 714 utrum
2435 661 2676 717 civitates
2721 662 2771 716 in
2819 661 3011 732 quibus
3051 663 3478 732 commanebent,
3511 679 3579 720 an
3623 665 3798 735 potius

2223 765 2536 808 numerosas
2568 751 2793 810 familias
2820 768 2850 808 a
2877 755 3131 826 cujusque
3159 756 3304 812 velut
3330 757 3648 827 paternitate
3675 771 3797 827 pro-

2222 851 2476 912 pagatas:
2514 843 2618 900 hoc
2655 845 2799 900 enim
2840 846 3008 916 magis
3045 847 3098 901 in
3134 861 3310 918 gratco
3347 847 3630 920 significari
3675 862 3787 918 pero

2221 931 2452 989 hibetur.

2294 1024 2394 1098 [lb.
2424 1023 2504 1098 4.]
2535 1025 2598 1081 Si
2619 1036 2785 1081 autem
2809 1027 2965 1098 pauci
2995 1028 3098 1083 sint
3123 1027 3210 1101 qui
3233 1028 3286 1084 in
3310 1028 3481 1097 domo,
3502 1030 3576 1084 ita
3601 1039 3656 1084 ut
3693 1046 3794 1084 non

2219 1117 2318 1170 sint
2351 1116 2518 1171 idonei
2541 1117 2610 1171 ad
2645 1133 2803 1184 ovem,
2836 1118 2885 1174 id
2922 1127 3023 1182 est.
3052 1131 3110 1174 ut
3152 1120 3263 1190 ipsa
3305 1120 3538 1190 paucitas
3579 1134 3687 1176 non
3725 1121 3797 1176 sit

2221 1207 2405 1261 idonea
2429 1206 2496 1261 ad
2523 1222 2676 1262 ovem
2697 1209 3134 1273 consumendam,
3153 1218 3370 1265 assumet
3386 1226 3556 1266 εεειιηι
3575 1211 3794 1265 vicinum

2220 1299 2504 1369 proximum
2521 1315 2687 1363 suum,
2704 1299 2804 1355 hoc
2821 1309 2902 1354 est
2925 1301 3033 1370 ipsa
3053 1299 3247 1356 donans
3265 1310 3503 1356 assumet
3521 1301 3756 1356 vicinam
3776 1319 3792 1357 :

2219 1389 2485 1444 hominem
2515 1388 2812 1460 proximum
2857 1405 2954 1459 pro
2993 1388 3210 1450 homine
3240 1390 3441 1460 posuit,
3471 1391 3796 1462 singularem

2217 1491 2391 1536 autem
2423 1496 2516 1551 pro
2557 1481 2741 1552 plurali
2767 1495 2783 1548 ;
2823 1496 2930 1536 non
2959 1482 3098 1536 enim
3137 1497 3297 1536 unum
3320 1522 3337 1548 ,
3366 1482 3460 1537 sed
3489 1491 3618 1552 quot
3645 1481 3798 1537 suffi-

2215 1572 2397 1626 ciunt:
2425 1587 2545 1627 cum
2569 1572 2636 1626 de
2661 1587 2760 1625 ove
2783 1571 3144 1628 consumenda
3169 1571 3440 1644 Scriptura
3466 1573 3795 1644 loqueretur,

2215 1661 2489 1717 secundum
2531 1679 2828 1729 numerum,
2878 1664 3082 1734 inquit,
3129 1663 3413 1718 animarum
3455 1664 3797 1734 unusquisque

2215 1754 2351 1826 quod
2375 1756 2624 1825 suﬁiciat;
2652 1757 2854 1810 animas
2891 1771 2984 1825 pro
3012 1757 3329 1823 hominibus,
3356 1771 3385 1810 a
3416 1766 3563 1826 parte
3599 1764 3795 1811 totum.

2288 1845 2385 1918 [lb.
2408 1846 2486 1918 7.]
2536 1846 2747 1901 Sutnent
2785 1863 2818 1900 a
2859 1847 3121 1918 sanguine.
3167 1857 3213 1903 et
3252 1857 3435 1918 ponent
3477 1865 3628 1919 super
3667 1849 3799 1904 duos

2216 1944 2382 2005 postes
2401 1973 2416 2001 ,
2453 1944 2498 1988 ct
2525 1952 2678 2006 super
2713 1937 2864 1990 limen
2892 1937 2945 1990 in
2981 1937 3210 1992 domibus
3235 1939 3288 1990 in
3315 1938 3491 2007 quibus
3515 1938 3797 1992 manduca-

2217 2027 2336 2080 bunt
2361 2025 2478 2080 illas
2506 2027 2557 2080 in
2593 2026 2682 2080 eis.
2711 2025 2842 2081 Cum
2868 2025 3094 2094 dixerit,
3129 2027 3182 2081 in
3215 2026 3426 2097 quibus,
3450 2026 3584 2082 dixit
3606 2029 3796 2094 etiam,

2215 2117 2268 2172 in
2289 2119 2380 2182 eis,
2403 2133 2553 2172 more
2577 2117 2918 2172 usitatissimo
2943 2135 2956 2171 :
2979 2117 3073 2172 scd
3095 2117 3466 2172 manducabunt
3484 2118 3622 2185 illas,
3647 2135 3797 2189 qua:-

2215 2209 2353 2264 ritur
2373 2223 2532 2280 quas,
2559 2217 2616 2264 et
2640 2209 2948 2278 intelligitur
2973 2225 3198 2276 carnes;
3228 2209 3330 2266 hoc
3357 2211 3497 2266 enim
3529 2212 3796 2281 sequitur,
3897 2265 3902 2268 _

2214 2299 2284 2352 Et
2319 2297 2688 2354 ntanducabunt
2730 2316 2905 2355 carnes
2943 2300 3038 2354 liae
3072 2311 3216 2354 nocte
3247 2310 3441 2356 assatas
3478 2302 3620 2372 igni;
3650 2301 3798 2372 quod

2215 2390 2414 2447 habent
2440 2391 2584 2446 latini
2611 2392 2851 2457 codices,
2877 2392 2961 2462 qui
2987 2392 3356 2446 manducabunt
3381 2407 3604 2459 carnem,
3631 2394 3800 2464 graeci

2213 2491 2391 2538 autem
2419 2483 2612 2539 habent
2637 2493 2802 2556 κρέας,
2838 2483 2888 2538 id
2917 2493 2997 2538 est
3034 2499 3248 2538 carnem
3267 2524 3283 2550 ,
3311 2483 3404 2553 sed
3433 2499 3628 2554 genere
3657 2501 3794 2540 neu-

2217 2582 2332 2642 tre;
2359 2574 2478 2629 ideo
2505 2575 2559 2629 in
2590 2589 2765 2644 grach
2792 2583 2894 2640 est,
2921 2575 2975 2628 in
3001 2574 3250 2642 domibus,
3277 2575 3331 2629 in
3362 2576 3538 2646 quibus
3568 2576 3795 2630 arandu-

2214 2665 2394 2719 cabunt
2424 2665 2514 2718 illa
2539 2665 2592 2718 in
2617 2665 2705 2719 eis.
2747 2666 2841 2719 Est
2872 2680 2998 2719 vero
3024 2665 3111 2718 illa
3149 2665 3366 2732 locutio,
3393 2676 3449 2720 ut
3478 2668 3620 2736 prius
3646 2668 3794 2723 dice-

2215 2766 2300 2811 ret
2328 2756 2464 2821 illas,
2493 2771 2650 2826 quam
2679 2756 2986 2826 praediceret
3008 2755 3135 2828 quid
3158 2757 3210 2811 iu
3237 2758 3679 2829 consequentibus
3705 2760 3794 2814 in-

2215 2847 2540 2918 telligeretur
2563 2861 2696 2917 quas
2719 2846 2932 2914 dixerit,
2963 2846 3152 2902 similis
3176 2847 3226 2902 ei
3262 2846 3512 2903 locutioni
3538 2865 3694 2919 quam
3722 2850 3794 2910 de

2215 2937 2321 2990 filio
2337 2937 2504 3007 Moysi
2539 2937 2880 3006 esposuimus
2905 2935 3042 3009 (Lib.
3065 2951 3103 2992 ιι
3123 2937 3468 3003 Quintianum
3493 2940 3556 2994 de
3585 2941 3795 3010 Exodo,

2212 3036 2391 3098 quiest.
2417 3025 2529 3099 11),
2551 3041 2671 3083 cum
2692 3043 2814 3084 eum
2839 3027 2994 3083 vellet
3012 3029 3232 3097 angelus
3249 3030 3512 3097 occidere,
3534 3040 3588 3090 et
3608 3048 3795 3088 exem-

2214 3120 2356 3189 plum
2397 3118 2734 3174 adhibuimus
2779 3119 2846 3174 de
2891 3120 3101 3175 Psalmo
3125 3163 3142 3187 ,
3191 3120 3542 3178 Fundamenta
3581 3126 3695 3196 ejus
3733 3128 3794 3182 in

2211 3210 2462 3264 montibus
2498 3209 2724 3274 sanctis;
2749 3207 2916 3280 diligit
2951 3209 3199 3265 Dominus
3234 3222 3408 3282 portas
3442 3212 3570 3268 Sion
3598 3214 3793 3287 (Psal.

2213 3313 2444 3363 Lxxxw,
2479 3300 2531 3366 1,
2555 3298 2658 3366 2)τ
2685 3299 2838 3370 cujus
2860 3300 3004 3355 enim
3033 3301 3372 3357 fundamenta
3401 3319 3506 3358 non
3537 3304 3792 3375 intelligi-

2211 3407 2362 3456 mus,
2406 3392 2505 3446 nisi
2541 3407 2610 3446 ex
2650 3392 3132 3462 consequentibus;
3163 3394 3242 3449 sic
3273 3403 3327 3449 et
3369 3395 3472 3461 hic,
3495 3389 3570 3451 'in
3611 3398 3792 3467 quibus

2210 3481 2582 3536 manducabunt
2627 3482 2742 3536 illas
2781 3482 2837 3536 in
2877 3481 2969 3546 eis,
3002 3481 3054 3536 id
3099 3490 3182 3538 est
3222 3483 3274 3538 in
3316 3484 3507 3554 quibus
3541 3487 3790 3544 domibus

2211 3572 2601 3629 mandueabunt
2623 3572 2759 3640 illas,
2782 3571 3088 3644 intelligitur
3110 3589 3320 3643 carnes,
3341 3574 3409 3632 de
3433 3575 3621 3647 quibus
3649 3593 3792 3633 con-

2208 3675 2494 3735 sequenter
2517 3666 2763 3734 loquitur.

2280 3755 2380 3828 [lb.
2408 3754 2523 3827 22.]
2548 3754 2768 3810 Sumetis
2793 3765 2957 3809 autem
2995 3755 3130 3811 vobis
3153 3757 3452 3830 fasciculum
3475 3758 3699 3832 hyssOpi,
3736 3772 3788 3817 et

2207 3846 2404 3916 tingetis
2431 3861 2496 3900 ea:
2519 3847 2765 3917 sanguine
2786 3847 2873 3917 qui
2903 3856 2974 3900 est
2991 3848 3146 3917 juxta
3170 3851 3383 3916 ostium,
3419 3858 3466 3905 et
3490 3851 3672 3907 linietis
3695 3869 3788 3908 su-

2208 3952 2297 4006 per
2319 3937 2470 3990 limen
2497 3945 2544 3990 et
2571 3950 2724 4006 super
2735 3937 2906 3992 ambos
2932 3947 3098 4009 postes
3122 3939 3186 3993 de
3215 3941 3476 4011 sanguine.
3503 3943 3670 3996 Etiam
3700 3943 3788 3999 hic

2206 4027 2486 4082 fasciculus
2515 4027 2729 4099 hyssopi
2765 4027 2946 4098 plures
2984 4029 3164 4099 utique
3192 4031 3470 4085 fasciculos
3497 4032 3785 4102 significat,

2205 4121 2345 4176 sicut
2369 4136 2494 4174 rana
2526 4120 2704 4190 plures
2741 4133 2920 4188 ranas,
2955 4129 3010 4177 et
3047 4121 3250 4178 locusta
3291 4124 3470 4192 plures
3509 4124 3782 4181 locustas:

2207 4223 2390 4284 tropus
2425 4222 2600 4267 autem
2636 4212 2738 4268 iste
2773 4214 2984 4284 quando
3025 4212 3083 4268 fit
3120 4214 3171 4268 in
3203 4215 3363 4272 rebus
3400 4232 3518 4286 qua:
3559 4232 3590 4270 a
3628 4219 3785 4274 nobis

2205 4320 2310 4358 non
2342 4303 2413 4358 ita
2439 4303 2540 4358 dici
2571 4302 2766 4370 solent,
2795 4303 3168 4358 obscuritatem
3197 4303 3340 4360 facit.

2275 4393 2377 4469 [lb.
2402 4393 2494 4462 26,
2527 4393 2644 4468 27.]
2667 4394 2733 4448 Et
2768 4395 2860 4448 erit
2896 4411 3010 4448 cum
3047 4395 3210 4449 dicent
3249 4397 3317 4450 ad
3353 4414 3438 4452 vos
3475 4398 3572 4465 lilii
3607 4400 3780 4465 vestri,

2207 4487 2336 4552 Qua:
2360 4494 2430 4541 est
2454 4486 2664 4541 servitus
2697 4486 2836 4540 ista?
2858 4485 2926 4539 Et
2953 4485 3125 4541 dicetis
3149 4487 3240 4553 eis,
3275 4487 3566 4543 lnnnolatio
3588 4491 3782 4560 pascha

2204 4581 2300 4634 hoc
2327 4577 2543 4634 Domino
2567 4591 2587 4634 :
2613 4578 2774 4635 etiam
2799 4578 2844 4634 si
2867 4595 2972 4634 non
3001 4578 3240 4647 haberet,
3267 4589 3334 4646 et,
3369 4582 3581 4652 plenum
3611 4592 3778 4649 esset,

2203 4671 2374 4727 dicetis
2399 4671 2489 4725 eis.

2274 4760 2494 4838 [11).28.]
2518 4761 2581 4817 Et
2604 4762 2916 4816 advenientes
2940 4766 3164 4834 fecerunt
3191 4763 3288 4834 ﬁlii
3313 4762 3475 4820 Israel
3494 4765 3620 4820 sicut
3643 4784 3778 4838 prte-

2201 4856 2330 4927 ce‘pit
2358 4853 2607 4908 Dominus
2632 4850 2800 4923 Moysi
2823 4860 2871 4906 et
2908 4853 3118 4916 Aaron;
3143 4853 3216 4907 ita
3243 4858 3468 4925 fecerunt
3491 4870 3512 4910 :
3543 4872 3647 4910 non
3676 4858 3776 4911 ad—

2201 4946 2372 5012 deret,
2398 4944 2470 4998 ita
2498 4947 2742 5015 fecerunt,
2776 4942 2876 4997 nisi
2907 4957 3024 4998 mos
3053 4953 3196 5000 esset
3219 4945 3630 5015 Scripturarum.

2273 5033 2372 5109 [lb.
2397 5030 2514 5106 5L]
2549 5033 2615 5087 Et
2648 5036 2836 5106 factum
2861 5043 2966 5096 est,
3001 5033 3054 5088 in
3087 5034 3168 5088 die
3200 5035 3291 5090 illa
3325 5036 3498 5091 eduxit
3529 5035 3776 5095 Dominus

2200 5127 2335 5197 ﬁlios
2358 5123 2522 5181 Israel
2549 5124 2612 5178 de
2635 5133 2766 5178 terra
2795 5123 2868 5178 1E
2872 5126 3032 5195 gypti.

2273 5215 2373 5291 [lb.
2399 5232 2517 5282 χιιι,
2542 5214 2619 5288 1.]
2644 5217 2726 5269 Αἰι
2750 5227 2915 5270 autem
2945 5216 3192 5273 Dominus
3213 5219 3284 5273 ad
3307 5219 3517 5291 Moysen
3544 5221 3736 5278 dicens.

2273 5307 2369 5383 [lb.
2388 5307 2500 5383 12.]
2519 5307 2681 5363 Omne
2703 5308 2998 5380 adaperiens
3023 5308 3239 5378 vulvam,
3262 5315 3539 5368 masculina
3560 5330 3581 5369 .'
3599 5317 3773 5385 plura~

2201 5400 2305 5456 lem
2357 5415 2638 5456 numerum
2684 5400 2860 5454 intulit
2903 5400 3194 5470 singulari,
3241 5403 3361 5472 quia
3418 5403 3590 5473 ipsum
3631 5408 3775 5477 quod

2200 5490 2397 5548 dictum
2423 5500 2507 5547 est
2525 5533 2540 5560 ,
2568 5507 2715 5546 omne
2740 5490 3070 5562 adaperiens,
3101 5508 3209 5546 non
3239 5493 3420 5565 utique
3445 5495 3496 5550 in
3522 5512 3644 5562 uno,
3678 5499 3775 5558 sed

2203 5583 2256 5638 in
2296 5582 2477 5638 multis
2521 5583 2796 5652 accipitur.
2840 5580 3038 5638 Similis
3082 5593 3164 5638 est
3210 5584 3442 5654 locutio,
3486 5587 3772 5657 Attendite,

2203 5673 2390 5747 popule
2413 5689 2552 5729 meus
2577 5671 2746 5744 (Psal.
2779 5689 2974 5740 Lxxvu,
3007 5673 3082 5746 1).
3113 5675 3241 5731 Tale
3268 5687 3426 5734 estet
3450 5679 3589 5749 quod
3617 5681 3775 5750 paulo

2205 5777 2324 5840 post
2351 5769 2606 5838 sequitur,
2633 5765 2794 5822 Omne
2819 5765 2953 5837 quod
2979 5765 3205 5834 adaperit
3229 5769 3422 5824 vulvam
3451 5770 3512 5824 de
3534 5773 3772 5828 armentis
