4094 6460
356 404 457 461 509

358 528 405 573 et
426 518 491 572 de
514 517 802 589 pecoribus,
828 532 1150 590 quacumque
1173 517 1262 572 tibi
1284 528 1401 571 nata
1427 526 1611 571 erunt:
1638 530 1783 569 omne
1805 525 1944 585 qua:-

362 627 574 681 curnque
602 611 693 666 tibi
721 622 841 666 nata
868 620 1033 676 erunt,
1067 610 1178 679 ipse
1206 609 1397 665 modus
1422 619 1502 665 est
1532 605 1830 663 locutionis.

429 701 532 774 [11).
552 718 668 766 xm,
690 700 802 775 15.]
827 701 988 757 Omne
1004 701 1300 773 adaperiens
1316 702 1511 755 vulvam
1530 700 1687 753 asina:
1709 711 1943 767 :graecus

359 794 542 859 habet,
571 794 744 858 asini;
774 794 931 849 modo
962 793 1053 848 illo
1083 793 1394 856 locutionis,
1420 807 1579 863 quem
1613 790 1721 859 jam
1751 788 1802 844 in
1833 786 1943 843 Ge-

360 885 474 938 nesi
503 887 827 949 notavimus,
846 885 932 939 ubi
964 884 1312 940 masculinum
1334 880 1696 952 pro-feminino
1712 878 1941 950 positum

360 988 459 1044 est,
474 978 543 1033 de
566 988 735 1032 morte
756 976 901 1032 Sorte
921 975 1130 1030 dicente
1144 972 1432 1044 Scriptura,
1451 972 1674 1044 Surgens
1691 971 1943 1024 Abraham

360 1085 392 1123 a
428 1080 648 1135 mortuo,
689 1077 763 1131 et,
806 1066 1062 1137 Sepeliam
1103 1076 1353 1119 mortuum
1392 1081 1552 1117 meum
1592 1061 1759 1137 (Gen.
1787 1076 1939 1129 xxnt,

360 1162 414 1229 5,
442 1159 499 1232 4)
527 1177 542 1225 ;
576 1169 629 1215 et
659 1160 782 1213 talia
812 1159 882 1213 ibi
910 1172 1053 1228 szepe
1079 1157 1324 1211 dicuntur
1349 1156 1415 1209 de
1447 1165 1672 1209 mortua.

432 1251 533 1325 [lb.
555 1249 670 1325 15.]
688 1249 905 1322 PrOpter
932 1251 1026 1303 hoc
1054 1264 1142 1319 ego
1168 1246 1370 1301 immolo
1399 1245 1612 1301 Domino
1641 1260 1786 1299 omne
1810 1244 1943 1314 quod

361 1344 522 1415 aperit
548 1342 768 1406 vulvam,
794 1339 1074 1395 masculina
1098 1354 1117 1394 :
1144 1338 1330 1393 similis
1360 1338 1558 1394 locutio
1587 1336 1866 1406 superiori.

432 1432 533 1507 [lb.
564 1429 677 1505 16.]
709 1430 774 1485 Et
802 1432 892 1485 erit
922 1431 973 1483 in
1010 1430 1210 1499 signant
1238 1444 1390 1500 super
1431 1444 1634 1481 manum
1677 1436 1816 1481 tuam
1843 1442 1860 1479 :
1888 1425 1939 1480 id

360 1533 471 1591 est,
502 1537 666 1593 super
694 1537 855 1592 opera
900 1531 1022 1587 tua;
1056 1519 1145 1574 ubi
1183 1520 1350 1590 magis
1388 1532 1578 1574 sensus
1604 1526 1684 1572 est
1720 1516 1940 1571 forsitan

361 1628 521 1686 quam
553 1614 767 1669 locutio.

431 1704 536 1782 [lb.
561 1721 676 1773 xiv,
705 1702 822 1779 27.]
849 1701 907 1757 Et
932 1704 1147 1759 excussit
1174 1702 1426 1758 Dominus
1453 1700 1728 1773 ﬁgyptios
1756 1702 1808 1755 in
1835 1717 1941 1754 me-

358 1797 498 1851 dium
552 1796 707 1851 maris
747 1812 765 1849 :
814 1809 1017 1866 graecus
1071 1794 1260 1860 habet,
1314 1792 1382 1848 Et
1427 1796 1642 1849 excussit
1693 1791 1940 1847 Dominus

362 1888 640 1960 digyptios
668 1887 883 1940 medium
914 1886 1087 1940 maris.

429 1977 530 2053 [lb.
560 1975 675 2051 31.]
713 1976 846 2032 Vidit
884 1986 1050 2030 autem
1078 1972 1243 2030 Israel
1287 1991 1490 2029 manum
1530 1990 1784 2046 magnam,
1825 1989 1939 2045 quia

359 2071 476 2143 fecit
506 2070 751 2124 Dominus
776 2067 1060 2139 Egyptiis.

432 2161 530 2235 [11).
551 2177 643 2228 xv,
675 2159 749 2234 1.]
789 2158 928 2214 Tunc
953 2158 1167 2213 cantavit
1192 2156 1394 2229 Moyses
1420 2166 1468 2211 et
1496 2157 1592 2225 lilii
1618 2154 1787 2210 Israel
1810 2174 1935 2210 can-

357 2257 511 2308 ticum
552 2255 648 2306 Itoc
677 2252 890 2306 Domino
911 2294 924 2314 ,
952 2260 996 2304 et
1024 2251 1258 2304 dixerunt
1286 2250 1486 2303 dicere:
1514 2248 1589 2303 sic
1614 2248 1754 2304 enim
1780 2247 1938 2302 habet

353 2359 581 2418 gnrcus,
616 2355 695 2397 και
722 2348 857 2397 εἶπαν
885 2352 1048 2409 λέγειν.

428 2435 648 2510 [lb.22.]
676 2435 737 2488 Et
761 2451 858 2489 non
885 2433 1194 2487 inveniebant
1213 2449 1413 2503 aquam,
1438 2440 1490 2486 ut
1510 2431 1722 2486 biberent
1746 2447 1764 2486 :
1788 2442 1937 2502 pole-

354 2536 439 2581 rat
467 2544 570 2581 non
600 2528 818 2591 habere,
844 2535 896 2578 ut
926 2524 1160 2579 biberent.

427 2616 527 2690 [lb.
553 2614 671 2690 21.]
703 2617 767 2670 Et
816 2617 1139 2669 nmrmuravit
1182 2615 1399 2687 populus
1439 2615 1676 2670 adversus
1722 2615 1933 2685 Moysen

355 2710 612 2764 dicentes:
664 2726 790 2776 non,
837 2709 1059 2773 dicens;
1107 2708 1222 2777 sed,
1268 2709 1483 2763 dicentes
1523 2724 1543 2763 :
1586 2725 1648 2764 ex
1695 2708 1932 2779 pluribus

353 2803 498 2857 enim
526 2803 750 2872 populus
775 2810 999 2855 constat.

424 2889 503 2963 [11)
565 2906 676 2958 va,
722 2890 795 2964 1
836 2889 903 2944 Et
949 2899 1184 2945 venerunt
1226 2891 1386 2944 omnis
1426 2907 1683 2963 synagoga
1711 2891 1932 2960 ﬁliorum

351 2980 522 3038 Israel
545 2984 595 3035 in
624 2999 840 3037 creatum
862 2998 881 3036 :
907 3000 1009 3036 non
1041 2982 1201 3049 dixit,
1231 2983 1394 3047 venit,
1425 2983 1547 3053 quia
1576 2997 1836 3054 synagoga
1863 2998 1928 3038 ex

350 3077 592 3147 pluribus
621 3085 846 3131 constat.

426 3165 523 3237 [lb.
542 3166 623 3239 2.]
655 3166 1036 3220 Murmurabant
1053 3166 1213 3221 omnis
1237 3183 1493 3239 synagoga
1516 3169 1740 3237 ﬁliorum
1766 3167 1931 3227 Israel

348 3259 595 3311 adversus
627 3256 835 3329 Moysen
864 3266 907 3311 et
936 3259 1102 3311 Aaron
1128 3273 1147 3312 :
1170 3258 1355 3313 eadem
1388 3266 1470 3315 est
1497 3260 1595 3313 ista
1621 3260 1837 3315 locutio.

424 3346 523 3420 [lb.
552 3346 632 3419 4.]
664 3346 803 3401 Dixit
833 3356 995 3402 autem
1030 3346 1280 3402 Dominus
1307 3347 1374 3401 ad
1404 3347 1614 3419 Moysen
1633 3390 1648 3414 ,
1682 3348 1812 3403 Ecce
1838 3366 1928 3420 ego

350 3439 524 3508 ptuam
565 3438 702 3492 vobis
742 3455 896 3508 panes
934 3438 996 3493 de
1028 3439 1171 3493 caelo.
1208 3439 1396 3495 Manna
1436 3441 1725 3509 pluiturus,
1764 3457 1930 3510 panes

350 3528 629 3599 promisit:
656 3528 852 3583 locutio
875 3539 955 3583 est
980 3545 1079 3599 qua
1105 3530 1257 3600 panis
1285 3545 1378 3599 pro
1401 3531 1652 3585 alimento
1678 3534 1925 3601 ponitur;

349 3632 492 3673 amat
531 3631 709 3674 autem
748 3621 1015 3689 Scriptura
1056 3622 1327 3692 pluraliter
1358 3624 1523 3693 magis
1558 3639 1740 3693 panes,
1770 3641 1925 3694 quam

348 3710 689 3778 singulariter
718 3711 914 3767 dicere.

423 3799 523 3873 [lb.
545 3798 623 3871 7.]
642 3799 795 3853 Mane
820 3801 1064 3863 videbitis,
1089 3802 1274 3872 inquit,
1298 3803 1531 3874 gloriam,
1557 3804 1675 3858 dum
1698 3806 1928 3860 exaudiet

350 3891 799 3943 murmurationem
846 3901 1054 3945 vestram
1101 3910 1254 3963 super
1293 3893 1455 3947 Deum
1495 3910 1515 3949 :
1556 3895 1607 3949 id
1650 3904 1760 3963 est,
1806 3898 1926 3969 quia

351 3982 699 4037 murmuratis
737 3997 898 4051 super
943 3983 1104 4038 Deum
1129 4025 1142 4047 ,
1184 3985 1325 4055 quod
1367 3995 1566 4041 tantum
1606 3987 1745 4044 valet
1784 4005 1845 4044 ac
1883 3990 1927 4044 si

349 4074 573 4137 diceret,
598 4074 851 4129 adversus
879 4076 1063 4131 Deum.
1088 4078 1285 4132 Deinde
1309 4080 1590 4134 notandum
1615 4096 1750 4135 novo
1772 4082 1928 4137 modo

352 4162 439 4217 hic
471 4164 865 4218 exauditionctn
895 4164 1088 4219 dictam
1130 4182 1233 4220 non
1268 4170 1591 4236 precantium
1613 4213 1626 4234 ,
1658 4172 1748 4226 sed
1780 4189 1927 4227 mur-

349 4254 695 4319 murantium,
724 4270 843 4308 eum
877 4256 1229 4325 reprehendat
1266 4260 1443 4328 utique
1482 4260 1749 4330 Scriptura
1780 4280 1928 4318 mur-

349 4345 703 4399 murationem
730 4362 745 4399 :
777 4355 1024 4416 tanquam
1066 4348 1164 4401 hoc
1184 4347 1414 4413 dixerit,
1443 4352 1580 4421 quod
1620 4356 1928 4422 cognoverit

350 4435 490 4489 Deus
514 4436 986 4491 murmurationem
1015 4452 1220 4506 eorum,
1248 4446 1301 4493 et
1325 4441 1491 4508 ipsam
1530 4441 1623 4497 Dei
1664 4445 1927 4514 cognitio-

349 4542 471 4581 nem
504 4527 639 4581 dixit
667 4529 1079 4585 exauditioncm.

419 4618 524 4691 [11).
551 4618 619 4684 9,
670 4619 782 4693 12.]
831 4622 1057 4676 Accedite
1094 4632 1210 4678 ante
1250 4623 1457 4693 Deum;
1500 4626 1754 4684 exaudivit
1780 4622 1927 4685 enim

346 4728 582 4764 murmur
617 4721 831 4765 vestram
854 4728 872 4767 :
897 4716 1084 4767 iterum
1115 4717 1538 4787 exauditionem,
1567 4736 1672 4774 non
1711 4735 1925 4791 precum

346 4804 611 4872 signiﬁcat
639 4813 693 4859 et
732 4805 1077 4875 petitionum,
1110 4807 1199 4861 sed
1241 4808 1399 4862 etiam
1441 4812 1726 4867 murmuris
1755 4814 1927 4868 malo-

346 4910 510 4960 rum;
562 4894 661 4949 hoc
706 4904 757 4949 et
800 4905 979 4965 postea
1020 4897 1149 4953 dicit
1190 4898 1360 4966 Deus,
1408 4899 1660 4955 Exaudivi
1700 4920 1927 4959 murmur

347 4983 575 5053 ﬁliorum
603 4983 783 5038 Israel.

419 5072 659 5147 [11).14.]
702 5074 774 5128 Et
807 5090 918 5130 cccc
957 5075 1009 5130 in
1054 5076 1184 5147 [acie
1218 5080 1368 5133 eremi
1406 5081 1647 5136 minutum
1686 5093 1925 5155 tanquam

346 5163 693 5216 coriandrum.
741 5163 874 5219 Cum
924 5167 1081 5222 toties
1131 5168 1272 5224 Deus
1315 5170 1488 5238 dicat,
1531 5176 1709 5244 faciem
1754 5184 1919 5244 terrte,

346 5252 485 5306 sicut
512 5251 599 5307 hic
628 5253 805 5322 [aciem
842 5256 1025 5323 eremi,
1067 5260 1258 5314 tnirum
1289 5270 1371 5316 est
1411 5263 1550 5320 unde
1580 5265 1822 5323 homines
1852 5271 1923 5325 ita

344 5352 530 5398 errent
554 5356 674 5397 cum
704 5344 889 5400 faciem
920 5347 1218 5416 audierint,
1246 5360 1303 5405 ut
1328 5353 1523 5423 aliquid
1556 5358 1659 5413 tale
1693 5361 1919 5429 opinen-

346 5440 455 5498 tur,
482 5434 655 5500 qualis
683 5432 914 5491 hominis
940 5437 1097 5494 l'acies
1123 5450 1232 5509 est,
1259 5442 1340 5497 vel
1368 5444 1589 5516 alicujus
1612 5450 1917 5509 animantis.

416 5520 655 5597 [lb.16.]
688 5524 977 5583 Secundum
1024 5545 1285 5585 numerum
1327 5535 1607 5591 animarum
1646 5552 1923 5599 vestrarum

344 5615 688 5688 unusquisque
719 5633 831 5673 cun
867 5623 1288 5678 commanentibus
1325 5625 1459 5679 vobis
1483 5628 1717 5701 colligite.
1751 5632 1919 5700 Quam

342 5721 491 5773 sa‘pe
532 5706 801 5776 SCriplttra
845 5712 1067 5778 aninas,
1118 5712 1356 5771 homines
1400 5720 1651 5787 appellat,
1696 5737 1726 5776 a
1774 5734 1920 5793 parte

343 5805 557 5855 totum:
588 5816 695 5857 non
732 5800 886 5859 facile
910 5815 1090 5862 autem
1127 5820 1316 5865 carnes
1348 5823 1446 5880 pro
1470 5810 1791 5889 hominibus,
1822 5821 1921 5881 sed

1680 397 1878 455 LIBER
1921 394 2291 459 SECUNDL'S.

3514 426 3621 485 510

2048 528 2280 584 carnem,
2311 520 2460 575 sicuti
2497 534 2594 587 est,
2627 524 2745 581 Non
2774 528 2949 582 timebo
2974 531 3097 601 quid
3134 547 3253 586 num
3280 534 3432 605 faciat
3460 552 3578 592 caro
3597 583 3611 603 ,

2047 606 2185 699 quod
2226 610 2460 699 apertius
2488 614 2537 668 in
2568 615 2755 672 eodem
2786 618 2990 689 psalmo
3017 621 3108 683 ait,
3144 621 3279 687 Quid
3313 625 3435 680 mihi
3461 628 3614 699 faciet

2048 695 2195 752 homo
2217 698 2383 771 (Psal.
2410 719 2494 769 ιγ,
2520 706 2574 768 5.
2605 707 2715 779 11).
2737 708 2853 764 Non
2878 721 3054 766 autem
3079 711 3298 778 diceret,
3326 695 3618 773 secundum

2049 804 2325 844 numerum
2355 797 2595 850 carnium
2625 808 2953 867 vestrarum,
2985 802 3122 857 sicut
3148 802 3313 871 dixit,
3345 809 3621 864 secundum

2048 894 2304 933 numerum
2331 894 2610 940 animarum
2640 898 2932 944 vestrarum.

2119 967 2217 1040 [lb.
2244 987 2352 1036 xvi,
2376 972 2490 1047 21.]
2523 974 2587 1030 Et
2614 980 2922 1051 collegerunt
2941 981 3071 1037 illud
3093 1000 3239 1039 mane
3260 1002 3407 1041 mane
3437 1002 3455 1041 :
3482 1004 3617 1059 quo-

2047 1061 2204 1117 modo
2231 1073 2415 1132 puteos
2440 1076 2624 1137 puteos
2645 1109 2662 1137 ,
2694 1085 2915 1127 acervos
2945 1089 3182 1143 acervos,
3214 1077 3291 1132 sic
3315 1064 3510 1134 dictum
3538 1093 3619 1135 est

2048 1168 2195 1205 mane
2222 1170 2386 1208 mane.
3259 1173 3266 1180 ’

2118 1238 2216 1316 [11).
2243 1240 2359 1315 29.]
2392 1242 2583 1300 Nullus
2607 1257 2821 1304 vestrum
2866 1253 3151 1322 egrediatur
3173 1257 3513 1330 unusquisque
3554 1259 3618 1314 de

2045 1333 2154 1388 loco
2174 1351 2263 1389 suo
2286 1334 2367 1389 die
2391 1338 2599 1408 septimo
2618 1354 2637 1393 :
2656 1341 2794 1409 quod
2816 1343 3180 1415 interpositum
3208 1357 3311 1416 est,
3335 1352 3611 1422 unusquis-

2043 1442 2156 1496 que,
2190 1428 2358 1496 potuit
2384 1436 2436 1482 et
2467 1445 2569 1482 non
2601 1430 2725 1484 dici.

2114 1513 2214 1589 [lb.
2244 1532 2376 1583 xvu,
2404 1517 2477 1591 1.]
2508 1518 2627 1574 Non
2651 1530 2758 1575 erat
2781 1530 2946 1578 autem
2975 1524 3161 1597 populo
3181 1544 3311 1599 aqua
3333 1527 3495 1585 bibere
3517 1546 3536 1585 :
3561 1530 3613 1587 id

2042 1617 2122 1660 est
2143 1607 2207 1661 ad
2235 1609 2537 1663 bibendum.

2114 1694 2213 1769 [lb.
2245 1696 2323 1771 2.]
2351 1698 2418 1753 Et
2457 1699 2782 1756 maledicebat
2803 1704 3019 1775 populus
3046 1707 3115 1761 ad
3141 1706 3355 1779 Moysen
3381 1726 3401 1764 :
3427 1710 3477 1765 id
3506 1719 3609 1780 est,

2041 1790 2332 1845 maledictis
2352 1793 2539 1863 agebat
2564 1794 2814 1867 Moysen;
2845 1798 2943 1853 hoc
2970 1808 3070 1864 est,
3100 1800 3479 1858 maledicebant
3504 1803 3573 1859 illi
3597 1822 3610 1859 :

2042 1897 2161 1935 nam
2190 1881 2291 1937 hoc
2320 1884 2369 1937 in
2397 1888 2842 1956 consequentibus
2885 1889 2997 1960 ipse
3023 1890 3154 1946 dixit
3178 1932 3193 1957 ,
3228 1892 3360 1959 Quid
3398 1895 3615 1949 maledi-

2040 1973 2154 2027 citis
2183 1975 2304 2027 ini/ti
2320 1977 2347 2031 .7

2112 2063 2209 2139 [lb.
2242 2064 2321 2139 5.]
2360 2064 2429 2121 Et
2449 2071 2774 2123 murmuravit
2799 2070 3018 2142 papulas
3046 2073 3114 2126 ad
3140 2072 3351 2145 Moysen
3373 2075 3609 2131 dicentes.

2111 2154 2305 2230 [Ib.5.]
2337 2158 2400 2211 Et
2425 2160 2617 2230 virgam
2640 2160 2692 2213 in
2718 2176 2817 2230 qua
2847 2163 3135 2232 percussisti
3156 2164 3343 2235 flumen
3369 2167 3539 2236 accipe
3561 2169 3613 2220 in

2039 2264 2191 2301 manu
2213 2258 2298 2302 tua
2324 2264 2344 2304 :
2369 2250 2421 2303 in
2450 2267 2549 2320 qua
2576 2253 2863 2319 percussisti
2886 2294 2901 2319 ,
2948 2254 3079 2307 dixit
3107 2271 3200 2324 pro
3226 2271 3289 2310 eo
3313 2256 3451 2327 quod
3477 2257 3611 2311 dici-

2039 2352 2157 2391 mus
2173 2378 2187 2404 ,
2211 2338 2277 2392 de
2304 2354 2403 2409 qua
2436 2342 2739 2409 percussisti
2762 2360 2775 2409 ;
2800 2352 2852 2397 et
2877 2353 2958 2398 est
2982 2345 3049 2397 ita
3075 2346 3270 2401 locutio
3289 2347 3610 2403 creberrima

2039 2427 2091 2481 in
2118 2428 2422 2497 Scripturis.

2109 2518 2208 2593 [lb.
2243 2537 2392 2588 xvttl,
2424 2520 2535 2595 12.]
2578 2522 2642 2577 Et
2663 2526 2872 2595 sumpsit
2905 2525 3088 2580 Jotltor
3106 2543 3247 2582 socer
3266 2527 3435 2600 Moysi
3463 2531 3610 2585 holo—

2035 2621 2344 2664 caustomata
2365 2621 2411 2665 et
2439 2613 2689 2682 sacriﬁcia
2718 2614 2828 2668 Deo
2862 2630 2880 2669 :
2907 2617 3136 2686 sumpsit,
3162 2634 3255 2686 pro
3276 2634 3339 2673 eo
3364 2618 3502 2689 quod
3528 2628 3610 2675 est

2036 2702 2246 2757 obtulit.
2276 2704 2355 2756 An
2386 2702 2522 2759 forte
2543 2720 2733 2761 sensus
2759 2713 2838 2761 est
2861 2750 2877 2775 ,
2903 2724 3006 2762 non
3038 2710 3265 2775 locutio,
3294 2721 3347 2766 ut
3377 2728 3437 2767 ea
3464 2729 3610 2767 sum-

2035 2791 2206 2861 psisse
2234 2792 2574 2864 intelligatur,
2598 2810 2715 2865 qua:
2740 2795 2950 2868 Moyses
2976 2798 3285 2871 obtulisset?
3308 2817 3606 2872 quanquam

2034 2881 2240 2953 Moyses
2270 2899 2374 2937 non
2406 2884 2608 2954 legatur
2635 2887 2878 2955 superius
2903 2888 3229 2945 sacriﬁcasse
3251 2931 3267 2956 ,
3298 2907 3397 2946 nec
3426 2893 3603 2947 Aaron

2036 2990 2132 3027 nec
2163 2974 2461 3045 quisquam,
2488 2976 2828 3032 Hebrzeorum
2873 2980 2961 3049 qui
3004 2980 3177 3035 educti
3206 2990 3327 3036 sunt
3372 2982 3437 3037 de
3468 2994 3606 3038 terra

2035 3066 2248 3136 Egypti
2276 3083 2290 3132 ;
2324 3068 2416 3122 sed
2443 3077 2647 3123 tantum
2680 3071 2921 3139 superius
2948 3072 3196 3141 scriptum
3227 3082 3341 3138 est,
3370 3073 3507 3143 quod
3534 3074 3610 3127 al-

2035 3165 2147 3210 tare
2158 3157 2489 3212 constituerit
2515 3157 2739 3229 Moyses,
2759 3160 3171 3229 etappcllavcrit
3189 3162 3334 3227 illud,
3362 3161 3608 3217 Dominus

2034 3263 2197 3300 meum
2226 3248 2476 3319 refugium
2504 3248 2695 3320 (Exod.
2730 3266 2859 3317 xvu,
2895 3250 3001 3323 15).
3033 3252 3190 3306 Istum
3221 3262 3394 3306 autem
3421 3252 3609 3307 Jolhor

2036 3341 2256 3409 legimus
2286 3343 2614 3397 sacerdotem
2646 3343 2805 3399 fuisse
2851 3343 3087 3413 Madian,
3121 3345 3171 3399 id
3202 3354 3285 3400 est
3306 3347 3475 3415 gentis
3500 3345 3609 3400 Ma-

2035 3430 2179 3483 dizm.
2209 3430 2392 3485 Mirum
2422 3442 2502 3487 est
2528 3442 2700 3487 autem
2727 3476 2741 3499 ,
2772 3434 2817 3488 si
2847 3438 2962 3502 ejus
2997 3434 3225 3491 adventu
3255 3435 3414 3504 coepit
3438 3434 3607 3490 sacri-

2036 3521 2193 3575 [icore
2220 3521 2455 3591 Moyses,
2488 3532 2669 3577 etnon
2702 3525 2873 3593 potius
2900 3527 3010 3594 ipse
3036 3525 3223 3580 Jothor
3245 3526 3331 3596 qui
3364 3526 3473 3595 jam
3520 3539 3605 3580 sa-

2032 3619 2221 3668 cet-dos
2246 3624 2377 3668 eral.

2105 3702 2202 3775 [lb.
2232 3701 2343 3775 18.]
2384 3702 2545 3757 Grave
2571 3706 2657 3759 tibi
2686 3705 2884 3759 verbum
2912 3708 3004 3760 Ieoc
3030 3724 3047 3761 :
3072 3708 3414 3776 subauditur,
3446 3718 3547 3763 est.

2106 3793 2203 3866 [11).
2232 3793 2347 3867 20.]
2370 3795 2432 3848 Et
2457 3795 2816 3851 dctnonstrabis
2838 3797 2941 3852 illis
2973 3796 3079 3852 vias
3100 3840 3114 3865 ,
3144 3797 3196 3851 in
3220 3799 3398 3868 quibus
3426 3796 3606 3853 ambu-

2032 3884 2205 3939 labunt
2232 3886 2283 3939 in
2310 3886 2396 3940 eis.

2104 3977 2321 4051 [lb.26.]
2348 3977 2562 4033 Verbum
2578 3995 2741 4032 autem
2760 3997 2911 4051 grave
2922 3979 3194 4051 referebant
3208 3997 3264 4036 su
3271 3997 3359 4050 per
3373 3980 3607 4053 Moysen:

2032 4070 2109 4125 sic
2133 4070 2276 4124 enim
2316 4070 2478 4137 habet
2498 4085 2729 4141 graecus,
2760 4071 2897 4142 quod
2930 4070 3074 4125 latini
3103 4071 3430 4141 interpretati
3461 4083 3604 4139 sunt,

2032 4163 2099 4215 ad
2129 4160 2360 4234 Moysen.
2390 4162 2485 4218 llla
2514 4178 2642 4219 sane
2676 4163 2943 4219 locutione
2970 4164 3078 4234 ipsa
3104 4165 3263 4219 etiam
3292 4179 3413 4219 cura
3441 4166 3605 4235 signi-

2034 4252 2251 4317 ﬁcatur,
2278 4268 2379 4323 qua
2418 4253 2613 4308 dictum
2640 4263 2749 4319 est,
2779 4271 2931 4326 super
2956 4254 3205 4326 Moysen;
3231 4256 3373 4310 velut
3405 4271 3537 4309 onus
3558 4256 3605 4309 ei

2032 4342 2417 4412 signiﬁcaretur
2440 4344 2762 4414 impositum.
2805 4344 3014 4399 Verbum
3050 4354 3217 4399 autem
3236 4361 3386 4415 grave
3409 4344 3605 4399 dictum

2032 4439 2134 4498 est,
2160 4448 2256 4503 pro
2286 4434 2738 4505 quaestionegravi
2772 4452 2785 4490 :
2818 4436 2958 4525 qndc
2982 4434 3241 4504 sequitur,
3260 4434 3420 4489 Omne
3440 4444 3605 4489 autem

2032 4521 2231 4577 verbum
2260 4524 2365 4578 leve
2380 4524 2683 4595 judicabant
2706 4525 2822 4595 ipsi.

2104 4612 2201 4687 [lb.
2233 4629 2333 4681 xx,
2357 4612 2471 4687 24.]
2501 4615 2649 4681 Quod
2676 4630 2879 4685 grteeus
2912 4614 3069 4671 habet
3093 4621 3363 4686 ἕπονομάσω
3384 4660 3397 4681 ,
3425 4634 3604 4686 super-

2031 4705 2351 4759 nominavero
2375 4713 2466 4759 aut
2489 4707 2877 4761 annominavero
2900 4709 3200 4776 expressius
3226 4706 3436 4775 dicitur,
3462 4705 3604 4779 quod

2034 4795 2273 4850 usitatius
2300 4796 2714 4868 cognominavero
2766 4797 3005 4853 nonnulli
3055 4799 3386 4869 interpretati
3440 4808 3601 4864 sunt;

2030 4886 2125 4942 sed
2153 4903 2255 4942 non
2284 4887 2440 4943 habet
2470 4890 2822 4944 necessariam
2868 4890 3300 4960 signiﬁcationem
3346 4891 3601 4961 cognomi-

2031 4996 2212 5034 navero
2238 4995 2258 5035 :
2301 4981 2646 5052 propinquius
2687 4991 2862 5036 autem
2911 4982 3106 5037 dicitur
3155 4983 3601 5054 cognominavero,

2031 5087 2187 5141 quatn
2239 5072 2598 5138 nominavero;
2643 5088 2766 5127 nam
2829 5082 2883 5128 ct
2931 5074 3029 5129 hoc
3079 5074 3239 5144 aliqui
3290 5073 3602 5144 interpretes

2030 5160 2295 5216 dixerunt.

2102 5250 2200 5325 [lb.
2226 5249 2340 5325 24.]
2366 5252 2433 5307 Et
2457 5252 2649 5308 veniam
2672 5254 2741 5308 ad
2758 5262 2838 5321 te,
2862 5263 2909 5309 et
2936 5253 3218 5309 benedicam
3243 5261 3291 5305 te
3316 5268 3336 5306 :
3362 5265 3482 5304 cum
3514 5265 3603 5304 su-

2031 5345 2207 5415 perius
2244 5345 2518 5415 pluraliter
2559 5345 2889 5417 loqueretur,
2921 5344 3115 5416 facietis
3156 5351 3203 5397 et
3257 5341 3596 5407 immolabitis,

2028 5438 2174 5500 dicit,
2204 5439 2394 5492 veniam
2417 5438 2487 5491 ad
2501 5448 2567 5505 te,
2591 5446 2837 5509 tauquam
2860 5438 2956 5508 ipsi
2987 5435 3238 5503 Israel,.id
3263 5444 3360 5501 est,
3381 5435 3598 5506 populo.

2104 5529 2204 5603 [lb.
2237 5544 2359 5597 xxt,
2390 5526 2468 5602 1.]
2506 5528 2574 5583 Et
2602 5530 3077 5603 btejusti/icationes
3103 5544 3228 5601 quas
3258 5543 3411 5598 pones
3431 5542 3602 5579 coram

2028 5623 2149 5678 illis.
2171 5622 2234 5678 Si
2255 5623 2432 5679 emeris
2446 5640 2639 5678 servum
2666 5622 2957 5691 Hebraeum,
2986 5631 3090 5677 etc.
3118 5620 3357 5678 Notanda
3383 5620 3600 5685 locutio,

2032 5712 2479 5783 quemadmodum
2506 5730 2627 5770 cum
2654 5714 2780 5769 illud
2805 5715 3000 5770 dictum
3028 5714 3099 5770 sit
3121 5714 3185 5769 ad
3222 5713 3468 5787 Moysen,
3502 5711 3604 5766 hoc

2028 5813 2146 5876 est,
2184 5806 2264 5863 lue
2287 5815 2403 5863 sunt
2436 5808 2823 5878 iustiﬁcationes
2848 5824 2970 5881 quas
2998 5825 3219 5881 apportes
3257 5824 3424 5864 coram
3469 5806 3605 5871 illis;
