4094 6454
487 383 580 444 bii

488 510 590 571 jam
633 498 699 555 ad
742 496 996 572 populum
1046 497 1220 571 ipsum
1265 503 1458 550 uetera
1505 490 1753 547 dicuntur
1802 485 1950 556 quasi
1997 481 2064 536 ad

487 593 738 665 Moysen,
773 593 834 646 Si
875 589 1051 644 emeris
1094 603 1289 642 servum
1319 583 1607 641 Hebraeum.
1638 580 1752 636 Non
1779 579 1923 633 enim
1963 576 2068 631 hoc

489 682 656 755 Moysi
693 683 890 737 dictum
923 691 1034 746 est,
1063 679 1159 735 sed
1183 677 1322 748 quod
1352 673 1546 746 populo
1572 673 1814 739 diceret,
1860 678 2066 724 tantum

491 776 588 848 ipsi
619 775 810 845 populo
833 772 1065 831 diccbat.

561 866 658 940 [lb.
682 881 802 930 xxt,
822 863 898 936 6.]
925 861 1196 918 Pertundet
1213 861 1256 915 ei
1274 859 1517 914 Dominus
1536 854 1814 910 auriculam
1836 854 1897 906 de
1915 850 2068 906 subu-

493 961 565 1026 la,
593 969 639 1013 et
668 959 842 1014 serviet
867 959 913 1012 ei
941 959 994 1010 in
1021 956 1395 1024 sempiternum,
1427 951 1507 1005 vel
1534 950 1587 1003 in
1609 957 1851 1003 asternum
1877 961 1895 999 :
1924 942 2064 1012 quod

494 1065 699 1122 graecus
721 1049 898 1113 habet,
925 1057 990 1108 si;
1005 1057 1082 1104 τὸν
1100 1057 1267 1098 αἱῶνα.
1294 1045 1429 1100 Ecce
1453 1038 1898 1112 quemadmodum
1920 1035 2068 1111 Scrig

491 1153 645 1212 ptura
678 1140 855 1195 multis
882 1139 1012 1193 locis
1059 1138 1187 1192 dicit
1225 1135 1512 1191 secundum
1559 1132 1659 1186 hoc
1687 1131 1906 1185 verbum
1935 1143 2070 1198 grae-

491 1251 612 1291 cum
637 1277 654 1300 ,
679 1230 1183 1305 sempiternum,-vel
1210 1238 1470 1287 cateruam.
1505 1225 1600 1282 Ubi
1627 1239 1734 1283 non
1756 1221 2070 1302 intelligitur

490 1326 759 1383 atternitas
789 1325 873 1379 illa
893 1365 909 1389 ,
943 1321 1231 1378 secundum
1253 1335 1410 1390 quam
1441 1318 1594 1372 nobis
1623 1325 1820 1370 aeterna
1847 1311 2070 1383 promit-

489 1427 698 1481 tuntur,
730 1416 813 1470 vel
840 1414 1131 1470 secundum
1171 1427 1328 1482 quam
1368 1426 1398 1463 a
1426 1406 1695 1464 contrario
1719 1406 1840 1476 igne
1868 1411 2070 1458 :eteruo

489 1507 616 1562 mali
643 1506 1014 1561 cremabantur
1041 1521 1054 1557 :
1088 1517 1259 1572 neque
1279 1501 1419 1555 enim
1450 1513 1634 1554 servus
1655 1498 1754 1551 iste
1778 1495 1869 1565 qui
1891 1495 2070 1548 vivere

489 1598 544 1652 in
570 1607 825 1650 aeternum
852 1610 956 1648 non
997 1601 1205 1662 posset,
1235 1597 1415 1662 posset
1443 1587 1642 1644 servire
1689 1586 1741 1641 in
1770 1594 2066 1648 aeternum;

488 1687 585 1743 sed
611 1685 918 1756 intelligitur
941 1694 1182 1739 tetermun
1213 1682 1411 1736 dictum
1435 1720 1451 1746 ,
1477 1679 1630 1749 cujus
1656 1676 1908 1746 temporis
1949 1674 2071 1729 ﬁnis

488 1794 598 1834 non
619 1786 732 1840 est;
765 1785 856 1832 aut
877 1786 1020 1831 certe
1041 1773 1240 1845 aliquid
1270 1773 1372 1827 hoc
1392 1778 1727 1828 sacramento
1746 1766 2072 1839 signiﬁcatur

489 1879 772 1926 mlernum.

562 1956 661 2031 [lb.
688 1955 797 2030 l5.]
842 1955 988 2010 Dabo
1008 1956 1096 2010 tibi
1125 1955 1312 2022 locum,
1340 1953 1393 2007 in
1420 1968 1567 2024 quem
1594 1950 1756 2023 fugiat
1790 1949 1858 2004 ibi
1883 1949 1969 2021 qui
1988 1965 2072 2003 oc-

489 2048 682 2104 ciderit.

563 2138 660 2210 [lb.
679 2136 796 2211 20.]
814 2138 875 2194 Si
897 2139 1008 2209 quis
1031 2135 1324 2208 percusserit
1349 2150 1544 2189 servum
1563 2149 1710 2188 suum
1729 2139 1815 2184 aut
1835 2131 2074 2185 ancillam

489 2245 635 2284 suam
653 2230 706 2282 in
735 2230 876 2299 virga
900 2245 918 2282 :
943 2227 1082 2298 quod
1111 2237 1216 2292 est,
1249 2225 1313 2280 de
1341 2227 1504 2294 virga.

568 2318 667 2393 [lb.
695 2317 810 2392 28.]
842 2317 1117 2389 Lapidibus
1145 2315 1450 2388 lapidabitur
1489 2325 1705 2368 taurus:
1730 2312 1878 2383 quasi
1908 2312 2074 2382 possit

493 2411 716 2480 lapidari
743 2411 840 2466 nisi
884 2411 1166 2481 lapidibus.
1198 2409 1384 2463 Dill‘crt
1411 2407 1606 2477 aliquid
1646 2407 1744 2460 ista
1783 2406 1978 2460 locutio
2007 2405 2073 2459 ab

493 2501 581 2558 illa
623 2516 721 2570 qua
754 2501 956 2562 diceret
979 2515 1128 2556 more
1157 2498 1546 2568 Scripturarum
1569 2537 1584 2562 ,
1614 2495 1922 2566 lapidatione
1942 2495 2075 2566 lapi-

491 2593 710 2653 dabitur,
742 2592 833 2646 sed
857 2602 1032 2649 tamen
1063 2591 1250 2647 similis
1276 2598 1377 2645 est.

566 2681 665 2755 [lb.
690 2681 804 2754 29.]
835 2683 895 2737 Si
915 2691 1080 2736 autem
1101 2691 1277 2735 taurus
1305 2685 1580 2748 cornupeta
1610 2686 1717 2732 erat
1741 2685 1857 2730 ante
1877 2675 2070 2729 [tester-

491 2789 612 2826 nam
639 2782 683 2826 et
711 2773 1162 2826 nudiustertianam
1185 2787 1204 2825 :
1226 2785 1321 2842 pro
1347 2778 1586 2839 tempore
1608 2768 1874 2838 praeterito
1898 2765 2075 2836 posuit

492 2871 698 2934 partem
727 2879 824 2933 pro
852 2871 991 2929 toto,
1019 2871 1504 2932 quantumcumque
1527 2856 1656 2913 illud
1676 2855 1893 2922 fuisset,
1924 2871 2074 2910 more

493 2953 903 3024 Scripturarum.

569 3043 670 3116 [lb.
695 3043 806 3116 '53.]
825 3043 886 3098 Si
923 3044 1033 3115 quis
1053 3051 1218 3099 autem
1238 3042 1488 3113 aperuerit
1514 3041 1680 3095 lacum
1695 3081 1710 3105 ,
1732 3049 1818 3094 aut
1839 3038 2074 3093 exciderit

494 3136 660 3190 locum
681 3175 698 3202 ,
731 3146 776 3188 et
808 3153 908 3188 non
935 3135 1184 3206 operuerit
1215 3150 1327 3189 eum
1346 3176 1361 3200 ,
1390 3142 1435 3188 et
1472 3133 1704 3190 ceciderit
1741 3131 1862 3186 illuc
1890 3131 2076 3186 vitulus

492 3237 580 3281 aut
599 3229 772 3282 asinus
788 3271 802 3293 ,
825 3227 1058 3282 dominus
1085 3227 1183 3281 laci
1201 3226 1392 3280 reddet.
1423 3227 1487 3281 Et
1507 3224 1622 3283 huic
1647 3224 1844 3279 locutio
1870 3239 1898 3277 a
1924 3231 2076 3294 parte

497 3327 664 3372 totum
710 3317 1047 3388 intelligenda
1077 3325 1197 3372 est:
1229 3333 1335 3371 non
1364 3317 1505 3372 enim
1548 3315 1592 3370 si
1619 3329 1791 3384 equus
1826 3314 2078 3369 ceciderit

497 3408 551 3463 in
571 3408 740 3464 lacum
765 3418 858 3464 aut
882 3409 1018 3476 ovis,
1044 3409 1164 3466 ideo
1178 3423 1285 3463 nou
1312 3407 1530 3474 reddet,
1557 3407 1677 3476 quia
1701 3406 1801 3464 hoc
1823 3405 2076 3476 scriptum

494 3517 599 3556 non
625 3509 728 3556 est.

566 3593 664 3666 [lb.
684 3593 797 3666 δι]
832 3593 982 3660 Quod
1000 3602 1163 3648 autem
1189 3601 1444 3654 mortuum
1464 3591 1641 3662 fuerit,
1671 3591 1772 3661 ipsi
1797 3591 1926 3648 erit:
1956 3603 2073 3662 pro,

494 3685 660 3757 ipsius
685 3689 806 3741 erit.

569 3776 666 3849 [11).
684 3793 715 3832 x
725 3793 817 3840 xu,
837 3775 914 3849 5.]
928 3775 987 3832 Si
1003 3786 1168 3832 autent
1183 3777 1436 3848 depaverit
1444 3776 1557 3844 quis
1567 3792 1744 3846 agrum
1759 3784 1846 3830 aut
1858 3775 2076 3842 vineam,

497 3879 544 3922 et
573 3870 829 3922 admiserit
849 3885 1001 3940 pecus
1020 3886 1166 3923 suum
1187 3869 1455 3940 depascere
1476 3885 1654 3941 agrum
1677 3869 1869 3936 alium;
1892 3868 1944 3926 id
1973 3877 2076 3936 est,

493 3960 745 4015 aﬂenunu

571 4049 671 4123 [lb.
702 4049 818 4123 26.]
849 4050 908 4106 Si
951 4057 1118 4105 autem
1144 4049 1324 4121 pignus
1352 4051 1602 4120 acceperis
1628 4059 1808 4104 vestem
1837 4051 2075 4121 proximi,

494 4154 612 4198 ante
633 4141 755 4196 solis
782 4159 1015 4197 occasum
1040 4141 1218 4196 reddes
1242 4141 1286 4195 ei
1307 4158 1326 4195 :
1353 4156 1518 4211 genus
1547 4157 1644 4211 pro
1663 4142 1842 4212 specie
1869 4142 2074 4212 posuit;

495 4235 572 4288 sic
595 4234 735 4289 enim
774 4234 973 4288 dictum
1011 4243 1124 4297 est,
1157 4247 1219 4286 ac
1245 4233 1289 4286 si
1312 4232 1379 4286 de
1421 4233 1566 4286 omni
1599 4241 1744 4286 veste
1775 4233 1961 4302 pignus
1980 4233 2076 4288 de-

497 4324 667 4389 derit,
698 4339 817 4378 cum
848 4323 915 4378 de
939 4323 1031 4378 illo
1059 4322 1360 4394 specialiler
1379 4337 1437 4376 se
1457 4321 1635 4376 dicere
1655 4336 1720 4376 ex
1749 4336 2076 4392 consequen-

495 4417 635 4474 tibus
661 4418 932 4488 Scriptura
962 4426 1211 4482 testatur,
1255 4416 1345 4486 qui
1376 4431 1479 4470 non
1511 4413 1670 4470 habet
1696 4414 1797 4470 nisi
1823 4429 1939 4470 eam
1985 4430 2080 4470 ve-

495 4518 631 4563 stem
659 4509 798 4564 unde
824 4523 882 4563 se
909 4519 1064 4562 nocte
1093 4501 1386 4576 cooperiat.

565 4597 666 4671 [lb.
690 4614 847 4665 xxut,
866 4598 957 4663 20,
978 4595 1094 4670 21
1116 4597 1244 4651 Ecce
1261 4613 1352 4668 ego
1370 4596 1508 4650 mitto
1521 4595 1755 4667 angelum
1778 4611 1944 4649 meum
1961 4603 2078 4649 ante

494 4689 674 4758 {aciem
703 4697 860 4754 tuam,
890 4698 942 4742 ut
979 4697 1138 4742 servet
1160 4697 1206 4742 te
1231 4689 1282 4742 in
1311 4687 1411 4752 via,
1440 4697 1486 4742 et
1511 4687 1718 4741 inducat
1742 4694 1790 4742 te
1810 4686 1864 4740 in
1892 4695 2077 4740 terram

493 4797 645 4849 quant
673 4781 847 4850 paravi
875 4780 981 4833 tibi.
1029 4780 1158 4834 Ante
1185 4789 1232 4834 te
1255 4779 1344 4832 ibit
1375 4779 1391 4810 ί
1409 4820 1424 4845 ,
1455 4787 1503 4832 et
1529 4777 1711 4832 exaudi
1732 4794 1869 4832 eum.
1903 4777 2076 4846 Auge.

494 4871 604 4926 lum
629 4887 780 4926 suum
805 4871 955 4940 jubet
993 4871 1133 4926 Deus
1163 4869 1401 4926 exaudiri
1437 4885 1466 4923 a
1494 4870 1724 4940 populo,
1754 4884 1864 4924 non
1895 4869 2075 4940 utique

495 4974 762 5036 petentem
787 5005 802 5030 ,
846 4965 938 5020 sed
961 4965 1260 5034 jubentem.

567 5057 666 5130 [11).
685 5056 800 5128 28.]
831 5057 894 5110 Et
924 5058 1115 5110 mittam
1144 5073 1319 5125 vespas
1343 5065 1460 5110 ante
1483 5064 1528 5110 te
1547 5096 1562 5121 ,
1609 5064 1656 5110 et
1698 5055 1860 5125 ejiciet
1886 5054 2072 5108 Amor-

493 5152 657 5204 rlueos
681 5165 699 5202 :
719 5166 745 5201 a
770 5149 956 5219 plurali
976 5149 1041 5203 ad
1059 5149 1376 5218 singularem
1404 5163 1684 5202 numerum
1710 5163 1768 5201 se
1788 5148 2066 5202 convertit.

495 5241 811 5311 lutclligitur
857 5250 1070 5308 autem,
1118 5242 1308 5311 Ejiciet
1335 5241 1676 5296 Amorrhaaos
1705 5256 1893 5309 vespa,
1935 5241 2071 5295 sicut

493 5350 622 5390 rana
643 5377 659 5401 ,
687 5336 823 5390 sicut
853 5336 1052 5391 locusta
1074 5377 1090 5399 ,
1113 5351 1222 5402 non
1251 5336 1391 5406 quod
1419 5351 1520 5390 una
1549 5336 1650 5402 sit,
1682 5335 1774 5391 sed
1806 5335 1946 5405 quod
1977 5351 2071 5405 per

490 5429 812 5500 singularem
842 5429 1062 5497 pluralis
1094 5446 1342 5484 numerus
1369 5429 1712 5500 intelligatur.

569 5520 667 5594 [lb.
695 5519 814 5592 30.]
842 5519 942 5574 Per
968 5531 1132 5592 partes
1157 5521 1352 5592 ejiciam
1377 5520 1493 5574 illos
1517 5537 1548 5573 a
1576 5530 1640 5574 te.

555 5631 572 5664 ι
599 5637 748 5680 vetus
767 5632 921 5683 codex
943 5633 1251 5695 Corbeiensis
1271 5633 1464 5695 optima;
1486 5639 1632 5691 noue,
1660 5637 1768 5681 ante
1805 5631 1874 5684 ibi
1902 5645 1919 5683 :
1943 5631 2068 5685 forte

487 5693 736 5759 interpres
757 5695 806 5744 in
827 5707 986 5759 graeco
1004 5693 1228 5759 legerat,
1251 5693 1340 5757 pro
1355 5693 1635 5759 εκεξηιευηε
1653 5709 1792 5757 porro
1811 5709 1854 5759 ει
1873 5696 1936 5759 ud
1960 5703 2066 5746 LXX

484 5752 714 5867 mw,
737 5752 963 5821 proiectae
987 5752 1151 5810 sea'uto
1193 5752 1392 5809 attende
1415 5755 1519 5811 tibi.
1543 5762 1594 5808 tu
1619 5752 2070 5821 vulgata,'observa

1281 374 1716 436 LOCUTIONUM
1757 373 1806 428 S.
1853 368 2221 426 AUGUSTINI
2262 372 2328 429 IN
2366 375 2930 434 HEPTATEUCHUM

3656 378 3763 436 512

2247 483 2342 559 [11).
2362 489 2615 556 χχιιιῷ2,
2635 488 2749 562 53.]
2770 490 2886 544 Non
2904 490 3139 562 disymes
3159 490 3260 546 illis
3285 499 3332 545 et
3359 491 3456 547 diis
3476 508 3649 547 eorum
3661 511 3756 564 pa-

2175 588 2308 631 ctum
2325 597 2344 644 ;
2365 589 2409 633 et
2438 598 2539 635 non
2570 583 2826 637 consident
2852 584 2902 636 in
2933 592 3065 636 terra
3091 592 3177 638 tua
3197 625 3212 649 ,
3245 601 3310 639 ne
3351 601 3556 655 peccare
3581 594 3629 639 te
3666 590 3754 656 {a-

2175 667 2310 721 ciant
2337 670 2406 722 ad
2429 687 2507 724 me
2534 688 2553 725 :
2581 688 2686 726 non
2713 672 2863 739 dixit,
2897 673 2948 727 in
2975 689 3081 740 me,
3101 673 3240 730 idem
3264 684 3439 729 tamen
3467 675 3754 746 signiﬁcat.

2249 761 2326 835 [in
2356 779 2518 830 xxrv,
2549 763 2627 838 5.]
2672 765 2950 836 Respondit
2991 776 3161 821 autem
3183 768 3346 821 omnis
3391 767 3610 839 populus
3637 784 3760 824 voce

2174 870 2277 907 una
2295 896 2310 919 ,
2340 855 2576 909 dicentes.

2248 942 2347 1017 [lb.
2367 944 2478 1018 10.]
2498 945 2561 1000 Et
2590 946 2813 1000 viderunt
2831 949 2995 1000 locum
3011 947 3095 1002 ubi
3113 957 3311 1002 steterat
3326 947 3395 1001 ibi
3417 947 3548 1002 Deus
3561 945 3730 1004 Israel
3747 958 3766 1008 ἶ

2175 1035 2261 1092 ubi
2287 1046 2521 1104 steterat,
2555 1048 2733 1108 posset
2763 1039 3010 1096 sufﬁcere
3029 1081 3046 1108 ,
3095 1039 3188 1096 sed
3223 1039 3485 1095 hebraicze
3508 1039 3763 1096 dicuntur

2175 1127 2290 1182 istm
2327 1129 2641 1184 locutiones.

2247 1217 2344 1291 [lb.
2367 1235 2498 1286 xxv,
2532 1219 2642 1294 l32]
2672 1220 2738 1274 Et
2768 1223 3025 1278 inaurabis
3040 1220 3134 1277 illa
3151 1238 3279 1278 auro
3307 1237 3327 1277 :
3354 1221 3545 1278 similis
3569 1230 3653 1278 est
3673 1219 3757 1277 lo-

2174 1310 2318 1364 cutio
2339 1351 2354 1376 ,
2389 1311 2650 1380 lapidibus
2680 1312 3020 1382 lapidabitur.

2247 1398 2346 1472 [lb.
2513 1401 2731 1473 Cyatltos
2755 1403 2808 1456 in
2835 1403 3014 1474 quibus
3034 1403 3364 1458 immolabant
3387 1403 3441 1457 in
3467 1403 3559 1457 eis.

2247 1492 2345 1566 [lb.
2398 1509 2555 1560 xxvr,
2588 1492 2699 1566 l9.]
2733 1493 2871 1547 Duas
2906 1494 3048 1550 bases
3083 1495 3329 1549 columna:
3369 1495 3456 1549 uni
3505 1495 3558 1547 in
3582 1492 3761 1550 ambas

2176 1594 2341 1654 partes
2363 1585 2499 1654 ejus,
2528 1594 2573 1637 et
2597 1585 2724 1638 duas
2761 1583 2902 1638 bases
2925 1585 3173 1639 columnae
3198 1587 3284 1638 uni
3311 1585 3362 1638 in
3387 1586 3561 1639 ambas
3585 1595 3760 1654 partes

2177 1675 2305 1746 ejus.
2356 1675 2435 1732 Ne
2459 1675 2525 1730 de
2549 1677 2797 1731 omnibus
2827 1677 3060 1742 diceret,
3103 1677 3170 1732 de
3195 1677 3400 1732 duabus
3439 1676 3568 1732 dicit
3606 1690 3762 1732 more

2177 1784 2276 1826 suo
2302 1769 2622 1839 geminando
2648 1787 2664 1824 :
2693 1770 2830 1824 sicut
2876 1779 3060 1840 puteos
3103 1779 3322 1841 puteos,
3363 1784 3582 1824 acervos
3603 1783 3763 1824 acer-

2179 1875 2271 1912 vos
2290 1901 2306 1925 ,
2334 1860 2704 1930 generationes
2731 1870 2782 1914 ει
2810 1861 3182 1929 generationes
3200 1901 3215 1925 ,
3244 1869 3300 1914 et
3332 1860 3548 1916 similia.

2249 1948 2348 2023 [lb.
2375 1949 2490 2022 29.]
2524 1949 2588 2004 Et
2617 1950 2876 2006 columnas
2922 1951 3179 2005 iuaurabis
3226 1967 3384 2017 auro,
3430 1959 3476 2004 et
3503 1948 3766 2004 inaurabis

2176 2058 2314 2095 seras
2347 2059 2491 2096 auro.

2249 2131 2349 2204 [lb.
2366 2149 2534 2199 xxvu,
2549 2131 2628 2206 6.]
2663 2131 2724 2187 Et
2745 2133 2980 2188 inerrabis
3000 2148 3058 2187 ea
3077 2142 3348 2188 (tramenta
3372 2149 3392 2188 :
3419 2133 3541 2189 talis
3563 2132 3768 2189 locutio

2177 2231 2260 2278 est
2283 2265 2300 2288 ι
2329 2223 2596 2280 inaurabis
2625 2240 2777 2278 auro.

2250 2311 2345 2386 [lb.
2377 2312 2492 2386 2L]
2519 2314 2680 2368 Extra
2705 2315 2900 2382 velum,
2927 2315 3065 2386 quod
3087 2323 3159 2370 est
3193 2332 3345 2386 super
3369 2324 3722 2372 testamentum
3747 2330 3769 2370 :

2177 2405 2246 2461 de
2274 2407 2487 2462 lucerna
2536 2406 2876 2462 accendenda
2917 2421 3037 2461 cum
3068 2406 3303 2474 diceret,
3327 2407 3428 2462 hoc
3460 2407 3569 2471 ait,
3600 2406 3655 2462 id
3683 2416 3769 2462 est

2178 2499 2319 2570 quod
2361 2499 2493 2554 foris
2520 2499 2902 2554 accenderetur
2940 2499 3028 2556 ubi
3060 2507 3143 2554 est
3168 2506 3409 2554 sanctum
3432 2541 3447 2564 ,
3489 2515 3596 2553 non
3626 2499 3770 2554 intra

2179 2590 2421 2646 velamen
2447 2591 2591 2661 quod
2618 2598 2700 2645 est
2726 2606 2884 2660 super
2917 2599 3289 2645 testamentum
3312 2631 3327 2654 ,
3362 2590 3464 2644 boc
3505 2598 3588 2645 est
3615 2589 3769 2650 ,San-

2179 2692 2321 2737 ctum
2353 2689 2680 2737 sanctorum.
2715 2682 2856 2751 Ergo
2880 2698 3031 2751 super
3061 2696 3164 2736 non
3192 2680 3270 2736 sic
3287 2680 3382 2747 ait,
3414 2690 3662 2751 tanquam
3684 2689 3772 2735 est

2181 2783 2408 2840 tectum,
2441 2773 2524 2828 vel
2557 2788 2788 2838 camera,
2817 2773 2899 2826 vel
2927 2773 3317 2827 ﬁrmamentum
3340 2769 3461 2826 εωιί
3481 2814 3496 2838 ,
3529 2771 3611 2825 vel
3628 2785 3771 2829 arca

2179 2864 2589 2933 cooperculum;
2645 2862 2738 2918 sed
2766 2863 2926 2917 etiam
2974 2862 3116 2932 quod
3158 2863 3274 2918 vice
3305 2862 3520 2934 parietis
3548 2862 3770 2932 opposio

2181 2965 2292 3010 tum
2341 2964 2518 3022 esset,
2570 2971 2721 3024 super
2767 2954 2944 3008 dixit:
2979 2955 3114 3008 sicut
3158 2953 3384 3010 dicimus
3432 2954 3766 3025 superiorem

2179 3046 2516 3100 discumbere
2543 3055 2636 3100 aut
2662 3053 2804 3100 stare
2823 3086 2838 3112 ,
2869 3060 2974 3099 non
3010 3046 3190 3116 utique
3220 3045 3444 3100 alterum
3475 3045 3672 3114 portari
3697 3046 3772 3102 ah

2179 3135 2370 3190 altero.

2253 3226 2352 3300 [lb.
2370 3227 2432 3282 21
2447 3225 2486 3299 .]
2509 3226 2805 3298 Legitimum
2830 3226 3183 3298 sempiternum
3203 3227 3256 3281 in
3275 3227 3536 3300 progenies
3550 3236 3737 3288 vestras
3751 3243 3774 3285 ξ

2180 3332 2246 3372 eo
2283 3317 2441 3373 modo
2466 3319 2849 3388 sempiternum
2875 3359 2888 3382 ,
2917 3333 3022 3388 quo
3050 3317 3212 3372 multa
3242 3319 3486 3390 superius
3512 3318 3770 3374 diximus.

2255 3407 2355 3481 [lb.
2379 3424 2572 3476 xxvm,
2591 3409 2660 3462 22
2687 3406 2809 3481 (a).]
2848 3408 2909 3462 Et
2930 3418 3092 3462 sumet
3114 3409 3285 3463 Aaron
3305 3409 3509 3464 nomina
3544 3409 3771 3479 ﬁliorum

2180 3499 2348 3556 Israel
2396 3517 2546 3570 super
2588 3501 2838 3556 rationale
2863 3501 3052 3570 judicii
3096 3518 3248 3571 super
3282 3511 3451 3573 pectus
3496 3502 3774 3558 introeunti

2181 3593 2479 3646 sanctum’.
2511 3590 2858 3662 Consequens
2899 3600 3014 3647 erat
3059 3601 3118 3646 ut
3159 3592 3394 3657 diceret,
3435 3593 3676 3648 introieris
3711 3594 3770 3648 in

2180 3691 2412 3736 sanctum
2433 3723 2448 3748 ,
2480 3682 2582 3735 hoc
2610 3691 2693 3736 est
2719 3691 2892 3736 sumet
2919 3683 3098 3736 Aaron
3129 3682 3407 3748 iutroiens,
3437 3682 3578 3754 quod
3599 3683 3768 3755 aliqui

2182 3771 2332 3829 latini
2354 3813 2370 3840 ,
2417 3771 2778 3830 soloecismum
2804 3772 3032 3831 vitantes
3053 3813 3068 3837 ,
3101 3772 3428 3844 interpretati
3475 3781 3617 3828 sunt.
3656 3773 3770 3830 Sed

2183 3866 2303 3934 quia
2329 3873 2384 3920 et
2411 3879 2618 3934 gnecus
2646 3865 2921 3922 introeunti
2951 3864 3195 3930 liabet,et
3219 3865 3365 3920 latini
3388 3865 3547 3936 aliqui
3573 3879 3768 3922 consar-

2183 3963 2344 4022 nant,
2394 3954 2716 4010 locutionem
2772 3955 2944 4025 potius
2991 3955 3280 4011 notandam
3327 3955 3560 4023 credidi,
3602 3971 3766 4027 quam

2180 4047 2572 4116 corrigendum.

2254 4137 2356 4210 [lb.
2385 4139 2454 4192 24
2480 4136 2605 4212 (b).]
2635 4136 2700 4192 Et
2724 4154 2880 4210 pones
2898 4153 3050 4208 super
3078 4137 3324 4193 rationale
3334 4138 3520 4211 judicii
3537 4139 3766 4209 ﬁmbrias

2179 4241 2429 4286 catenata.
2451 4231 2514 4284 Et
2542 4231 2628 4284 hic
2657 4230 2803 4285 latini
2833 4230 3071 4284 nonnulli
3100 4229 3461 4286 solmcismum
3487 4238 3759 4294 caventes.

2182 4325 2410 4394 ﬁmbrias
2443 4333 2732 4389 catenatas,
2780 4323 3111 4393 interpretati
3157 4333 3314 4390 sunt;
3341 4339 3546 4396 graecus
3579 4333 3784 4381 autem'

2183 4414 2365 4481 habet,
2383 4421 2490 4476 τεὺς
2516 4419 2748 4486 κρωσσοὺς
2765 4417 2827 4468 τά
2839 4418 3125 4469 ἀλυσιδωτά.
3147 4413 3294 4469 lianc
3319 4413 3554 4470 solemus
3579 4414 3764 4473 dicem

2179 4507 2480 4561 absolutam
2503 4507 2824 4562 locutionem
2850 4547 2864 4572 ,
2891 4521 3011 4560 cum
3031 4505 3212 4577 generi
3242 4505 3533 4565 masculino
3558 4507 3638 4561 vel
3675 4507 3762 4563 1ου·

2179 4599 2384 4655 minino
2402 4607 2652 4657 neutrum
2669 4598 2919 4666 infertur;
2949 4598 3397 4669 quemadmodum
3421 4598 3467 4654 si
3492 4598 3758 4667 dicamus,

2178 4692 2406 4748 Justitiae
2433 4699 2660 4748 terrente
2689 4707 2794 4746 non
2815 4700 2939 4748 sunt
2965 4689 3192 4748 stabilia.

2251 4783 2349 4858 [lb.
2382 4783 2496 4856 55.]
2528 4783 2591 4837 Et
2631 4782 2803 4838 Aaron
2847 4799 2961 4839 cum
3012 4783 3215 4854 coeperit
3253 4781 3395 4854 fungi
3436 4783 3718 4839 sacerdotio
3740 4825 3758 4850 ,

2177 4878 2412 4932 audietur
2439 4893 2535 4932 vox
2561 4877 2668 4948 ejus
2693 4876 2900 4930 intranti
2935 4876 2988 4930 in
3020 4886 3250 4931 sanctum
3279 4875 3332 4928 in
3357 4885 3623 4945 conspectu
3651 4873 3762 4929 Do-

2177 4970 2326 5035 mini,
2369 4978 2415 5021 et
2439 4969 2659 5023 exeunti.
2689 4969 2882 5022 Vocem
2927 4967 3043 5036 ejus
3083 4983 3146 5021 ex
3187 4966 3549 5022 tintinnabulis
3585 4966 3754 5032 dixit.

2175 5062 2264 5130 qui
2311 5061 2478 5130 magis
2517 5073 2682 5113 sonus
2709 5066 2791 5112 est
2819 5058 2952 5126 ejus.
2980 5056 3204 5111 Intranti
3231 5067 3277 5110 et
3305 5058 3523 5124 exeunti,
3553 5073 3648 5128 pro
3674 5060 3760 5114 ln-

2177 5152 2366 5206 trantis
2394 5160 2447 5204 ct
2472 5151 2735 5216 exeuntis,
2770 5149 2941 5219 posuit
2969 5148 3200 5202 dativum
3229 5164 3324 5219 pro
3347 5149 3600 5219 genitivo.

2247 5243 2348 5316 [lb.
2365 5239 2644 5312 1311,13]
2668 5241 2732 5294 Et
2753 5242 2879 5294 duos
2895 5256 3035 5294 renes
3055 5251 3100 5294 et
3120 5241 3321 5308 adipem
3343 5257 3459 5313 qua:
3480 5256 3631 5310 super
3646 5257 3754 5296 εον

2173 5333 2508 5396 subauditur,
2531 5341 2630 5396 est,
2658 5331 2797 5401 quod
2822 5331 3058 5384 nonnulli
3081 5331 3396 5402 interpretes
3414 5330 3750 5388 addiderunt.

2247 5424 2345 5497 [lb.
2372 5421 2490 5494 26.]
2525 5422 2586 5475 Et
2617 5421 2871 5490 separabis
2898 5421 3031 5474 illud
3059 5422 3394 5492 separatione.

2239 5513 2261 5583 Ι
2271 5515 2343 5569 11).
2374 5529 2504 5580 xxx,
2535 5510 2613 5584 8.]
2655 5511 2720 5565 Et
2756 5529 2869 5565 cum
2889 5511 3122 5565 accendet
3149 5511 3321 5566 Aaron
3351 5513 3582 5567 lucernas
3601 5554 3615 5578 ,
3641 5529 3754 5569 sero

2237 5633 2252 5664 ί
2278 5631 2349 5679 Sic
2372 5626 2586 5676 melioris
2608 5631 2734 5674 noue
2756 5630 2864 5672 Mss.
2887 5629 2941 5673 At
2963 5625 3150 5686 excusi,
3171 5623 3429 5678 introeunti
3456 5625 3508 5678 in
3527 5633 3754 5680 metua-

2171 5695 2317 5750 rium,
2341 5691 2428 5742 hoc
2449 5695 2534 5743 est,
2562 5695 2656 5736 etc.

2255 5745 2314 5816 (1)7
2331 5751 2457 5815 Apud
2480 5756 2605 5798 LXX.
2631 5755 2682 5795 ιιι
2705 5746 2904 5807 vulgata
2927 5759 2974 5795 ν.
2997 5745 3074 5796 29.

2235 5755 2308 5879 il!)
2333 5811 2462 5876 Apud
2485 5817 2612 5862 LXX.
2638 5817 2687 5860 In
2708 5808 2909 5872 Vulgata
2930 5821 2978 5860 ν.
2999 5808 3074 5861 ω.

2258 5808 2308 5877 ω
2333 5808 2462 5876 A‘pud
2485 5817 2612 5862 ιλιι.
2638 5817 2687 5860 tn
2708 5808 2909 5872 vulgata
2930 5821 2978 5860 ν.
2999 5808 3081 5861 ao.
