4094 6474
306 358 410 419 515

301 473 537 531 incendet
560 490 713 544 super
743 471 875 526 illud
902 486 921 525 :
949 486 1061 525 sero
1091 462 1222 523 dixit
1252 479 1347 537 pro
1390 477 1615 534 veSpere
1640 502 1654 527 ,
1688 469 1740 513 et
1771 458 1890 512 ideo

302 566 538 621 notanda
566 565 765 621 locutio
790 573 903 629 est;
948 567 1032 630 an
1059 560 1254 631 quippe
1282 570 1486 629 grzecus
1532 554 1706 609 habet.
1759 544 1893 605 Sero

300 665 479 712 autem
510 655 726 727 preprie
750 669 855 709 non
882 653 1024 708 solet
1054 651 1181 718 diei,
1214 650 1313 704 nisi
1340 663 1460 703 cum
1487 655 1695 714 tempus
1724 653 1894 696 trans-

300 748 424 804 ierit
444 764 556 817 quo
575 746 688 802 ﬁeri
709 745 894 802 debuit
911 784 928 810 ,
955 742 1100 814 quod
1126 757 1249 798 sero
1271 740 1465 794 dicitur
1494 737 1712 791 factum.

372 837 477 912 [11).
493 853 628 905 xxx,
649 836 735 902 12,
758 833 869 907 15.]
892 834 953 890 Si
966 834 1217 904 acceperis
1236 829 1655 902 computationem
1671 824 1892 893 filiorum

298 928 472 985 Israel
495 928 550 983 in
576 927 859 982 visitatione
877 941 1052 979 eorum
1072 965 1086 989 ,
1112 933 1158 978 et
1174 922 1359 976 dabunt
1381 918 1567 989 singuli
1594 915 1893 985 redemptio-

300 1036 414 1075 nem
433 1019 624 1074 anima
643 1033 751 1074 sate
770 1016 1009 1081 Domino,
1036 1024 1082 1068 et
1109 1031 1207 1067 non
1238 1014 1331 1067 erit
1360 1012 1412 1064 in
1440 1010 1508 1063 eis
1529 1010 1676 1062 ruina
1696 1008 1748 1059 in
1778 1006 1893 1058 visi-

299 1113 489 1166 tations
511 1127 689 1166 eorum
708 1150 723 1175 ,
771 1119 817 1164 et
842 1109 937 1162 ltoc
956 1118 1028 1162 est
1046 1106 1181 1176 quod
1201 1105 1387 1158 dabunt
1415 1102 1520 1156 tibi.
1564 1100 1767 1155 Pendet
1796 1100 1893 1153 ista

300 1203 503 1258 locutio
526 1244 545 1269 ,
588 1203 709 1273 quia
743 1200 1050 1270 interposita
1099 1210 1181 1253 est
1226 1196 1531 1265 coniunctio
1560 1192 1852 1263 cupulativa
1876 1232 1891 1256 ,

300 1311 419 1364 qua:
445 1295 493 1349 si
521 1312 631 1349 non
660 1296 1120 1363 interponeretur,
1150 1306 1252 1344 non
1276 1289 1551 1360 penderet.
1582 1286 1773 1340 Tribus
1802 1300 1897 1337 au-

306 1397 413 1442 tem
452 1387 588 1441 locis
614 1395 696 1443 est
724 1387 891 1456 posita
920 1398 1146 1455 quorum
1176 1381 1447 1436 undelibet
1474 1379 1708 1433 detracta
1735 1402 1748 1443 ,
1780 1378 1893 1445 ple-

305 1494 429 1532 nam
456 1479 587 1533 l'acit
615 1492 735 1534 esse
759 1477 1098 1531 sententiam.
1129 1474 1334 1527 Rursus
1372 1472 1459 1527 ubi
1480 1470 1678 1524 dictum
1709 1478 1808 1530 est,
1834 1466 1895 1520 Si

308 1570 565 1640 acceperis
603 1568 1026 1638 computationem
1064 1566 1285 1636 ﬁliorum
1329 1562 1495 1617 Israel
1529 1562 1579 1615 in
1618 1561 1897 1615 visitatione

304 1676 499 1724 eorum,
529 1669 579 1715 et
612 1659 803 1713 dabunt
829 1657 1017 1729 singuli
1046 1656 1436 1725 redemptionem
1462 1654 1646 1707 animw
1670 1668 1773 1706 sua:
1800 1651 1896 1703 Do-

300 1752 435 1804 mino
454 1766 472 1803 :
493 1751 542 1806 si
562 1750 703 1805 enim
722 1764 826 1805 non
848 1748 1089 1813 dixisset,
1113 1755 1159 1801 et
1180 1746 1390 1811 dabunt,
1412 1745 1505 1800 sed
1530 1743 1894 1799 tantummodo

308 1841 558 1905 dixisset,
586 1840 797 1903 dabunt,
829 1839 1076 1894 ﬁniretur
1096 1841 1361 1902 sententia
1379 1852 1475 1891 nec
1500 1836 1787 1906 penderet;
1822 1835 1893 1888 ita

307 1934 447 1987 etiim
474 1933 782 1998 diceretur,
832 1931 893 1987 Si
920 1931 1171 2002 acceperis
1212 1930 1628 2000 computationem
1672 1927 1895 1995 ﬁliorum

304 2022 471 2079 Israel
496 2025 551 2078 in
580 2023 865 2078 uisitatione
887 2037 1062 2077 eorum
1083 2063 1097 2086 ,
1128 2020 1319 2074 dabunt
1356 2015 1545 2090 singuli
1590 2016 1895 2088 redemptio—

304 2133 415 2171 nem
438 2118 628 2173 animi:
663 2133 773 2173 sua!
799 2116 1037 2172 Domino.
1066 2114 1122 2172 Si
1167 2125 1343 2171 autem
1389 2115 1474 2170 hic
1517 2114 1730 2185 ponitur
1780 2112 1895 2167 lucc

303 2208 651 2277 coniunctio,
681 2207 935 2263 deorsum
964 2206 1194 2261 tollenda
1225 2214 1337 2271 est,
1374 2214 1430 2259 ut
1465 2204 1534 2258 ita
1564 2204 1801 2266 dicatur,
1834 2202 1895 2257 Si

302 2297 553 2368 acceperis
596 2297 1027 2369 computationem
1076 2297 1301 2365 filiorum
1344 2293 1509 2349 Israel
1534 2295 1586 2348 in
1616 2294 1895 2347 visitatione

306 2407 501 2455 eorum,
532 2399 577 2443 et
599 2389 793 2443 dabunt
816 2390 1004 2461 singuli
1032 2388 1424 2459 redemptionem
1453 2387 1635 2440 anima:
1656 2402 1763 2441 sua:
1786 2384 1892 2437 Do-

305 2482 475 2543 mino,
503 2491 549 2533 et
584 2498 684 2534 non
710 2481 802 2534 erit
826 2482 877 2535 in
912 2482 981 2535 eis
1006 2481 1158 2534 ruina
1178 2481 1230 2534 in
1255 2480 1534 2533 visitatione
1557 2494 1726 2532 eorum
1745 2517 1760 2543 ,
1800 2478 1893 2530 ltoc

308 2582 381 2627 est
411 2573 548 2645 quod
574 2573 785 2627 dabunt.
811 2574 917 2628 Aut
960 2584 1107 2627 certe
1145 2573 1197 2625 in
1236 2571 1412 2626 medio
1440 2570 1525 2625 ubi
1558 2570 1751 2623 dictum
1779 2577 1888 2633 est,

302 2674 478 2718 etnon
517 2664 609 2719 erit
637 2665 692 2719 in
730 2665 803 2720 eis
848 2665 1031 2731 ruina,
1076 2663 1120 2718 si
1149 2663 1400 2718 detrahas
1425 2661 1888 2730 conjmtctioncm,

302 2770 411 2811 non
441 2755 697 2826 pendebit
724 2756 986 2811 sententia
1022 2772 1035 2809 :
1066 2755 1171 2810 erit
1218 2753 1359 2808 enim
1392 2766 1614 2819 sensus,
1647 2751 1708 2805 Si
1745 2767 1889 2803 acce-

304 2850 441 2919 peris
460 2849 881 2918 computationem
906 2846 1129 2917 ﬁliorum
1152 2845 1313 2900 Israel
1333 2845 1383 2897 in
1406 2844 1682 2896 visitatione
1698 2858 1885 2903 eorum,

305 2952 354 2995 at
388 2942 579 2996 dabunt
603 2940 793 3013 singuli
833 2940 1226 3011 redemptionem
1265 2938 1449 2991 animat
1493 2950 1600 2989 sua:
1638 2932 1887 2998 Domino,

298 3048 406 3084 non
432 3033 525 3085 erit
553 3033 607 3085 in
641 3033 713 3085 eis
740 3032 915 3085 ruina.
953 3029 1087 3085 Cum
1115 3044 1242 3083 vero
1272 3028 1465 3096 ubique
1492 3025 1662 3097 posita
1692 3032 1773 3077 est
1797 3038 1889 3076 ea-

295 3122 421 3177 dem
448 3123 770 3193 coniunctio,
802 3122 1036 3193 pendere
1075 3121 1201 3175 facit
1232 3120 1550 3174 locutionem
1581 3134 1595 3172 :
1626 3116 1746 3170 ideo
1768 3130 1887 3170 eam

297 3215 600 3270 notandam
630 3215 947 3284 putavimus.

371 3304 475 3377 [11).
500 3320 676 3370 xxxu,
698 3303 774 3377 1.]
798 3303 1122 3360 Consurrexit
1148 3304 1363 3376 populus
1386 3304 1439 3357 in
1456 3302 1649 3368 Aaron,
1671 3309 1719 3354 et
1744 3299 1887 3352 dixe-

300 3408 426 3450 runt
450 3397 498 3451 ei
527 3413 544 3451 :
569 3397 761 3451 usitata
806 3396 999 3450 locutio
1027 3406 1141 3460 est,
1192 3395 1314 3465 quia
1344 3410 1405 3449 ex
1439 3394 1617 3447 multis
1666 3390 1888 3460 pepulus

295 3496 531 3541 constat.
556 3486 755 3541 Deinde
788 3486 1097 3552 notandum,
1129 3494 1296 3540 totum
1324 3499 1420 3554 pro
1446 3492 1593 3553 parte
1638 3482 1883 3550 positum.

300 3577 594 3645 Apostolus
617 3576 779 3639 enim,
811 3576 950 3631 sicut
998 3590 1183 3631 revera
1224 3582 1360 3640 erat,
1412 3572 1668 3643 quosdam
1700 3586 1884 3624 eorum

295 3665 435 3718 dixit
463 3666 563 3720 hoc
594 3665 802 3732 fecisse,
834 3682 937 3720 non
969 3674 1135 3720 totum
1163 3665 1435 3735 populant,
1468 3664 1553 3717 ubi
1584 3662 1677 3728 ait,
1715 3662 1889 3731 Neque

294 3756 455 3811 idolis
476 3760 772 3823 serviamus,
800 3759 927 3812 sicut
943 3758 1146 3829 quidam
1175 3757 1379 3810 illorum
1411 3754 1452 3827 (1
1479 3753 1595 3811 Cor.
1628 3771 1682 3819 χ,
1702 3755 1777 3824 7).

372 3846 477 3920 [11).
508 3846 588 3921 1.]
621 3847 807 3921 Surge,
853 3859 900 3902 et
935 3850 1017 3917 [ac
1043 3848 1181 3903 nobis
1205 3848 1324 3901 deos
1353 3848 1549 3918 quinos
1580 3846 1881 3915 praecedant.

292 3939 517 3995 Sedenti
557 3940 943 4011 loquebantur?
972 3957 1036 3993 an
1077 3941 1251 4010 potius
1296 3940 1491 3994 locutio
1530 3950 1609 3993 est
1633 3938 1882 4001 notanda,

291 4039 520 4100 pr0pter
547 4031 685 4102 quod
718 4047 862 4102 saepe
891 4033 1103 4099 dicitur,
1135 4032 1396 4105 Exsurge,
1457 4032 1669 4085 Domine
1714 4030 1883 4103 (Psal.

293 4135 451 4187 nm,
483 4119 617 4194 26);
668 4131 780 4191 aut,
814 4122 1002 4195 Surge,
1036 4122 1207 4192 Deus,
1248 4124 1430 4196 judice
1474 4134 1659 4177 terram
1713 4122 1882 4195 (l’sal.

294 4226 495 4275 ιιιιι,
518 4210 575 4283 8)
594 4212 619 4266 ἲ

367 4297 473 4357 ‘lb.
509 4298 623 4375 10.]
654 4301 717 4356 Et
757 4319 893 4357 nunc
929 4304 1037 4358 sine
1062 4320 1161 4371 me,
1190 4314 1235 4359 et
1262 4304 1419 4359 iratus
1444 4304 1558 4369 ira;
1595 4303 1882 4374 quomodo,

293 4404 476 4448 morte
500 4393 797 4449 morietur:
830 4404 975 4449 amat
1000 4396 1070 4451 ita
1101 4396 1242 4466 loqui
1275 4395 1570 4466 Scriptura.

367 4482 476 4555 [11).
657 4485 753 4541 Cui
806 4496 923 4541 sunt
969 4504 1121 4542 aurea
1144 4487 1325 4541 demite
1372 4502 1392 4541 :
1437 4502 1540 4541 non
1585 4486 1717 4541 dixit
1758 4486 1883 4556 quid

295 4588 492 4640 aurea,
548 4577 687 4632 unde
740 4579 890 4633 latini
919 4579 1237 4649 interpretes
1285 4578 1576 4647 dixerunt,
1611 4579 1698 4649 qui
1740 4580 1886 4633 habet

292 4682 477 4720 aurum
507 4668 695 4723 demat.

368 4756 473 4829 [11).
505 4758 623 4832 26.]
668 4760 793 4825 Quis
826 4761 894 4815 ad
922 4760 1211 4827 Dominum,
1242 4762 1406 4815 veniat
1429 4760 1497 4815 ad
1526 4778 1621 4815 me.

372 4849 473 4921 [11).
496 4850 611 4924 51.]
640 4852 891 4909 Fecerunt
914 4855 1013 4909 sibi
1038 4857 1156 4909 deos
1180 4872 1357 4909 aureos
1380 4871 1399 4910 :
1428 4855 1494 4909 de
1529 4871 1633 4909 uno
1660 4854 1883 4920 virtulo;

296 4945 560 5012 pluralem
584 4961 715 5016 ergo
743 4964 1024 5003 numerum
1050 4964 1145 5018 pro
1172 4948 1424 5019 singulari
1446 4950 1639 5017 posuit.
1665 4948 1789 5003 inde
1808 4957 1889 5002 est

295 5043 357 5087 et
391 5034 541 5099 illud,
591 5034 666 5091 IIi
719 5038 791 5091 dii
822 5039 895 5092 tui
924 5037 1089 5093 Israel
1120 5039 1204 5107 qui
1251 5040 1529 5094 eduxerunt
1570 5050 1615 5092 te
1646 5040 1710 5094 de
1757 5050 1888 5093 terra

299 5125 544 5200 zEggpti.
602 5128 720 5184 Non
753 5146 883 5186 sane
936 5132 1230 5187 locutiones
1274 5141 1388 5187 ista:
1419 5132 1755 5201 reperiuntur
1799 5136 1886 5189 ubi

297 5219 523 5289 pluralis
550 5236 646 5290 pro
674 5222 928 5293 singulari
950 5224 1178 5293 ponitur,
1198 5224 1296 5278 nisi
1328 5225 1377 5278 in
1402 5241 1466 5279 eo
1491 5240 1665 5280 rerum
1692 5241 1888 5295 genere

300 5309 354 5362 in
381 5325 490 5379 quo
519 5312 680 5367 etiam
703 5313 770 5368 de
800 5313 1043 5383 pluribus
1072 5316 1184 5369 lieri
1204 5316 1283 5370 vel
1315 5316 1532 5387 intelligi
1553 5326 1742 5386 potest.
1771 5318 1885 5372 Non

298 5401 444 5454 enim
475 5403 601 5471 quia
652 5418 790 5457 unus
821 5403 911 5459 ille
936 5405 1131 5459 vitulus
1160 5416 1306 5473 erat,
1333 5405 1454 5462 ideo
1482 5422 1587 5462 non
1615 5418 1669 5463 el.
1708 5409 1886 5478 plures

301 5491 417 5546 lieri
447 5500 717 5562 poterant,
745 5502 837 5549 aut
879 5494 998 5550 ideo
1024 5512 1132 5552 non
1162 5497 1341 5553 multis
1366 5496 1520 5553 idolis
1545 5500 1732 5554 similis
1774 5499 1887 5555 file-

300 5592 400 5637 rat.
435 5584 546 5639 llac
570 5586 839 5641 locutione
863 5586 1061 5643 dictum
1090 5598 1173 5645 est
1201 5588 1436 5646 latrones
1476 5590 1755 5645 insultasse
1786 5591 1889 5645 Do-

303 5677 447 5729 mino
471 5674 687 5744 (Matth.
716 5694 887 5745 xxvu,
911 5678 1027 5750 44),
1065 5696 1184 5734 cum
1216 5680 1318 5736 hoc
1347 5698 1509 5735 unum
1539 5682 1725 5737 fecisse
1740 5683 1883 5738 Scri-

304 5776 457 5838 ptura
491 5775 717 5824 testetur
734 5767 890 5840 (Luc.
922 5784 1078 5837 mn,
1104 5770 1216 5843 39),
1258 5770 1353 5826 sed
1401 5787 1505 5827 non
1536 5772 1680 5827 soius
1720 5773 1884 5831 fuerat

1615 340 1815 400 LIBER
1847 337 2221 399 SECUNDUS.

3477 358 3583 413 514

2002 455 2156 509 latro.
2181 457 2315 523 Quin
2338 460 2494 515 etiam
2524 476 2642 517 cum
2670 464 2767 519 ista
2790 464 2984 520 locutio
3008 464 3062 520 lit
3091 481 3185 535 per
3219 467 3427 521 nomina
3454 484 3580 539 pro-

2001 549 2134 616 pria,
2167 552 2393 619 qualiter
2417 568 2531 607 eam
2564 555 2614 608 in
2648 556 2934 625 Seripturis
2956 557 3144 612 factam
3168 558 3400 612 nondum
3424 573 3577 613 com-

2002 642 2254 710 perimus,
2286 644 2463 712 plures
2491 646 2595 701 illic
2641 647 3033 716 intelliguntur,
3066 650 3202 705 sicut
3231 650 3481 705 Plimdras
3526 661 3580 707 et

2002 727 2213 787 Medeas
2234 736 2449 805 quidam
2476 738 2755 803 dixerunt,
2786 756 2907 794 eum
2939 742 3092 796 fuerit
3122 759 3223 796 una
3257 743 3481 798 szedra
3526 754 3581 799 et

2002 839 2102 877 una
2147 825 2364 893 Medea,
2413 828 2505 881 sed
2539 830 2791 886 Pbmdras
2843 841 2895 886 et
2942 832 3151 887 Medeas
3178 835 3580 904 appellaverunt

2000 929 2187 972 omnes
2212 917 2415 973 similes
2442 914 2678 975 Pba'dra)
2699 932 2751 976 et
2780 922 2997 977 Medeze.
3031 924 3101 977 lta
3132 941 3237 980 non
3279 928 3393 981 sine
3422 942 3581 983 eausa

2002 1032 2099 1070 nec
2124 1026 2407 1088 utcumque
2426 1034 2489 1073 ac
2506 1021 2699 1089 passim
2730 1022 2867 1075 sicut
2906 1022 2972 1075 ab
3002 1023 3258 1092 imperitis
3272 1024 3458 1078 vitiose
3486 1024 3541 1078 lit
3562 1066 3576 1088 ,
3629 1079 3635 1083 .

2000 1106 2094 1161 sed
2123 1121 2268 1163 certo
2287 1110 2444 1164 modo
2468 1112 2728 1183 certisque
2750 1112 2946 1184 regulis
2972 1114 3083 1168 ista:
3110 1115 3399 1169 locutiones
3417 1116 3580 1171 inter-

2002 1208 2286 1267 ponuntur.

2073 1288 2170 1361 [1b.
2192 1307 2381 1357 xxxnt,
2406 1292 2482 1365 1.]
2498 1293 2652 1359 Vade,
2682 1296 2895 1351 ascende
2920 1298 3034 1351 Iu'nc
3051 1308 3123 1363 tu,
3147 1307 3192 1352 et
3215 1301 3577 1371 populustuus,

2001 1397 2123 1449 quos
2163 1383 2382 1439 eduxiin
2410 1385 2472 1440 de
2498 1396 2629 1441 terra
2659 1387 2879 1459 Egypti
2902 1406 2919 1443 :
2946 1406 3071 1455 non,
3129 1407 3285 1461 quem
3330 1392 3577 1459 cduxisti,
3647 1390 3655 1403 ’

2002 1473 2141 1541 quod
2173 1476 2237 1527 ita
2264 1477 2513 1531 usitatum
2545 1487 2625 1532 est
2651 1488 2705 1532 ul
2738 1481 2907 1535 rarius
2936 1482 3088 1535 aliter
3115 1479 3338 1537 dicatur.

2073 1563 2174 1636 [11).
2204 1564 2281 1637 5.]
2322 1566 2387 1619 Et
2413 1568 2540 1621 dixit
2564 1568 2826 1636 Dominus,
2852 1565 3096 1642 Deponite
3123 1576 3275 1629 stolas
3303 1576 3579 1647 gloriarum

2001 1666 2279 1709 vestrarum
2302 1668 2347 1711 et
2374 1659 2584 1727 cultant,
2609 1670 2655 1715 et
2667 1664 2922 1716 ostendam
2951 1680 3063 1735 quce
3088 1668 3311 1734 facturus
3337 1684 3446 1720 sum
3463 1669 3571 1721 tibi.

2001 1747 2046 1800 A
2074 1748 2260 1815 plurali
2287 1750 2351 1805 ad
2375 1751 2694 1822 singularem
2724 1769 3002 1810 numerum
3042 1758 3360 1814 locutionem
3393 1761 3579 1814 termi-

2001 1839 2166 1905 navit,
2181 1836 2301 1909 quia
2322 1842 2470 1896 multi
2483 1855 2632 1901 erant
2645 1854 2695 1900 et
2719 1849 2943 1916 populus
2959 1857 3089 1912 erat,
3105 1850 3241 1903 sicut
3259 1850 3335 1903 eis
3351 1850 3576 1914 dixerat,

2014 1928 2110 1985 Vos
2125 1933 2343 2003 papulas
2362 1934 2491 1988 dura
2521 1938 2706 1992 cervice
2736 1954 2755 1992 :
2778 1955 2881 1993 non
2907 1939 3036 1993 dixit
3058 1983 3072 2006 ,
3107 1950 3159 1995 tu
3188 1942 3432 2010 populus,
3460 1942 3573 2006 sed,

2012 2019 2112 2076 Vos
2156 2024 2395 2094 papulas,
2442 2041 2560 2080 cum
2591 2042 2704 2093 vos,
2738 2029 2945 2084 numeri
2975 2032 3043 2084 sit
3069 2030 3307 2101 pluralis,
3350 2032 3580 2103 populus

1998 2120 2176 2166 autem
2206 2115 2410 2169 numeri
2438 2116 2740 2186 singularis.

2070 2202 2168 2276 [11).
2200 2222 2385 2268 xxxlv,
2411 2207 2489 2280 9.]
2535 2209 2596 2263 Si
2622 2210 2786 2264 inveni
2817 2212 3037 2282 gratiam
3077 2213 3128 2266 in
3175 2224 3439 2284 conspectu
3469 2223 3577 2279 tuo,

1997 2296 2149 2351 simul
2184 2300 2400 2353 ambulet
2427 2300 2675 2356 Dominus
2716 2320 2854 2359 meus
2884 2304 3139 2357 nobiscum
3169 2320 3188 2358 :
3218 2316 3463 2375 tanquam
3510 2306 3579 2361 de

1999 2386 2103 2440 alio
2129 2387 2287 2442 dicat.
2322 2391 2566 2445 Assiduze
2597 2402 2718 2447 sunt
2760 2393 2843 2447 hac
2874 2395 3185 2457 locutiones,
3215 2396 3305 2449 sed
3334 2412 3452 2450 cum
3492 2397 3574 2450 di-

1997 2477 2133 2531 citur
2161 2478 2225 2532 ad
2257 2479 2440 2547 Deum,
2464 2490 2680 2549 putatur
2702 2484 2841 2538 Patri
2866 2484 2967 2538 dici
2988 2485 3054 2539 de
3077 2485 3229 2538 Filio.
3253 2484 3381 2539 Cum
3401 2497 3576 2539 autent

1998 2568 2118 2621 talia
2141 2568 2445 2624 dicerentur
2470 2572 2535 2626 ad
2560 2572 2887 2628 Pharaonem
2916 2584 2968 2629 et
2988 2575 3051 2628 ad
3073 2575 3266 2645 Josepli
3288 2576 3419 2629 etad
3447 2576 3578 2630 alios

1998 2658 2178 2712 multis
2209 2658 2357 2725 locis,
2386 2676 2553 2731 genus
2581 2663 2858 2718 locutionis
2884 2665 3287 2735 intelligebatur.

2068 2746 2166 2819 [11).
2198 2748 2309 2822 15.]
2332 2749 2617 2821 Nequando
2645 2770 2802 2823 ponas
2833 2765 3177 2807 testamentum
3211 2756 3273 2808 iis
3297 2754 3379 2822 qui
3405 2755 3578 2809 sedent

1995 2856 2146 2910 super
2172 2850 2354 2895 terram
2387 2857 2405 2897 :
2431 2859 2492 2897 ac
2524 2846 2568 2898 si
2596 2844 2814 2911 diceret,
2850 2846 3004 2900 sedes
3032 2846 3246 2911 habent,
3278 2846 3417 2917 quod
3461 2857 3572 2911 est,

1997 2931 2252 2987 habitant.

2068 3021 2165 3094 [11).
2192 3022 2302 3096 17.]
2325 3024 2392 3078 Et
2419 3025 2537 3079 deos
2567 3027 2741 3097 fasiles
2774 3045 2835 3081 ne
2859 3029 3036 3100 feceris
3066 3030 3150 3081 tibi
3176 3045 3194 3082 :
3224 3030 3416 3084 locutio
3444 3040 3525 3084 est
3546 3044 3575 3084 a

2000 3122 2146 3181 parte
2176 3122 2342 3169 totum
2373 3116 2711 3185 signiﬁcans;
2746 3132 2850 3171 non
2887 3119 3029 3172 enim
3074 3124 3193 3188 quia
3242 3119 3419 3173 fusiles
3462 3129 3575 3173 tan-

1996 3205 2267 3260 tummodo
2293 3207 2602 3273 nominavit,
2628 3207 2739 3262 lieri
2765 3209 3055 3277 seulptiles,
3082 3210 3326 3274 duetiles,
3358 3209 3575 3264 ﬁctiles-

1994 3311 2096 3365 que
2118 3298 2374 3365 permisit,
2396 3298 2478 3352 vel
2502 3299 2663 3352 ullum
2689 3315 2854 3369 genus
2880 3301 3304 3366 simulacrorum,
3327 3311 3416 3355 aut
3440 3316 3573 3371 qua-

1995 3388 2351 3458 liumcumque
2380 3390 2703 3443 factitiorum
2736 3391 2977 3445 deorum.

2066 3476 2285 3551 [lb.19.]
2315 3476 2476 3532 Omne
2501 3480 2797 3549 adapertens
2822 3482 3038 3548 vulvam,
3057 3482 3331 3534 masculina
3356 3497 3374 3533 ε
3396 3481 3445 3535 id
3471 3490 3571 3545 est,

1994 3586 2150 3625 omne
2179 3572 2498 3641 adaperiens
2526 3572 2733 3627 vulvam
2773 3572 2902 3627 mihi
2931 3573 3053 3640 erit,
3090 3589 3153 3628 ex
3201 3573 3266 3627 iis
3294 3591 3411 3642 qua:
3450 3580 3573 3627 sunt

1992 3665 2301 3718 masculina.

2066 3753 2159 3825 [11).
2183 3753 2299 3827 20]
2341 3753 2658 3808 Primitirum
2688 3756 2968 3826 subjugalis
2989 3756 3197 3808 redimes
3224 3774 3310 3809 ore
3344 3772 3360 3809 :
3390 3766 3441 3810 et
3471 3771 3573 3809 nec

1995 3861 2023 3898 a
2051 3856 2196 3915 parte
2229 3854 2395 3900 totum
2431 3856 2543 3910 est;
2588 3862 2756 3913 neque
2793 3848 2933 3899 enim
2976 3848 3018 3899 si
3060 3847 3330 3915 subjugale
3369 3865 3471 3901 ιιυη
3506 3848 3575 3901 sit

1989 3936 2291 4006 jutuentum
2322 3939 2586 4007 quodlibet
2617 3981 2629 3999 ,
2658 3938 2807 4007 Cujus
2856 3953 2980 3993 Caro
3024 3948 3269 4007 tauquam
3306 3941 3574 3995 immunda

1994 4032 2279 4097 respuitur,
2299 4031 2417 4086 ideo
2439 4047 2542 4085 non
2564 4042 2641 4085 est
2661 4032 3046 4097 redimendum,
3067 4043 3156 4085 aut
3176 4034 3277 4086 alio
3300 4051 3453 4103 quam
3478 4050 3576 4088 ove

1991 4120 2378 4174 rcdinu-mlum.

2068 4208 2167 4280 [11).
2194 4210 2310 4283 25.]
2357 4210 2477 4265 Non
2507 4212 2702 4267 occides
2744 4229 2896 4282 super
2935 4216 3234 4286 fermentum
3282 4218 3575 4286 sanguine»:

1992 4302 2368 4357 immolatorum
2409 4321 2632 4358 meorum
2667 4320 2687 4362 .'
2732 4306 2929 4361 locutio
2973 4317 3053 4360 est
3105 4308 3319 4376 utique,
3363 4309 3574 4361 occides

1992 4395 2330 4463 sanguinem,
2364 4412 2458 4464 pro
2483 4410 2545 4449 eo
2574 4406 2713 4465 quod
2743 4405 2844 4461 est,
2868 4397 3159 4450 occidendo
3179 4396 3435 4452 ell'undes.

2064 4482 2161 4556 [11).
2190 4483 2305 4555 9.5.]
2328 4484 2389 4536 Et
2419 4502 2517 4538 non
2542 4484 2752 4538 dormiet
2769 4502 2924 4555 usque
2948 4486 2998 4538 in
3026 4502 3173 4538 ntane
3196 4486 3470 4539 immolatio
3486 4504 3574 4540 s0-

1993 4575 2265 4629 lenmitatis
2298 4575 2550 4629 Pasclue:
2578 4576 2788 4629 dormiet
2815 4577 2964 4638 dixit,
2992 4576 3258 4635 manebit:
3288 4593 3408 4631 nam
3450 4594 3574 4631 earn

1992 4668 2207 4738 pecudis
2226 4671 2416 4722 occisa:
2446 4678 2498 4722 et
2522 4679 2685 4723 coclm
2703 4670 2967 4738 quomodo
2988 4669 3246 4721 dormiet?
3264 4670 3410 4736 Quod
3448 4686 3574 4739 ergo

1992 4759 2201 4823 dicitur,
2236 4759 2406 4823 Quare
2426 4759 2695 4824 obdormis,
2733 4760 2945 4813 Domine
2972 4760 3139 4832 (Psal.
3159 4777 3304 4827 xutt,
3329 4761 3442 4832 54),
3474 4760 3575 4816 hoc

1992 4864 2185 4918 genere
2212 4850 2492 4904 locutionis
2518 4849 2728 4916 dicitur,
2747 4861 2797 4904 et
2826 4852 3155 4921 intelligitur,
3179 4854 3353 4917 Quare
3375 4868 3573 4917 cessas,

1996 4940 2045 4994 id
2073 4950 2153 4995 est
2173 4984 2186 5004 ,
2221 4958 2321 4994 non
2353 4943 2607 4997 vindicas.

2067 5034 2293 5108 [lb.28.]
2315 5036 2387 5091 De
2412 5037 2754 5106 quadraginta
2786 5038 2987 5090 diorum
3010 5037 3212 5106 jejunio
3237 5037 3397 5107 Moysi
3430 5037 3575 5091 Scri-

1999 5138 2149 5198 ptura
2191 5128 2267 5181 sic
2304 5129 2563 5199 loquitur,
2591 5127 2783 5180 Panem
2815 5145 2912 5181 non
2936 5128 3273 5191 manducavit,
3314 5139 3359 5180 et
3390 5145 3571 5198 aquam

2000 5234 2100 5271 non
2128 5217 2245 5271 bibit
2270 5234 2287 5272 :
2309 5232 2338 5271 a
2370 5228 2518 5287 parte
2539 5227 2729 5282 totum,
2750 5232 2884 5287 pane
2906 5233 3117 5271 omnem
3149 5218 3346 5284 cibum,
3364 5230 3415 5271 et
3440 5233 3573 5286 aqua

1997 5325 2209 5364 omnem
2238 5319 2413 5378 potum
2437 5309 2757 5379 signiﬁcans.

2070 5403 2172 5476 [11).
2206 5402 2282 5476 1.]
2312 5402 2498 5458 Επὶάε
2548 5402 2637 5456 tibi
2679 5402 2806 5455 duas
2834 5400 3029 5455 tabulas
3052 5443 3066 5467 ,
3119 5400 3246 5455 sicut
3276 5409 3320 5453 et
3358 5400 3574 5471 primm:

1996 5496 2333 5559 subauditur,
2362 5498 2605 5561 luerunt;
2654 5495 2793 5550 unde
2820 5494 2923 5551 huc
2966 5494 3182 5548 verbum
3213 5494 3379 5547 nostri
3410 5495 3576 5548 inter.

1994 5600 2177 5660 pretes
2203 5590 2359 5643 etiam
2386 5586 2681 5641 abdendum
2699 5595 3033 5656 putaverunt,
3058 5586 3306 5653 quoniam
3329 5585 3577 5642 inusitata

1995 5694 2074 5738 est
2104 5683 2153 5736 iu
2187 5682 2362 5753 lingua
2398 5681 2555 5735 latina
2576 5680 2691 5732 talis
2713 5675 2936 5746 ellipsis.

2069 5776 2164 5847 iii).
2196 5792 2361 5839 xxxv,
2386 5773 2462 5845 1.]
2492 5773 2553 5826 Et
2581 5776 2651 5826 ait
2698 5773 2898 5844 Moyses
2940 5772 3008 5826 ad
3050 5787 3243 5825 omnem
3270 5786 3578 5839 synagogam
