4094 6500
490 329 595 385 515

487 445 709 516 ﬁliorum
725 442 912 512 Israel,
929 441 1128 500 dicens:
1146 441 1360 514 plenum
1375 445 1535 504 esset,
1559 435 1660 492 etsi
1687 447 1797 490 non
1815 429 2056 498 haberet,

488 539 678 594 dicens.
897 565 910 589 ι
928 578 963 590 ..,

560 629 659 704 [11).
681 645 846 696 xxxv,
866 627 981 701 2L]
1009 626 1074 681 Et
1094 626 1362 681 attulerunt
1390 623 1726 689 unusquisque
1762 614 1896 687 quod
1933 613 2080 681 afl'e-'

486 723 625 776 rebat
649 735 736 775 cor
751 735 920 773 eorum
949 725 1183 790 :poterat
1203 714 1446 770 usitatius
1473 711 1596 774 dici,
1616 711 1683 764 Et
1701 708 1876 764 attulit
1897 721 2059 761 unus-

486 813 708 884 quisque
733 809 872 881 quod
903 807 1155 863 aﬂcrebat
1181 819 1275 860 cor
1299 803 1437 873 ejus.

559 902 658 975 [lb.
673 899 791 974 21.]
813 899 874 952 Et
887 899 1062 969 quibus
1090 898 1250 951 visunt
1275 905 1347 948 est
1371 893 1555 946 anima:
1574 885 1764 956 eorum,
1788 888 2059 942 attulerunt

487 992 817 1062 demptionem
844 991 859 1023 ¹
887 988 1106 1042 Domino
1132 1001 1153 1040 :
1192 999 1298 1041 non
1340 983 1492 1048 dixit,
1524 991 1578 1036 et
1618 980 1756 1035 sicut
1781 979 1950 1032 visum
1976 984 2060 1032 est

487 1083 682 1139 animm
703 1095 909 1138 eorum.
2033 1129 2036 1132 λ

563 1171 665 1247 [11).
694 1169 810 1244 25.]
851 1168 916 1223 Et
944 1167 1105 1222 omnis
1131 1166 1213 1221 cui
1239 1165 1494 1219 inventum
1513 1171 1586 1217 est
1622 1158 1760 1230 apud
1781 1173 1894 1213 eum
1921 1157 2058 1247 coria

485 1245 697 1317 arietum
713 1259 966 1313 rubricata
991 1270 1011 1310 :
1036 1254 1175 1327 quod
1201 1254 1468 1310 diceretur
1483 1252 1693 1316 usitate,
1713 1261 1902 1304 omnes
1916 1245 2055 1317 apud

484 1366 620 1422 quos
654 1350 864 1406 iuventa
888 1356 1012 1403 sunt
1034 1347 1176 1401 coria
1203 1345 1426 1400 arietum
1453 1341 1737 1396 rubricata.

556 1437 653 1512 [lb.
675 1435 792 1512 24.]
824 1435 1002 1492 Omnis
1020 1433 1238 1503 alferens
1257 1433 1616 1503 demptionem;
1639 1436 1902 1502 argentum
1920 1436 1967 1481 et
1987 1441 2059 1481 tes

481 1529 755 1584 attulerunt
805 1527 1111 1598 demptiones
1159 1523 1377 1578 Domino
1405 1537 1425 1578 :
1452 1521 1695 1576 usitatius
1748 1518 2055 1585 diceretur,

482 1623 654 1676 omnis
682 1621 874 1683 attulit,
903 1635 1084 1690 quam,
1105 1617 1278 1672 omnis
1306 1616 1612 1670 attulerunt.

553 1710 652 1784 [lb.
681 1708 796 1784 ει]
836 1709 900 1763 Et
925 1707 1065 1780 apud
1108 1724 1232 1778 quos
1258 1707 1459 1759 inventa
1484 1710 1601 1758 sunt
1633 1700 1772 1771 apud
1809 1716 1891 1754 eos
1920 1697 2058 1770 ligna

480 1799 807 1872 imputribilia
828 1814 848 1853 :
871 1798 1007 1870 apud
1027 1814 1109 1852 eos
1125 1812 1270 1850 more
1289 1795 1676 1864 Scripturarum
1693 1791 1927 1846 additum
1952 1797 2053 1857 est,

482 1909 603 1946 nam
629 1893 741 1948 sine
763 1893 862 1946 hoc
891 1897 1034 1946 esset
1063 1891 1212 1958 plena
1243 1886 1522 1941 sententia.

555 1981 655 2055 [lb.
695 1979 810 2054 25.]
851 1980 1096 2034 Etomnis
1147 1979 1325 2032 mulier
1376 1976 1577 2046 sapiens
1611 1982 1792 2040 mente,
1825 1970 2056 2025 manibus

482 2088 629 2136 nere;
659 2072 805 2140 quasi
825 2086 950 2124 nere
973 2077 1149 2139 posset
1175 2083 1278 2122 non
1310 2065 1554 2120 manibus
1577 2082 1590 2118 :
1618 2075 1672 2120 et
1699 2064 1896 2130 sapiens
1919 2079 2052 2125 nere,

481 2164 696 2232 elegans
738 2170 894 2231 atque
936 2161 1181 2214 inusitata
1218 2158 1412 2212 locutio
1459 2165 1559 2211 est.
1601 2155 1835 2221 Deinde,
1877 2153 2056 2208 Omnis

483 2254 666 2307 mulier
688 2253 999 2306 attulerunt:
1025 2266 1175 2306 more
1194 2250 1521 2320 superiorum
1551 2247 1736 2317 plurali
1782 2246 2055 2301 concludi-

484 2353 570 2398 tur
617 2344 930 2415 singularis,
957 2345 1101 2416 quia,
1127 2343 1299 2398 omnis
1341 2342 1532 2396 mulier
1580 2340 1783 2407 attulit,
1815 2339 2055 2394 usitatius

481 2433 771 2488 diceretur.

553 2521 651 2594 [lb.
681 2520 798 2595 26.]
839 2517 903 2576 Et
933 2540 1102 2577 omnes
1133 2523 1364 2577 mulieres
1388 2520 1568 2593 quibus
1613 2521 1774 2574 uisum
1802 2530 1872 2574 est
1907 2535 2056 2574 sensu

480 2630 591 2679 suo,
621 2614 673 2667 in
703 2614 948 2684 sapientia
973 2622 1150 2668 nerunt
1179 2614 1308 2682 pilos
1337 2614 1611 2681 caprinos:
1638 2610 1924 2664 notandum
1971 2623 2058 2663 sa-

478 2705 730 2776 pientiam
759 2703 809 2758 in
841 2704 921 2758 his
945 2704 1146 2758 artibus
1169 2717 1312 2772 smpe
1337 2703 1567 2773 apellare
1611 2699 1939 2770 Scripturam
1959 2739 1975 2766 ,
2005 2698 2054 2752 id

477 2805 560 2851 est
585 2807 763 2867 σοφίαν.

550 2883 649 2957 [11).
675 2883 790 2957 28.]
821 2884 883 2938 Et
908 2884 1289 2954 compositiones
1310 2893 1356 2937 et
1381 2883 1545 2938 oleum
1573 2882 1820 2936 unctionis
1841 2894 1891 2936 et
1913 2899 2054 2936 cont-

481 2975 777 3046 positionem
818 2975 1006 3028 incensi
1034 2992 1053 3031 :
1084 2991 1186 3029 non
1217 2976 1628 3044 compositiones
1666 2974 1870 3044 aliquas
1906 2983 2053 3029 extra

479 3063 733 3117 debemus
762 3063 1083 3132 intelligere;
1113 3064 1204 3119 sed
1227 3078 1346 3118 cum
1373 3064 1568 3117 dictum
1591 3072 1752 3128 esset,
1779 3073 1825 3118 et
1849 3080 2054 3134 compo-

476 3153 700 3218 sitiones,
734 3169 828 3223 per
853 3152 1276 3223 conjunctionem
1296 3153 1645 3223 copulativam
1674 3165 1777 3207 neu
1794 3153 1934 3208 aliud
1956 3155 2054 3208 ad-

472 3242 664 3312 iunxit,
699 3243 795 3298 sed
834 3243 973 3314 quod
1004 3243 1209 3298 dixerat
1239 3244 1500 3312 exposuit,
1532 3251 1588 3297 ut
1615 3245 1875 3299 sciremus
1919 3260 2054 3314 quas

473 3334 907 3403 compositiones,
930 3342 978 3388 et
1021 3334 1206 3398 oleum,
1237 3334 1426 3403 inquit,
1457 3334 1704 3387 unctionis
1733 3345 1778 3387 et
1803 3335 2052 3406 composi-

474 3425 658 3477 tionem
693 3423 883 3477 incensi
908 3438 928 3477 :
969 3424 1379 3493 compositiones
1403 3433 1578 3478 autem
1616 3432 1790 3493 vocat,
1820 3426 1941 3495 quia
1977 3440 2051 3481 ex

473 3514 655 3569 multis
685 3515 783 3568 ista
813 3513 1051 3569 confecta
1079 3523 1220 3568 sunt.

545 3603 642 3676 [lb.
668 3603 781 3677 29.]
805 3604 868 3658 Et
894 3606 1055 3659 omnis
1079 3605 1156 3659 vir
1178 3613 1224 3658 et
1243 3603 1425 3658 mulier
1443 3621 1655 3667 quorum
1678 3603 1916 3672 aﬁerebat
1936 3621 2053 3660 sen-

473 3711 559 3749 sus
577 3711 767 3760 eorum,
787 3704 840 3748 ut
865 3696 1122 3759 intrarent,
1145 3704 1189 3749 et
1205 3695 1423 3764 facerent
1450 3711 1596 3748 omne
1615 3712 1743 3764 opus
1767 3695 2048 3767 quodcum-

537 3805 554 3836 ³
579 3802 695 3868 Editi
717 3804 794 3868 hic
815 3811 867 3854 et
888 3804 1027 3868 intra,
1049 3803 1422 3868 redemptionem
1443 3815 1462 3853 :
1483 3817 1684 3868 proque
1701 3813 1806 3855 mss.
1829 3812 2049 3856 constan-

475 3871 571 3924 ter,
595 3864 926 3927 demptionem,
945 3867 1081 3928 juxta
1103 3864 1250 3928 graia.
1277 3872 1406 3923 Lxx,
1431 3864 1735 3928 apltaii'ema.

1279 314 1716 380 LOCUTIONUM
1756 314 1811 371 s.
1855 309 2218 370 AUCL'STiN!
2259 307 2324 367 1N
2361 307 2922 370 usrrmucnuu

3643 316 3747 374 516

2162 439 2260 494 que
2281 425 2518 502 precepit
2540 423 2789 480 Dominus
2812 425 2925 494 ﬁeri
2945 422 3076 479 illud
3090 441 3179 496 per
3200 425 3432 499 Moysen,
3454 428 3730 487 attulerunt

2162 514 2259 583 ﬁlii
2287 513 2448 570 Israel
2468 516 2799 586 deMptionem
2821 515 3058 570 Domino.
3090 517 3229 586 Ergo
3255 519 3430 573 omnis
3453 519 3534 573 vir
3550 528 3606 575 et
3624 535 3743 576 mu-

2163 607 2266 662 lier
2289 649 2304 671 ,
2353 608 2718 678 intelliguntur
2753 607 2845 662 lilii
2892 607 3074 663 Israel.
3105 608 3325 664 Caetera:
3348 610 3642 666 locutiones
3669 612 3742 667 si-

2163 699 2316 754 miles
2338 700 2717 768 superioribus.

2235 787 2335 863 [11).
2349 789 2439 853 52,
2457 788 2570 863 35.]
2599 787 2790 845 Facere
2815 805 2994 844 aurum
3019 797 3065 844 et
3084 799 3345 863 argentum
3367 799 3412 846 et
3430 807 3499 846 tes
3517 807 3536 846 :
3553 802 3742 865 pro-eo

2161 880 2301 953 quod
2322 890 2403 936 est
2430 881 2600 936 facere
2618 896 2680 938 ex
2711 896 2840 936 auro
2865 891 2920 937 et
2947 889 3167 952 argento
3201 893 3254 936 et
3278 893 3420 945 tere;
3456 897 3564 936 non
3592 883 3736 938 enim

2161 985 2345 1025 aurum
2376 969 2668 1036 faciebant,
2710 970 2802 1026 sed
2848 985 2918 1026 ex
2939 985 3089 1025 auro.
3120 970 3250 1027 Tale
3291 980 3374 1027 est
3392 972 3550 1038 etiam
3595 974 3736 1042 quod

2162 1061 2317 1129 paulo
2343 1068 2461 1130 post
2481 1060 2624 1125 dicit,
2650 1059 2715 1114 Et
2737 1060 2938 1130 operari
2961 1060 3135 1132 ligna;
3155 1059 3257 1116 hoc
3274 1069 3378 1127 est,
3406 1076 3471 1114 ex
3493 1061 3667 1130 lignis.

2235 1148 2334 1223 [lb.
2370 1149 2484 1224 35.]
2512 1150 2704 1205 Facere
2731 1153 2899 1205 omnia
2926 1167 3080 1222 apera
3107 1152 3268 1205 sancti
3285 1153 3496 1218 textilia,
3525 1164 3571 1206 et
3585 1155 3740 1207 naria

2161 1250 2326 1296 texere
2351 1258 2497 1296 cocco
2522 1251 2568 1296 et
2589 1243 2754 1313 bysso,
2779 1245 2944 1314 facere
2969 1260 3115 1298 omne
3135 1260 3263 1313 opus
3303 1244 3740 1298 architectonicam
3811 1251 3814 1254 ’

2172 1333 2446 1386 varietatis.
2467 1335 2602 1388 Ecce
2628 1343 2680 1388 et
2710 1335 2760 1388 in
2787 1334 2946 1389 rebus
2980 1334 3248 1388 textilibus
3271 1335 3740 1390 architectonicam

2161 1438 2298 1494 opus
2326 1425 2556 1494 appellat
2583 1442 2597 1479 :
2648 1427 2837 1480 mirum
2868 1426 2968 1479 nisi
3010 1434 3307 1495 propterea,
3337 1427 3459 1498 quia
3489 1427 3739 1482 taberna-

2162 1517 2340 1572 culum
2369 1517 2547 1584 tlebat,
2604 1516 2745 1586 quod
2789 1515 2994 1572 aedilicii
3022 1516 3195 1572 simile
3244 1516 3358 1582 fuit,
3387 1526 3443 1572 et
3490 1525 3738 1586 tanquam

2159 1609 2352 1664 domus
2379 1609 2700 1679 erigebatur.
2751 1608 2886 1677 Quid
2937 1617 3113 1663 autem
3147 1610 3286 1664 dicat
3335 1626 3489 1677 opera
3539 1611 3735 1676 sancti,

2170 1715 2274 1754 non
2305 1700 2580 1755 evidenter
2598 1711 2833 1768 apparet,
2870 1711 3044 1752 utrum
3075 1699 3242 1753 sancti
3263 1699 3571 1765 sacerdotis,
3602 1714 3740 1769 quo-

2161 1792 2300 1846 niam
2326 1802 2378 1847 et
2403 1793 2470 1847 de
2496 1793 2628 1846 stola
2653 1793 2732 1848 vel
2763 1792 2828 1847 de
2862 1793 3012 1847 stolis
3045 1793 3162 1862 ejus
3205 1793 3320 1848 hanc
3358 1792 3631 1858 dicuntur;
3667 1807 3737 1847 an

2159 1883 2325 1937 sancti
2352 1882 2464 1946 Dei,
2511 1881 2563 1935 in
2603 1881 2753 1952 cujus
2795 1882 2994 1935 cultum
3033 1883 3146 1936 lucc
3200 1881 3424 1947 ﬁebant;
3475 1898 3541 1936 an
3585 1899 3740 1952 opera

2157 1975 2362 2040 sancti,
2407 1975 2543 2028 sicut
2591 1973 2865 2029 dicebatur
2903 1973 3159 2028 Sanctum
3209 1981 3264 2027 ct
3307 1973 3556 2027 Sanctum
3609 1986 3736 2026 san-

2158 2073 2362 2120 ctorum
2373 2106 2387 2119 .

2232 2153 2335 2228 [lb.
2363 2171 2550 2221 xxxvr,
2579 2155 2612 2211 8
2631 2153 2752 2230 (a).]
2783 2154 3080 2210 Humcralia
3105 2155 3406 2209 continentia
3429 2169 3491 2210 ea:
3515 2153 3749 2221 utrisqu-

2161 2245 2382 2316 partibus
2408 2249 2519 2317 ejus
2547 2263 2568 2301 :
2597 2262 2698 2302 non
2727 2247 2860 2301 dixit
2883 2263 2947 2302 ex
2979 2246 3214 2316 utrisque
3245 2245 3478 2314 partibus
3504 2259 3692 2299 eorum
3720 2283 3738 2306 ,

2159 2337 2399 2407 quamvis
2425 2337 2510 2391 illa
2541 2337 2848 2400 Immeralia,
2895 2353 3000 2390 non
3031 2336 3304 2390 humerale
3330 2334 3568 2399 dixisset,
3600 2334 3740 2388 sicut

2158 2427 2295 2481 solet
2323 2426 2594 2481 humerale
2609 2426 2820 2491 dicere;
2853 2427 3024 2496 ipsum
3047 2427 3186 2481 enim
3209 2425 3492 2495 appellavit
3516 2423 3740 2494 plurali-

2162 2525 2245 2574 ter
2267 2517 2567 2583 Itumcralia,
2595 2520 2730 2574 sicut
2758 2520 2944 2574 stolam
2979 2529 3033 2574 et
3059 2522 3272 2574 easdem
3304 2519 3489 2574 stolas.

2230 2608 2328 2682 [lb.
2354 2610 2420 2664 37
2586 2609 2814 2679 EtIEliab
2843 2612 2978 2680 [ilius
2999 2610 3330 2664 Acltisamach
3350 2609 3412 2664 de
3435 2609 3565 2664 tribu
3594 2607 3736 2672 Dan,

2158 2703 2245 2772 qui
2269 2702 2688 2755 architectonatus
2714 2711 2788 2757 est
2817 2703 3008 2757 textilia
3030 2712 3078 2757 et
3101 2703 3390 2767 consutilia,
3423 2711 3476 2756 et
3524 2702 3741 2758 diuersi-

2160 2794 2370 2859 coloria,
2396 2802 2560 2846 texere
2583 2795 2645 2848 de
2679 2808 2826 2848 cocco
2847 2803 2894 2848 et
2929 2793 3093 2864 bysso.
3124 2793 3271 2848 Novo
3303 2807 3450 2848 more
3492 2792 3742 2848 dicuntur

2159 2885 2566 2940 arcltitcctonari
2600 2886 2818 2939 textilia.
2844 2885 3014 2939 Etiam
3037 2885 3162 2939 illud
3181 2903 3210 2938 a
3229 2893 3378 2954 parte
3401 2892 3566 2942 totum
3584 2881 3741 2937 intel-

2161 2976 2429 3046 ligeudum
2459 2985 2539 3030 est
2567 2975 2709 3045 quod
2736 2977 2838 3041 ait,
2884 2985 3049 3031 texere
3090 2991 3236 3030 cocco
3267 2985 3312 3029 et
3350 2976 3497 3046 bysso
3520 2990 3540 3029 :
3563 2990 3628 3030 ex
3655 2975 3740 3028 his

2159 3065 2300 3120 enim
2327 3073 2382 3120 et
2405 3075 2595 3120 cmtera
2626 3065 3002 3136 intelligimus,
3019 3065 3072 3120 id
3098 3075 3199 3131 est,
3220 3080 3503 3135 purpuram
3517 3073 3580 3120 et
3602 3063 3737 3136 hya-

2157 3157 2416 3210 cintltum.

2232 3247 2328 3319 [lb.
2351 3263 2542 3308 χχχιχ,
2565 3247 2678 3319 51.]
2710 3247 2772 3301 Et
2798 3251 3022 3320 fecerunt
3047 3248 3144 3318 ﬁlii
3163 3247 3328 3303 Israel
3353 3248 3479 3302 sicut
3499 3248 3736 3317 praecepit

2157 3335 2408 3391 Dominus
2458 3337 2644 3409 Moysi,
2684 3340 2755 3391 ita
2793 3339 3017 3408 fecerunt
3045 3353 3065 3392 :
3088 3340 3300 3409 plenum
3332 3345 3496 3404 esset,
3523 3337 3734 3393 etiamsi

2156 3445 2261 3484 non
2289 3430 2592 3498 adderetur,
2623 3433 2692 3485 ita
2721 3435 2968 3503 fecerunt.

2227 3519 2334 3592 [lb.
2367 3539 2462 3582 χι..
2489 3520 2599 3594 14.]
2628 3521 2692 3576 Et
2719 3523 2833 3591 fecit
2860 3521 3062 3593 Moyses
3086 3522 3254 3576 omnia
3281 3537 3396 3594 ante
3424 3521 3658 3592 praecepit
3685 3521 3733 3573 ei

2156 3609 2435 3678 Dominus,
2479 3613 2549 3665 ita
2575 3611 2694 3683 fecit
2724 3625 2746 3668 :
2779 3612 3024 3668 similiter
3062 3621 3117 3668 ut
3154 3611 3352 3668 dictum
3386 3620 3470 3667 est
3505 3611 3572 3666 de
3613 3609 3734 3664 liliis

2155 3700 2337 3756 Israel.

2211 3808 2286 3931 lii
2310 3809 2588 3931 2111133?

2237 3868 2286 3931 b)
2311 3868 2438 3932 Apud
2462 3878 2569 3920 Lxx
2593 3883 2608 3919 :
2645 3875 2700 3920 At
2718 3870 2766 3919 in
2787 3868 2986 3933 Vulgata
3006 3883 3112 3933 mp.
3135 3869 3214 3930 58,
3239 3884 3284 3919 ν.
3303 3869 3383 3919 25.

1468 4025 1949 4132 LIBER
2035 4028 2339 4134 TER
2360 4030 2516 4136 T1
2540 4028 2745 4137 US.

1786 4187 2070 4239 locutiones
2088 4188 2152 4240 de
2174 4190 2399 4242 Levitico.

1931 4314 2256 4371 ακ-ωνξ

534 4437 606 4510 (a)
620 4436 827 4513 [Lerna
845 4453 959 4507 cap.
978 4452 1014 4499 ι,
1036 4435 1069 4507 7
1088 4433 1168 4509 2.]
1191 4433 1356 4489 Homo
1373 4451 1434 4489 ea:
1453 4435 1586 4489 vobis
1605 4433 1648 4488 si
1663 4433 1893 4489 obtulerit
1913 4433 2048 4489 dona

478 4527 692 4584 Domino
718 4546 749 4582 a
776 4527 1051 4599 pecoribus,
1075 4544 1105 4579 a
1128 4527 1279 4581 bobus
1304 4537 1348 4578 et
1379 4525 1440 4579 ab
1464 4526 1634 4579 ovibus
1659 4525 1877 4592 oﬂ'eretis
1900 4539 1920 4580 :
1947 4526 2048 4580 hoc

477 4627 579 4681 est,
608 4619 650 4672 si
679 4633 708 4670 a
733 4618 1010 4688 pecoribus
1034 4617 1286 4682 otl'eretis,
1322 4633 1350 4669 a
1384 4617 1573 4680 bobus,
1607 4616 1674 4670 ab
1697 4615 1884 4671 ovibus
1912 4615 2044 4670 olfe-

478 4709 622 4762 rctis.
660 4707 846 4762 Ovinm
886 4708 1098 4761 nomine
1124 4707 1280 4761 etiam
1317 4721 1592 4778 caprarum
1617 4721 1784 4777 genus
1810 4705 2042 4771 inclusit,

473 4797 610 4852 sicut
634 4798 685 4851 in
716 4797 833 4851 aliis
861 4796 994 4852 locis
1020 4797 1176 4852 solet.

475 4885 480 4890 ’
542 4887 641 4962 [11).
669 4905 738 4953 tt,
771 4887 846 4963 6.]
877 4887 942 4943 Et
968 4889 1253 4960 confringes
1280 4904 1340 4942 ea
1365 4888 1644 4959 fragmenta
1665 4903 1686 4943 :
1712 4887 1765 4944 id
1789 4897 1892 4956 est,
1913 4903 2044 4944 con-

477 4982 754 5054 l'ringcudo
784 4981 944 5038 facies
969 4997 1028 5036 ea
1055 4980 1364 5051 fragmenta.

544 5072 644 5147 [lb.
672 5087 750 5138 tv,
771 5069 886 5144 23.]
916 5069 981 5124 Et
1009 5073 1258 5139 cognitum
1279 5071 1322 5124 ei
1346 5071 1495 5139 fuerit
1515 5082 1768 5139 peccatum
1781 5068 1913 5140 quod
1931 5086 2045 5140 pec-

471 5163 600 5218 cavit
624 5163 676 5216 in
700 5178 778 5216 eo.
812 5161 924 5216 Duo
954 5160 1093 5214 modi
1124 5160 1403 5214 locutionis
1440 5160 1526 5214 llic
1559 5160 1775 5214 notandi
1804 5168 1959 5225 sunt,
1991 5171 2044 5213 ct

467 5263 725 5324 peccatum
748 5252 986 5322 peccavit,
1013 5259 1068 5306 et
1089 5249 1225 5320 quod
1256 5249 1474 5316 addidit,
1505 5250 1556 5304 in
1583 5265 1659 5303 eo.
1693 5249 1748 5304 1n
1771 5265 1878 5319 quo
1901 5249 2042 5304 enim

464 5345 565 5399 nisi
595 5345 646 5398 in
678 5345 810 5414 ipso.
841 5342 889 5396 id
917 5352 999 5397 est
1027 5341 1282 5412 peccato?

535 5435 633 5510 [lb.
657 5452 714 5503 γ,
744 5433 818 5508 1.]
845 5433 906 5491 Si
933 5443 1100 5488 autem
1126 5434 1296 5486 anima
1318 5432 1607 5503 peccaverit,
1643 5441 1688 5487 et
1717 5430 1929 5485 audierit
1953 5447 2038 5485 vo-

522 5536 595 5599 (a)
747 5532 937 5606 aliquot
948 5540 1001 5584 et
1021 5545 1194 5583 omnes
1215 5533 1448 5606 hactenus
1467 5533 1584 5604 editi
1599 5537 1775 5606 carent
1793 5530 2044 5606 prioribus

460 5593 595 5647 hisce
621 5598 674 5662 ἦ)
699 5593 1042 5662 locutionibus;
1073 5606 1184 5657 quae
1217 5607 1282 5644 ex
1311 5594 1614 5662 cisterciepsi
1645 5593 1825 5650 codice,
1853 5605 2042 5662 necnon

463 5672 524 5708 ex
558 5657 833 5706 Corbeieusi
870 5657 1062 5714 optimae
1093 5655 1220 5706 noue
1265 5663 1430 5705 etante
1466 5655 1558 5709 800
1595 5666 1745 5703 annos
1775 5655 2044 5714 wnscripto

463 5672 524 5708 ex
558 5670 833 5730 corbeteum
870 5670 1062 5780 osi-3mm
1095 5670 1122 5704 n

461 5733 589 5769 nunc
624 5731 823 5767 (smmum
849 5731 910 5766 γυ
933 5726 1122 5767 "antur.

2155 4453 2262 4492 cem
2277 4439 2574 4510 jurationis,
2602 4448 2647 4493 et
2670 4440 2776 4511 ipse
2803 4441 2943 4495 testis
2968 4441 3139 4512 fuerit,
3163 4452 3251 4495 aut
3275 4442 3468 4503 riderit.
3498 4455 3583 4498 aut
3598 4458 3725 4498 con-

2152 4528 2286 4582 scius
2314 4530 2498 4600 fuerit,
2533 4530 2579 4584 si
2615 4547 2714 4584 non
2741 4531 3068 4597 nuntiaeerit,
3105 4541 3154 4586 ct
3181 4532 3389 4602 accipiet
3426 4543 3684 4603 peccatum
3708 4550 3729 4589 :

2154 4617 2271 4687 plus
2294 4619 2500 4674 videtur
2521 4619 2731 4685 habere,
2759 4631 2838 4683 et;
2864 4637 2983 4674 nam
3008 4635 3074 4676 eo
3091 4621 3306 4692 dempto
3330 4622 3534 4694 integre
3554 4625 3730 4694 sequi-

2153 4715 2260 4771 tur.
2287 4709 2494 4777 accipiet
2519 4720 2794 4776 peccatum.

2223 4795 2324 4869 [lb.
2356 4796 2429 4870 1.]
2453 4797 2513 4852 Si
2537 4808 2701 4852 autem
2725 4799 2895 4852 anima
2920 4800 3220 4868 peccaverit,
3245 4811 3293 4856 et
3318 4801 3533 4857 audierit
3553 4819 3723 4858 vocem

2139 4885 2416 4957 jurationis
2433 4929 2450 4954 ,
2477 4897 2524 4941 et
2547 4888 2651 4958 ipse
2671 4889 2806 4942 testis
2832 4890 3009 4960 fuerit,
3037 4900 3125 4944 aut
3147 4891 3322 4944 viderit
3338 4934 3354 4955 ,
3380 4902 3469 4947 ant
3493 4894 3722 4947 conscius

2149 4978 2304 5050 fuerit
2329 4994 2430 5032 non
2461 4981 2756 5032 nuntiarcrit
2779 4995 2798 5034 :
2823 4990 2871 5033 et
2901 4981 3126 5050 positum
3146 4992 3249 5049 est,
3274 4998 3370 5052 pro
3391 4983 3442 5038 id
3459 4993 3538 5038 est
3560 5004 3574 5038 :
3597 4999 3724 5040 nam

2149 5069 2228 5122 sic
2249 5067 2352 5124 dici
2379 5077 2559 5138 posset
2583 5078 2778 5123 nostra:
2803 5069 3082 5125 locutionis
3103 5073 3484 5129 consuetudine
3504 5115 3520 5139 ,
3545 5073 3598 5129 Si
3627 5090 3727 5127 au-

2151 5168 2255 5214 tem
2283 5159 2456 5212 anima
2482 5160 2814 5228 peccaverit,
2855 5159 2906 5214 id
2932 5170 3014 5216 est
3041 5162 3268 5218 audierit
3292 5179 3474 5219 vocem
3499 5164 3723 5234 iuratio-

2150 5253 2251 5313 nis,
2281 5259 2336 5304 et
2356 5257 2568 5304 caetera.

2219 5339 2320 5414 [lb.
2351 5337 2430 5412 5.]
2461 5327 2792 5413 Aut‘tetigerit
2812 5343 2874 5396 ab
2901 5342 3219 5398 inmunditia
3246 5345 3482 5412 hominis,
3499 5345 3562 5399 ab
3585 5348 3723 5400 omm'

2145 5429 2467 5483 immunditia
2497 5430 2607 5500 ejus
2625 5471 2641 5497 ,
2671 5447 2818 5500 quam
2845 5431 2890 5484 si
2916 5434 3125 5502 tetigerit
3150 5434 3453 5504 inquinetur,
3493 5445 3540 5488 et
3573 5436 3725 5488 latuit

2146 5538 2257 5576 cum
2276 5560 2293 5589 ,
2326 5532 2436 5591 post
2463 5522 2556 5576 hoc
2583 5533 2750 5576 autem
2772 5528 3056 5592 cognoverit
3077 5536 3126 5580 et
3154 5527 3444 5596 deliquerit,-
3483 5542 3602 5581 cum
3631 5541 3722 5581 ro-

2145 5623 2232 5668 eto
2258 5613 2442 5668 ordine
2467 5611 2752 5668 dicendum
2777 5623 2938 5682 esset,
2965 5627 3012 5671 et
3041 5618 3336 5688 deliquerit,
3365 5629 3477 5690 post
3504 5619 3599 5672 hoc
3621 5634 3719 5672 an-

2147 5715 2242 5758 tem
2264 5707 2558 5765 manaverit.
