4094 6472
310 350 412 407 517

379 461 491 535 [11).
517 474 608 524 xv,
634 452 748 529 16.]
773 453 954 509 Anima
978 451 1023 507 si
1044 450 1241 507 latuerit
1269 464 1382 503 eum
1410 444 1671 535 oblivione,
1700 451 1746 495 et
1773 455 1890 535 pee-

311 528 493 605 caiierit
525 549 701 603 nolens
724 528 743 599 ἐ
768 559 872 598 non
897 540 991 607 ait,
1019 540 1064 595 si
1092 539 1302 594 latuerit
1326 551 1463 602 eam,
1491 533 1741 604 quoniam
1772 528 1889 584 ani-

309 658 451 697 mam
476 655 571 710 pro
602 637 814 691 homine
838 635 1008 707 punit,
1035 632 1173 687 sicut
1198 630 1320 684 facit
1343 631 1468 684 etin
1494 627 1630 691 aliis,
1658 623 1744 679 ubi
1772 622 1887 675 ani-

310 750 448 790 mam
478 733 623 803 prius
649 730 808 794 dicit,
851 742 969 797 quae
1010 723 1223 795 generis
1263 719 1499 775 feminini
1547 725 1658 780 est,
1706 722 1887 784 postea

309 800 659 877 masculinum
707 817 863 873 infert
904 827 1071 886 genus
1096 812 1161 866 ad
1190 810 1454 864 hominem
1485 806 1740 861 referens.
1782 800 1885 856 Sed

312 917 394 969 hic
422 913 592 968 multo
614 921 697 967 est
718 910 831 965 hmo
855 908 1052 962 locutio
1070 903 1320 975 pressior,
1345 898 1591 970 quoniam
1611 895 1887 951 continua-

310 1010 400 1060 tim
427 1014 714 1072 utrumque
742 1015 907 1071 genus
934 997 1163 1069 positum
1188 1002 1290 1055 est,
1315 1000 1373 1046 ut
1391 990 1676 1053 diceretur,
1704 986 1886 1039 Anima

307 1096 350 1148 si
377 1094 580 1148 latuerit
601 1108 734 1146 eum.
761 1091 885 1144 llzec
906 1087 1100 1141 locutio
1125 1082 1312 1139 terruit
1333 1082 1650 1149 interpretes
1669 1078 1882 1141 latinos,

308 1197 360 1241 et
384 1185 671 1239 noluerunt
697 1197 814 1236 eam
845 1177 1154 1241 transferre,
1187 1174 1280 1230 sed
1311 1174 1378 1227 ita
1408 1178 1696 1242 posuerunt
1721 1186 1735 1222 :
1764 1167 1886 1219 Ani-

308 1294 391 1329 ma
414 1276 457 1331 si
483 1292 582 1345 qua
610 1274 835 1334 latuerit,
859 1280 905 1324 et
930 1266 1203 1339 peccaverit
1233 1281 1333 1318 non
1358 1263 1527 1316 volens
1544 1302 1561 1327 ,
1600 1274 1719 1313 cum
1744 1257 1887 1312 aliud

309 1368 377 1422 sit
405 1368 586 1433 utique
606 1364 648 1418 si
671 1364 847 1417 anima
869 1362 1049 1422 lateat,
1079 1356 1219 1411 aliud
1250 1356 1293 1411 si
1321 1354 1551 1408 animam
1570 1352 1728 1406 lateat
1750 1367 1765 1403 :
1789 1350 1889 1404 hoc

308 1466 486 1512 autem
514 1456 785 1523 Scriptura
828 1451 972 1513 dicit,
1012 1450 1056 1503 si
1087 1446 1235 1501 lateat
1261 1463 1401 1511 eam;
1433 1460 1559 1508 non,
1591 1442 1636 1496 si
1667 1443 1776 1511 ipsa
1808 1440 1887 1493 la-

308 1556 436 1603 teat.
464 1546 524 1599 ln
547 1559 721 1616 gnsco
740 1552 913 1596 autem
943 1541 1049 1594 alio
1086 1538 1412 1601 invenimus,
1441 1535 1673 1588 Animam
1702 1534 1717 1564 ι
1744 1532 1788 1586 si
1813 1532 1889 1584 la—

310 1639 456 1691 tuerit
485 1654 546 1691 ea
584 1634 856 1697 oblivione;
885 1631 977 1686 sed
1007 1634 1165 1684 etiam
1212 1629 1323 1697 ipse
1350 1627 1403 1679 in
1439 1622 1889 1692 consequentibus

309 1726 662 1781 masculinum
704 1722 878 1776 intulit
916 1720 1133 1783 dicens,
1166 1716 1416 1773 Sacerdos
1441 1714 1663 1769 exorabit
1690 1728 1781 1782 pro
1805 1727 1883 1777 eo,

308 1829 353 1871 et
384 1818 661 1869 dimittetur
686 1814 780 1876 illi,
810 1811 949 1881 quod
988 1811 1056 1863 ibi
1088 1808 1248 1862 habet
1285 1811 1432 1874 αὐτῷ.
1480 1803 1630 1859 Unde
1671 1808 1889 1870 apparet

305 1908 622 1974 scriptorem
655 1903 893 1957 timuisse
918 1899 1301 1959 solmeistnum,
1330 1909 1428 1950 nec
1452 1904 1622 1947 tamen
1650 1907 1889 1959 perseve-

306 2012 429 2051 rare
474 1996 709 2064 potuisse
750 1993 803 2047 in
844 2006 1039 2062 genere
1093 1988 1347 2043 feminino
1386 1986 1580 2040 victum
1624 1983 1887 2039 evidentia

306 2090 596 2157 Scriptum:
623 2084 1013 2153 consequentis.

377 2176 487 2251 [lb.
507 2192 583 2240 vr,
619 2175 698 2247 9.]
730 2174 837 2229 Ista
860 2170 1221 2227 holocaustost's
1250 2186 1401 2238 super
1426 2167 1758 2222 incensionem
1779 2165 1887 2234 ejus

304 2286 459 2337 super
485 2266 651 2321 altare
675 2274 827 2319 totam
855 2272 1045 2317 noctem
1070 2276 1226 2331 usque
1248 2261 1301 2313 in
1329 2274 1495 2322 mane,
1520 2266 1567 2311 et
1596 2257 1725 2325 ignis
1751 2255 1887 2308 alta-

305 2363 375 2415 ris
404 2360 599 2413 ardebit
627 2374 776 2427 super
802 2355 931 2410 illud
962 2370 981 2409 :
1004 2354 1169 2421 potuit
1199 2366 1301 2406 non
1328 2351 1523 2403 habere
1540 2357 1610 2414 et,
1636 2355 1794 2415 atque
1814 2346 1887 2399 ita

304 2453 431 2516 dici,
459 2462 615 2504 totam
642 2459 833 2502 noctem
861 2462 1016 2516 usque
1045 2445 1095 2499 in
1126 2460 1273 2497 mane
1305 2440 1435 2512 ignis
1466 2440 1643 2492 altaris
1671 2437 1880 2490 ardebit.

304 2543 413 2598 Sed
448 2542 627 2595 addita
655 2541 751 2593 ista
778 2538 1083 2606 conjum-tio
1125 2534 1245 2588 facit
1276 2534 1655 2586 obscuritatem
1685 2528 1768 2584 his
1796 2528 1884 2597 qui

304 2635 357 2687 in
400 2633 591 2687 talibus
627 2630 1027 2699 Seripturarum
1070 2625 1424 2681 locationibus
1463 2638 1567 2676 non
1604 2619 1886 2675 assuefacti

302 2731 451 2778 sunt.

378 2812 487 2886 [lb.
518 2809 629 2884 14.]
659 2809 769 2865 Ista
800 2811 880 2865 lea:
913 2804 1329 2877 sacriﬁcii,quod
1364 2802 1596 2870 o/ferrent
1624 2802 1752 2856 illud
1789 2800 1886 2869 β’ἱὶ

304 2911 499 2973 Aaron,
530 2907 811 2961 sacerdotes
836 2916 951 2960 ante
980 2903 1255 2958 Dominum
1278 2916 1296 2954 :
1322 2899 1454 2955 nihil
1481 2897 1692 2953 deesset
1712 2896 1758 2950 si
1778 2909 1882 2949 non

304 3001 547 3063 haberet,
574 2999 725 3053 illud.

376 3090 488 3163 [11).
508 3088 621 3162 17.]
652 3089 844 3143 Sancta
865 3095 1152 3142 sanctorum
1174 3090 1265 3138 est.
1294 3079 1383 3136 Sic
1410 3078 1565 3134 habet
1589 3086 1642 3133 et
1658 3091 1882 3147 grascus,

301 3185 397 3237 sed
421 3196 593 3252 graeca
620 3179 815 3235 locutio
839 3187 940 3244 est,
971 3191 1129 3247 quam
1159 3173 1325 3228 nostri
1355 3171 1567 3241 quidam
1598 3167 1885 3223 transferre

303 3275 550 3328 nolentes
570 3271 837 3335 dixerunt,
869 3269 1061 3325 Sancta
1088 3273 1392 3321 sanctorum
1422 3269 1564 3316 sunt.
1869 3278 1896 3303 ο

377 3364 486 3436 [ζεῦ.
508 3363 576 3418 ’52
600 3360 720 3435 (α).]
748 3359 988 3416 Occident
1008 3358 1209 3413 arietem
1228 3356 1312 3426 qui
1335 3371 1424 3424 pro
1447 3353 1627 3407 delicto
1643 3362 1757 3405 ante
1778 3349 1884 3404 Do-

301 3461 517 3513 minum.
547 3455 717 3510 Latini
737 3455 1054 3522 interpretes
1071 3448 1404 3509 addiderunt,
1429 3454 1530 3510 est,
1548 3452 1600 3497 et
1618 3443 1883 3505 dixerunt,

302 3551 393 3616 qui
420 3565 512 3617 pro
537 3548 719 3601 delicto
739 3554 833 3611 est,
860 3542 1000 3615 quod
1028 3555 1232 3611 grtncus
1257 3554 1361 3593 non
1391 3536 1570 3590 habet.

379 3639 481 3710 1η)-
511 3654 582 3693 \‘lt
599 3679 613 3702 ,
639 3638 673 3692 6
700 3634 825 3707 (ὁ).]
856 3633 924 3689 Et
950 3633 995 3689 si
1024 3643 1191 3687 votum
1217 3639 1301 3684 aut
1326 3629 1663 3683 voluntarium
1687 3622 1886 3692 sacriﬁ-

304 3730 494 3783 caverit
537 3728 725 3782 donum
756 3742 901 3781 suum
924 3764 940 3791 ,
978 3736 1294 3795 quacumque
1317 3720 1398 3771 die
1425 3716 1655 3771 obtulerit
1691 3713 1889 3781 sacri/i—

305 3824 444 3876 cium
464 3864 479 3883 ,
522 3822 693 3873 edetur
720 3819 939 3873 crastina
971 3818 1052 3869 die
1079 3830 1097 3869 :
1128 3828 1222 3884 pro
1248 3827 1312 3867 eo
1345 3809 1485 3881 quod
1522 3816 1634 3874 est,
1681 3814 1889 3876 postera

306 3916 430 3976 die;
467 3913 607 3967 unde
630 3914 741 3978 alii,
770 3912 929 3965 altera
954 3910 1055 3976 die,
1083 3905 1405 3975 interpretati
1436 3909 1578 3957 sunt.

386 4005 483 4077 [lb.
502 4021 616 4069 vni,
648 4001 762 4074 '51.]
790 4000 995 4070 Coquite
1014 4015 1188 4054 carnes
1207 4000 1256 4050 in
1278 3996 1407 4048 atrio
1433 3991 1737 4046 tabernaculi
1757 3988 1892 4043 testi-

308 4098 470 4150 monii
498 4095 549 4148 in
579 4094 688 4148 loco
711 4103 906 4155 sancto,
938 4100 983 4146 et
1009 4090 1074 4144 ibi
1098 4088 1252 4143 edetis
1278 4102 1384 4148 eas,
1415 4094 1461 4137 et
1490 4098 1643 4152 panes
1671 4080 1757 4149 qui
1777 4088 1891 4133 sunt

306 4189 622 4253 irs‘canlstro
665 4184 1110 4240 consummationis
1132 4222 1147 4246 ,
1192 4177 1441 4250 quomodo
1481 4181 1781 4249 prazceptum
1821 4180 1892 4225 est

310 4280 437 4332 mihi
466 4279 634 4332 dicens
653 4320 667 4339 ,
699 4279 868 4330 Aaron
895 4285 940 4329 et
968 4274 1062 4341 ﬁlii
1090 4275 1200 4342 ejus
1226 4270 1370 4324 edent
1397 4283 1527 4321 eam.
1570 4265 1715 4319 Hanc
1744 4263 1892 4317 locu-

311 4374 516 4426 tionem
557 4368 770 4440 quidam
801 4365 1093 4423 transferre
1119 4365 1358 4419 nolentes
1381 4359 1626 4414 dixerunt
1649 4353 1893 4425 quomodo

312 4463 553 4533 prmeepit
592 4461 715 4515 mihi
756 4459 961 4523 dicens;
1001 4456 1122 4526 quia
1163 4455 1261 4508 hoc
1298 4452 1502 4506 videtur
1529 4461 1892 4517 consequens,

313 4557 406 4611 ille
444 4566 623 4609 autem
656 4553 707 4607 in
738 4562 932 4606 nostra:
962 4544 1243 4602 locutionis
1278 4539 1659 4599 consuetudine
1683 4535 1895 4592 schnei-

313 4664 469 4703 SllillS
498 4656 598 4701 αςι.

392 4737 508 4810 [11).
535 4734 650 4807 55.]
696 4734 761 4788 Et
786 4732 855 4787 ad
890 4731 1072 4785 ostium
1113 4725 1417 4781 tabernaculi
1454 4720 1718 4778 testimonii
1754 4718 1898 4810 sede-

317 4809 437 4885 bitis
466 4837 652 4896 septem
691 4825 797 4878 dies
819 4866 831 4887 .
872 4822 953 4877 die
992 4829 1040 4875 et
1082 4828 1264 4874 nocte:
1293 4832 1388 4886 pro
1410 4830 1476 4870 eo
1499 4811 1639 4883 quod
1664 4819 1743 4866 est
1762 4850 1778 4877 ,
1808 4809 1905 4862 ha-

318 4919 578 4973 bitabitis.

394 5010 496 5084 [lb.
520 5025 599 5073 Ix,
627 5006 706 5080 7.]
731 5006 793 5060 Et
813 5007 882 5060 ait
906 5004 1106 5075 Moyses
1124 5005 1192 5057 ad
1212 5002 1405 5065 Aaron,
1426 4995 1617 5051 Accede
1633 4993 1700 5047 ad
1718 4993 1898 5057 altare,

319 5113 367 5156 et
394 5103 478 5172 [ac
502 5102 637 5172 quod
673 5115 765 5171 pro
794 5106 995 5167 peccato
1033 5106 1118 5148 tuo
1139 5135 1153 5158 ,
1184 5101 1231 5147 et
1260 5090 1607 5146 holocaustum
1635 5100 1654 5139 :
1678 5094 1721 5139 et
1750 5098 1903 5137 exora

325 5211 418 5262 pro
449 5204 495 5247 te
519 5203 566 5247 et
596 5192 746 5245 domu
770 5200 876 5253 tua,
904 5198 949 5241 et
971 5186 1052 5257 fac
1076 5186 1209 5239 dona
1235 5182 1431 5253 papuli,
1459 5188 1504 5233 et
1531 5193 1681 5233 exora
1707 5192 1797 5245 pro
1834 5174 1904 5228 eis

282 5341 295 5353 ,
321 5284 580 5355 quomodo
611 5280 846 5350 pra'cepit
876 5277 1117 5332 Dominus
1143 5274 1327 5344 Moysi.
1358 5271 1471 5326 Non
1501 5269 1596 5332 ait,
1627 5264 1904 5334 Quomodo

329 5377 585 5446 pra'cepit
631 5374 883 5429 Dominus
912 5369 1076 5434 mihi;
1123 5367 1215 5424 sed
1264 5366 1333 5419 ita
1379 5364 1586 5425 loeutus
1624 5366 1727 5425 est,
1754 5355 1904 5427 quasi

328 5468 524 5524 fuisset
565 5467 700 5520 alter
740 5464 946 5536 Moyses
986 5460 1069 5515 cui
1108 5459 1363 5514 Dominus
1407 5451 1673 5524 prmeepit,
1701 5457 1754 5505 et
1774 5448 1907 5503 alter

331 5562 431 5618 iste
454 5560 543 5630 qui
568 5559 673 5612 hoc
699 5556 764 5612 ad
786 5556 963 5611 Aaron
987 5550 1320 5622 loquebatur.

396 5655 409 5685 ι
436 5628 509 5701 sic
531 5657 677 5700 vetus
696 5646 850 5698 codex
869 5641 1185 5695 corbeiensis.
1211 5646 1265 5690 At
1285 5634 1632 5701 Cisterciensis,
1667 5628 1847 5684 mima.‘

415 5697 622 5776 illaturi
647 5697 754 5759 LXX
782 5723 793 5757 :
819 5716 867 5756 at
890 5709 936 5776 in
962 5706 1175 5776 Vulgata,
1194 5702 1370 5776 ca;:.l_7,
1391 5713 1434 5748 v.
1455 5697 1501 5745 2.

415 5718 465 5776 ιι)
492 5718 622 5775 Apud
647 5718 754 5759 LXX
782 5723 793 5757 :
819 5718 867 5756 at
890 5718 936 5755 in
962 5718 1175 5767 Vulgata,
1194 5718 1297 5762 cap.
1330 5721 1339 5749 l

393 5718 464 5837 2b)
495 5776 619 5840 Apud
647 5780 750 5822 LXX
780 5784 791 5819 :
817 5777 864 5820 at
890 5772 933 5818 in
959 5768 1172 5830 Vulgata,
1193 5780 1235 5813 v.
1270 5763 1339 5811 lli.

1668 326 1869 385 LIBER
1908 322 2221 381 TERTIUS.

3459 321 3566 382 518

2066 436 2163 510 [11).
2184 454 2236 501 x,
2258 437 2312 499 8,
2336 435 2414 510 9.]
2441 435 2505 491 Et
2527 438 2718 495 locutus
2738 444 2808 493 est
2828 435 3075 493 Dominus
3093 435 3163 492 ad
3175 437 3343 493 Aaron
3364 438 3556 503 dicem.

2004 525 2185 580 Vinum
2211 538 2257 580 et
2280 529 2489 583 siceram
2515 545 2613 582 non
2639 528 2809 582 bibatis
2827 570 2844 594 ,
2885 536 2939 581 et
2964 538 3176 583 castora.
3207 528 3378 596 Quam
3412 529 3561 586 locu-

1996 619 2193 673 tionem
2226 618 2428 673 Domini
2458 620 2526 673 ita
2552 621 2849 684 concludit,
2880 619 3062 675 Omnia
3094 620 3319 691 legitima
3344 637 3455 691 quin
3480 620 3560 675 lo-

1991 718 2135 762 cutus
2161 720 2231 764 est
2258 709 2506 765 Dominus
2533 711 2601 765 ad
2625 728 2707 767 eos
2735 728 2824 783 per
2850 728 3053 767 manum
3078 710 3245 782 Moysi
3269 727 3287 765 :
3310 726 3432 767 cum
3459 714 3551 767 Do.

1991 800 2164 853 minus
2188 799 2511 869 loqueretur,
2561 817 2666 856 non
2706 802 2796 864 ait,
2840 802 2969 868 Qua:
2995 801 3200 856 locutus
3229 816 3346 856 sum
3373 800 3438 855 ad
3465 816 3560 855 eos

1990 907 2085 960 per
2115 908 2325 946 manum
2355 892 2519 964 Moysi
2543 910 2558 960 ;
2586 894 2678 949 sed
2705 908 2767 948 ea
2800 894 3065 950 locutione
3092 908 3222 948 usus
3245 903 3326 947 est
3344 907 3445 962 qua
3464 906 3557 947 su-

1992 983 2167 1052 perius
2197 983 2309 1051 ipse
2331 983 2558 1053 Moyses.

2061 1071 2159 1145 [lb.
2191 1071 2268 1145 9.]
2302 1073 2598 1144 Legitimum
2618 1082 2861 1127 azternum
2884 1072 2937 1126 in
2960 1072 3219 1144 progenies
3245 1082 3431 1126 uestras
3448 1071 3557 1126 dis-

1990 1163 2213 1233 tinguere
2238 1163 2365 1217 inter
2390 1164 2606 1217 medium
2628 1163 2927 1217 mundorum
2949 1173 2996 1217 et
3014 1164 3483 1227 contaminatorum,
3507 1173 3561 1216 et

1989 1265 2202 1310 cetera.
2252 1256 2547 1311 Notandum
2598 1257 3041 1326 quemadmodum
3081 1255 3254 1323 dicat,
3298 1265 3558 1321 internum,

1990 1346 2130 1416 quod
2160 1347 2339 1416 utique
2363 1362 2467 1400 non
2496 1348 2595 1401 erit
2616 1347 2732 1401 sine
2759 1346 2882 1401 line.
3310 1398 3320 1407 ,

2063 1434 2161 1509 [11).
2186 1435 2294 1508 14.]
2321 1436 2527 1507 Moyses
2555 1438 2771 1507 loquens
2794 1436 2859 1490 ad
2881 1436 3077 1500 Aaron,
3100 1436 3320 1491 Eleazar
3344 1444 3397 1489 et
3422 1435 3560 1490 Itha-

1992 1540 2107 1578 mar
2136 1527 2271 1580 filios
2300 1527 2435 1595 ejus,
2468 1527 2606 1582 inter
2634 1536 2824 1581 ca‘tera
2850 1525 3008 1581 etiam
3039 1526 3138 1580 hoc
3164 1527 3256 1591 ait,
3299 1528 3339 1579 A
3368 1527 3564 1596 sacri/i-

1992 1617 2082 1670 ciis
2109 1618 2404 1670 salutarium
2443 1618 2666 1685 ﬁliorum
2711 1615 2875 1670 Israel
2920 1616 3176 1670 brachium
3218 1616 3483 1670 ablationis
3518 1624 3563 1670 et

1990 1711 2330 1779 pectusculum
2348 1711 2703 1781 segregationis
2721 1728 2871 1781 super
2891 1711 3079 1765 hostias
3102 1711 3309 1780 adipum
3332 1709 3561 1777 o/i'erent,

1992 1801 2382 1870 segregationem
2406 1817 2666 1870 segregare
2684 1810 2801 1854 ante
2826 1800 3007 1855 Deum.
3038 1798 3105 1853 Et
3141 1801 3233 1853 erit
3261 1800 3347 1852 tibi
3372 1809 3417 1853 et
3442 1800 3564 1868 ﬁliis

1994 1892 2091 1944 tuis
2115 1902 2161 1944 et
2187 1892 2387 1959 ﬁliabus
2417 1895 2515 1945 tuis
2537 1902 2694 1944 tecum
2724 1892 2997 1961 legitintum
3020 1901 3296 1955 internum;
3322 1904 3441 1943 eum
3464 1889 3566 1944 huc

1994 1990 2158 2035 totum
2186 1982 2342 2036 linem
2374 1982 2561 2035 fuisset
2584 1980 2906 2033 habiturum.

2063 2068 2164 2142 [lb.
2198 2086 2273 2135 χι,
2304 2069 2385 2142 9.]
2413 2069 2543 2125 Cum
2571 2070 2637 2125 de
2661 2069 3015 2124 animantibus
3045 2084 3161 2138 quae
3192 2068 3243 2122 in
3272 2068 3424 2137 aquis
3444 2076 3567 2122 sunt

1994 2160 2337 2229 pra-ciperet,
2367 2177 2484 2230 qua:
2509 2161 2613 2214 sint
2638 2175 2820 2215 eorum
2852 2160 3044 2213 munda
3072 2162 3153 2213 vel
3184 2158 3471 2226 immunda,
3503 2155 3568 2213 In

1992 2250 2159 2332 aquis,
2192 2251 2378 2319 inquit,
2408 2260 2455 2305 et
2484 2252 2534 2304 in
2560 2251 2709 2317 mari,
2739 2259 2783 2304 et
2807 2250 2859 2303 in
2887 2249 3203 2304 torrentibus.
3232 2249 3336 2304 Sed
3364 2249 3417 2302 in
3439 2250 3567 2303 mari

1994 2343 2138 2397 latini
2161 2343 2371 2398 codices
2395 2342 2588 2398 habent
2608 2383 2621 2406 ,
2650 2342 2772 2412 quia
2814 2342 2972 2396 nimis
3011 2342 3245 2396 insolens
3268 2341 3365 2395 fuit
3392 2342 3569 2411 plura-

1992 2433 2095 2488 lem
2128 2450 2405 2488 numerum
2450 2433 2737 2488 transferre
2776 2433 2843 2488 de
2879 2449 3072 2503 graeco,
3101 2443 3153 2487 et
3179 2449 3284 2487 non
3308 2433 3486 2488 dicere
3515 2434 3569 2486 in

1993 2524 2141 2589 mari,
2173 2524 2266 2578 sed
2293 2525 2343 2576 in
2374 2523 2615 2591 maribus,
2644 2523 2871 2577 maxime
2901 2531 3115 2592 propter
3143 2524 3559 2592 ambiguitatem,

1992 2628 2059 2667 ne
2088 2628 2190 2666 non
2225 2614 2410 2674 maria,
2436 2612 2527 2666 sed
2557 2628 2729 2666 mares
2759 2612 3176 2681 intelligerenlur
3197 2653 3211 2676 ,
3258 2612 3309 2664 id
3339 2620 3421 2665 est
3456 2626 3568 2665 ma-

1990 2703 2124 2757 sculi
2154 2720 2166 2756 :
2199 2719 2321 2756 nam
2352 2702 2517 2757 nihilo
2543 2702 2715 2756 minus
2743 2702 2976 2756 insolens
3001 2710 3102 2768 est,
3142 2700 3236 2755 sed
3267 2710 3442 2755 tamen
3481 2702 3566 2754 in-

1995 2801 2338 2861 terpretatum
2386 2800 2469 2848 est
2510 2792 2577 2848 de
2620 2792 2959 2862 sanguinibus
2984 2831 2999 2857 ,
3031 2792 3149 2861 quia
3188 2792 3345 2846 latina
3388 2791 3567 2862 lingua

1993 2884 2267 2955 sanguinis
2297 2900 2573 2939 numerum
2599 2885 2856 2955 pluralem
2890 2900 2995 2937 non
3034 2882 3240 2952 recipit,
3267 2884 3348 2938 vel
3377 2884 3427 2937 in
3451 2885 3567 2954 ipso

1992 2976 2315 3029 nominativo
2335 2990 2479 3030 casu.
2511 2974 2642 3029 Nam
2670 2974 2771 3028 etsi
2794 2973 2861 3027 ab
2890 2988 2955 3027 eo
2977 2973 3116 3043 quod
3138 2981 3221 3026 est
3241 2988 3388 3027 mare
3408 2978 3567 3026 nemo

1989 3065 2117 3122 dicit
2142 3066 2398 3132 maribus,
2425 3066 2670 3120 dicuntur
2695 3072 2869 3118 tamen
2904 3066 3067 3118 maria
3088 3105 3102 3129 ,
3129 3078 3250 3118 eum
3281 3066 3565 3135 sanguines

1991 3172 2095 3210 non
2118 3157 2381 3221 dicantur,
2406 3165 2459 3210 et
2483 3166 2655 3210 tamen
2676 3157 2929 3225 scriptum
2958 3164 3057 3221 est,
3092 3154 3269 3208 Libera
3296 3172 3375 3208 me
3397 3174 3427 3208 a
3444 3172 3568 3209 san-

1990 3249 2223 3319 guinibus
2252 3246 2423 3316 (Psal.
2447 3247 2595 3316 1.,16)
2618 3263 2631 3312 ;
2663 3255 2737 3313 et,
2760 3245 2881 3299 Non
2900 3248 3208 3317 congregabo
3229 3246 3568 3300 conuenticula

1992 3354 2165 3392 eorum
2192 3337 2257 3391 de
2280 3338 2611 3407 sanguinibus
2640 3334 2809 3409 (Psal.
2842 3352 2933 3401 xv,
2955 3337 3032 3405 4).
3067 3337 3202 3404 Ergo
3243 3343 3297 3389 et
3337 3335 3571 3390 maribus

1993 3429 2063 3483 ita
2084 3429 2187 3483 diei
2215 3436 2394 3498 posset
2424 3429 2546 3489 nisi,
2580 3437 2637 3481 ut
2657 3428 2788 3495 dixi,
2810 3427 3123 3496 ambiguitas
3142 3428 3414 3480 vitaretur.
3437 3426 3573 3480 Tor-

1993 3528 2173 3573 rentes
2199 3532 2326 3573 vero
2353 3518 2454 3571 isto
2477 3520 2593 3571 loco
2620 3532 2715 3587 pro
2755 3517 3061 3570 ﬂuminibus
3082 3516 3255 3584 posuit
3274 3515 3565 3585 Scriptura,

1993 3624 2111 3665 eum
2139 3619 2400 3664 torrentes
2423 3610 2631 3680 proprie
2655 3609 2898 3665 dicantur
2920 3609 3175 3662 hiemales
3198 3607 3341 3662 ﬂuvii
3366 3609 3454 3678 qui
3470 3608 3573 3664 sic-

1994 3709 2183 3755 cantur
2224 3709 2442 3765 :estate,
2487 3708 2543 3753 et
2583 3700 2703 3753 ideo
2744 3699 2915 3769 pisces
2958 3698 3153 3752 [nabere
3182 3712 3286 3752 non
3325 3707 3569 3768 possunt.

1998 3790 2149 3846 Unde
2174 3790 2413 3847 Munulli
2445 3791 2757 3861 interpretes
2783 3790 2950 3843 nostri
2978 3804 3085 3843 non
3114 3799 3380 3844 torrentes
3405 3789 3573 3843 inter-

1996 3882 2215 3950 pretari,
2244 3880 2337 3935 sed
2362 3880 2577 3933 ﬂumina
2607 3880 2922 3932 maluerunt.
2954 3878 3084 3932 Poni
3110 3889 3285 3932 autem
3333 3880 3385 3932 in
3428 3879 3570 3932 Serio

2000 3974 2169 4043 pturis
2199 3981 2467 4026 torrentes
2492 3986 2587 4040 pro
2619 3970 2921 4024 ﬂuminibus
2947 3969 3095 4023 locus
3116 3969 3205 4023 ille
3228 3969 3418 4023 Psalmi
3447 3970 3575 4022 satis

2000 4064 2234 4120 ostendit
2263 4064 2352 4119 ubi
2384 4064 2591 4133 legitur,
2627 4062 2691 4115 Et
2716 4071 2931 4115 torrente
2955 4061 3225 4130 voluptatis
3254 4071 3353 4115 tuat
3383 4061 3576 4129 potabis

1997 4175 2101 4212 eos.
2133 4158 2246 4213 Non
2270 4158 2410 4212 cnim
2436 4158 2540 4212 tale
2568 4156 2762 4226 aliquid
2792 4156 3012 4226 intelligi
3042 4155 3209 4209 voluit
3232 4156 3444 4210 nomine
3470 4164 3578 4208 tur-

2001 4251 2169 4306 rentia
2196 4251 2337 4322 quod
2358 4249 2425 4305 ad
2453 4259 2659 4319 tempus
2699 4249 2886 4303 ﬂueret
2905 4287 2920 4312 ,
2949 4262 3013 4301 ac
3039 4246 3229 4300 deinde
3266 4248 3573 4307 siccaretnr,

2001 4358 2122 4398 cum
2149 4351 2400 4412 sequatur
2433 4351 2486 4397 et
2513 4341 2681 4404 dicat,
2728 4338 2977 4404 Quoniam
3001 4337 3138 4406 apud
3162 4345 3209 4388 te
3236 4344 3304 4389 est
3329 4339 3442 4403 fons
3465 4336 3579 4387 vitta

2006 4434 2176 4508 (Psal.
2202 4450 2351 4490 xxxv
2369 4475 2385 4501 ,
2410 4434 2465 4500 9,
2495 4433 2624 4504 £0);
2655 4447 2773 4501 qua:
2813 4430 2999 4498 utique
3024 4436 3221 4482 retenta
3249 4434 3406 4479 estet
3429 4425 3579 4479 inde-

2003 4528 2204 4583 ficiens.

2077 4629 2176 4703 [lb.
2193 4625 2309 4700 2L]
2340 4625 2446 4682 Sed
2469 4626 2577 4678 tunc
2603 4622 2759 4677 edetis
2783 4637 2815 4674 a
2836 4619 3121 4689 repentibus
3143 4614 3444 4681 volatilibus,
3471 4629 3586 4685 qua

1957 4719 1969 4737 '
2006 4720 2266 4774 ambulant
2286 4732 2437 4787 super
2457 4723 2691 4784 quatuor,
2714 4727 2825 4781 qua:
2847 4709 3028 4764 habent
3043 4724 3193 4762 crura
3211 4708 3471 4779 superiora
3492 4722 3581 4776 pe.

2008 4816 2130 4869 dum
2154 4814 2262 4883 ejus
2284 4827 2303 4865 :
2328 4826 2432 4865 non
2452 4808 2602 4871 dixit,
2636 4806 2825 4876 pedum
2850 4818 3088 4859 suorum.

2078 4903 2178 4977 [lb.
2199 4900 2314 4972 44.]
2347 4900 2408 4953 Et
2436 4898 2573 4953 eritis
2598 4896 2777 4960 sancti,
2802 4895 3039 4964 quoniam
3066 4900 3269 4945 sanctus
3295 4906 3386 4958 ego
3412 4904 3429 4943 :
3453 4889 3581 4942 sub-

2009 4995 2243 5060 auditur,
2273 5010 2388 5048 sum
2412 5009 2427 5056 ;
2465 4990 2605 5046 unde
2634 4989 2870 5060 plerique
2891 4985 3058 5041 nostri
3083 4981 3413 5054 interpretati
3438 4989 3580 5043 sunt,

2008 5088 2243 5159 quoniam
2269 5095 2472 5139 sanctus
2492 5098 2603 5136 sum
2631 5096 2740 5152 ego.

2083 5181 2181 5254 [lb.
2209 5195 2303 5242 xu,
2330 5175 2405 5249 1.]
2435 5176 2498 5230 Et
2522 5176 2715 5228 locutus
2735 5181 2806 5226 est
2830 5169 3073 5224 Dominus
3088 5166 3156 5220 ad
3172 5164 3380 5236 Moysen
3397 5162 3585 5216 (licens.

2013 5275 2144 5331 Hzcc
2171 5270 2513 5327 usitatissima
2544 5266 2737 5321 locutio
2752 5271 2833 5318 est
2855 5270 2911 5317 et
2933 5259 3250 5316 creberrima
3272 5258 3324 5310 in
3352 5255 3590 5323 Scriptu-

2016 5369 2115 5435 ris,
2150 5365 2348 5420 locutus
2371 5371 2441 5416 est
2467 5360 2656 5413 dicens.
2680 5356 2784 5413 Sed
2805 5370 2867 5411 ea
2890 5369 3007 5424 qua:
3030 5351 3287 5421 sequitur,
3316 5347 3485 5402 rarius
3505 5360 3593 5401 re-

2019 5461 2244 5531 peritur,
2282 5465 2335 5512 et
2360 5452 2511 5508 latini
2539 5449 2799 5506 sermonis
2826 5452 3062 5501 coarctat
3092 5443 3320 5512 inopiam
3345 5457 3359 5493 :
3390 5452 3592 5507 graecus

2021 5530 2163 5607 Dttim
2207 5549 2401 5613 habet,
2449 5554 2529 5599 καὶ
2568 5549 2683 5614 ἐρεῖς
2726 5549 2840 5613 πρὸς
2873 5543 3040 5598 αὖτοὺς
3069 5543 3239 5600 λέγων,
3268 5530 3406 5600 quod
3434 5530 3594 5585 latine

2020 5640 2246 5711 exprimi
2277 5644 2476 5708 posset,
2514 5644 2568 5689 et
2591 5634 2735 5687 dices
2763 5630 2827 5684 ad
2858 5644 2948 5684 eos
2974 5626 3186 5688 dicens;
3218 5623 3391 5677 minus
3418 5628 3594 5672 autent

2029 5707 2336 5803 olle::dit,si
2365 5728 2592 5795 dicatur,
2618 5732 2671 5781 et
2698 5717 2905 5793 inquies
2928 5714 2997 5772 ad
3015 5730 3108 5773 eos
3136 5715 3353 5777 dicens;
3382 5717 3435 5765 et
3454 5707 3602 5763 sitnir
