4094 6468
486 323 594 388 519

486 446 589 502 lius
609 450 693 500 est
714 454 908 514 grmco,
930 438 1053 511 quia
1081 446 1136 494 et
1158 436 1249 492 ille
1276 449 1381 490 non
1408 431 1559 497 dixit,
1590 438 1736 495 λέξεις
1759 436 1869 496 πρὸς
1890 427 2063 487 αὐτοὺς

493 546 645 604 λένῶν,
675 534 792 598 sed,
823 538 937 605 ipsi;
967 540 1077 602 πρὸς
1105 533 1275 589 αὐτοὺς
1301 535 1455 592 λέγων.

563 630 661 703 [11).
675 624 863 697 xu,2.]
882 623 1069 678 Mulier
1092 632 1412 692 qmecumque
1433 630 1597 668 semen
1607 609 1843 681 receperit
1860 618 1904 661 et
1917 622 2066 703 pepe-

489 698 611 777 rerit
627 717 924 779 masculum,
943 723 990 769 et
1018 710 1276 766 immunda
1302 709 1393 762 erit
1416 717 1601 775 septem
1618 699 1935 755 dies:nostri
1960 698 2070 766 ple-

491 816 643 885 rique
670 812 952 867 noluerunt
986 805 1270 860 transferre
1293 842 1308 867 ,
1347 800 1439 855 sed
1470 800 1538 853 ita
1565 798 1811 851 dixerunt
1834 836 1847 855 .
1883 792 2069 885 Mulier

499 884 820 970 Punicumque
841 914 1007 955 semen
1032 894 1269 962 receperit
1300 901 1345 945 et
1375 888 1619 961 pepererit
1647 887 1943 945 masculum,
1970 884 2067 935 im-

505 994 696 1049 munda
722 992 815 1046 erit
853 998 1039 1061 septem
1067 987 1191 1039 dies.
1222 983 1313 1038 llla
1342 998 1467 1053 ergo
1497 980 1693 1034 locutio
1728 977 1976 1048 quoniam
2017 983 2070 1027 et

500 1099 676 1157 gnsco
695 1080 904 1152 eloquio
925 1080 1170 1134 inusitata
1195 1084 1292 1139 est,
1315 1081 1494 1143 posset
1514 1085 1613 1126 nec
1636 1070 1685 1123 in
1710 1082 1885 1139 grazco
1901 1077 2073 1120 trans-

505 1177 631 1232 ferri
661 1193 674 1229 :
706 1173 828 1245 quia
856 1185 984 1226 vero
1022 1184 1139 1224 eam
1169 1167 1384 1223 Grzccos
1412 1161 1700 1219 transferre
1739 1175 1841 1215 non
1874 1159 2069 1230 piguit,

500 1285 597 1325 cur
632 1267 846 1323 Latinos
870 1261 1112 1335 piguerit,
1144 1264 1348 1331 ignoro.

572 1360 673 1435 [lb.
703 1356 780 1431 4.]
809 1356 1042 1428 Triginta
1085 1364 1133 1408 et
1178 1364 1275 1407 tres
1315 1352 1421 1404 dies
1457 1351 1473 1383 ³
1515 1348 1699 1403 sedebit
1739 1347 1791 1400 in
1833 1344 2077 1415 sanguine

499 1452 688 1507 mundo
716 1465 827 1504 suo.
849 1446 1102 1502 Similiter
1128 1451 1182 1499 et
1218 1442 1285 1497 de
1307 1442 1396 1496 illa
1422 1455 1539 1511 qua:
1569 1439 1815 1493 feminam
1841 1435 2073 1506 peperit,

501 1545 698 1599 dictum
729 1550 832 1607 est,
862 1538 1046 1594 sedebit
1082 1538 1134 1591 in
1163 1536 1405 1606 sanguine
1431 1533 1617 1586 mundo
1641 1548 1753 1594 suo,
1781 1529 1875 1585 sed
1902 1529 2077 1598 dupli-

502 1635 637 1690 catis
666 1632 866 1687 eisdem
897 1628 1102 1694 diebus,
1136 1627 1187 1681 id
1212 1634 1312 1692 est,
1340 1625 1608 1694 sexaginta
1627 1638 1720 1676 sex
1741 1622 1946 1675 diebus.
1977 1619 2075 1674 Se-

502 1725 634 1779 debit
663 1737 788 1793 ergo
813 1721 1009 1776 dictum
1044 1727 1125 1773 est
1158 1717 1408 1781 manebit,
1439 1731 1545 1769 non
1570 1714 1710 1770 enim
1741 1728 1835 1783 per
1861 1720 1936 1765 tot
1964 1711 2077 1765 dies

504 1817 573 1871 de
599 1815 726 1869 sella
757 1814 806 1868 ei
837 1826 1054 1881 surgere
1079 1824 1181 1863 non
1212 1808 1420 1863 licebat.

574 1903 672 1978 [lb.
690 1919 805 1967 xm,
820 1900 901 1973 2.]
922 1899 1129 1954 Homini
1154 1899 1197 1953 si
1221 1898 1300 1951 cui
1325 1901 1462 1968 facta
1483 1895 1633 1967 fuerit
1659 1895 1710 1949 in
1731 1903 1842 1949 cute
1856 1893 2079 1962 corporis

503 1997 615 2067 ejus
658 1993 868 2047 cicatrix
908 1991 1041 2063 signi
1081 1989 1269 2044 lucida.
1316 1986 1614 2041 Notandum
1662 1986 1959 2041 cicatricem
2000 1984 2080 2039 di-

502 2101 627 2142 cere
651 2085 976 2154 Scripturam
1006 2097 1112 2138 non
1138 2080 1402 2148 vulneris,
1434 2078 1527 2135 sed
1552 2079 1710 2134 etiam
1740 2078 1905 2133 solius
1930 2077 2078 2133 colo-

501 2177 578 2233 ris
597 2184 795 2231 notam.

579 2275 679 2348 [lb.
708 2273 789 2348 2.]
821 2274 888 2328 Et
917 2273 1068 2344 fuerit
1110 2273 1162 2326 in
1200 2280 1311 2326 cute
1346 2271 1529 2325 coloris
1566 2271 1672 2342 ejus
1695 2278 1857 2324 tactus
1887 2269 2041 2340 leprte
2062 2283 2082 2323 :

504 2375 701 2423 tactum
732 2367 858 2420 dicit
899 2366 1065 2435 ipsam
1106 2363 1397 2431 maculam,
1427 2362 1567 2433 quod
1597 2364 1709 2433 ipse
1750 2362 1910 2419 homo
1936 2365 2080 2434 lepra

504 2459 572 2515 sit
597 2467 782 2512 tactus.

581 2557 680 2630 [11).
707 2554 784 2627 3.]
817 2554 883 2608 Et
912 2555 1092 2609 videbit
1117 2572 1229 2608 eum
1255 2554 1507 2621 sacerdos,
1537 2562 1585 2608 et
1625 2554 1903 2626 inquinabit
1928 2570 2082 2610 eum:

505 2664 605 2720 pro
631 2662 695 2700 eo
721 2645 860 2716 quod
890 2654 991 2711 εει,
1022 2646 1354 2715 inquinatum
1382 2646 1763 2716 pronuntiabit.

579 2748 676 2822 [lb.
704 2747 780 2820 5.]
802 2746 868 2800 Ει
885 2748 1019 2818 pilus
1038 2750 1123 2818 qui
1152 2759 1222 2802 est
1242 2749 1294 2802 in
1323 2757 1458 2802 tactu
1482 2756 1795 2803 convertatur
1818 2748 1961 2803 albus
1982 2764 2003 2803 :
2031 2746 2083 2802 id

508 2850 610 2905 est,
641 2846 978 2894 convertatur
1006 2840 1057 2893 in
1088 2840 1285 2895 album.

581 2941 679 3015 [lb.
701 2941 779 3016 6.]
805 2942 873 2997 Et
899 2943 1128 3014 purgabit
1158 2959 1274 2997 eum
1293 2943 1563 3010 sacerdos;
1590 2943 1789 3014 signum
1816 2943 1947 2996 enim
1968 2952 2043 2998 est
2063 2959 2085 3000 .'

508 3041 787 3103 purgatum
816 3032 1206 3102 pronuntiabit;
1237 3034 1396 3097 sicut,
1420 3032 1730 3102 iuquinabit,
1761 3031 1902 3102 quod
1926 3047 2085 3101 supra

509 3121 659 3183 dixit.
694 3124 1017 3193 inquinatum
1048 3123 1425 3193 pronuntiabit.
1998 3140 2001 3143 ·

583 3221 682 3295 [lb.
698 3223 750 3289 7,
772 3220 850 3296 8.]
875 3221 943 3277 Et
967 3223 1144 3277 viderit
1171 3239 1284 3277 eum
1301 3222 1556 3289 sacerdos,
1587 3232 1633 3277 ct
1653 3239 1762 3277 ecce
1783 3232 2086 3277 commutata

510 3321 581 3365 est
602 3313 904 3383 signiﬁcatio
926 3313 980 3367 in
998 3322 1127 3375 cute,
1148 3321 1195 3365 et
1218 3312 1495 3382 inquinabit
1515 3312 1660 3366 illum
1679 3315 1913 3367 sacerdos
1928 3329 1947 3366 :
1969 3314 2086 3381 plus

509 3401 688 3468 liabet,
718 3412 800 3467 et;
831 3418 949 3457 nam
989 3418 1049 3457 ea
1079 3402 1448 3472 conjunctione
1473 3402 1705 3457 detracta
1734 3404 1935 3473 integer
1959 3420 2085 3458 seu.

511 3510 604 3551 sus
629 3505 710 3551 est
737 3495 839 3551 hoc
862 3495 1040 3560 modo,
1074 3494 1136 3550 Si
1163 3505 1329 3548 autem
1355 3511 1593 3549 conversa
1613 3496 1763 3566 fuerit
1787 3496 2086 3565 signiﬁcatio

510 3587 565 3640 in
588 3596 720 3655 cute,
752 3594 1071 3657 posteaquam
1094 3586 1214 3639 vidit
1235 3602 1348 3639 eum
1367 3586 1619 3652 sacerdos,
1640 3595 1693 3639 ut
1721 3596 1896 3656 purget
1916 3586 2081 3653 illum,

512 3686 558 3733 et
586 3678 719 3731 visus
748 3676 898 3747 fuerit
921 3677 1083 3730 denuo
1103 3675 1368 3738 sacerdoti,
1400 3685 1445 3730 et
1474 3676 1650 3729 viderit
1672 3694 1786 3731 eum
1822 3678 2082 3742 sacerdos,

510 3780 556 3825 et
583 3786 694 3825 ecce
710 3778 1015 3826 commutata
1042 3780 1113 3825 est
1140 3768 1440 3840 signiﬁcatio
1468 3769 1517 3821 in
1538 3779 1649 3822 cute
1666 3811 1679 3835 ,
1711 3769 1987 3840 iuquinabit
2017 3768 2084 3822 il-

509 3862 616 3915 lum
635 3866 888 3916 sacerdos.

583 3959 684 4032 [lb.
713 3959 769 4025 9,
798 3957 910 4031 10.]
945 3959 1013 4012 Et
1037 3969 1197 4014 tactus
1221 3960 1393 4030 leprar,
1424 3960 1467 4013 si
1494 3959 1641 4028 fuerit
1667 3960 1719 4013 in
1750 3961 1968 4026 homine,
1998 3976 2084 4013 ve-

508 4052 611 4105 niet
635 4052 702 4104 ad
725 4050 1053 4117 sacerdotem,
1085 4060 1131 4103 et
1159 4051 1339 4104 videbit
1373 4052 1605 4104 sacerdos
1623 4092 1639 4116 ,
1667 4061 1713 4103 et
1737 4067 1848 4104 ecce
1874 4052 2087 4105 cicatrix

507 4144 626 4197 alba
651 4142 704 4196 in
733 4152 869 4206 cute,
903 4152 948 4195 et
992 4142 1100 4195 Itazc
1136 4142 1347 4195 mutavit
1375 4142 1535 4212 pilum
1560 4142 1764 4207 album,
1804 4152 1849 4195 ct
1890 4159 1923 4195 a
1962 4159 2085 4197 sano

507 4234 675 4289 carnis
694 4234 816 4289 vivae
831 4234 883 4287 in
903 4234 1172 4287 cicatrice:
1196 4233 1248 4287 id
1268 4242 1371 4297 est,
1401 4234 1624 4287 mutavit
1649 4233 1809 4302 pilum
1833 4234 1883 4287 in
1907 4233 2083 4287 album

507 4324 740 4378 colorem
768 4324 820 4377 in
858 4322 1189 4388 cicatricem,
1233 4323 1439 4376 mutavit
1467 4332 1632 4376 autem
1674 4340 1705 4375 a
1749 4339 1873 4377 sano
1916 4325 2085 4379 carnis

505 4418 651 4482 viva,
679 4417 729 4473 id
757 4426 859 4484 est,
885 4419 1005 4489 quia
1029 4434 1134 4472 non
1157 4418 1311 4472 talem
1340 4418 1503 4488 pilum
1529 4418 1708 4485 habet,
1728 4418 1869 4488 quod
1896 4433 2082 4474 sanum

505 4519 589 4565 est
614 4511 665 4564 in
686 4525 847 4564 carne
873 4512 1030 4564 vivat.

580 4607 676 4680 [lb.
702 4609 801 4675 45,
829 4609 897 4663 46
922 4607 1039 4680 (α).]
1072 4610 1145 4663 De
1170 4609 1380 4678 leproso
1403 4626 1523 4665 cum
1547 4609 1870 4679 loqueretur,
1897 4614 1988 4676 ait,
2018 4613 2085 4666 Et

506 4697 797 4752 immundus
823 4698 1114 4751 immundus
1148 4699 1433 4763 vocabitur;
1465 4701 1616 4769 quasi
1659 4717 1763 4755 nou
1796 4703 1924 4758 satis
1943 4713 2086 4759 esset

506 4789 672 4841 semel
689 4786 886 4853 dicere,
910 4790 1199 4842 immundus
1220 4790 1488 4843 vocabitur.
1510 4792 1824 4861 Quanquam
1847 4795 2082 4849 nonnulli

508 4878 718 4933 codices
743 4879 811 4932 ita
834 4878 1084 4945 habeant,
1110 4881 1159 4933 in
1184 4882 1287 4933 alin
1306 4897 1480 4950 grmcu
1504 4882 1571 4935 ita
1600 4883 1895 4937 invenimus
1918 4885 2084 4939 semel

507 4972 732 5036 dictum,
773 4971 1061 5025 immundus
1098 4973 1369 5026 vocabitur.
1409 4974 1537 5027 item
1582 4975 1736 5042 paulo
1765 4986 1883 5043 post
1924 4976 2078 5043 dicit,

507 5064 633 5118 Cum
657 5065 721 5119 sit
750 5065 1067 5129 immundus,
1110 5066 1399 5118 immundus
1424 5069 1548 5131 erit;
1588 5069 1726 5135 quod
1766 5068 1819 5122 in
1863 5070 2082 5123 latinum

506 5154 573 5209 de
596 5170 770 5225 gneco
804 5171 909 5210 non
950 5156 1083 5210 sicut
1124 5159 1348 5226 positum
1376 5167 1458 5212 est
1494 5160 1716 5226 exprimi
1765 5161 1933 5229 potuit
1964 5177 1978 5214 :
2011 5162 2086 5217 ait

506 5248 647 5303 enim
664 5248 1172 5319 ϐιωειιε,ἀκάθαρτος
1198 5256 1257 5301 ἄν
1281 5253 1541 5320 ἀκάθαρτος
1567 5259 1700 5305 tm:
1724 5269 1735 5305 :
1770 5252 1919 5322 quasi
1944 5252 2088 5308 dice-

506 5347 609 5403 ret,
634 5339 935 5394 immundus
959 5344 1211 5406 existens,
1239 5340 1542 5396 immundus
1562 5344 1663 5396 erit
1688 5361 1700 5397 :
1734 5344 1825 5400 sed
1852 5360 1956 5399 non
1984 5345 2087 5401 hoc

507 5437 588 5482 est
629 5429 892 5494 existens,
923 5431 1064 5499 quod
1108 5445 1309 5500 graecus
1337 5430 1461 5487 dicit
1489 5439 1575 5498 ὥν,
1618 5434 1713 5489 sed
1756 5436 1801 5490 si
1830 5435 1933 5490 dici
1964 5452 2087 5507 pos-

506 5650 549 5696 “
572 5588 754 5699 ἓξὲξ,
790 5601 877 5640 sea:
900 5588 1022 5640 dies.
1060 5588 1153 5639 Sed
1183 5589 1336 5653 liquet
1366 5589 1629 5654 legendum
1666 5594 1744 5643 bic
1775 5594 1914 5657 juxta
1947 5601 2087 5659 LXX,

569 5727 643 5791 (tt)
665 5730 779 5780 Hinc
801 5728 925 5781 liber
948 5734 1121 5789 tertius
1143 5732 1305 5797 incipit
1324 5735 1371 5783 in
1398 5735 1530 5797 prius
1554 5735 1713 5786 editis.

1290 311 1723 375 LOCUTIONUM
1764 310 1819 364 S.
1861 304 2225 363 AUGUSTINI
2269 304 2335 361 IN
2373 305 2927 363 HEPTATEUCIIUM

3642 311 3746 367 520

2171 431 2272 483 set,
2302 436 2507 489 essetis,
2538 421 2606 477 ab
2628 436 2692 477 eo
2716 422 2855 492 quod
2895 430 2976 478 est
3000 435 3117 477 esse
3135 464 3150 491 ,
3182 438 3286 479 non
3313 424 3379 480 ab
3403 439 3467 481 eo
3497 427 3637 497 quod
3662 435 3744 484 est

2170 514 2416 567 existere.

2244 603 2342 676 [lb.
2368 620 2485 671 xm,
2518 603 2629 677 47.]
2662 604 2726 658 Et
2747 606 3033 660 vestimento
3068 608 3113 661 si
3132 607 3279 676 fuerit
3316 608 3368 661 in
3398 625 3455 662 eo
3483 618 3644 664 tactus
3678 611 3750 665 lc.

2174 712 2314 765 prie:
2349 698 2514 766 potuit
2542 700 2733 752 usitate
2776 699 2845 752 ita
2888 700 3099 765 dicere,
3148 700 3214 753 Et
3241 701 3291 754 in
3340 702 3656 757 vestimento
3698 705 3742 758 si

2173 786 2331 841 fuerit
2352 798 2520 842 tactus
2546 789 2726 857 lepra}.

2244 877 2462 959 [11).51.]
2488 879 2587 934 Aut
2610 881 2664 935 in
2692 882 2828 936 omni
2847 898 2962 937 vase
2983 884 3210 952 pelliceo,
3239 885 3290 939 in
3311 902 3621 956 quocumque
3642 892 3755 958 [ue-

2173 970 2239 1023 rit
2266 972 2318 1023 in
2341 988 2401 1025 eo
2429 982 2589 1027 tactus
2615 987 2629 1028 τ
2658 984 2862 1044 poterat
2894 976 3022 1030 satis
3044 991 3183 1041 esse,
3211 977 3264 1032 in
3292 994 3603 1048 quocumque
3637 984 3749 1051 fue-

2175 1062 2238 1115 rit
2263 1072 2450 1118 tactus.

2248 1151 2347 1225 [lb.
2550 1154 2616 1208 Et
2646 1172 2758 1210 ecce
2802 1174 2903 1211 non
2946 1161 3263 1213 commutavit
3292 1170 3453 1215 tactus
3494 1173 3754 1233 aspectum

2176 1258 2366 1296 suum:
2393 1243 2442 1296 id
2485 1254 2567 1298 est
2591 1245 2822 1300 colorem
2866 1247 2917 1300 in
2962 1264 3118 1316 quem
3145 1251 3426 1319 aspicitur;
3471 1267 3574 1307 non
3604 1256 3748 1308 enim

2178 1345 2447 1404 aspectum
2478 1352 2584 1406 quo
2611 1338 2721 1407 ipse
2742 1339 2931 1409 aspicit
2955 1359 2967 1394 :
2998 1349 3194 1395 tactum
3221 1342 3414 1413 quippe
3433 1346 3600 1414 ipsam
3629 1361 3748 1400 ma-

2178 1427 2349 1481 culam
2378 1429 2523 1482 dicit.

2253 1518 2351 1591 [lb.
2384 1535 2500 1588 xrv,
2537 1519 2645 1594 15]
2667 1521 2729 1575 Ει
2757 1523 3008 1593 accipiens
3034 1525 3264 1581 sacerdos
3290 1529 3352 1580 de
3392 1527 3593 1583 hemina
3618 1528 3752 1596 olei,

2180 1611 2507 1682 superfundet
2570 1612 2623 1665 in
2688 1631 2893 1667 manum
2951 1618 3222 1671 sacerdotis
3284 1619 3537 1673 sinistram
3579 1637 3600 1674 :
3651 1636 3757 1675 non

2181 1702 2331 1766 dixit,
2363 1704 2415 1759 in
2442 1719 2653 1759 manum
2679 1722 2827 1760 suam
2852 1707 3140 1775 sinistram,
3169 1724 3288 1763 cum
3319 1712 3496 1782 utique
3522 1712 3573 1765 in
3600 1728 3751 1766 suam

2182 1793 2355 1850 faciet.

2254 1884 2353 1957 [lb.
2387 1902 2477 1951 xv,
2507 1886 2586 1960 2.]
2626 1886 2765 1955 Viro,
2794 1890 2899 1943 viro
2924 1891 3217 1962 cuicumque
3240 1895 3391 1965 fuerit
3416 1896 3569 1965 ﬂuor.

2255 1977 2355 2051 [lb.
2381 1978 2493 2051 16]
2529 1974 2595 2033 Et
2621 1981 2769 2037 homo
2796 1984 3088 2055 cuicumque
3111 1986 3286 2040 exierit
3314 2004 3377 2041 ex
3394 2005 3451 2043 eo
3467 1991 3759 2045 concubitus

2181 2070 2399 2127 seminis.

2255 2159 2355 2233 [lb.
2381 2160 2495 2233 21.]
2527 2161 2593 2215 Et
2638 2180 2785 2218 autne
2828 2181 2979 2236 super
3006 2167 3356 2240 quodcumque
3399 2170 3582 2224 dormit
3608 2189 3761 2242 super

2184 2251 2313 2305 illud
2336 2269 2354 2306 :
2380 2261 2424 2305 et
2450 2269 2597 2307 omne
2628 2271 2781 2325 super
2812 2256 2947 2326 quod
2971 2259 3153 2312 sederit
3180 2276 3331 2331 super
3358 2261 3504 2329 illud,
3535 2262 3760 2315 immun-

2185 2346 2305 2399 dum
2331 2347 2442 2400 erit.

2258 2435 2355 2509 [lb.
2384 2454 2494 2505 xvi,
2524 2439 2637 2512 21]
2671 2440 2736 2494 Et
2755 2441 2942 2495 emittet
2980 2442 3033 2495 in
3074 2459 3227 2495 manu
3266 2443 3481 2498 hominis
3508 2445 3675 2515 parati
3710 2445 3763 2498 in

2186 2544 2444 2582 eremum:
2475 2530 2524 2583 id
2554 2538 2655 2596 εει,
2688 2533 2893 2586 emittet
2915 2533 2964 2585 in
2997 2549 3235 2587 eremum
3269 2534 3318 2586 in
3348 2550 3506 2588 manu
3537 2534 3766 2589 hominis

2186 2618 2253 2673 ad
2284 2620 2385 2674 hoc
2408 2622 2607 2689 parati;
2641 2621 2705 2675 de
2733 2622 2877 2675 hirco
2892 2624 3169 2678 emissario
3192 2624 3501 2693 loquebatur
3520 2640 3639 2679 cum
3663 2626 3764 2679 hoc

2186 2710 2423 2767 diceret:
2458 2714 2743 2769 notandum
2784 2726 2864 2769 est
2909 2725 3087 2770 autem
3124 2717 3389 2787 quomodo
3430 2716 3571 2771 dicat
3615 2717 3765 2772 Scri-

2188 2812 2361 2873 ptura,
2386 2805 2437 2857 in
2464 2822 2635 2860 manu.

2260 2893 2359 2967 [lb.
2382 2911 2511 2959 xvn,
2530 2894 2608 2969 3.]
2641 2894 2828 2961 Homo,
2852 2899 3000 2951 homo
3021 2898 3241 2968 ﬁliorum
3264 2896 3429 2951 Israel
3450 2913 3468 2952 :
3496 2897 3547 2952 id
3575 2907 3673 2963 est,
3697 2913 3761 2951 ex

2188 2985 2309 3041 ﬁliis
2338 2987 2533 3053 Israel;
2564 2990 2663 3043 ista
2708 3000 2881 3044 autem
2910 2992 3155 3061 repetitio
3184 2990 3471 3062 quemlibet
3496 2991 3763 3045 hominem

2189 3078 2396 3133 videtur
2415 3079 2730 3148 signiﬁcare,
2760 3081 2808 3133 id
2835 3091 2934 3147 est,
2965 3082 3054 3136 ille
3078 3092 3171 3137 aut
3198 3083 3303 3137 ille.
3518 3086 3522 3091 '

2262 3168 2363 3242 [lb.
2392 3185 2544 3235 xvtu,
2576 3169 2652 3242 7.]
2693 3169 3079 3241 Turpitudinem
3109 3173 3267 3240 patris
3308 3172 3383 3226 tui
3420 3182 3467 3226 et
3490 3173 3764 3243 turpitudi-

2187 3264 2301 3312 nem
2328 3260 2501 3313 matris
2530 3268 2630 3313 tua:
2662 3277 2762 3314 non
2788 3262 3065 3315 reuelabis:
3098 3263 3195 3317 hac
3222 3263 3485 3317 locutione
3514 3263 3766 3319 concubi-

2192 3359 2300 3403 tum
2328 3351 2491 3405 vetuit
2517 3366 2637 3404 cum
2667 3352 2747 3404 bis
2776 3354 3037 3421 personis.

2261 3440 2356 3514 [lb.
2386 3441 2495 3513 14]
2526 3441 2906 3511 Turpitudinem
2927 3444 3100 3513 fratris
3114 3445 3271 3515 patris
3296 3445 3369 3499 tui
3390 3461 3491 3499 non
3508 3444 3766 3509 reuelabis,

2189 3546 2235 3588 et
2264 3535 2331 3587 ad
2360 3552 2565 3588 uxorem
2594 3538 2702 3607 ejus
2744 3553 2842 3590 non
2873 3538 3099 3593 introibis
3132 3555 3151 3592 :
3192 3540 3474 3610 propinqua
3509 3542 3638 3594 enim
3680 3552 3769 3594 tua

2188 3636 2299 3680 est:
2327 3637 2372 3679 et
2400 3627 2603 3695 posuit,
2657 3642 2753 3695 pro
2784 3627 2832 3681 id
2863 3639 2971 3691 est;
3005 3629 3141 3683 hanc
3164 3631 3305 3684 cuitu
3333 3631 3459 3685 dicit
3492 3631 3769 3700 turpitudi-

2190 3734 2309 3772 nem
2333 3717 2508 3772 fratris
2526 3720 2687 3787 patris
2709 3719 2843 3788 ejus,
2868 3720 2917 3773 id
2938 3729 3037 3787 est,
3059 3722 3432 3790 turpitudinem
3457 3723 3647 3791 patrui,
3674 3739 3769 3790 pu-

2192 3807 2364 3861 denda
2392 3810 2570 3861 uxoris
2593 3810 2784 3875 patrui.

2261 3898 2357 3971 [lb.
2375 3897 2489 3970 25.]
2516 3898 2576 3951 Et
2596 3901 2852 3953 exhorruit
2872 3910 3003 3954 terra
3025 3919 3106 3955 eos
3120 3903 3205 3972 qui
3222 3902 3436 3956 insident
3455 3918 3604 3973 super
3621 3918 3732 3955 eam
3750 3916 3771 3954 :

2190 3992 2238 4046 id
2270 4003 2370 4055 est,
2401 3992 2557 4046 sedes
2583 3993 2796 4058 habent,
2826 3994 2963 4062 quod
2991 4004 3071 4048 est
3101 3996 3356 4048 habitant.

2262 4084 2359 4157 [lb.
2397 4102 2493 4140 xrx
2515 4129 2527 4149 ,
2559 4084 2636 4157 9.]
2687 4086 2749 4138 Et
2789 4087 3167 4155 permetentibus
3205 4088 3338 4142 vobis
3364 4103 3570 4141 messem
3621 4097 3770 4140 terra

2188 4187 2392 4243 vestras,
2427 4193 2525 4229 non
2558 4178 2821 4246 per/icietis
2847 4194 3053 4231 messem
3097 4188 3310 4231 vestram
3334 4179 3446 4247 agri
3474 4178 3546 4230 tui
3576 4194 3768 4244 perme-

2190 4275 2308 4319 tere.
2344 4266 2454 4320 Hoc
2483 4266 2623 4335 quod
2657 4282 2684 4319 a
2718 4267 2900 4335 plurali
2927 4267 3107 4336 coepit,
3138 4276 3192 4321 et
3220 4266 3284 4321 ad
3310 4268 3632 4336 singularem
3671 4282 3770 4319 uu-

2189 4372 2393 4410 merum
2423 4357 2747 4420 terminavit,
2781 4357 3019 4427 plerique
3048 4357 3190 4410 latini
3220 4359 3549 4426 interpretari
3583 4359 3768 4411 uolne-

2189 4458 2332 4514 ruut,
2360 4450 2451 4503 sed
2473 4450 2738 4515 dixerunt,
2767 4451 2876 4521 agri
2897 4451 3061 4514 vestri,
3090 4450 3177 4503 ubi
3202 4450 3398 4503 dictum
3428 4460 3511 4503 est
3537 4451 3647 4519 agri
3671 4451 3765 4512 tui,

2188 4540 2337 4610 quasi
2361 4554 2564 4609 graecas
2608 4541 2705 4593 hoc
2735 4556 2839 4594 non
2870 4550 3049 4609 posset
3074 4541 3251 4594 dicere
3279 4560 3291 4593 :
3322 4544 3488 4612 magis
3520 4558 3648 4611 ergo
3685 4542 3767 4597 lo-

2186 4631 2332 4685 cutio
2356 4632 2582 4685 notanda
2611 4632 2702 4685 fuit
2725 4648 2884 4702 quam
2909 4632 3257 4687 emendanda.

2259 4721 2358 4795 [lb.
2382 4737 2475 4787 xx,
2510 4721 2618 4794 17.]
2651 4724 2958 4793 Quicumque
2980 4725 3227 4793 acceperit
3256 4740 3476 4777 sororem
3522 4740 3665 4777 suam
3701 4742 3764 4779 ex

2190 4824 2333 4883 patre
2354 4831 2446 4869 suo
2467 4826 2551 4867 aut
2578 4831 2641 4868 ea:
2664 4827 2821 4869 matre
2846 4834 2957 4878 sua,
2985 4827 3031 4868 et
3056 4817 3231 4870 viderit
3255 4817 3613 4887 turpitudinem
3636 4819 3764 4889 ejus,

2188 4915 2233 4958 et
2260 4905 2370 4974 ipsa
2401 4907 2575 4960 viderit
2602 4908 2957 4976 turpitudinem
2999 4910 3137 4978 ejus,
3184 4910 3539 4979 turpitudinem
3580 4913 3767 4964 sororis

2187 5013 2293 5050 sua:
2315 4999 2563 5062 revelavit,
2596 5011 2849 5068 peccatum
2877 5016 3020 5053 suum
3048 5002 3293 5071 accipient
3318 5018 3336 5054 :
3361 5012 3634 5072 peccatum
3666 5018 3765 5072 po-

2189 5089 2294 5175 sq’t
2324 5103 2419 5157 pro
2449 5103 2601 5157 paena
2633 5090 2851 5159 peccati.

2261 5177 2361 5251 [lb.
2403 5178 2518 5252 25.]
2551 5179 2618 5233 Et
2656 5182 2975 5252 segregabitis
3016 5183 3340 5251 vosmetipsos
3373 5183 3503 5236 inter
3546 5183 3769 5236 medium

2192 5285 2428 5339 pecorum
2449 5272 2782 5339 mundorum,
2824 5282 2869 5326 et
2894 5273 3023 5325 inter
3048 5273 3266 5326 medium
3286 5289 3520 5343 pecorum
3547 5274 3768 5327 immun-
3792 5322 3799 5327 .

2190 5362 2388 5430 dorum,
2419 5372 2466 5417 et
2494 5363 2621 5417 inter
2639 5364 2859 5417 medium
2881 5365 3140 5417 volucrum
3162 5364 3461 5418 mundorum
3482 5375 3527 5417 et
3547 5365 3769 5417 immun-

2190 5455 2390 5508 darum.
2424 5456 2762 5528 Segregabitis
2789 5454 3142 5527 vosmetipsos,
3186 5456 3348 5521 dixit,
3393 5456 3521 5510 inter
3550 5457 3771 5511 medium

2192 5547 2495 5602 mundorum
2545 5558 2591 5602 et
2653 5548 3059 5615 immundorum,
3113 5549 3363 5617 quoniam
3427 5560 3771 5618 segregantur

2192 5639 2388 5695 munda
2406 5640 2473 5694 ab
2491 5641 2795 5707 immundis,
2821 5642 2951 5695 vela
2974 5640 3183 5696 mundis
3203 5640 3471 5695 inmmnda
3493 5658 3506 5693 :
3530 5654 3666 5692 nova
3688 5647 3774 5693 cst

2195 5733 2411 5787 omnino
2438 5734 2651 5789 locutio.
2684 5722 2833 5788 Aliud
2861 5743 2941 5789 est
2969 5735 3131 5800 enim,
3158 5734 3469 5806 chrcgabis
3494 5734 3630 5787 inter
3653 5748 3773 5788 me-
