4094 6462
324 322 427 379 521

325 438 476 497 dium
503 455 753 514 pecorum
772 438 1112 504 mundorum,
1144 445 1198 494 et
1226 436 1364 493 inter
1390 433 1621 491 medium
1658 451 1912 506 pecorum

329 531 724 586 immundorum
745 572 759 596 ,
788 531 925 585 sicut
966 529 1257 599 saepissime
1285 526 1429 597 loqui
1457 526 1628 591 solet;
1662 525 1804 579 aliud
1832 534 1916 580 est

327 621 471 690 quod
499 622 658 676 modo
686 622 777 684 ait,
809 620 1145 692 Segregabitis
1170 618 1514 687 vosmetipsos,
1548 626 1796 686 tanquam
1826 617 1913 671 illa

328 710 396 763 ab
409 711 675 765 alterutris
691 720 1046 781 segregantes,
1064 710 1270 779 seipsos
1285 707 1636 779 segregentab
1651 708 1908 776 utrisque,

329 810 578 872 tanquam
600 802 886 873 iudicando
913 803 1050 857 inter
1070 810 1311 870 utraque.

399 893 501 965 [1b.
530 910 641 959 XXI,
671 892 749 966 1.]
767 893 864 947 Dic
896 891 1235 947 sacerdotibus
1264 891 1383 961 filiis
1401 889 1590 955 Aaron,
1623 898 1668 944 et
1687 890 1824 943 dices
1843 888 1912 940 ad

327 1001 433 1051 eos,
455 985 523 1040 In
543 987 805 1040 animabus
824 1003 924 1039 non
944 985 1336 1056 inquinabuntur
1352 983 1405 1037 in
1429 991 1569 1054 gente
1593 998 1785 1048 eorum,
1813 981 1911 1035 nisi

326 1077 379 1129 En
420 1079 704 1149 propinquo
729 1079 815 1148 qui
840 1079 1101 1147 proximus
1139 1085 1211 1130 est
1248 1077 1363 1131 eis:
1392 1073 1444 1129 in
1484 1076 1628 1129 luctu
1665 1074 1792 1129 dicit
1819 1074 1909 1144 qui

329 1168 554 1224 debetur
593 1170 868 1224 animabus
896 1168 1293 1234 defunctorum;
1333 1165 1453 1222 ideo
1492 1165 1633 1220 enim
1678 1166 1905 1236 lugetur,

328 1258 448 1328 quia
471 1268 834 1314 excesserunt.

396 1349 496 1422 [Ib.
520 1349 599 1422 5.]
633 1350 699 1404 Et
727 1352 978 1405 calvitium
1002 1367 1105 1405 non
1128 1350 1376 1404 rademini
1396 1365 1548 1421 super
1566 1354 1837 1411 mortuum,
1860 1355 1908 1399 et

322 1454 477 1508 super
505 1457 677 1494 carnes
705 1457 825 1495 suas
854 1456 952 1494 non
976 1441 1211 1495 secabant
1236 1440 1476 1494 sectiones
1499 1454 1517 1492 :
1547 1438 1737 1491 usitata
1766 1443 1908 1491 esset

323 1530 543 1598 locutio,
571 1547 757 1588 carnes
781 1548 905 1587 suas
934 1548 1039 1588 non
1066 1534 1321 1588 secabunt
1346 1530 1690 1587 sectionibus.

394 1623 493 1697 [Ib.
514 1625 566 1690 7,
587 1623 663 1696 8.]
692 1624 958 1679 Mulierem
983 1625 1310 1694 fornicariam
1335 1633 1382 1677 et
1406 1624 1675 1693 profanam
1694 1637 1795 1675 non
1819 1635 1905 1673 ac-

319 1718 506 1786 cipient
523 1757 538 1782 ,
566 1726 615 1770 et
644 1717 901 1770 mulierem
925 1718 1133 1789 ejectam
1160 1733 1191 1769 a
1217 1717 1323 1770 viro
1364 1730 1488 1779 suo;
1517 1714 1753 1785 quoniam
1778 1728 1903 1767 san-

319 1818 429 1862 ctus
454 1818 529 1863 est
554 1807 775 1862 Domino
812 1808 917 1862 Deo
944 1825 1034 1862 suo
1058 1823 1077 1862 :
1102 1823 1205 1863 non
1250 1807 1415 1871 dixit,
1458 1804 1708 1875 quoniam
1735 1802 1901 1857 sancti

319 1910 463 1967 sunt,
493 1901 589 1956 sed
621 1911 867 1971 tanquam
893 1900 961 1955 dc
989 1915 1092 1955 uno
1120 1900 1446 1969 loqueretur,
1475 1912 1595 1953 cum
1621 1894 1845 1964 coeperit
1872 1908 1901 1945 a

318 1991 529 2061 plurali.
574 1990 777 2046 Deinde
819 1991 1058 2061 sequitur
1100 1990 1454 2059 singulariter,
1508 1985 1856 2055 Sanctiﬁcabit
1884 1985 1899 2016 ί

316 2097 434 2133 eum
452 2122 465 2145 ,
495 2080 631 2134 dona
667 2079 874 2135 Domini
914 2080 1007 2134 Dei
1031 2081 1178 2133 vestri
1205 2079 1296 2134 iste
1322 2078 1528 2145 offeret;
1567 2086 1770 2131 sanctus
1792 2084 1899 2139 est,

314 2173 553 2240 quoniam
577 2184 780 2225 sanctus
803 2188 892 2242 ego
914 2170 1159 2226 Dominus
1177 2171 1264 2241 qui
1284 2170 1542 2239 sanctifico
1561 2185 1646 2223 eos
1672 2184 1690 2221 :
1714 2182 1901 2223 rursus

317 2262 385 2316 ad
419 2262 677 2332 pluralem
706 2263 984 2318 conclusit.

381 2353 491 2426 [11).
521 2369 661 2420 xm,
696 2351 807 2425 11.]
835 2353 897 2408 Si
924 2362 1089 2408 autem
1108 2352 1345 2408 sacerdos
1375 2350 1648 2422 possederit
1678 2350 1901 2403 animum

312 2455 532 2515 emptam
558 2447 791 2515 pecunia,
831 2446 911 2499 hic
938 2445 1046 2499 edet
1075 2445 1138 2499 de
1172 2445 1385 2520 panibus
1409 2444 1557 2514 ejus:
1587 2456 1693 2496 non
1723 2440 1896 2507 dixit,

313 2536 433 2591 hac
457 2536 600 2601 edet,
632 2552 751 2591 cum
791 2537 1021 2590 animam
1049 2536 1261 2600 dixerit,
1291 2551 1408 2605 qua:
1447 2533 1657 2604 generis
1695 2540 1779 2587 est
1820 2533 1903 2587 fe-

312 2627 539 2690 minini;
567 2627 659 2681 sed
690 2627 863 2696 potius
889 2626 955 2680 ad
984 2625 1110 2680 illud
1135 2626 1367 2695 respexit
1390 2624 1530 2694 quod
1553 2638 1648 2694 per
1667 2622 1899 2677 animam

309 2717 619 2787 significare
648 2716 834 2784 voluit,
869 2716 919 2770 id
942 2725 1026 2771 est
1056 2717 1345 2771 hominem.

388 2808 490 2880 [Ib.
516 2808 629 2880 19...]
658 2807 723 2861 Et
742 2810 851 2878 filia
882 2809 1097 2861 hominis
1122 2808 1394 2862 sacerdotis
1413 2807 1457 2860 si
1480 2806 1630 2875 fuerit
1655 2806 1760 2859 viro
1777 2804 1900 2858 alie-

309 2900 513 2969 nigena:
535 2915 553 2952 :
584 2900 634 2953 id
660 2909 761 2963 est,
788 2900 830 2953 si
862 2900 1102 2968 nupserit
1132 2898 1244 2951 viro
1264 2897 1593 2967 alienigenm.

388 2988 490 3061 [Ib.
516 2989 605 3053 26,
634 2988 749 3060 27.]
778 2988 842 3042 Et
876 2988 1069 3042 locutus
1097 2997 1169 3041 est
1198 2986 1447 3040 Dominus
1483 2986 1550 3038 ad
1575 2985 1786 3057 Moysen
1814 2984 1897 3039 di-

306 3096 450 3146 cens,
492 3079 715 3133 Vitulum
744 3090 831 3134 aut
855 3096 994 3134 ovem
1019 3090 1108 3133 aut
1131 3096 1356 3152 capram,
1382 3095 1496 3132 cum
1523 3088 1693 3132 natum
1722 3078 1893 3149 fuerit,

307 3180 357 3222 et
389 3171 482 3223 erit
502 3182 694 3241 septem
719 3172 824 3225 dies
843 3170 935 3225 sub
964 3181 1123 3226 matre
1144 3187 1237 3224 sua
1256 3188 1275 3225 :
1300 3171 1418 3241 plus
1440 3170 1645 3224 videtur
1673 3169 1893 3237 habere,

307 3270 357 3312 et
378 3301 394 3324 ,
435 3261 726 3315 secundum
770 3263 1142 3317 usitatissimas
1171 3263 1463 3317 locutiones
1502 3263 1553 3316 in
1581 3262 1892 3332 Scripturis,

307 3366 443 3419 quas
474 3353 623 3407 latini
644 3354 881 3424 plerique
910 3354 1198 3411 transferre
1219 3355 1522 3410 noluerunt.

384 3442 487 3516 [Ib.
517 3443 630 3516 '52.]
662 3445 730 3498 Et
758 3446 1111 3515 sanctiﬁcabor
1152 3448 1205 3501 in
1234 3449 1395 3501 medio
1425 3446 1647 3517 ﬁliorum
1691 3446 1895 3502 Israel:

305 3534 453 3603 quod
500 3544 612 3601 est,
668 3548 883 3592 sanctus
925 3537 1189 3605 habebor;
1235 3553 1409 3607 neque
1448 3540 1589 3593 enim
1640 3538 1894 3593 Dominus

306 3626 473 3678 etiam
505 3636 697 3695 prmter
734 3626 869 3682 filios
903 3628 1067 3684 Israel
1093 3645 1199 3684 non
1228 3638 1310 3685 est
1347 3638 1582 3683 sanctus.
1627 3629 1701 3683 Eo
1734 3643 1893 3683 sensu

307 3715 512 3770 dictum
543 3726 625 3772 est
661 3727 715 3773 ct
756 3721 806 3773 in
842 3722 1081 3776 oratione
1101 3721 1386 3789 dominica,
1420 3722 1776 3791 Sancti/icetur
1803 3738 1894 3775 no-

307 3823 427 3859 men
458 3818 600 3861 tuum
641 3809 853 3875 (Matth.
880 3827 952 3879 vr,
979 3812 1056 3882 9),
1107 3812 1158 3866 id
1205 3821 1324 3878 est,
1370 3820 1610 3867 sanctum
1637 3811 1893 3866 habeatur

306 3902 381 3953 ab
407 3901 730 3957 hominibus.

370 4033 392 4100 ξ
420 4032 557 4104 astu,
576 4034 887 4104 sgtctificari.
904 4043 1033 4091 ωδε..
1054 4036 1387 4101 Sancti/icabit.
1414 4035 1544 4098 Apud
1564 4042 1692 4097 LXX.
1718 4034 1893 4098 Hatria-

301 4092 424 4153 seis,
448 4092 791 4159 smzctiﬁcab'is.
1116 4144 1121 4149 .

1674 319 1879 379 LIBER
1915 318 2253 393 QUARTUS.

3491 335 3598 392 521

2093 434 2189 507 [Ib.
2210 433 2450 508 xx1tt,2.]
2476 435 2700 508 Loquere
2723 438 2790 491 ad
2815 439 2947 506 ﬁlios
2974 438 3159 505 Israel,
3183 450 3227 496 et
3249 444 3380 499 dices
3403 449 3471 501 ad
3483 464 3594 515 eos,

2021 528 2278 582 Solemnia
2308 527 2513 582 Domini
2534 545 2647 600 qua:
2671 532 2906 585 vocabitis
2931 544 3103 586 vocata
3128 546 3321 603 sancta,
3349 540 3446 592 ista
3476 553 3596 596 sunt

2018 618 2261 671 solemnia
2300 634 2409 672 mea
2433 633 2453 674 :
2478 636 2568 674 seu
2602 621 2774 675 diebus
2814 624 2967 692 facies
3005 640 3159 693 apera
3182 642 3201 678 :
3224 641 3344 681 cum
3374 629 3439 683 ad
3478 632 3592 700 plu—

2017 722 2105 761 res
2129 708 2446 778 loquendum
2484 710 2693 779 dixerit,
2721 720 2971 783 tanquam
2997 714 3063 769 ad
3104 731 3264 771 unum
3295 728 3478 788 postea
3509 722 3592 774 lo-

2016 799 2212 867 quitur.

2086 889 2185 963 [Ib.
2207 893 2330 947 15et
2351 892 2461 966 16.]
2491 893 2558 948 Et
2576 896 2899 951 numerabitis
2926 898 3061 951 vobis
3084 913 3116 951 a
3135 899 3215 954 die
3236 902 3453 955 crastino
3471 904 3590 957 sab-

2015 980 2117 1034 bati
2136 999 2235 1051 qua
2254 983 2485 1037 obtulerit
2507 986 2752 1055 gremium
2770 988 3202 1056 superpositionis,
3226 1000 3413 1059 septem
3436 993 3591 1063 septi-

2014 1087 2192 1127 manas
2228 1075 2450 1144 integras
2492 1076 2818 1131 numerabis:
2847 1092 2953 1131 non
2997 1078 3158 1148 dixit,
3202 1083 3586 1152 numerabitis,

2013 1176 2131 1216 cum
2158 1163 2223 1217 ad
2252 1165 2430 1233 plures
2459 1165 2704 1233 superius
2734 1165 3062 1235 loqueretur.

2086 1250 2334 1323 [Ib.xxw,
2352 1252 2462 1326 11.]
2487 1254 2551 1307 Et
2567 1271 2681 1308 cum
2698 1257 3001 1311 nominasset
3019 1258 3157 1327 [ilius
3176 1260 3399 1315 mulieris
3420 1261 3591 1317 Israe-

2012 1340 2189 1408 litidis,
2215 1359 2394 1397 nomen
2420 1344 2679 1398 maledixit
2705 1362 2719 1399 :
2748 1360 2867 1400 cum
2896 1346 2983 1402 hic
3008 1362 3114 1402 non
3140 1349 3435 1418 addiderit,
3470 1353 3585 1420 Dei,

2010 1430 2345 1486 manifestum
2375 1442 2456 1487 est
2497 1444 2673 1488 tamen
2701 1450 2895 1489 nomen
2923 1436 3019 1491 Dei
3045 1451 3163 1493 esse
3190 1438 3587 1510 intelligendum

2010 1520 2093 1574 cui
2124 1522 2415 1576 maledixit.

2082 1609 2181 1682 [11).
2217 1610 2327 1683 15.]
2356 1611 2542 1679 Homo,
2590 1613 2738 1667 homo
2765 1614 2811 1667 si
2848 1614 3162 1671 maledixerit
3202 1618 3399 1687 Deum,
3440 1640 3587 1678 suum

2010 1712 2265 1771 peccatum
2291 1704 2518 1769 accipiet.
2560 1704 2698 1759 Ecce
2741 1705 2829 1759 ubi
2869 1708 3000 1762 satis
3043 1721 3261 1779 apparet
3305 1712 3587 1769 locutionis

2007 1808 2146 1857 esse,
2178 1808 2297 1847 cum
2317 1794 2528 1859 dicitur,
2560 1793 2746 1861 Homo,
2774 1797 2942 1863 homo,
2966 1807 3212 1868 tanquam
3238 1801 3398 1867 dicat,
3422 1802 3584 1859 homo

2007 1884 2094 1937 ille
2115 1894 2206 1939 aut
2228 1886 2316 1940 ille
2334 1927 2349 1951 ,
2373 1886 2475 1941 hoc
2499 1896 2581 1941 est
2617 1888 2934 1958 quicumque
2955 1889 3113 1945 homo
3137 1907 3149 1943 :
3179 1907 3283 1946 non
3314 1895 3450 1949 sicut
3467 1897 3587 1966 qui-

2006 1973 2127 2028 dam
2162 1982 2499 2043 putaverunt,
2540 1976 2729 2043 Homo,
2762 1977 2910 2031 homo
2939 1979 3009 2032 ita
3038 1980 3161 2043 dici,
3197 1990 3442 2052 tanquam
3474 1986 3590 2039 lau-

2006 2062 2253 2118 dabiliter
2293 2074 2645 2137 nuncupetur,
2692 2081 2755 2121 ac
2797 2068 2843 2123 si
2884 2068 3185 2138 diceretur,
3239 2072 3444 2141 Homo,
3490 2077 3587 2131 sed

2006 2153 2197 2220 homo;
2228 2154 2279 2209 id
2306 2164 2406 2222 est,
2439 2171 2543 2210 non
2570 2158 2970 2229 qualiscumque
2997 2161 3140 2214 velut
3167 2162 3357 2217 similis
3381 2167 3583 2234 pecori,

2004 2246 2098 2301 sed
2123 2247 2212 2316 qui
2236 2262 2361 2301 vere
2384 2246 2455 2301 sit
2477 2248 2634 2302 homo
2658 2266 2671 2301 :
2701 2264 2856 2318 quem
2879 2264 3095 2304 sensum
3117 2267 3220 2305 non
3242 2268 3360 2309 esse
3377 2270 3582 2322 verum,

2005 2337 2100 2391 sed
2151 2338 2429 2392 locutionis
2474 2338 2576 2392 hoc
2617 2354 2738 2395 esse
2786 2340 3213 2410 Scripturarum,
3266 2358 3451 2415 aperte
3497 2347 3586 2403 hic

2005 2426 2323 2491 ostenditur,
2369 2443 2489 2483 cum
2532 2428 2583 2482 in
2621 2443 2687 2485 eo
2728 2429 2922 2485 dicitur
2960 2432 3047 2501 qui
3078 2434 3338 2503 culpatur,
3362 2451 3469 2492 non
3493 2440 3584 2509 qui

2005 2515 2271 2572 laudatur.

2078 2606 2176 2679 [Ib.
2195 2624 2316 2673 xxv,
2346 2608 2461 2682 46.]
2487 2608 2617 2663 Cum
2639 2610 2705 2666 de
2726 2612 2894 2667 servis
2909 2622 3106 2683 ageret,
3126 2630 3260 2685 quos
3284 2618 3468 2674 liceret
3488 2620 3588 2674 ha-

2004 2697 2133 2753 bere
2160 2698 2431 2765 Israelitis,
2463 2700 2529 2753 Et
2557 2712 2704 2754 erunt
2731 2703 2886 2769 vobis,
2914 2704 3101 2774 inquit,
3131 2706 3182 2759 in
3224 2711 3582 2777 possessionem

2003 2788 2056 2844 in
2082 2800 2321 2844 teternum
2346 2806 2365 2845 :
2392 2806 2512 2845 cum
2540 2791 2719 2860 utique
2762 2794 2944 2847 aeterni
2990 2797 3265 2852 moriendo
3312 2814 3430 2854 esse
3474 2816 3579 2855 non

2002 2893 2225 2955 possent
2248 2882 2331 2937 vel
2368 2883 2566 2938 domini
2591 2885 2676 2938 vel
2700 2885 2868 2949 servi;
2900 2894 3139 2940 ceternum
3162 2903 3288 2958 ergo
3315 2890 3466 2956 dixit,
3490 2893 3580 2947 ubi

2003 2987 2109 3026 non
2155 2982 2236 3027 est
2278 2974 2531 3043 temporis
2569 2973 2894 3042 praestitutus
2930 2976 3118 3029 modus
3154 2992 3427 3048 quousque
3468 2996 3585 3036 ser-

2001 3061 2146 3115 viant
2169 3062 2305 3115 sicut
2328 3062 2645 3116 constitutus
2674 3071 2756 3117 est
2778 3063 2885 3128 eis,
2918 3080 3051 3133 quos
3076 3066 3128 3119 in
3155 3069 3468 3126 remissione
3500 3072 3581 3127 di-

2002 3152 2137 3205 mitti
2158 3151 2308 3220 jubet
2332 3152 2562 3207 libertati
2587 3166 2717 3207 sate.

2075 3230 2173 3312 [Ib.
2197 3257 2358 3307 xxv1,
2386 3239 2464 3312 5.]
2506 3240 2568 3294 Si
2596 3240 2646 3294 in
2678 3243 2937 3312 prteceptis
2965 3244 3087 3297 meis
3108 3244 3507 3314 ambulaveritis,
3534 3260 3582 3304 et

2000 3334 2241 3387 mandata
2267 3350 2377 3387 mea
2405 3334 2795 3400 observaveritis,
2826 3345 2872 3388 et
2896 3337 3107 3407 feceritis
3130 3354 3206 3402 ea,
3239 3347 3285 3391 et
3311 3339 3438 3393 dabo
3466 3343 3582 3411 plu-

1998 3422 2131 3476 viam
2154 3422 2289 3478 vobis
2325 3424 2377 3477 in
2409 3434 2629 3493 tempore
2666 3441 2758 3478 suo
2792 3442 2805 3477 :
2838 3426 3160 3495 superfluum
3187 3436 3300 3492 est,
3342 3439 3419 3495 et,
3449 3420 3595 3484 con?

1998 3517 2261 3572 suetudini
2304 3517 2588 3571 locutionis
2628 3526 2825 3571 nostrae
2845 3560 2858 3583 ,
2890 3518 2985 3572 sed
3012 3535 3159 3574 more
3188 3519 3578 3590 Scripturarum

1998 3609 2269 3674 additum;
2301 3608 2622 3677 sequebatur
2649 3608 2812 3671 enim,
2844 3609 2972 3662 dabo
3000 3610 3154 3663 vobis.

2071 3701 2168 3775 [Ib.
2199 3700 2309 3773 18.]
2338 3702 2403 3755 Et
2440 3703 2485 3756 si
2506 3718 2663 3771 usque
2698 3702 2863 3755 adhuc
2899 3719 3000 3756 non
3034 3703 3314 3759 obedieritis
3343 3706 3491 3769 mihi,
3533 3719 3580 3760 et

1997 3808 2251 3865 apponam
2277 3793 2525 3863 castigare
2553 3808 2640 3846 vos
2664 3794 2843 3862 septies
2870 3794 2922 3847 in
2948 3796 3161 3864 peccatis
3186 3797 3357 3849 vestris
3381 3814 3397 3850 :
3421 3798 3578 3851 etiam

1997 3886 2085 3939 hic
2121 3884 2446 3954 superﬂuum
2487 3893 2599 3949 est,
2633 3893 2716 3949 et;
2755 3886 3073 3955 sequebatur
3107 3889 3280 3954 enim,
3322 3905 3577 3958 apponam

1997 3977 2243 4045 castigare
2270 3990 2355 4027 vos
2385 3992 2397 4026 :
2430 3974 2569 4043 quod
2593 3983 2773 4029 autem
2802 3977 2902 4042 ait,
2930 3977 3109 4046 septies
3129 4019 3143 4042 ,
3182 3993 3278 4047 pro
3307 3979 3450 4032 omni
3476 3996 3577 4033 nu-

1997 4081 2145 4121 mero
2172 4065 2532 4135 accipiendum
2557 4074 2659 4120 est.

1259 4294 1741 4401 LIBER
1838 4293 1937 4418 ρ
1962 4287 2274 4397 ΗΑΒ
2295 4288 2612 4395 TUS.

1611 4454 1892 4504 Locutioues
1910 4451 1976 4502 de
1998 4452 2229 4501 Numeris.

1768 4588 2133 4643 «meum»

379 4713 547 4786 [Νωι.
587 4726 701 4781 cap.
737 4690 787 4777 ι,
832 4710 867 4779 ᾗ
907 4708 984 4781 4.]
1017 4707 1081 4761 Et
1119 4707 1363 4761 vobiscum
1404 4724 1525 4760 erun
1557 4708 1897 4778 unusquisque
2000 4705 2099 4759 ista
2130 4707 2327 4762 locutio
2359 4724 2372 4759 :
2406 4724 2507 4762 non
2546 4708 2687 4765 enim
2717 4711 2824 4778 ait,
2869 4711 3019 4769 Filiis
3060 4714 3242 4771 Ruben
3284 4722 3573 4777 secundum

300 4803 585 4857 secundum
608 4810 757 4871 caput
784 4800 1177 4867 uniuscujusque
1202 4798 1503 4869 principum.

377 4892 482 4963 [11).
509 4890 601 4956 22,
628 4889 743 4961 20.]
778 4889 823 4942 F
824 4890 925 4943 iliis
964 4887 1169 4942 Simeon
1192 4888 1463 4940 secundum
1500 4886 1893 4956 propinquitates

299 4998 503 5046 eorum,
534 4980 809 5035 secundum
838 4978 1052 5048 populos
1078 4993 1281 5041 eorum,
1306 4976 1577 5029 secundum
1605 4974 1779 5028 domos
1808 4978 1891 5046 fa-

300 5074 565 5126 miliarum
593 5088 794 5137 eorum,
827 5069 1098 5123 secundum
1130 5082 1392 5121 numerum
1417 5066 1674 5119 nominum
1697 5083 1887 5132 eorum,

300 5164 581 5217 secundum
603 5172 753 5232 caput
772 5177 967 5225 eorum,
992 5160 1160 5212 omnia
1179 5157 1478 5220 masculina,
1502 5174 1533 5209 a
1554 5157 1725 5226 uiginti
1745 5158 1890 5209 annis

298 5265 350 5307 et
369 5271 550 5324 supra,
575 5254 737 5307 omnis
760 5253 844 5322 qui
865 5251 1086 5322 procedit
1106 5250 1157 5303 in
1178 5250 1373 5313 virtute,
1401 5248 1673 5318 recognitio
1694 5265 1885 5302 eorum.

299 5346 430 5401 Haec
459 5345 659 5400 locutio
688 5344 827 5414 quod
857 5359 961 5397 non
989 5341 1137 5408 dicit,
1170 5340 1259 5393 lilii
1279 5340 1515 5404 Simeon,
1545 5340 1651 5406 vel,
1680 5355 1743 5394 ex
1768 5340 1886 5395 ﬁliis

300 5436 545 5500 Simeon,
575 5435 690 5499 sed,
722 5435 841 5503 ﬁliis
870 5434 1098 5498 Simeon,
1126 5431 1300 5485 dativo
1330 5445 1474 5494 casu,
1504 5439 1558 5484 et
1587 5430 1688 5485 hoc
1713 5440 1887 5485 servat

299 5527 557 5595 deinceps
587 5528 641 5579 in
671 5525 878 5579 cmteris
906 5523 1162 5588 tribubus,
1193 5536 1297 5575 non
1327 5531 1407 5575 cst
1436 5522 1683 5575 translata
1714 5523 1780 5577 ab
1807 5526 1886 5578 in-

299 5617 627 5686 terpretibus
660 5615 839 5669 latinis
876 5628 1009 5683 quos
1048 5612 1306 5681 inSpicere
1349 5610 1633 5680 potuimus.
1675 5611 1731 5665 ln
1774 5615 1884 5669 sola

298 5717 477 5763 autem
511 5706 654 5761 tribu
681 5705 886 5771 Ruben,
913 5719 1029 5773 quae
1052 5703 1219 5771 prima
1248 5706 1522 5787 numerata
1545 5708 1648 5784 est,
1672 5716 1776 5757 non
1803 5712 1884 5760 est
1932 5781 1939 5786 θ

582 5797 808 5858 ΞΑΝΟΤ.
863 5797 1137 5857 AUGUST.
1175 5795 1283 5857 III.

1999 4798 2416 4867 pr0pinquitates
2455 4815 2675 4866 eorum,
2715 4810 2843 4866 etc.,
2868 4805 2961 4858 sed
2999 4806 3102 4871 ait,
3143 4806 3210 4861 Et
3247 4813 3446 4881 fuerunt
3484 4816 3579 4883 ﬁlii

1997 4886 2174 4941 Ruben
2204 4889 2519 4961 primogeniti
2546 4890 2753 4948 Israelis
2777 4897 3049 4950 secundum
3077 4901 3470 4971 prapinquitates
3494 4923 3578 4959 eo-

1996 4995 2146 5043 rum;
2175 4989 2229 5034 et
2256 4981 2446 5035 deinde
2473 4983 2719 5037 similiter
2744 4994 2799 5039 ut
2826 4986 2878 5039 in
2908 4990 3134 5042 caeteris.

2070 5071 2168 5143 [Ib.
2188 5072 2303 5145 51.]
2322 5074 2387 5126 Et
2416 5078 2637 5146 fecerunt
2663 5078 2757 5145 ﬁlii
2785 5076 2947 5131 Israel
2975 5068 3247 5134 secundum
3273 5086 3440 5137 omnia
3463 5103 3577 5155 qut:

1994 5164 2247 5217 mandavit
2280 5164 2523 5219 Dominus
2554 5166 2722 5236 Moysi
2750 5177 2797 5221 et
2829 5169 3033 5235 Aaron;
3060 5172 3129 5224 ita
3158 5177 3396 5242 fecerunt.

2071 5252 2168 5324 [11).
2199 5270 2277 5319 nt,
2311 5253 2388 5325 5.]
2422 5255 2720 5310 Sacerdotes
2745 5257 2831 5324 qui
2858 5258 2994 5310 uncti
3031 5269 3163 5325 sunt,
3213 5278 3422 5329 quorum
3458 5282 3579 5319 con-

1992 5356 2363 5398 summaverunt
2394 5363 2571 5399 manus
2599 5364 2769 5400 eorum
2798 5350 3075 5402 sacerdotio
3106 5354 3265 5423 fungi.

2066 5434 2164 5506 [Ib.
2182 5451 2256 5501 tv,
2281 5434 2391 5507 14.]
2412 5435 2475 5488 Et
2502 5436 2756 5505 imponent
2782 5454 2934 5509 super
2960 5440 3089 5493 illud
3116 5444 3281 5495 omnia
3303 5458 3421 5500 vasa
3444 5449 3574 5517 ejus,

1992 5526 2170 5596 quibus
2200 5526 2482 5579 ministrant
2514 5527 2567 5579 in
2594 5527 2735 5595 ipsis.

2066 5615 2165 5689 [Ib.
2190 5632 2245 5681 v,
2276 5614 2357 5686 7.]
2382 5615 2446 5668 Et
2473 5616 2645 5668 reddet
2670 5617 2752 5669 cui
2776 5616 2984 5687 deliquit
3011 5620 3057 5672 ei
3080 5635 3098 5672 :
3117 5622 3326 5691 quidam
3356 5626 3575 5683 locutioc

1991 5720 2113 5762 nem
2170 5706 2323 5761 istam
2382 5705 2667 5762 transferre
2720 5707 2994 5775 nolentes,
3051 5714 3331 5772 emendato
3379 5718 3563 5783 ordino

2819 5800 3212 5878 [υἱέϊ-86])εᾴ
