4094 6456
466 410 574 471 523

468 526 633 583 verba
652 518 1052 580 transtulerunt,
1075 513 1334 575 dicentes,
1367 507 1433 562 Et
1458 502 1629 561 redde:
1651 503 1697 557 ei
1715 502 1799 557 cui
1821 498 2050 570 deliquit.

1281 388 1713 450 LOCUTIONUM
1753 386 1810 443 S.
1852 378 2213 441 AUGUSTI)“
2256 379 2317 436 lN
2358 375 2912 436 UEPTATEUCIIUH

3640 377 3748 438 1524

2232 493 2330 569 [11).
2360 510 2415 560 x,
2448 489 2562 565 ιι]
2592 490 2659 547 Et
2682 489 3037 563 promovebant
3066 489 3190 545 ordo
3218 500 3502 547 castrorum
3524 493 3752 563 ﬁliorum

546 616 645 690 [lb.
665 611 745 681 6.]
787 611 873 666 Vir
899 618 989 663 aut
1018 604 1196 661 mulier
1219 600 1515 672 quicumque
1543 593 1729 690 fecerit.
1741 592 1804 647 ab
1825 589 2054 690 omnibus
2160 582 2302 690 Iuda
2328 582 2499 690 pri-nti.

475 678 692 779 peieatis
720 678 957 758 liuntanis
985 712 1004 753 :
1031 709 1135 752 non
1174 693 1278 757 ait,
1316 701 1661 760 quaecumque
1704 682 1922 746 fecerit;
1960 678 2057 735 sed

476 773 675 853 locutio
701 803 813 860 est,
842 789 931 848 ubi
959 803 1117 845 sexus
1142 782 1466 840 masculinus
1500 791 1792 849 pronomen
1818 773 2055 828 vindica-

477 889 585 952 vit,
624 882 868 957 quamvis
912 877 1174 950 posterius
1215 871 1498 929 femininus
1545 868 1616 926 sit
1657 866 1894 938 positus,
1940 878 2058 934 qua}

482 978 679 1034 locutio
706 975 894 1030 usitata
924 985 1031 1025 non
1057 975 1157 1023 est.

555 1065 655 1140 [lb.
680 1061 793 1136 12.]
828 1060 937 1115 Viri
964 1059 1056 1114 viri
1080 1097 1095 1123 ,
1144 1055 1189 1111 si
1232 1052 1560 1126 prmuaricata
1587 1050 1737 1140 fuerit
1761 1062 1891 1102 uxor

490 1134 598 1213 non
629 1134 798 1210 solum
824 1149 945 1221 quia
969 1145 1255 1217 geminavit
1284 1157 1508 1208 nomen,
1552 1148 1609 1194 ut
1643 1138 1876 1200 diceret,
1930 1134 2061 1197 Viri,

487 1248 603 1312 viri,
633 1243 726 1300 sed
747 1243 907 1298 etiam
929 1238 1049 1307 quia
1076 1235 1294 1294 addidit.
1323 1234 1451 1303 ejus,
1483 1228 1711 1285 notanda
1741 1224 1934 1280 locutio
1962 1233 2060 1279 est.

560 1336 657 1409 [11).
682 1332 793 1405 1.5.]
811 1331 870 1388 Si
896 1329 1204 1401 superueniet
1228 1326 1304 1379 illi
1327 1324 1533 1393 spiritus
1552 1319 1771 1384 zelandi,
1796 1317 1886 1371 illa
1904 1324 2069 1409 autem

489 1402 590 1483 non
617 1402 1068 1498 fuerit‘inquinata,
1098 1426 1143 1472 et
1168 1416 1382 1470 adducet
1415 1414 1564 1479 homo
1597 1424 1806 1464 uxorem
1828 1421 1975 1461 suam
2003 1402 2069 1457 ad

488 1495 838 1571 sacerdotem:
862 1507 1187 1582 superﬂuum
1213 1514 1325 1572 est,
1352 1513 1418 1569 et,
1450 1502 1544 1557 sed
1567 1498 1854 1569 Scripturis
1878 1495 2071 1551 usitata

490 1606 707 1662 locutio.

563 1698 665 1772 [lb.
691 1693 804 1766 18.]
833 1692 945 1747 Erit
972 1706 1105 1761 aqua
1132 1686 1430 1760 argutionis,
1451 1699 1566 1756 qua:
1594 1680 1908 1736 maledicitur
1933 1677 2074 1733 itare:

495 1771 633 1843 hanc
678 1785 1001 1843 locutionem
1048 1780 1352 1837 inusitatam
1401 1776 1526 1831 fecit
1575 1773 1708 1828 ordo
1752 1771 2073 1833 verborum;

496 1886 676 1949 posset
701 1874 841 1930 enim
873 1872 1063 1927 usitate
1091 1871 1161 1924 ita
1192 1868 1328 1931 dici,
1361 1865 1475 1919 Erit
1503 1880 1634 1933 aqua
1658 1861 1937 1932 argutionis
1970 1858 2077 1910 [nec

498 1983 611 2038 qua:
638 1963 982 2029 maledicitur,
1020 1968 1147 2025 aut,
1193 1958 1305 2011 Erit
1334 1958 1441 2009 hwc
1475 1970 1606 2023 aqua
1648 1950 1928 2022 argutionis
1968 1962 2079 2018 qua:

499 2057 837 2123 maledicitur,
865 2053 948 2108 vel
973 2052 1019 2109 si
1045 2050 1172 2123 quid
1196 2048 1338 2105 aliud
1368 2048 1557 2103 usitata
1586 2044 1747 2100 verba
1784 2040 2080 2097 ordinando

501 2151 605 2206 dici
643 2156 838 2219 potest.

575 2238 673 2311 [11).
692 2234 805 2308 19.]
832 2234 1109 2289 Innocense
1127 2240 1204 2285 sto
1223 2230 1286 2283 ab
1310 2244 1439 2298 aqua
1463 2222 1759 2296 argutionis,
1785 2236 1897 2293 qua:
1920 2220 2079 2311 male-

504 2310 688 2382 dicitur
707 2327 831 2380 lites.
864 2325 920 2379 ln
946 2323 1046 2377 bac
1071 2320 1336 2377 locutione
1359 2331 1465 2371 non
1484 2315 1629 2370 solus
1647 2312 1929 2367 verborum
1949 2310 2081 2365 ordo

504 2417 753 2472 inusitate
776 2424 960 2481 sonat,
989 2411 1084 2468 sed
1110 2410 1271 2465 etiam
1306 2422 1461 2462 casus
1497 2414 1729 2460 mutatus
1768 2412 1850 2457 est
1888 2420 1902 2456 :
1940 2407 2084 2457 esset

506 2509 649 2563 enim
680 2508 937 2576 integrum
966 2512 1021 2560 et
1046 2502 1318 2566 usitatum,
1346 2496 1599 2553 Innocens
1623 2505 1725 2551 esto
1750 2495 1811 2548 ab
1837 2495 1930 2548 hac
1952 2509 2084 2564 aqua

506 2599 812 2673 argutionis,
840 2613 953 2668 qua
980 2594 1330 2657 maledicitur;
1367 2598 1490 2658 aut,
1533 2589 1597 2643 ab
1634 2604 1766 2659 aqua
1806 2586 2084 2658 argutionis

507 2692 622 2756 hac,
652 2705 765 2760 qua:
787 2688 1121 2742 maledicitur.

580 2780 678 2853 [lb.
704 2776 818 2850 27.]
846 2777 912 2830 Et
939 2776 1199 2846 inﬂabitur
1222 2784 1469 2835 ventrem;
1496 2785 1622 2840 pro,
1651 2767 1917 2823 inﬂabitur
1953 2781 2082 2819 ven-

510 2879 591 2925 tre
618 2887 631 2923 :
662 2868 778 2923 haec
819 2867 1011 2921 locutio
1043 2874 1099 2920 et
1122 2864 1260 2934 apud
1291 2864 1481 2916 latinos
1506 2868 1748 2914 auctores
1779 2857 2085 2927 frequenta-

510 2969 625 3025 tur;
652 2957 746 3012 sed
770 2958 1084 3026 interpretes
1112 2954 1279 3008 nostri
1310 2954 1399 3022 qui
1428 2965 1546 3006 eam
1578 2946 1864 3003 transferre
1899 2947 2084 3001 nolue-

509 3057 651 3111 runt,
680 3047 947 3113 dixerunt,
978 3044 1045 3100 Et
1068 3044 1328 3115 inﬂabitur
1351 3050 1519 3096 uenter
1544 3040 1673 3110 ejus.

582 3137 680 3210 [lb.
707 3153 792 3204 γι,
819 3134 899 3208 2.]
933 3134 1024 3188 Vir
1058 3135 1134 3189 vel
1174 3134 1354 3187 mulier
1377 3131 1677 3203 quicumque
1700 3141 1878 3197 magne
1904 3125 2088 3180 nouerit

512 3237 680 3282 votum
706 3242 726 3281 :
752 3242 855 3280 non
882 3225 1031 3291 dixit,
1056 3238 1421 3294 quaecumque.

588 3318 686 3391 [lb.
710 3317 789 3390 9.]
819 3317 885 3372 Et
906 3318 1110 3371 radetur
1130 3324 1282 3382 caput
1305 3331 1471 3382 suum,
1494 3313 1611 3369 talis
1634 3313 1831 3369 locutio
1857 3318 1939 3367 est
1963 3324 2093 3381 qua-

513 3410 578 3465 lis
605 3411 869 3479 superius,
900 3407 1158 3479 inﬂabitur
1184 3416 1420 3461 ventrem.

588 3499 688 3571 [11).
722 3515 829 3563 vn,
859 3496 937 3569 3.]
977 3497 1083 3552 Sex
1119 3494 1345 3550 vehicula
1369 3503 1495 3547 tecta
1533 3502 1580 3548 et
1622 3492 1885 3547 duodecim
1923 3492 2088 3559 boues,

516 3590 797 3644 vehiculum
825 3605 857 3643 a
882 3588 1073 3643 duobus
1100 3586 1406 3658 principibus
1427 3627 1441 3652 ,
1470 3594 1517 3638 et
1550 3585 1761 3639 vitulum
1786 3601 1817 3636 a
1843 3584 2055 3654 singulis
2073 3598 2093 3639 :

519 3680 575 3734 in
602 3679 702 3734 bac
728 3677 994 3732 locutione
1027 3675 1313 3730 notandum
1342 3674 1519 3743 putavi
1549 3672 1763 3727 eosdem
1801 3672 1971 3726 dictos
2010 3672 2091 3725 vis

521 3772 659 3825 tulos
683 3785 816 3839 quos
842 3768 1010 3824 boves
1032 3767 1264 3833 dixerat;
1294 3765 1387 3820 sed
1413 3764 1513 3820 hoc
1533 3766 1688 3819 etiam
1708 3779 1937 3834 grmcum
1960 3763 2095 3817 idio-

522 3875 608 3915 ma
635 3874 754 3915 esse
782 3857 1108 3929 perhibetur.

594 3948 694 4021 [lb.
734 3944 847 4021 11.]
878 3946 1123 4015 Princeps
1162 3960 1295 3999 unus
1314 3943 1567 4013 quotidie,
1607 3942 1837 4014 princeps
1877 3939 2096 4010 quotidie

522 4039 729 4107 offerent
769 4040 901 4092 dona
928 4054 1019 4092 sua
1047 4052 1066 4091 :
1094 4051 1189 4108 pro
1217 4051 1281 4090 eo
1308 4045 1365 4089 ut
1392 4035 1623 4101 diceret,
1650 4033 1873 4103 singulis
1909 4031 2096 4086 diebus

522 4132 715 4200 singuli
746 4131 1028 4200 principes.
1744 4126 1751 4135 '

598 4218 695 4293 [lb.
727 4216 837 4291 15.]
872 4216 1094 4271 Vitulum
1110 4232 1262 4270 unum
1290 4230 1382 4287 pro
1409 4212 1594 4281 bobus,
1624 4221 1670 4267 et
1700 4211 1893 4265 hircum
1920 4226 1981 4264 ex
2006 4226 2095 4263 ca-

524 4310 631 4381 pris
667 4324 843 4362 unum.

599 4400 697 4473 [lb.
738 4413 861 4464 vm,
894 4394 1005 4468 19.]
1047 4395 1112 4449 Et
1148 4411 1250 4448 non
1272 4394 1363 4448 erit
1406 4394 1459 4447 in
1496 4392 1615 4461 [iliis
1656 4389 1820 4444 Israel
1860 4388 2098 4443 accedens

527 4494 749 4563 filiorum
778 4490 943 4546 Israel
982 4490 1049 4543 ad
1076 4498 1249 4543 sancta
1277 4502 1296 4542 :
1323 4486 1531 4540 videtur
1566 4484 1799 4554 potuisse
1831 4480 2096 4549 sufficere,

528 4584 595 4637 Et
621 4600 717 4636 non
740 4584 831 4637 erit
854 4583 906 4635 in
926 4582 1048 4649 ﬁliis
1070 4579 1231 4633 Israet
1253 4574 1489 4632 accedens
1509 4574 1575 4627 ad
1594 4582 1766 4628 sancta
1782 4588 1802 4639 ;
1821 4580 1911 4626 aut
1929 4580 2096 4638 certe,

527 4688 629 4726 non
654 4672 743 4725 erit
773 4671 994 4738 ﬁliorum
1019 4668 1183 4723 Israel
1206 4666 1442 4721 accedens
1466 4666 1536 4717 ad
1562 4673 1755 4718 sancta.

603 4758 700 4830 [lb.
857 4758 921 4811 Et
950 4759 1066 4829 fecit
1093 4756 1294 4827 Moyses
1320 4765 1366 4808 et
1388 4754 1558 4808 Aaron
1586 4762 1631 4808 et
1660 4752 1820 4806 omnis
1845 4767 2102 4822 synagoga

525 4852 753 4923 ﬁliorum
776 4848 940 4903 Israel
965 4848 1147 4901 Levitis
1169 4844 1439 4900 secundum
1463 4860 1574 4913 qua:
1598 4842 1830 4913 praecepit
1858 4840 2102 4895 Dominus

533 4942 701 5012 Moysi
727 4940 789 4995 de
811 4938 1031 5003 Levitis;
1055 4939 1127 4992 ita
1143 4938 1372 5009 fecerunt
1401 4936 1471 4990 eis
1497 4934 1590 5004 ﬁlii
1618 4932 1801 4987 Israel.

601 5032 699 5107 [lb.
729 5048 808 5099 ιιι,
840 5028 950 5103 15.]
975 5029 1042 5084 Et
1065 5029 1234 5096 homo,
1261 5028 1408 5081 homo
1430 5027 1725 5098 quicumque
1749 5020 1964 5074 mundus
1987 5024 2102 5091 fue-

528 5125 629 5190 rit,
672 5132 718 5177 et
745 5124 797 5176 in
825 5122 955 5176 viam
984 5120 1304 5191 longinquam
1332 5135 1433 5171 non
1461 5125 1532 5170 est
1550 5156 1566 5181 ,
1607 5125 1653 5169 et
1693 5112 1905 5183 defuerit
1942 5113 2106 5182 facere

529 5216 719 5284 pascha
737 5255 755 5280 ,
786 5211 1185 5268 exterminabitur
1210 5210 1380 5262 anima
1406 5208 1497 5261 illa
1526 5206 1587 5259 de
1609 5203 1798 5276 populo
1827 5217 1917 5254 suo
1941 5216 1959 5253 :
1978 5214 2104 5269 ergo

530 5260 755 5284 r"""-"r
787 5260 1170 5268 νντ-ν---π--π-ηω
1318 5260 1341 5261 η
1452 5260 1455 5261 ν
1609 5260 1621 5276 .
1678 5260 1689 5274 .
2036 5260 2065 5269 ν

530 5309 710 5373 homo,
740 5307 922 5373 homo,
960 5304 1157 5359 locutio
1184 5308 1298 5367 est,
1328 5314 1391 5354 ac
1427 5300 1471 5354 si
1507 5298 1743 5364 diceret,
1785 5293 2104 5364 quicumque
2187 5260 2197 5323 Ῐ

528 5396 691 5453 homo
711 5438 727 5465 ,
756 5396 847 5451 ille
876 5394 957 5450 vel
983 5393 1087 5448 ille.

604 5487 705 5562 [11).
736 5485 846 5559 17.]
874 5486 1080 5541 Etcum
1107 5481 1407 5539 ascendisset
1426 5480 1577 5535 nubes
1612 5495 1645 5532 a
1681 5478 2028 5544 tabernaculo,
2059 5486 2107 5533 et

534 5589 709 5652 postea
745 5577 1094 5652 promovebant
1131 5573 1239 5646 filii
1254 5572 1418 5629 Israel
1443 5586 1463 5626 :
1488 5579 1694 5642 poterat
1726 5568 1935 5640 plenum
1965 5584 2102 5634 esse,

532 5669 602 5725 Et
642 5687 756 5725 cum
797 5668 1095 5724 ascendisset
1123 5665 1276 5721 nubes
1302 5680 1335 5718 a
1361 5660 1716 5729 tabernaculo,
1758 5658 2108 5730 promovebant

528 5764 627 5830 ﬁlii
653 5762 833 5816 Israel.

2237 674 2335 748 [lb.
2367 670 2479 745 17.]
2510 671 2574 725 Et
2605 671 3072 743 promovebant/iiii
3102 670 3293 725 Gerson
3320 680 3368 726 et
3394 673 3490 742 ﬁlii
3520 672 3713 729 Μετσί
3741 689 3757 729 τ

2167 768 2327 821 futuri
2356 764 2609 834 temporis
2634 762 2852 817 verbum
2881 761 3071 832 posuit,
3100 778 3221 817 cum
3246 779 3359 818 rem
3382 774 3585 834 gestam
3613 780 3756 835 pra).

2168 858 2377 914 tcritam
2403 864 2617 921 narret,
2646 854 2780 908 sicut
2809 854 2860 907 in
2888 854 3250 923 superioribus
3274 870 3395 909 cum
3421 855 3489 909 de
3512 855 3651 911 nube
3676 857 3760 911 lo-

2168 958 2439 1020 queretur,
2463 945 2529 1001 ad
2549 946 2698 1015 cujus
2719 953 2921 1000 motum
2943 945 3025 1001 vel
3047 946 3332 1001 stationem
3351 956 3521 1001 castra
3542 961 3760 1017 promu-

2169 1039 2363 1093 vcbant
2388 1038 2471 1092 vel
2492 1036 2859 1110 consistebant
2888 1034 3081 1106 (Exod.
3112 1052 3209 1101 xu,
3232 1036 3323 1103 21,
3344 1034 3436 1107 22)
3455 1078 3470 1102 ,
3504 1046 3664 1106 atque
3687 1038 3761 1091 ita

2171 1129 2422 1197 deinceps
2449 1128 2501 1181 in
2526 1127 2758 1197 plurium
2785 1126 3205 1196 promotionibus
3236 1127 3339 1181 hoc
3372 1126 3533 1181 verbo
3571 1128 3757 1180 utitur.

2244 1219 2340 1293 [lb.
2356 1218 2548 1292 29.]Et
2568 1219 2696 1273 dixit
2717 1217 2919 1289 Moyses
2942 1218 3100 1273 Obetlt
3119 1218 3224 1288 ﬁlio
3246 1216 3442 1289 Raguel
3458 1216 3764 1272 Madianittc

2173 1330 2355 1387 genero
2384 1313 2549 1384 Moysi
2574 1328 2593 1367 :
2618 1328 2724 1367 non
2751 1313 2843 1379 ait,
2872 1328 3071 1384 genero
3096 1328 3214 1369 suo.

2248 1404 2344 1477 [lb.
2370 1403 2482 1475 30.]
2517 1403 2579 1456 Et
2612 1404 2739 1458 dixit
2781 1405 2848 1457 ad
2868 1420 2998 1465 eum,
3040 1402 3162 1456 Non
3199 1403 3310 1470 ibo,
3346 1402 3435 1457 sed
3472 1402 3539 1456 ad
3572 1411 3763 1457 terram

2177 1515 2338 1552 meum
2367 1506 2412 1551 et
2440 1497 2507 1549 ad
2533 1496 2821 1568 progeniem
2842 1512 3003 1549 meam
3030 1511 3049 1550 :
3075 1496 3406 1561 subauditur,
3438 1495 3545 1549 ibo.

2249 1587 2348 1661 [lb.
2378 1603 2458 1654 ιι,
2480 1585 2560 1659 4.]
2594 1586 2659 1640 Et
2688 1587 3000 1656 promiscuus
3023 1586 3109 1656 qui
3134 1596 3238 1639 erat
3263 1587 3317 1639 in
3340 1586 3431 1652 eis,
3453 1585 3760 1654 concupive-

2179 1686 2296 1732 runt
2324 1675 2778 1745 concupiscentiam
2809 1690 2828 1729 :
2854 1675 3175 1745 singularem
3204 1678 3378 1744 posuit
3416 1690 3513 1744 pro
3549 1676 3766 1745 plurali,

2183 1775 2239 1822 ut
2264 1766 2574 1836 promiscuus
2600 1765 2837 1831 diceret,
2866 1780 2971 1819 non
3000 1764 3315 1835 promiscui;
3347 1774 3402 1819 et
3436 1774 3610 1819 tamen
3637 1766 3768 1836 plu-

2182 1859 2349 1913 ralem
2375 1857 2625 1921 reddidit,
2656 1871 2778 1911 cum
2806 1858 2899 1922 ait,
2931 1857 3340 1926 concupiverunt.

2254 1946 2353 2022 [11),
2383 1944 2459 2020 6.]
2489 1945 2641 2000 Nunc
2666 1954 2834 1999 autem
2857 1946 3028 1999 anima
3052 1955 3221 2001 nostra
3244 1946 3409 2010 arida,
3438 1946 3565 2000 nihil
3582 1957 3768 2016 praeter

2182 2039 2237 2093 in
2261 2054 2445 2093 manna
2468 2038 2598 2092 oculi
2625 2037 2780 2091 nostri
2808 2051 2827 2091 :
2850 2036 3046 2092 desunt
3070 2036 3251 2101 verba,
3282 2045 3364 2092 est
3389 2044 3442 2091 et
3466 2045 3622 2101 sunt;
3650 2039 3765 2105 ple-

2184 2144 2309 2183 num
2339 2128 2532 2198 quippe
2557 2135 2717 2193 esset,
2754 2126 2944 2180 Anima
2972 2137 3152 2180 nostra
3176 2126 3323 2180 arida
3348 2133 3450 2191 est,
3478 2126 3603 2180 nihil
3629 2142 3768 2196 pm

2187 2229 2269 2276 ter
2297 2220 2351 2274 in
2380 2233 2570 2274 manna
2598 2226 2719 2272 sunt
2755 2218 2896 2273 oculi
2933 2218 3099 2272 nostri
3141 2234 3156 2271 :
3196 2233 3316 2273 nam
3356 2217 3566 2287 quidam
3605 2218 3769 2271 inter-

2186 2319 2365 2381 pretes
2394 2309 2462 2363 ita
2492 2308 2891 2373 transtulerunt,
2914 2316 2968 2362 et
2986 2306 3303 2363 addiderunt
3328 2308 3487 2363 verba
3515 2322 3634 2377 qua:
3658 2322 3768 2362 non

2185 2410 2311 2457 sunt
2338 2401 2387 2455 in
2418 2415 2608 2471 graeco.

2260 2490 2358 2564 [lb.
2392 2487 2470 2562 8.]
2503 2489 2567 2542 Et
2597 2487 2844 2543 malebant
2869 2487 2998 2541 illud
3024 2487 3075 2541 in
3105 2488 3258 2541 mola.

2258 2580 2473 2654 [lb.21.]
2498 2581 2744 2635 Sexcenta
2766 2580 2924 2633 millia
2944 2580 3185 2650 peditum,
3208 2579 3257 2633 in
3279 2579 3453 2648 quibus
3470 2596 3581 2634 sum
3598 2579 3651 2632 in
3671 2579 3765 2634 eis.

2259 2671 2358 2745 [lb.
2380 2669 2493 2743 25.]
2512 2670 2580 2723 Et
2604 2669 2808 2724 abstulit
2836 2670 2897 2723 de
2922 2669 3102 2738 spiritu
3124 2672 3209 2740 qui
3234 2686 3387 2737 super
3409 2669 3573 2738 ipsum
3596 2685 3613 2723 :
3638 2669 3769 2723 sub-

2186 2763 2417 2827 auditur,
2444 2772 2526 2814 aut
2557 2770 2690 2827 erat,
2716 2769 2809 2813 aut
2832 2760 2949 2814 erit.
2982 2759 3084 2815 Sed
3114 2760 3248 2813 hanc
3269 2761 3617 2826 locutionem,
3640 2775 3762 2830 qua:

2187 2851 2377 2906 dicitur
2421 2851 2655 2920 ellipsis,
2699 2865 2873 2920 grmco
2914 2849 3127 2919 eloquio
3181 2850 3768 2916 familiarissimam,ct,

2187 2950 2439 3012 quantum
2489 2949 2650 3009 puto,
2705 2941 2864 2995 etiam
2912 2939 3160 3006 hebrmo,
3219 2940 3412 2994 latinos
3455 2940 3771 3009 interpretes

2190 3031 2475 3085 transferre
2502 3031 2682 3101 piguit,
2707 3045 2823 3083 cum
2853 3036 2907 3084 et
2932 3030 2982 3082 in
3005 3029 3167 3083 latina
3192 3028 3366 3099 lingua
3389 3028 3766 3099 frequentetur,

2191 3122 2434 3193 quamvis
2462 3122 2637 3175 minus
2662 3136 2818 3191 quam
2851 3121 2901 3173 in
2927 3135 3118 3189 graeca.

2263 3209 2359 3284 [lb.
2380 3208 2494 3283 53.]
2514 3211 2576 3263 Et
2600 3210 2842 3280 percussit
2860 3209 3105 3263 Dominus
3124 3208 3324 3279 plagam
3341 3224 3572 3278 magnam
3590 3208 3737 3262 valde
3751 3225 3771 3263 :

2192 3301 2422 3356 notanda
2455 3300 2550 3354 fuit
2573 3298 2789 3364 locutio,
2824 3299 3065 3369 percussit
3091 3296 3329 3370 plagam;
3358 3314 3482 3363 noni,
3514 3308 3774 3367 percussit

2195 3392 2364 3462 plaga,
2394 3390 2532 3459 quod
2563 3399 2644 3445 est
2669 3390 2937 3444 usitatum.

2265 3479 2363 3554 [lb.
2389 3497 2481 3549 xu,
2508 3478 2588 3552 3.]
2613 3479 2677 3534 Et
2700 3480 2848 3534 homo
2870 3477 3067 3549 Moyses
3090 3478 3214 3532 lenis
3238 3477 3381 3532 valde
3403 3492 3423 3532 :
3443 3476 3772 3543 subauditur,

2194 3578 2328 3626 erat.

2267 3658 2365 3734 [lb.
2388 3657 2466 3731 9.]
2501 3658 2564 3713 Et
2591 3659 2668 3713 ira
2691 3658 3012 3713 animationis
3035 3656 3235 3711 Domini
3260 3675 3414 3730 super
3427 3675 3508 3712 eos
3537 3674 3556 3712 :
3580 3658 3777 3714 subau-

2194 3749 2356 3816 ditur,
2388 3748 2523 3803 facta
2554 3758 2655 3803 est.

2267 3837 2365 3911 [lb.
2383 3836 2494 3908 10.]
2527 3837 2592 3890 Et
2608 3853 2720 3891 ecce
2738 3837 2905 3891 Maria
2929 3838 3126 3909 leprosa
3154 3838 3281 3892 sicut
3308 3839 3397 3890 nix
3419 3854 3437 3890 :
3464 3846 3518 3891 et
3542 3836 3627 3892 hic
3650 3836 3778 3893 sub-

2198 3930 2427 3993 auditur,
2459 3927 2596 3980 facta
2622 3934 2723 3981 est.

2270 4018 2369 4092 [lb.
2393 4034 2508 4083 ιιι),
2537 4015 2652 4090 9.0.]
2679 4016 2745 4070 Et
2768 4033 2882 4088 qua
2909 4026 3061 4081 terra,
3090 4018 3143 4070 in
3166 4033 3266 4089 qua
3292 4018 3373 4070 isti
3400 4016 3780 4087 insident'supcr

2198 4124 2347 4173 eam;
2372 4120 2417 4162 et
2443 4124 2553 4178 qua:
2580 4110 2821 4175 civitates,
2850 4110 2902 4162 in
2927 4109 3102 4179 quibus
3126 4110 3207 4162 isti
3232 4108 3456 4161 habitant
3480 4109 3531 4161 in
3559 4109 3703 4178 ipsis.

2272 4198 2371 4271 [lb.
2396 4196 2512 4270 25.]
2540 4198 2729 4253 Locum
2770 4200 2935 4269 ipsum
2982 4215 3124 4267 quem
3172 4200 3547 4252 nominaverunt
3597 4199 3779 4252 vallem

2199 4290 2344 4345 Βοινὶ
2371 4291 2426 4357 ¹;
2467 4306 2586 4345 cum
2623 4292 2865 4360 superius
2905 4291 3156 4356 dixisset,
3211 4288 3458 4343 Venerunt
3503 4290 3554 4342 in
3598 4290 3780 4343 uallem

2201 4379 2344 4434 Botri
2371 4396 2386 4446 ;
2412 4379 2609 4433 dictum
2636 4388 2718 4434 est
2746 4394 2872 4449 ergo
2902 4395 2996 4448 per
3023 4379 3479 4448 anticipationem,
3521 4394 3625 4432 non
3656 4380 3778 4448 quia

2197 4472 2305 4541 jam
2334 4470 2435 4524 hoc
2461 4471 2746 4524 vocabatur
2770 4469 2980 4539 quando
3008 4478 3282 4536 venerunt,
3310 4469 3401 4523 sed
3426 4484 3547 4523 cum
3574 4469 3777 4524 scribe-

2203 4570 2348 4616 retur
2376 4560 2459 4613 hic
2485 4560 2638 4625 liber,
2664 4560 2773 4628 jam
2800 4560 3104 4613 vocabatur.

2276 4650 2374 4724 [lb.
2406 4648 2519 4723 32.]
2548 4648 2798 4714 Quoniam
2839 4650 3017 4720 fortior
3056 4648 3197 4702 nobis
3236 4657 3308 4702 est
3344 4648 3502 4718 magis
3534 4662 3555 4701 :
3587 4646 3780 4701 usitata

2203 4754 2345 4798 esset
2376 4742 2570 4795 locutio
2599 4740 2643 4795 si
2670 4755 2771 4793 non
2804 4740 3042 4805 haberet,
3070 4739 3250 4810 magis.

2278 4830 2375 4904 [lb.
2406 4828 2519 4903 33.]
2550 4829 2618 4883 Et
2636 4830 2946 4900 protulerunt
2974 4844 3207 4899 pavorem
3237 4836 3400 4893 terrm,
3426 4843 3579 4898 quam
3606 4826 3785 4897 explo-

2205 4930 2435 4973 raucrunt
2460 4936 2587 4972 eam.

2280 5010 2378 5084 [lb.
2571 5010 2777 5063 Terram
2795 5026 2947 5079 quam
2989 5010 3304 5063 transivimus
3344 5025 3454 5063 eam
3494 5008 3780 5077 explorare,

2207 5110 2341 5155 terra
2368 5100 2631 5154 comedens
2657 5102 2741 5172 qui
2774 5099 2997 5153 habitant
3038 5116 3186 5171 super
3221 5115 3329 5151 eam
3353 5108 3426 5153 est
3455 5114 3473 5151 :
3500 5097 3781 5152 dicendum

2207 5202 2383 5246 autem
2412 5189 2506 5243 fuit
2529 5191 2738 5255 usitate,
2773 5198 2911 5244 terra
2940 5204 3095 5259 quam
3125 5188 3462 5243 transivimus
3484 5188 3780 5257 explorare.

2280 5279 2381 5354 [lb.
2406 5296 2514 5345 xw,
2544 5278 2621 5354 7.]
2645 5279 2804 5335 Terra
2828 5298 2976 5351 quam
3003 5281 3368 5352 exploravimus
3395 5297 3524 5346 eam,
3556 5280 3685 5334 bona
3711 5288 3786 5333 est

2207 5371 2354 5426 ualde
2377 5370 2538 5425 valde.

2281 5462 2380 5535 [lb.
2408 5459 2521 5533 10.]
2551 5459 2617 5514 Et
2641 5463 2712 5513 ait
2740 5460 2901 5514 omnis
2928 5477 3182 5532 synagoga
3204 5460 3431 5531 lapidare
3461 5476 3544 5514 eos
3575 5460 3629 5513 in
3655 5459 3787 5527 lapi-

2209 5552 2355 5606 dibus
2378 5568 2398 5607 :
2414 5566 2521 5607 non
2540 5550 2737 5605 dictum
2758 5560 2858 5617 est,
2882 5552 3175 5621 lapidibus;
3198 5568 3318 5607 cum
3338 5552 3508 5623 ipsum
3530 5547 3782 5623 lapidare,

2210 5650 2388 5714 posset
2412 5640 2600 5695 usitata
2631 5639 2895 5694 locutione
2921 5640 3186 5698 sufficere.

3568 5688 3623 5697 o-

2274 5758 2291 5787 ι
2316 5762 2421 5804 Mss.
2442 5759 2734 5815 constanter,
2763 5751 2943 5805 Hormi.
