  <div class='ocr_page' id='page_1' title='image "/cluster/home/n/w/nwhite01/storage/ocr_20150623/34/hvd.32044015706310/268.png"; bbox 0 0 4094 6526; ppageno 0'>
   <div class='ocr_carea' id='block_1_1' title="bbox 326 392 429 450">
    <p class='ocr_par' dir='ltr' id='par_1_1' title="bbox 326 392 429 450">
     <span class='ocr_line' id='line_1_1' title="bbox 326 392 429 450; baseline 0 -1"><span class='ocrx_word' id='word_1_1' title='bbox 326 392 429 450; x_wconf 64' lang='lat'><strong><em>$25</em></strong></span> 
     </span>
    </p>
   </div>
   <div class='ocr_carea' id='block_1_2' title="bbox 396 491 1912 575">
    <p class='ocr_par' dir='ltr' id='par_1_2' title="bbox 396 491 1912 575">
     <span class='ocr_line' id='line_1_2' title="bbox 396 491 1912 575; baseline -0.005 -22"><span class='ocrx_word' id='word_1_2' title='bbox 396 501 497 575; x_wconf 75' lang='lat' dir='ltr'><strong><em>[lb.</em></strong></span> <span class='ocrx_word' id='word_1_3' title='bbox 522 492 638 573; x_wconf 65' lang='grc' dir='ltr'><strong><em>η]</em></strong></span> <span class='ocrx_word' id='word_1_4' title='bbox 672 498 737 552; x_wconf 86' lang='lat' dir='ltr'><strong><em>Et</em></strong></span> <span class='ocrx_word' id='word_1_5' title='bbox 769 511 1022 569; x_wconf 73' lang='lat' dir='ltr'><strong><em>quousque</em></strong></span> <span class='ocrx_word' id='word_1_6' title='bbox 1045 511 1147 550; x_wconf 90' lang='lat' dir='ltr'><strong><em>non</em></strong></span> <span class='ocrx_word' id='word_1_7' title='bbox 1185 501 1394 550; x_wconf 88' lang='lat' dir='ltr'><strong><em>creaunt</em></strong></span> <span class='ocrx_word' id='word_1_8' title='bbox 1432 492 1556 548; x_wconf 83' lang='lat' dir='ltr'><strong><em>mihi</em></strong></span> <span class='ocrx_word' id='word_1_9' title='bbox 1593 491 1646 547; x_wconf 89' lang='lat' dir='ltr'><strong><em>in</em></strong></span> <span class='ocrx_word' id='word_1_10' title='bbox 1683 491 1912 546; x_wconf 80' lang='lat' dir='ltr'><strong><em>omnibus</em></strong></span> 
     </span>
    </p>
   </div>
   <div class='ocr_carea' id='block_1_3' title="bbox 314 582 1908 663">
    <p class='ocr_par' dir='ltr' id='par_1_3' title="bbox 314 582 1908 663">
     <span class='ocr_line' id='line_1_3' title="bbox 314 582 1908 663; baseline -0.008 -17"><span class='ocrx_word' id='word_1_11' title='bbox 314 592 512 662; x_wconf 79' lang='lat' dir='ltr'><strong><em>signis,</em></strong></span> <span class='ocrx_word' id='word_1_12' title='bbox 542 591 722 663; x_wconf 80' lang='lat' dir='ltr'><strong><em>quibus</em></strong></span> <span class='ocrx_word' id='word_1_13' title='bbox 749 588 843 660; x_wconf 79' lang='lat' dir='ltr'><strong><em>feci</em></strong></span> <span class='ocrx_word' id='word_1_14' title='bbox 871 589 924 642; x_wconf 92' lang='lat' dir='ltr'><strong><em>in</em></strong></span> <span class='ocrx_word' id='word_1_15' title='bbox 949 586 1114 657; x_wconf 81' lang='lat' dir='ltr'><strong><em>ipsis?</em></strong></span> <span class='ocrx_word' id='word_1_16' title='bbox 1137 601 1241 640; x_wconf 92' lang='lat' dir='ltr'><strong><em>non</em></strong></span> <span class='ocrx_word' id='word_1_17' title='bbox 1267 585 1369 652; x_wconf 91' lang='lat' dir='ltr'><strong><em>ait,</em></strong></span> <span class='ocrx_word' id='word_1_18' title='bbox 1399 600 1517 654; x_wconf 80' lang='lat' dir='ltr'><strong><em>qua:</em></strong></span> <span class='ocrx_word' id='word_1_19' title='bbox 1544 582 1646 638; x_wconf 84' lang='lat' dir='ltr'><strong><em>feci</em></strong></span> <span class='ocrx_word' id='word_1_20' title='bbox 1680 583 1733 637; x_wconf 90' lang='lat' dir='ltr'><strong><em>in</em></strong></span> <span class='ocrx_word' id='word_1_21' title='bbox 1760 582 1908 651; x_wconf 84' lang='lat' dir='ltr'><strong><em>ipsis.</em></strong></span> 
     </span>
    </p>
   </div>
   <div class='ocr_carea' id='block_1_4' title="bbox 396 672 1914 755">
    <p class='ocr_par' dir='ltr' id='par_1_4' title="bbox 396 672 1914 755">
     <span class='ocr_line' id='line_1_4' title="bbox 396 672 1914 755; baseline -0.005 -21"><span class='ocrx_word' id='word_1_22' title='bbox 396 681 495 754; x_wconf 83' lang='grc'><strong>[11).</strong></span> <span class='ocrx_word' id='word_1_23' title='bbox 519 679 638 755; x_wconf 68' lang='lat'><strong><em>24.]</em></strong></span> <span class='ocrx_word' id='word_1_24' title='bbox 677 679 818 735; x_wconf 87' lang='lat' dir='ltr'><strong><em>Puer</em></strong></span> <span class='ocrx_word' id='word_1_25' title='bbox 841 688 1007 733; x_wconf 85' lang='lat' dir='ltr'><strong><em>autem</em></strong></span> <span class='ocrx_word' id='word_1_26' title='bbox 1031 695 1171 732; x_wconf 86' lang='lat' dir='ltr'><strong><em>meus</em></strong></span> <span class='ocrx_word' id='word_1_27' title='bbox 1197 675 1404 742; x_wconf 85' lang='lat' dir='ltr'><strong><em>Chaleb,</em></strong></span> <span class='ocrx_word' id='word_1_28' title='bbox 1434 675 1670 746; x_wconf 88' lang='lat' dir='ltr'><strong><em>quoniam</em></strong></span> <span class='ocrx_word' id='word_1_29' title='bbox 1706 672 1914 742; x_wconf 85' lang='lat' dir='ltr'><strong><em>spiritus</em></strong></span> 
     </span>
    </p>
   </div>
   <div class='ocr_carea' id='block_1_5' title="bbox 316 762 1915 837">
    <p class='ocr_par' dir='ltr' id='par_1_5' title="bbox 316 762 1915 837">
     <span class='ocr_line' id='line_1_5' title="bbox 316 762 1915 837; baseline -0.007 -13"><span class='ocrx_word' id='word_1_30' title='bbox 316 772 458 826; x_wconf 74' lang='lat' dir='ltr'><strong><em>alius</em></strong></span> <span class='ocrx_word' id='word_1_31' title='bbox 485 772 539 825; x_wconf 88' lang='lat' dir='ltr'><strong><em>in</em></strong></span> <span class='ocrx_word' id='word_1_32' title='bbox 562 787 643 837; x_wconf 89' lang='lat' dir='ltr'><strong><em>eo,</em></strong></span> <span class='ocrx_word' id='word_1_33' title='bbox 670 780 717 826; x_wconf 89' lang='lat' dir='ltr'><strong><em>et</em></strong></span> <span class='ocrx_word' id='word_1_34' title='bbox 744 778 1000 825; x_wconf 90' lang='lat' dir='ltr'><strong><em>assecutus</em></strong></span> <span class='ocrx_word' id='word_1_35' title='bbox 1026 778 1099 823; x_wconf 88' lang='lat' dir='ltr'><strong><em>est</em></strong></span> <span class='ocrx_word' id='word_1_36' title='bbox 1126 784 1237 834; x_wconf 88' lang='lat' dir='ltr'><strong><em>me,</em></strong></span> <span class='ocrx_word' id='word_1_37' title='bbox 1265 778 1310 821; x_wconf 89' lang='lat' dir='ltr'><strong><em>et</em></strong></span> <span class='ocrx_word' id='word_1_38' title='bbox 1334 766 1571 820; x_wconf 75' lang='lat' dir='ltr'><strong><em>inducam</em></strong></span> <span class='ocrx_word' id='word_1_39' title='bbox 1596 779 1711 819; x_wconf 81' lang='lat' dir='ltr'><strong><em>eum</em></strong></span> <span class='ocrx_word' id='word_1_40' title='bbox 1734 762 1787 816; x_wconf 90' lang='lat' dir='ltr'><strong><em>in</em></strong></span> <span class='ocrx_word' id='word_1_41' title='bbox 1814 772 1915 815; x_wconf 85' lang='lat' dir='ltr'><strong><em>ter-</em></strong></span> 
     </span>
    </p>
   </div>
   <div class='ocr_carea' id='block_1_6' title="bbox 316 858 1581 927">
    <p class='ocr_par' dir='ltr' id='par_1_6' title="bbox 316 858 1581 927">
     <span class='ocr_line' id='line_1_6' title="bbox 316 858 1581 927; baseline -0.006 -11"><span class='ocrx_word' id='word_1_42' title='bbox 316 881 438 917; x_wconf 79' lang='lat' dir='ltr'><strong><em>ram</em></strong></span> <span class='ocrx_word' id='word_1_43' title='bbox 461 878 481 918; x_wconf 92' lang='lat'><strong><em>:</em></strong></span> <span class='ocrx_word' id='word_1_44' title='bbox 507 865 766 918; x_wconf 89' lang='lat' dir='ltr'><strong><em>usitatum</em></strong></span> <span class='ocrx_word' id='word_1_45' title='bbox 798 868 943 917; x_wconf 88' lang='lat' dir='ltr'><strong><em>esset</em></strong></span> <span class='ocrx_word' id='word_1_46' title='bbox 966 902 982 927; x_wconf 92' lang='lat'><strong><em>,</em></strong></span> <span class='ocrx_word' id='word_1_47' title='bbox 1010 860 1055 915; x_wconf 88' lang='lat' dir='ltr'><strong><em>si</em></strong></span> <span class='ocrx_word' id='word_1_48' title='bbox 1082 875 1186 913; x_wconf 90' lang='lat' dir='ltr'><strong><em>non</em></strong></span> <span class='ocrx_word' id='word_1_49' title='bbox 1216 858 1434 912; x_wconf 84' lang='lat' dir='ltr'><strong><em>haberet</em></strong></span> <span class='ocrx_word' id='word_1_50' title='bbox 1457 897 1473 922; x_wconf 94' lang='lat'><strong><em>,</em></strong></span> <span class='ocrx_word' id='word_1_51' title='bbox 1514 865 1581 910; x_wconf 91' lang='lat' dir='ltr'><strong><em>et.</em></strong></span> 
     </span>
    </p>
   </div>
   <div class='ocr_carea' id='block_1_7' title="bbox 400 943 1917 1026">
    <p class='ocr_par' dir='ltr' id='par_1_7' title="bbox 400 943 1917 1026">
     <span class='ocr_line' id='line_1_7' title="bbox 400 943 1917 1026; baseline -0.007 -21"><span class='ocrx_word' id='word_1_52' title='bbox 400 953 500 1026; x_wconf 90' lang='lat' dir='ltr'><strong><em>[lb.</em></strong></span> <span class='ocrx_word' id='word_1_53' title='bbox 526 951 642 1026; x_wconf 62' lang='lat'><strong><em>24.]</em></strong></span> <span class='ocrx_word' id='word_1_54' title='bbox 663 952 732 1007; x_wconf 81' lang='lat' dir='ltr'><strong><em>Et</em></strong></span> <span class='ocrx_word' id='word_1_55' title='bbox 758 953 993 1007; x_wconf 79' lang='lat' dir='ltr'><strong><em>inducam</em></strong></span> <span class='ocrx_word' id='word_1_56' title='bbox 1012 966 1123 1022; x_wconf 87' lang='lat' dir='ltr'><strong><em>eum</em></strong></span> <span class='ocrx_word' id='word_1_57' title='bbox 1146 950 1199 1003; x_wconf 89' lang='lat' dir='ltr'><strong><em>in</em></strong></span> <span class='ocrx_word' id='word_1_58' title='bbox 1229 959 1431 1011; x_wconf 88' lang='lat' dir='ltr'><strong><em>terram,</em></strong></span> <span class='ocrx_word' id='word_1_59' title='bbox 1455 946 1510 1000; x_wconf 89' lang='lat' dir='ltr'><strong><em>in</em></strong></span> <span class='ocrx_word' id='word_1_60' title='bbox 1537 961 1687 1016; x_wconf 89' lang='lat' dir='ltr'><strong><em>quam</em></strong></span> <span class='ocrx_word' id='word_1_61' title='bbox 1714 943 1917 996; x_wconf 78' lang='lat' dir='ltr'><strong><em>intravit</em></strong></span> 
     </span>
    </p>
   </div>
   <div class='ocr_carea' id='block_1_8' title="bbox 318 1036 1841 1110">
    <p class='ocr_par' dir='ltr' id='par_1_8' title="bbox 318 1036 1841 1110">
     <span class='ocr_line' id='line_1_8' title="bbox 318 1036 1841 1110; baseline -0.009 -11"><span class='ocrx_word' id='word_1_62' title='bbox 318 1047 453 1100; x_wconf 81' lang='lat' dir='ltr'><strong><em>illuc</em></strong></span> <span class='ocrx_word' id='word_1_63' title='bbox 475 1062 496 1100; x_wconf 93' lang='lat'><em>:</em></span> <span class='ocrx_word' id='word_1_64' title='bbox 518 1046 791 1101; x_wconf 79' lang='lat' dir='ltr'><strong><em>sufﬁceret</em></strong></span> <span class='ocrx_word' id='word_1_65' title='bbox 815 1039 1007 1099; x_wconf 84' lang='lat' dir='ltr'><strong><em>usitata</em></strong></span> <span class='ocrx_word' id='word_1_66' title='bbox 1037 1042 1304 1098; x_wconf 89' lang='lat' dir='ltr'><strong><em>locutione</em></strong></span> <span class='ocrx_word' id='word_1_67' title='bbox 1321 1080 1339 1107; x_wconf 93' lang='lat'><strong><em>,</em></strong></span> <span class='ocrx_word' id='word_1_68' title='bbox 1364 1041 1417 1093; x_wconf 90' lang='lat' dir='ltr'><strong><em>in</em></strong></span> <span class='ocrx_word' id='word_1_69' title='bbox 1441 1054 1591 1110; x_wconf 80' lang='lat' dir='ltr'><strong><em>quam</em></strong></span> <span class='ocrx_word' id='word_1_70' title='bbox 1616 1036 1841 1090; x_wconf 80' lang='lat' dir='ltr'><strong><em>intravit.</em></strong></span> 
     </span>
    </p>
   </div>
   <div class='ocr_carea' id='block_1_9' title="bbox 413 1127 1921 1214">
    <p class='ocr_par' dir='ltr' id='par_1_9' title="bbox 413 1127 1921 1214">
     <span class='ocr_line' id='line_1_9' title="bbox 413 1127 1921 1214; baseline -0.01 -19"><span class='ocrx_word' id='word_1_71' title='bbox 413 1136 643 1214; x_wconf 73' lang='lat' dir='ltr'><strong><em>[lb.26.]</em></strong></span> <span class='ocrx_word' id='word_1_72' title='bbox 675 1137 738 1191; x_wconf 87' lang='lat' dir='ltr'><strong><em>Et</em></strong></span> <span class='ocrx_word' id='word_1_73' title='bbox 760 1137 832 1191; x_wconf 90' lang='lat' dir='ltr'><strong><em>ait</em></strong></span> <span class='ocrx_word' id='word_1_74' title='bbox 850 1134 1094 1190; x_wconf 75' lang='lat' dir='ltr'><strong><em>Dominus</em></strong></span> <span class='ocrx_word' id='word_1_75' title='bbox 1119 1133 1186 1187; x_wconf 89' lang='lat' dir='ltr'><strong><em>ad</em></strong></span> <span class='ocrx_word' id='word_1_76' title='bbox 1210 1131 1422 1204; x_wconf 72' lang='lat' dir='ltr'><strong><em>Moysen</em></strong></span> <span class='ocrx_word' id='word_1_77' title='bbox 1442 1140 1487 1185; x_wconf 84' lang='lat' dir='ltr'><strong><em>et</em></strong></span> <span class='ocrx_word' id='word_1_78' title='bbox 1508 1130 1697 1196; x_wconf 80' lang='lat' dir='ltr'><strong><em>Aaron,</em></strong></span> <span class='ocrx_word' id='word_1_79' title='bbox 1715 1127 1921 1181; x_wconf 84' lang='lat' dir='ltr'><strong><em>dicens:</em></strong></span> 
     </span>
    </p>
   </div>
   <div class='ocr_carea' id='block_1_10' title="bbox 326 1219 1918 1293">
    <p class='ocr_par' dir='ltr' id='par_1_10' title="bbox 326 1219 1918 1293">
     <span class='ocr_line' id='line_1_10' title="bbox 326 1219 1918 1293; baseline -0.014 -3"><span class='ocrx_word' id='word_1_80' title='bbox 326 1236 437 1290; x_wconf 73' lang='lat' dir='ltr'><strong><em>hoc</em></strong></span> <span class='ocrx_word' id='word_1_81' title='bbox 464 1233 666 1286; x_wconf 84' lang='lat' dir='ltr'><strong><em>illatum</em></strong></span> <span class='ocrx_word' id='word_1_82' title='bbox 688 1236 789 1293; x_wconf 80' lang='lat' dir='ltr'><strong><em>est,</em></strong></span> <span class='ocrx_word' id='word_1_83' title='bbox 823 1241 946 1281; x_wconf 86' lang='lat' dir='ltr'><strong><em>cum</em></strong></span> <span class='ocrx_word' id='word_1_84' title='bbox 969 1223 1220 1279; x_wconf 81' lang='lat' dir='ltr'><strong><em>Dominus</em></strong></span> <span class='ocrx_word' id='word_1_85' title='bbox 1247 1230 1300 1276; x_wconf 87' lang='lat' dir='ltr'><strong><em>et</em></strong></span> <span class='ocrx_word' id='word_1_86' title='bbox 1327 1221 1570 1291; x_wconf 84' lang='lat' dir='ltr'><strong><em>superius</em></strong></span> <span class='ocrx_word' id='word_1_87' title='bbox 1594 1219 1918 1288; x_wconf 79' lang='lat' dir='ltr'><strong><em>loqueretur.</em></strong></span> 
     </span>
    </p>
   </div>
   <div class='ocr_carea' id='block_1_11' title="bbox 324 1308 1925 1390">
    <p class='ocr_par' dir='ltr' id='par_1_11' title="bbox 324 1308 1925 1390">
     <span class='ocr_line' id='line_1_11' title="bbox 324 1308 1925 1390; baseline -0.012 -10"><span class='ocrx_word' id='word_1_88' title='bbox 324 1325 485 1381; x_wconf 80' lang='lat' dir='ltr'><strong><em>Facit</em></strong></span> <span class='ocrx_word' id='word_1_89' title='bbox 508 1323 613 1377; x_wconf 86' lang='lat' dir='ltr'><strong><em>hoc</em></strong></span> <span class='ocrx_word' id='word_1_90' title='bbox 639 1334 781 1390; x_wconf 65' lang='lat' dir='ltr'><strong><em>saepe</em></strong></span> <span class='ocrx_word' id='word_1_91' title='bbox 810 1318 1082 1389; x_wconf 79' lang='lat' dir='ltr'><strong><em>Scriptura</em></strong></span> <span class='ocrx_word' id='word_1_92' title='bbox 1101 1357 1115 1381; x_wconf 94' lang='lat'><strong><em>,</em></strong></span> <span class='ocrx_word' id='word_1_93' title='bbox 1142 1330 1264 1370; x_wconf 91' lang='lat' dir='ltr'><strong><em>cum</em></strong></span> <span class='ocrx_word' id='word_1_94' title='bbox 1302 1313 1497 1383; x_wconf 89' lang='lat' dir='ltr'><strong><em>aliquid</em></strong></span> <span class='ocrx_word' id='word_1_95' title='bbox 1534 1310 1676 1367; x_wconf 84' lang='lat' dir='ltr'><strong>aliud</strong></span> <span class='ocrx_word' id='word_1_96' title='bbox 1709 1310 1817 1363; x_wconf 82' lang='lat' dir='ltr'><strong><em>vult</em></strong></span> <span class='ocrx_word' id='word_1_97' title='bbox 1844 1308 1925 1362; x_wconf 85' lang='lat' dir='ltr'><strong><em>di-</em></strong></span> 
     </span>
    </p>
   </div>
   <div class='ocr_carea' id='block_1_12' title="bbox 322 1398 1919 1477">
    <p class='ocr_par' dir='ltr' id='par_1_12' title="bbox 322 1398 1919 1477">
     <span class='ocr_line' id='line_1_12' title="bbox 322 1398 1919 1477; baseline -0.013 -7"><span class='ocrx_word' id='word_1_98' title='bbox 322 1430 479 1477; x_wconf 84' lang='lat' dir='ltr'><strong><em>cere,</em></strong></span> <span class='ocrx_word' id='word_1_99' title='bbox 510 1412 704 1466; x_wconf 83' lang='lat' dir='ltr'><strong><em>iterum</em></strong></span> <span class='ocrx_word' id='word_1_100' title='bbox 734 1407 936 1462; x_wconf 83' lang='lat' dir='ltr'><strong><em>inducit</em></strong></span> <span class='ocrx_word' id='word_1_101' title='bbox 965 1406 1265 1475; x_wconf 84' lang='lat' dir='ltr'><strong><em>loquentem</em></strong></span> <span class='ocrx_word' id='word_1_102' title='bbox 1283 1445 1297 1467; x_wconf 94' lang='lat'><strong><em>,</em></strong></span> <span class='ocrx_word' id='word_1_103' title='bbox 1325 1404 1415 1473; x_wconf 90' lang='lat' dir='ltr'><strong><em>qui</em></strong></span> <span class='ocrx_word' id='word_1_104' title='bbox 1449 1401 1561 1471; x_wconf 87' lang='lat' dir='ltr'><strong><em>jam</em></strong></span> <span class='ocrx_word' id='word_1_105' title='bbox 1587 1398 1919 1469; x_wconf 73' lang='lat' dir='ltr'><strong><em>loquebatur.</em></strong></span> 
     </span>
    </p>
   </div>
   <div class='ocr_carea' id='block_1_13' title="bbox 406 1489 1920 1576">
    <p class='ocr_par' dir='ltr' id='par_1_13' title="bbox 406 1489 1920 1576">
     <span class='ocr_line' id='line_1_13' title="bbox 406 1489 1920 1576; baseline -0.011 -19"><span class='ocrx_word' id='word_1_106' title='bbox 406 1502 507 1576; x_wconf 91' lang='lat' dir='ltr'><strong><em>[lb.</em></strong></span> <span class='ocrx_word' id='word_1_107' title='bbox 521 1497 640 1573; x_wconf 69' lang='lat'><strong><em>29.]</em></strong></span> <span class='ocrx_word' id='word_1_108' title='bbox 670 1499 917 1567; x_wconf 80' lang='lat' dir='ltr'><strong><em>Quotquot</em></strong></span> <span class='ocrx_word' id='word_1_109' title='bbox 942 1502 1375 1549; x_wconf 81' lang='lat' dir='ltr'><strong><em>murmuraoerunt</em></strong></span> <span class='ocrx_word' id='word_1_110' title='bbox 1394 1508 1545 1564; x_wconf 81' lang='lat' dir='ltr'><strong><em>super</em></strong></span> <span class='ocrx_word' id='word_1_111' title='bbox 1559 1506 1638 1545; x_wconf 87' lang='lat' dir='ltr'><strong><em>me</em></strong></span> <span class='ocrx_word' id='word_1_112' title='bbox 1659 1505 1679 1545; x_wconf 90' lang='lat'><strong><em>:</em></strong></span> <span class='ocrx_word' id='word_1_113' title='bbox 1699 1505 1804 1546; x_wconf 84' lang='lat' dir='ltr'><strong><em>non</em></strong></span> <span class='ocrx_word' id='word_1_114' title='bbox 1827 1489 1920 1555; x_wconf 89' lang='lat' dir='ltr'><strong><em>ait,</em></strong></span> 
     </span>
    </p>
   </div>
   <div class='ocr_carea' id='block_1_14' title="bbox 321 1588 1082 1660">
    <p class='ocr_par' dir='ltr' id='par_1_14' title="bbox 321 1588 1082 1660">
     <span class='ocr_line' id='line_1_14' title="bbox 321 1588 1082 1660; baseline -0.014 -10"><span class='ocrx_word' id='word_1_115' title='bbox 321 1595 403 1650; x_wconf 80' lang='lat' dir='ltr'><strong><em>de</em></strong></span> <span class='ocrx_word' id='word_1_116' title='bbox 432 1608 540 1660; x_wconf 88' lang='lat' dir='ltr'><strong><em>me,</em></strong></span> <span class='ocrx_word' id='word_1_117' title='bbox 568 1598 663 1645; x_wconf 83' lang='lat' dir='ltr'><strong><em>aut</em></strong></span> <span class='ocrx_word' id='word_1_118' title='bbox 687 1588 946 1643; x_wconf 83' lang='lat' dir='ltr'><strong><em>adversus</em></strong></span> <span class='ocrx_word' id='word_1_119' title='bbox 973 1601 1082 1640; x_wconf 91' lang='lat' dir='ltr'><strong><em>me.</em></strong></span> 
     </span>
    </p>
   </div>
   <div class='ocr_carea' id='block_1_15' title="bbox 409 1673 1924 1755">
    <p class='ocr_par' dir='ltr' id='par_1_15' title="bbox 409 1673 1924 1755">
     <span class='ocr_line' id='line_1_15' title="bbox 409 1673 1924 1755; baseline -0.009 -18"><span class='ocrx_word' id='word_1_120' title='bbox 409 1681 513 1755; x_wconf 89' lang='lat' dir='ltr'><strong><em>[lb.</em></strong></span> <span class='ocrx_word' id='word_1_121' title='bbox 533 1676 648 1753; x_wconf 79' lang='grc'><strong>51</strong></span> <span class='ocrx_word' id='word_1_122' title='bbox 679 1679 745 1733; x_wconf 83' lang='lat' dir='ltr'><strong><em>Et</em></strong></span> <span class='ocrx_word' id='word_1_123' title='bbox 771 1677 1062 1732; x_wconf 67' lang='lat' dir='ltr'><strong><em>hereditate</em></strong></span> <span class='ocrx_word' id='word_1_124' title='bbox 1082 1673 1407 1748; x_wconf 86' lang='lat' dir='ltr'><strong><em>possidebunt</em></strong></span> <span class='ocrx_word' id='word_1_125' title='bbox 1426 1681 1632 1738; x_wconf 88' lang='lat' dir='ltr'><strong><em>terram,</em></strong></span> <span class='ocrx_word' id='word_1_126' title='bbox 1659 1687 1808 1742; x_wconf 89' lang='lat' dir='ltr'><strong><em>quam</em></strong></span> <span class='ocrx_word' id='word_1_127' title='bbox 1838 1686 1924 1724; x_wconf 79' lang='lat' dir='ltr'><strong><em>vos</em></strong></span> 
     </span>
    </p>
   </div>
   <div class='ocr_carea' id='block_1_16' title="bbox 328 1760 1926 1833">
    <p class='ocr_par' dir='ltr' id='par_1_16' title="bbox 328 1760 1926 1833">
     <span class='ocr_line' id='line_1_16' title="bbox 328 1760 1926 1833; baseline -0.009 -7"><span class='ocrx_word' id='word_1_128' title='bbox 328 1771 643 1825; x_wconf 83' lang='lat' dir='ltr'><strong><em>abscessistis</em></strong></span> <span class='ocrx_word' id='word_1_129' title='bbox 671 1767 733 1823; x_wconf 85' lang='lat' dir='ltr'><strong><em>ab</em></strong></span> <span class='ocrx_word' id='word_1_130' title='bbox 759 1782 859 1822; x_wconf 85' lang='lat' dir='ltr'><strong><em>ea:</em></strong></span> <span class='ocrx_word' id='word_1_131' title='bbox 884 1767 1132 1821; x_wconf 90' lang='lat' dir='ltr'><strong><em>usitatum</em></strong></span> <span class='ocrx_word' id='word_1_132' title='bbox 1159 1771 1323 1829; x_wconf 81' lang='lat' dir='ltr'><strong><em>esset,</em></strong></span> <span class='ocrx_word' id='word_1_133' title='bbox 1351 1778 1382 1817; x_wconf 92' lang='lat' dir='ltr'><strong><em>a</em></strong></span> <span class='ocrx_word' id='word_1_134' title='bbox 1410 1778 1512 1833; x_wconf 89' lang='lat' dir='ltr'><strong><em>qua</em></strong></span> <span class='ocrx_word' id='word_1_135' title='bbox 1540 1776 1633 1817; x_wconf 87' lang='lat' dir='ltr'><strong><em>vos</em></strong></span> <span class='ocrx_word' id='word_1_136' title='bbox 1661 1760 1926 1815; x_wconf 86' lang='lat' dir='ltr'><strong><em>abscessi-</em></strong></span> 
     </span>
    </p>
   </div>
   <div class='ocr_carea' id='block_1_17' title="bbox 330 1853 1927 1927">
    <p class='ocr_par' dir='ltr' id='par_1_17' title="bbox 330 1853 1927 1927">
     <span class='ocr_line' id='line_1_17' title="bbox 330 1853 1927 1927; baseline -0.008 -11"><span class='ocrx_word' id='word_1_137' title='bbox 330 1864 472 1927; x_wconf 86' lang='lat' dir='ltr'><strong><em>stis;</em></strong></span> <span class='ocrx_word' id='word_1_138' title='bbox 500 1874 643 1915; x_wconf 83' lang='lat' dir='ltr'><strong><em>nunc</em></strong></span> <span class='ocrx_word' id='word_1_139' title='bbox 670 1873 818 1923; x_wconf 87' lang='lat' dir='ltr'><strong><em>vero,</em></strong></span> <span class='ocrx_word' id='word_1_140' title='bbox 846 1865 901 1912; x_wconf 86' lang='lat' dir='ltr'><strong><em>et</em></strong></span> <span class='ocrx_word' id='word_1_141' title='bbox 929 1873 1079 1927; x_wconf 80' lang='lat' dir='ltr'><strong><em>quant</em></strong></span> <span class='ocrx_word' id='word_1_142' title='bbox 1102 1854 1406 1908; x_wconf 82' lang='lat' dir='ltr'><strong><em>abscessistis</em></strong></span> <span class='ocrx_word' id='word_1_143' title='bbox 1441 1853 1637 1907; x_wconf 88' lang='lat' dir='ltr'><strong><em>dictum</em></strong></span> <span class='ocrx_word' id='word_1_144' title='bbox 1670 1860 1751 1906; x_wconf 90' lang='lat' dir='ltr'><strong><em>est</em></strong></span> <span class='ocrx_word' id='word_1_145' title='bbox 1790 1864 1927 1904; x_wconf 85' lang='lat' dir='ltr'><strong><em>novo</em></strong></span> 
     </span>
    </p>
   </div>
   <div class='ocr_carea' id='block_1_18' title="bbox 328 1942 1925 2019">
    <p class='ocr_par' dir='ltr' id='par_1_18' title="bbox 328 1942 1925 2019">
     <span class='ocr_line' id='line_1_18' title="bbox 328 1942 1925 2019; baseline -0.008 -13"><span class='ocrx_word' id='word_1_146' title='bbox 328 1966 514 2019; x_wconf 83' lang='lat' dir='ltr'><strong><em>more,</em></strong></span> <span class='ocrx_word' id='word_1_147' title='bbox 541 1961 595 2005; x_wconf 88' lang='lat' dir='ltr'><strong><em>et</em></strong></span> <span class='ocrx_word' id='word_1_148' title='bbox 617 1948 852 2003; x_wconf 80' lang='lat' dir='ltr'><strong><em>additum</em></strong></span> <span class='ocrx_word' id='word_1_149' title='bbox 875 1955 975 2013; x_wconf 88' lang='lat' dir='ltr'><strong><em>est,</em></strong></span> <span class='ocrx_word' id='word_1_150' title='bbox 1003 1945 1064 2001; x_wconf 88' lang='lat' dir='ltr'><strong><em>ab</em></strong></span> <span class='ocrx_word' id='word_1_151' title='bbox 1089 1962 1170 2011; x_wconf 88' lang='lat' dir='ltr'><strong><em>ea,</em></strong></span> <span class='ocrx_word' id='word_1_152' title='bbox 1193 1946 1330 1999; x_wconf 88' lang='lat' dir='ltr'><strong><em>sicut</em></strong></span> <span class='ocrx_word' id='word_1_153' title='bbox 1356 1942 1641 2013; x_wconf 75' lang='lat' dir='ltr'><strong><em>Scriptura:</em></strong></span> <span class='ocrx_word' id='word_1_154' title='bbox 1670 1942 1808 2011; x_wconf 90' lang='lat' dir='ltr'><strong><em>loqui</em></strong></span> <span class='ocrx_word' id='word_1_155' title='bbox 1833 1956 1925 1994; x_wconf 83' lang='lat' dir='ltr'><strong><em>so—</em></strong></span> 
     </span>
    </p>
   </div>
   <div class='ocr_carea' id='block_1_19' title="bbox 338 2031 1927 2108">
    <p class='ocr_par' dir='ltr' id='par_1_19' title="bbox 338 2031 1927 2108">
     <span class='ocr_line' id='line_1_19' title="bbox 338 2031 1927 2108; baseline -0.008 -13"><span class='ocrx_word' id='word_1_156' title='bbox 338 2045 454 2096; x_wconf 88' lang='lat' dir='ltr'><strong><em>lent</em></strong></span> <span class='ocrx_word' id='word_1_157' title='bbox 475 2059 489 2095; x_wconf 88' lang='lat'>:</span> <span class='ocrx_word' id='word_1_158' title='bbox 513 2040 651 2095; x_wconf 83' lang='lat' dir='ltr'><strong><em>sicut</em></strong></span> <span class='ocrx_word' id='word_1_159' title='bbox 674 2047 778 2105; x_wconf 88' lang='lat' dir='ltr'><strong><em>est,</em></strong></span> <span class='ocrx_word' id='word_1_160' title='bbox 802 2036 1107 2108; x_wconf 88' lang='lat' dir='ltr'><strong><em>Penitusque</em></strong></span> <span class='ocrx_word' id='word_1_161' title='bbox 1151 2044 1384 2091; x_wconf 74' lang='lat' dir='ltr'><strong><em>sonantes</em></strong></span> <span class='ocrx_word' id='word_1_162' title='bbox 1420 2032 1628 2088; x_wconf 77' lang='lat' dir='ltr'><strong><em>accestis</em></strong></span> <span class='ocrx_word' id='word_1_163' title='bbox 1672 2031 1927 2102; x_wconf 82' lang='lat' dir='ltr'><strong><em>scopulos,</em></strong></span> 
     </span>
    </p>
   </div>
   <div class='ocr_carea' id='block_1_20' title="bbox 332 2122 1928 2198">
    <p class='ocr_par' dir='ltr' id='par_1_20' title="bbox 332 2122 1928 2198">
     <span class='ocr_line' id='line_1_20' title="bbox 332 2122 1928 2198; baseline -0.009 -11"><span class='ocrx_word' id='word_1_164' title='bbox 332 2134 394 2187; x_wconf 85' lang='lat' dir='ltr'><strong><em>id</em></strong></span> <span class='ocrx_word' id='word_1_165' title='bbox 424 2140 540 2198; x_wconf 80' lang='lat' dir='ltr'><strong><em>est,</em></strong></span> <span class='ocrx_word' id='word_1_166' title='bbox 566 2128 863 2184; x_wconf 84' lang='lat' dir='ltr'><strong><em>accessistis</em></strong></span> <span class='ocrx_word' id='word_1_167' title='bbox 899 2127 1177 2196; x_wconf 84' lang='lat' dir='ltr'><strong><em>scepulos,</em></strong></span> <span class='ocrx_word' id='word_1_168' title='bbox 1200 2141 1303 2180; x_wconf 89' lang='lat' dir='ltr'><strong><em>non</em></strong></span> <span class='ocrx_word' id='word_1_169' title='bbox 1324 2125 1427 2188; x_wconf 91' lang='lat' dir='ltr'><strong><em>ait,</em></strong></span> <span class='ocrx_word' id='word_1_170' title='bbox 1451 2122 1518 2178; x_wconf 88' lang='lat' dir='ltr'><strong><em>ad</em></strong></span> <span class='ocrx_word' id='word_1_171' title='bbox 1544 2122 1823 2195; x_wconf 86' lang='lat' dir='ltr'><strong><em>scopulos;</em></strong></span> <span class='ocrx_word' id='word_1_172' title='bbox 1854 2129 1928 2184; x_wconf 88' lang='lat' dir='ltr'><strong><em>et,</em></strong></span> 
     </span>
    </p>
   </div>
   <div class='ocr_carea' id='block_1_21' title="bbox 335 2211 1929 2291">
    <p class='ocr_par' dir='ltr' id='par_1_21' title="bbox 335 2211 1929 2291">
     <span class='ocr_line' id='line_1_21' title="bbox 335 2211 1929 2291; baseline -0.005 -16"><span class='ocrx_word' id='word_1_173' title='bbox 335 2222 597 2275; x_wconf 81' lang='lat' dir='ltr'><strong><em>Devenere</em></strong></span> <span class='ocrx_word' id='word_1_174' title='bbox 635 2221 772 2273; x_wconf 89' lang='lat' dir='ltr'><strong><em>locos</em></strong></span> <span class='ocrx_word' id='word_1_175' title='bbox 823 2215 1060 2291; x_wconf 60' lang='lat' dir='ltr'><strong><em>(IEneid.</em></strong></span> <span class='ocrx_word' id='word_1_176' title='bbox 1089 2218 1175 2270; x_wconf 86' lang='lat' dir='ltr'><strong><em>lib.</em></strong></span> <span class='ocrx_word' id='word_1_177' title='bbox 1198 2218 1244 2283; x_wconf 84' lang='grc' dir='ltr'><strong><em>ι,</em></strong></span> <span class='ocrx_word' id='word_1_178' title='bbox 1269 2231 1353 2270; x_wconf 91' lang='lat' dir='ltr'><strong><em>vv.</em></strong></span> <span class='ocrx_word' id='word_1_179' title='bbox 1372 2215 1499 2282; x_wconf 72' lang='lat'><strong>200,</strong></span> <span class='ocrx_word' id='word_1_180' title='bbox 1522 2215 1621 2270; x_wconf 69' lang='grc'><strong><em>201</em></strong></span> <span class='ocrx_word' id='word_1_181' title='bbox 1649 2230 1665 2279; x_wconf 92' lang='lat'><strong>;</strong></span> <span class='ocrx_word' id='word_1_182' title='bbox 1689 2222 1734 2267; x_wconf 90' lang='lat' dir='ltr'><strong><em>et</em></strong></span> <span class='ocrx_word' id='word_1_183' title='bbox 1779 2214 1867 2267; x_wconf 88' lang='lat' dir='ltr'><strong><em>lib.</em></strong></span> <span class='ocrx_word' id='word_1_184' title='bbox 1894 2211 1929 2267; x_wconf 86' lang='lat'><strong><em>6</em></strong></span> 
     </span>
    </p>
   </div>
   <div class='ocr_carea' id='block_1_22' title="bbox 339 2303 1930 2383">
    <p class='ocr_par' dir='ltr' id='par_1_22' title="bbox 339 2303 1930 2383">
     <span class='ocr_line' id='line_1_22' title="bbox 339 2303 1930 2383; baseline -0.004 -20"><span class='ocrx_word' id='word_1_185' title='bbox 339 2328 398 2364; x_wconf 83' lang='lat' dir='ltr'><strong><em>v.</em></strong></span> <span class='ocrx_word' id='word_1_186' title='bbox 432 2310 538 2366; x_wconf 77' lang='lat'><strong><em>638</em></strong></span> <span class='ocrx_word' id='word_1_187' title='bbox 564 2310 607 2383; x_wconf 94' lang='lat'><strong><em>),</em></strong></span> <span class='ocrx_word' id='word_1_188' title='bbox 654 2326 759 2363; x_wconf 87' lang='lat' dir='ltr'><strong><em>non</em></strong></span> <span class='ocrx_word' id='word_1_189' title='bbox 790 2311 894 2374; x_wconf 85' lang='lat' dir='ltr'><strong><em>ait,</em></strong></span> <span class='ocrx_word' id='word_1_190' title='bbox 923 2307 988 2362; x_wconf 89' lang='lat' dir='ltr'><strong><em>ad</em></strong></span> <span class='ocrx_word' id='word_1_191' title='bbox 1016 2307 1164 2362; x_wconf 87' lang='lat' dir='ltr'><strong><em>locos</em></strong></span> <span class='ocrx_word' id='word_1_192' title='bbox 1186 2324 1200 2360; x_wconf 92' lang='lat'><strong>:</strong></span> <span class='ocrx_word' id='word_1_193' title='bbox 1226 2307 1295 2361; x_wconf 86' lang='lat' dir='ltr'><strong><em>ita</em></strong></span> <span class='ocrx_word' id='word_1_194' title='bbox 1337 2317 1389 2361; x_wconf 92' lang='lat' dir='ltr'><strong><em>et</em></strong></span> <span class='ocrx_word' id='word_1_195' title='bbox 1424 2321 1574 2375; x_wconf 88' lang='lat' dir='ltr'><strong><em>quam</em></strong></span> <span class='ocrx_word' id='word_1_196' title='bbox 1606 2303 1930 2368; x_wconf 86' lang='lat' dir='ltr'><strong><em>abscessistis,</em></strong></span> 
     </span>
    </p>
   </div>
   <div class='ocr_carea' id='block_1_23' title="bbox 332 2399 1140 2471">
    <p class='ocr_par' dir='ltr' id='par_1_23' title="bbox 332 2399 1140 2471">
     <span class='ocr_line' id='line_1_23' title="bbox 332 2399 1140 2471; baseline -0.006 -14"><span class='ocrx_word' id='word_1_197' title='bbox 332 2419 452 2457; x_wconf 83' lang='lat' dir='ltr'><strong><em>non</em></strong></span> <span class='ocrx_word' id='word_1_198' title='bbox 484 2403 577 2465; x_wconf 88' lang='lat' dir='ltr'><strong><em>ait,</em></strong></span> <span class='ocrx_word' id='word_1_199' title='bbox 604 2417 634 2455; x_wconf 91' lang='lat' dir='ltr'><strong><em>a</em></strong></span> <span class='ocrx_word' id='word_1_200' title='bbox 661 2416 764 2471; x_wconf 89' lang='lat' dir='ltr'><strong><em>qua</em></strong></span> <span class='ocrx_word' id='word_1_201' title='bbox 790 2399 1140 2455; x_wconf 87' lang='lat' dir='ltr'><strong><em>abscessistis.</em></strong></span> 
     </span>
    </p>
   </div>
   <div class='ocr_carea' id='block_1_24' title="bbox 417 2487 1935 2566">
    <p class='ocr_par' dir='ltr' id='par_1_24' title="bbox 417 2487 1935 2566">
     <span class='ocr_line' id='line_1_24' title="bbox 417 2487 1935 2566; baseline -0.005 -19"><span class='ocrx_word' id='word_1_202' title='bbox 417 2492 519 2566; x_wconf 90' lang='lat' dir='ltr'><strong><em>[lb.</em></strong></span> <span class='ocrx_word' id='word_1_203' title='bbox 538 2491 651 2566; x_wconf 77' lang='lat'><strong><em>55.]</em></strong></span> <span class='ocrx_word' id='word_1_204' title='bbox 666 2491 777 2563; x_wconf 85' lang='lat' dir='ltr'><strong><em>Ego</em></strong></span> <span class='ocrx_word' id='word_1_205' title='bbox 798 2490 1044 2545; x_wconf 85' lang='lat' dir='ltr'><strong><em>Dominus</em></strong></span> <span class='ocrx_word' id='word_1_206' title='bbox 1068 2491 1262 2543; x_wconf 78' lang='lat' dir='ltr'><strong><em>locutus</em></strong></span> <span class='ocrx_word' id='word_1_207' title='bbox 1281 2504 1413 2555; x_wconf 84' lang='lat' dir='ltr'><strong><em>sum,</em></strong></span> <span class='ocrx_word' id='word_1_208' title='bbox 1434 2487 1531 2543; x_wconf 86' lang='lat' dir='ltr'><strong><em>nisi</em></strong></span> <span class='ocrx_word' id='word_1_209' title='bbox 1546 2488 1619 2541; x_wconf 88' lang='lat' dir='ltr'><strong><em>ita</em></strong></span> <span class='ocrx_word' id='word_1_210' title='bbox 1641 2490 1801 2559; x_wconf 79' lang='lat' dir='ltr'><strong><em>fecero</em></strong></span> <span class='ocrx_word' id='word_1_211' title='bbox 1816 2503 1935 2555; x_wconf 74' lang='lat' dir='ltr'><strong><em>syn-</em></strong></span> 
     </span>
    </p>
   </div>
   <div class='ocr_carea' id='block_1_25' title="bbox 331 2576 1937 2656">
    <p class='ocr_par' dir='ltr' id='par_1_25' title="bbox 331 2576 1937 2656">
     <span class='ocr_line' id='line_1_25' title="bbox 331 2576 1937 2656; baseline -0.005 -19"><span class='ocrx_word' id='word_1_212' title='bbox 331 2599 525 2656; x_wconf 69' lang='lat' dir='ltr'><strong><em>agoga</em></strong></span> <span class='ocrx_word' id='word_1_213' title='bbox 588 2584 824 2653; x_wconf 70' lang='lat' dir='ltr'><strong><em>maligne</em></strong></span> <span class='ocrx_word' id='word_1_214' title='bbox 865 2581 966 2635; x_wconf 83' lang='lat' dir='ltr'><strong><em>isti.</em></strong></span> <span class='ocrx_word' id='word_1_215' title='bbox 1007 2579 1358 2648; x_wconf 72' lang='lat' dir='ltr'><strong><em>Quzerendum</em></strong></span> <span class='ocrx_word' id='word_1_216' title='bbox 1401 2589 1484 2632; x_wconf 89' lang='lat' dir='ltr'><strong><em>est</em></strong></span> <span class='ocrx_word' id='word_1_217' title='bbox 1534 2592 1661 2631; x_wconf 86' lang='lat' dir='ltr'><strong><em>sane</em></strong></span> <span class='ocrx_word' id='word_1_218' title='bbox 1700 2576 1823 2647; x_wconf 88' lang='lat' dir='ltr'><strong><em>quid</em></strong></span> <span class='ocrx_word' id='word_1_219' title='bbox 1867 2576 1937 2630; x_wconf 89' lang='lat' dir='ltr'><strong><em>sit</em></strong></span> 
     </span>
    </p>
   </div>
   <div class='ocr_carea' id='block_1_26' title="bbox 340 2666 1934 2743">
    <p class='ocr_par' dir='ltr' id='par_1_26' title="bbox 340 2666 1934 2743">
     <span class='ocr_line' id='line_1_26' title="bbox 340 2666 1934 2743; baseline -0.005 -16"><span class='ocrx_word' id='word_1_220' title='bbox 340 2675 488 2743; x_wconf 78' lang='lat' dir='ltr'><strong><em>quod</em></strong></span> <span class='ocrx_word' id='word_1_221' title='bbox 526 2687 697 2743; x_wconf 64' lang='lat' dir='ltr'><strong><em>grtece</em></strong></span> <span class='ocrx_word' id='word_1_222' title='bbox 732 2670 958 2741; x_wconf 86' lang='lat' dir='ltr'><strong><em>positum</em></strong></span> <span class='ocrx_word' id='word_1_223' title='bbox 989 2678 1071 2724; x_wconf 93' lang='lat' dir='ltr'><strong><em>est</em></strong></span> <span class='ocrx_word' id='word_1_224' title='bbox 1098 2675 1130 2733; x_wconf 74' lang='grc' dir='ltr'><strong><em>ἦ</em></strong></span> <span class='ocrx_word' id='word_1_225' title='bbox 1156 2682 1250 2737; x_wconf 73' lang='grc' dir='ltr'><strong><em>μὴν</em></strong></span> <span class='ocrx_word' id='word_1_226' title='bbox 1278 2669 1316 2699; x_wconf 86' lang='grc'><strong><em>¹·</em></strong></span> <span class='ocrx_word' id='word_1_227' title='bbox 1362 2667 1528 2721; x_wconf 86' lang='lat' dir='ltr'><strong><em>nostri</em></strong></span> <span class='ocrx_word' id='word_1_228' title='bbox 1574 2667 1715 2721; x_wconf 90' lang='lat' dir='ltr'><strong><em>enim</em></strong></span> <span class='ocrx_word' id='word_1_229' title='bbox 1762 2666 1934 2719; x_wconf 89' lang='lat' dir='ltr'><strong><em>inter-</em></strong></span> 
     </span>
    </p>
   </div>
   <div class='ocr_carea' id='block_1_27' title="bbox 340 2756 1752 2834">
    <p class='ocr_par' dir='ltr' id='par_1_27' title="bbox 340 2756 1752 2834">
     <span class='ocr_line' id='line_1_27' title="bbox 340 2756 1752 2834; baseline -0.003 -17"><span class='ocrx_word' id='word_1_230' title='bbox 340 2774 529 2834; x_wconf 85' lang='lat' dir='ltr'><strong><em>pretes</em></strong></span> <span class='ocrx_word' id='word_1_231' title='bbox 560 2764 665 2817; x_wconf 91' lang='lat' dir='ltr'><strong><em>boc</em></strong></span> <span class='ocrx_word' id='word_1_232' title='bbox 694 2776 827 2831; x_wconf 87' lang='lat' dir='ltr'><strong><em>pene</em></strong></span> <span class='ocrx_word' id='word_1_233' title='bbox 855 2761 1047 2830; x_wconf 90' lang='lat' dir='ltr'><strong><em>ubique</em></strong></span> <span class='ocrx_word' id='word_1_234' title='bbox 1074 2758 1407 2829; x_wconf 85' lang='lat' dir='ltr'><strong><em>interpretati</em></strong></span> <span class='ocrx_word' id='word_1_235' title='bbox 1432 2765 1575 2823; x_wconf 87' lang='lat' dir='ltr'><strong><em>sunt,</em></strong></span> <span class='ocrx_word' id='word_1_236' title='bbox 1604 2756 1752 2813; x_wconf 89' lang='lat' dir='ltr'><strong><em>nisi..</em></strong></span> 
     </span>
    </p>
   </div>
   <div class='ocr_carea' id='block_1_28' title="bbox 420 2843 1933 2925">
    <p class='ocr_par' dir='ltr' id='par_1_28' title="bbox 420 2843 1933 2925">
     <span class='ocr_line' id='line_1_28' title="bbox 420 2843 1933 2925; baseline -0.007 -18"><span class='ocrx_word' id='word_1_237' title='bbox 420 2853 521 2925; x_wconf 83' lang='lat' dir='ltr'><strong><em>[lb.</em></strong></span> <span class='ocrx_word' id='word_1_238' title='bbox 546 2867 637 2917; x_wconf 84' lang='lat' dir='ltr'><strong><em>xv,</em></strong></span> <span class='ocrx_word' id='word_1_239' title='bbox 666 2849 774 2921; x_wconf 73' lang='lat'><strong><em>18.]</em></strong></span> <span class='ocrx_word' id='word_1_240' title='bbox 798 2849 864 2902; x_wconf 85' lang='lat' dir='ltr'><strong><em>In</em></strong></span> <span class='ocrx_word' id='word_1_241' title='bbox 889 2860 1071 2902; x_wconf 88' lang='lat' dir='ltr'><strong><em>terram</em></strong></span> <span class='ocrx_word' id='word_1_242' title='bbox 1098 2849 1151 2902; x_wconf 90' lang='lat' dir='ltr'><strong><em>in</em></strong></span> <span class='ocrx_word' id='word_1_243' title='bbox 1174 2864 1326 2919; x_wconf 87' lang='lat' dir='ltr'><strong><em>quam</em></strong></span> <span class='ocrx_word' id='word_1_244' title='bbox 1348 2864 1440 2918; x_wconf 88' lang='lat' dir='ltr'><strong><em>ego</em></strong></span> <span class='ocrx_word' id='word_1_245' title='bbox 1466 2845 1648 2899; x_wconf 86' lang='lat' dir='ltr'><strong><em>induco</em></strong></span> <span class='ocrx_word' id='word_1_246' title='bbox 1677 2861 1763 2899; x_wconf 78' lang='lat' dir='ltr'><strong><em>vos</em></strong></span> <span class='ocrx_word' id='word_1_247' title='bbox 1787 2843 1933 2899; x_wconf 86' lang='lat' dir='ltr'><strong><em>illuc.</em></strong></span> 
     </span>
    </p>
   </div>
   <div class='ocr_carea' id='block_1_29' title="bbox 420 2938 1936 3015">
    <p class='ocr_par' dir='ltr' id='par_1_29' title="bbox 420 2938 1936 3015">
     <span class='ocr_line' id='line_1_29' title="bbox 420 2938 1936 3015; baseline -0.005 -19"><span class='ocrx_word' id='word_1_248' title='bbox 420 2943 617 3015; x_wconf 67' lang='lat' dir='ltr'><strong><em>[lb.27,</em></strong></span> <span class='ocrx_word' id='word_1_249' title='bbox 634 2940 749 3012; x_wconf 68' lang='lat'><strong><em>28.]</em></strong></span> <span class='ocrx_word' id='word_1_250' title='bbox 767 2940 825 2995; x_wconf 84' lang='lat' dir='ltr'><strong><em>Si</em></strong></span> <span class='ocrx_word' id='word_1_251' title='bbox 843 2949 1007 2993; x_wconf 88' lang='lat' dir='ltr'><strong><em>autem</em></strong></span> <span class='ocrx_word' id='word_1_252' title='bbox 1026 2940 1196 2993; x_wconf 89' lang='lat' dir='ltr'><strong><em>anima</em></strong></span> <span class='ocrx_word' id='word_1_253' title='bbox 1217 2955 1316 2992; x_wconf 89' lang='lat' dir='ltr'><strong><em>una</em></strong></span> <span class='ocrx_word' id='word_1_254' title='bbox 1335 2938 1605 3007; x_wconf 84' lang='lat' dir='ltr'><strong><em>peccaverit</em></strong></span> <span class='ocrx_word' id='word_1_255' title='bbox 1626 2954 1724 2990; x_wconf 90' lang='lat' dir='ltr'><strong><em>non</em></strong></span> <span class='ocrx_word' id='word_1_256' title='bbox 1739 2946 1936 3005; x_wconf 82' lang='lat' dir='ltr'><strong><em>sponte,</em></strong></span> 
     </span>
    </p>
   </div>
   <div class='ocr_carea' id='block_1_30' title="bbox 340 3025 1938 3101">
    <p class='ocr_par' dir='ltr' id='par_1_30' title="bbox 340 3025 1938 3101">
     <span class='ocr_line' id='line_1_30' title="bbox 340 3025 1938 3101; baseline -0.004 -16"><span class='ocrx_word' id='word_1_257' title='bbox 340 3032 523 3099; x_wconf 75' lang='lat' dir='ltr'><strong><em>oﬂ&#39;eret</em></strong></span> <span class='ocrx_word' id='word_1_258' title='bbox 551 3046 757 3101; x_wconf 84' lang='lat' dir='ltr'><strong><em>capram</em></strong></span> <span class='ocrx_word' id='word_1_259' title='bbox 784 3046 937 3082; x_wconf 89' lang='lat' dir='ltr'><strong><em>unam</em></strong></span> <span class='ocrx_word' id='word_1_260' title='bbox 961 3027 1248 3082; x_wconf 84' lang='lat' dir='ltr'><strong><em>anniculam</em></strong></span> <span class='ocrx_word' id='word_1_261' title='bbox 1277 3044 1368 3098; x_wconf 85' lang='lat' dir='ltr'><strong><em>pro</em></strong></span> <span class='ocrx_word' id='word_1_262' title='bbox 1398 3037 1620 3097; x_wconf 88' lang='lat' dir='ltr'><strong><em>peccato,</em></strong></span> <span class='ocrx_word' id='word_1_263' title='bbox 1641 3037 1688 3079; x_wconf 92' lang='lat' dir='ltr'><strong><em>et</em></strong></span> <span class='ocrx_word' id='word_1_264' title='bbox 1708 3025 1938 3079; x_wconf 80' lang='lat' dir='ltr'><strong><em>exorabit</em></strong></span> 
     </span>
    </p>
   </div>
   <div class='ocr_carea' id='block_1_31' title="bbox 345 3116 1942 3191">
    <p class='ocr_par' dir='ltr' id='par_1_31' title="bbox 345 3116 1942 3191">
     <span class='ocr_line' id='line_1_31' title="bbox 345 3116 1942 3191; baseline -0.004 -16"><span class='ocrx_word' id='word_1_265' title='bbox 345 3121 585 3175; x_wconf 62' lang='lat' dir='ltr'><strong><em>ssctrdos</em></strong></span> <span class='ocrx_word' id='word_1_266' title='bbox 606 3136 697 3191; x_wconf 92' lang='lat' dir='ltr'><strong><em>pro</em></strong></span> <span class='ocrx_word' id='word_1_267' title='bbox 718 3120 885 3172; x_wconf 89' lang='lat' dir='ltr'><strong><em>anima</em></strong></span> <span class='ocrx_word' id='word_1_268' title='bbox 908 3118 1084 3183; x_wconf 85' lang='lat' dir='ltr'><strong><em>invita,</em></strong></span> <span class='ocrx_word' id='word_1_269' title='bbox 1103 3127 1147 3171; x_wconf 90' lang='lat' dir='ltr'><strong><em>et</em></strong></span> <span class='ocrx_word' id='word_1_270' title='bbox 1167 3133 1278 3188; x_wconf 79' lang='lat' dir='ltr'><strong><em>qua:</em></strong></span> <span class='ocrx_word' id='word_1_271' title='bbox 1292 3116 1568 3188; x_wconf 81' lang='lat' dir='ltr'><strong><em>peccauerit</em></strong></span> <span class='ocrx_word' id='word_1_272' title='bbox 1588 3116 1810 3169; x_wconf 84' lang='lat' dir='ltr'><strong><em>nolenter</em></strong></span> <span class='ocrx_word' id='word_1_273' title='bbox 1827 3126 1942 3169; x_wconf 83' lang='lat' dir='ltr'><strong><em>ante</em></strong></span> 
     </span>
    </p>
   </div>
   <div class='ocr_carea' id='block_1_32' title="bbox 352 3207 1942 3281">
    <p class='ocr_par' dir='ltr' id='par_1_32' title="bbox 352 3207 1942 3281">
     <span class='ocr_line' id='line_1_32' title="bbox 352 3207 1942 3281; baseline -0.004 -15"><span class='ocrx_word' id='word_1_274' title='bbox 352 3212 651 3274; x_wconf 87' lang='lat' dir='ltr'><strong><em>Dominum,</em></strong></span> <span class='ocrx_word' id='word_1_275' title='bbox 680 3226 889 3265; x_wconf 78' lang='lat' dir='ltr'><strong><em>exorare</em></strong></span> <span class='ocrx_word' id='word_1_276' title='bbox 911 3225 1004 3281; x_wconf 89' lang='lat' dir='ltr'><strong><em>pro</em></strong></span> <span class='ocrx_word' id='word_1_277' title='bbox 1032 3225 1090 3264; x_wconf 87' lang='lat' dir='ltr'><strong><em>eo</em></strong></span> <span class='ocrx_word' id='word_1_278' title='bbox 1107 3224 1127 3275; x_wconf 86' lang='lat'><strong><em>;</em></strong></span> <span class='ocrx_word' id='word_1_279' title='bbox 1147 3218 1193 3262; x_wconf 91' lang='lat' dir='ltr'><strong><em>et</em></strong></span> <span class='ocrx_word' id='word_1_280' title='bbox 1214 3209 1493 3262; x_wconf 85' lang='lat' dir='ltr'><strong><em>remittetur</em></strong></span> <span class='ocrx_word' id='word_1_281' title='bbox 1512 3207 1573 3261; x_wconf 92' lang='lat' dir='ltr'><strong><em>ei.</em></strong></span> <span class='ocrx_word' id='word_1_282' title='bbox 1615 3207 1672 3261; x_wconf 89' lang='lat' dir='ltr'><strong><em>In</em></strong></span> <span class='ocrx_word' id='word_1_283' title='bbox 1701 3207 1801 3261; x_wconf 84' lang='lat' dir='ltr'><strong><em>hac</em></strong></span> <span class='ocrx_word' id='word_1_284' title='bbox 1820 3222 1942 3261; x_wconf 82' lang='lat' dir='ltr'><strong><em>sen-</em></strong></span> 
     </span>
    </p>
   </div>
   <div class='ocr_carea' id='block_1_33' title="bbox 347 3298 1943 3368">
    <p class='ocr_par' dir='ltr' id='par_1_33' title="bbox 347 3298 1943 3368">
     <span class='ocr_line' id='line_1_33' title="bbox 347 3298 1943 3368; baseline -0.003 -12"><span class='ocrx_word' id='word_1_285' title='bbox 347 3303 515 3356; x_wconf 78' lang='lat' dir='ltr'><strong><em>tentia</em></strong></span> <span class='ocrx_word' id='word_1_286' title='bbox 532 3342 547 3368; x_wconf 93' lang='lat'><strong><em>,</em></strong></span> <span class='ocrx_word' id='word_1_287' title='bbox 573 3310 628 3355; x_wconf 90' lang='lat' dir='ltr'><strong><em>et</em></strong></span> <span class='ocrx_word' id='word_1_288' title='bbox 657 3301 743 3353; x_wconf 89' lang='lat' dir='ltr'><strong><em>illa</em></strong></span> <span class='ocrx_word' id='word_1_289' title='bbox 775 3300 968 3355; x_wconf 88' lang='lat' dir='ltr'><strong><em>locutio</em></strong></span> <span class='ocrx_word' id='word_1_290' title='bbox 998 3299 1228 3354; x_wconf 86' lang='lat' dir='ltr'><strong><em>notanda</em></strong></span> <span class='ocrx_word' id='word_1_291' title='bbox 1254 3306 1398 3363; x_wconf 89' lang='lat' dir='ltr'><strong><em>erat,</em></strong></span> <span class='ocrx_word' id='word_1_292' title='bbox 1427 3298 1566 3367; x_wconf 87' lang='lat' dir='ltr'><strong><em>quod</em></strong></span> <span class='ocrx_word' id='word_1_293' title='bbox 1592 3300 1695 3365; x_wconf 87' lang='lat' dir='ltr'><strong><em>ait,</em></strong></span> <span class='ocrx_word' id='word_1_294' title='bbox 1720 3298 1943 3351; x_wconf 80' lang='lat' dir='ltr'><strong><em>exorabit</em></strong></span> 
     </span>
    </p>
   </div>
   <div class='ocr_carea' id='block_1_34' title="bbox 350 3386 1945 3459">
    <p class='ocr_par' dir='ltr' id='par_1_34' title="bbox 350 3386 1945 3459">
     <span class='ocr_line' id='line_1_34' title="bbox 350 3386 1945 3459; baseline -0.003 -16"><span class='ocrx_word' id='word_1_295' title='bbox 350 3392 613 3454; x_wconf 83' lang='lat' dir='ltr'><strong><em>sacerdos,</em></strong></span> <span class='ocrx_word' id='word_1_296' title='bbox 647 3398 701 3443; x_wconf 93' lang='lat' dir='ltr'><strong><em>et</em></strong></span> <span class='ocrx_word' id='word_1_297' title='bbox 726 3398 907 3459; x_wconf 80' lang='lat' dir='ltr'><strong><em>postea</em></strong></span> <span class='ocrx_word' id='word_1_298' title='bbox 936 3389 1086 3452; x_wconf 80' lang='lat' dir='ltr'><strong><em>dixit,</em></strong></span> <span class='ocrx_word' id='word_1_299' title='bbox 1115 3403 1323 3442; x_wconf 70' lang='lat' dir='ltr'><strong><em>exorare</em></strong></span> <span class='ocrx_word' id='word_1_300' title='bbox 1346 3428 1362 3453; x_wconf 96' lang='lat'><strong><em>,</em></strong></span> <span class='ocrx_word' id='word_1_301' title='bbox 1393 3396 1674 3457; x_wconf 84' lang='lat' dir='ltr'><strong><em>utrumque</em></strong></span> <span class='ocrx_word' id='word_1_302' title='bbox 1703 3388 1841 3441; x_wconf 86' lang='lat' dir='ltr'><strong><em>enim</em></strong></span> <span class='ocrx_word' id='word_1_303' title='bbox 1873 3386 1945 3439; x_wconf 82' lang='lat' dir='ltr'><strong><em>si-</em></strong></span> 
     </span>
    </p>
   </div>
   <div class='ocr_carea' id='block_1_35' title="bbox 351 3475 1943 3548">
    <p class='ocr_par' dir='ltr' id='par_1_35' title="bbox 351 3475 1943 3548">
     <span class='ocr_line' id='line_1_35' title="bbox 351 3475 1943 3548; baseline -0.004 -13"><span class='ocrx_word' id='word_1_304' title='bbox 351 3481 465 3535; x_wconf 87' lang='lat' dir='ltr'><strong><em>mul</em></strong></span> <span class='ocrx_word' id='word_1_305' title='bbox 496 3480 567 3535; x_wconf 88' lang='lat' dir='ltr'><strong><em>ita</em></strong></span> <span class='ocrx_word' id='word_1_306' title='bbox 596 3479 700 3534; x_wconf 90' lang='lat' dir='ltr'><strong><em>dici</em></strong></span> <span class='ocrx_word' id='word_1_307' title='bbox 731 3487 943 3548; x_wconf 83' lang='lat' dir='ltr'><strong><em>posset,</em></strong></span> <span class='ocrx_word' id='word_1_308' title='bbox 971 3477 1212 3532; x_wconf 78' lang='lat' dir='ltr'><strong><em>exorabit</em></strong></span> <span class='ocrx_word' id='word_1_309' title='bbox 1235 3491 1489 3532; x_wconf 84' lang='lat' dir='ltr'><strong><em>exorare.</em></strong></span> <span class='ocrx_word' id='word_1_310' title='bbox 1521 3476 1716 3541; x_wconf 77' lang='lat' dir='ltr'><strong><em>Etilla,</em></strong></span> <span class='ocrx_word' id='word_1_311' title='bbox 1743 3475 1885 3544; x_wconf 90' lang='lat' dir='ltr'><strong><em>quod</em></strong></span> <span class='ocrx_word' id='word_1_312' title='bbox 1913 3491 1943 3529; x_wconf 90' lang='lat' dir='ltr'><strong><em>a</em></strong></span> 
     </span>
    </p>
   </div>
   <div class='ocr_carea' id='block_1_36' title="bbox 355 3565 1945 3640">
    <p class='ocr_par' dir='ltr' id='par_1_36' title="bbox 355 3565 1945 3640">
     <span class='ocr_line' id='line_1_36' title="bbox 355 3565 1945 3640; baseline -0.004 -16"><span class='ocrx_word' id='word_1_313' title='bbox 355 3572 614 3626; x_wconf 73' lang='lat' dir='ltr'><strong><em>feminino</em></strong></span> <span class='ocrx_word' id='word_1_314' title='bbox 633 3585 829 3640; x_wconf 78' lang='lat' dir='ltr'><strong><em>genere</em></strong></span> <span class='ocrx_word' id='word_1_315' title='bbox 850 3569 1111 3638; x_wconf 85' lang='lat' dir='ltr'><strong><em>incipiens</em></strong></span> <span class='ocrx_word' id='word_1_316' title='bbox 1131 3567 1195 3621; x_wconf 87' lang='lat' dir='ltr'><strong><em>ad</em></strong></span> <span class='ocrx_word' id='word_1_317' title='bbox 1219 3566 1563 3621; x_wconf 88' lang='lat' dir='ltr'><strong><em>masculinum</em></strong></span> <span class='ocrx_word' id='word_1_318' title='bbox 1580 3565 1786 3619; x_wconf 85' lang='lat' dir='ltr'><strong><em>clausit.</em></strong></span> <span class='ocrx_word' id='word_1_319' title='bbox 1814 3566 1945 3619; x_wconf 86' lang='lat' dir='ltr'><strong><em>Cum</em></strong></span> 
     </span>
    </p>
   </div>
   <div class='ocr_carea' id='block_1_37' title="bbox 355 3655 1947 3728">
    <p class='ocr_par' dir='ltr' id='par_1_37' title="bbox 355 3655 1947 3728">
     <span class='ocr_line' id='line_1_37' title="bbox 355 3655 1947 3728; baseline -0.006 -11"><span class='ocrx_word' id='word_1_320' title='bbox 355 3666 501 3717; x_wconf 86' lang='lat' dir='ltr'><strong><em>enim</em></strong></span> <span class='ocrx_word' id='word_1_321' title='bbox 530 3663 767 3727; x_wconf 78' lang='lat' dir='ltr'><strong><em>dixisset,</em></strong></span> <span class='ocrx_word' id='word_1_322' title='bbox 801 3660 861 3716; x_wconf 87' lang='lat' dir='ltr'><strong><em>Si</em></strong></span> <span class='ocrx_word' id='word_1_323' title='bbox 887 3661 1057 3713; x_wconf 88' lang='lat' dir='ltr'><strong><em>anima</em></strong></span> <span class='ocrx_word' id='word_1_324' title='bbox 1086 3676 1187 3712; x_wconf 89' lang='lat' dir='ltr'><strong><em>una</em></strong></span> <span class='ocrx_word' id='word_1_325' title='bbox 1216 3657 1491 3728; x_wconf 78' lang='lat' dir='ltr'><strong><em>peccaverit</em></strong></span> <span class='ocrx_word' id='word_1_326' title='bbox 1514 3672 1533 3721; x_wconf 87' lang='lat'><strong><em>,&#39;</em></strong></span> <span class='ocrx_word' id='word_1_327' title='bbox 1579 3656 1835 3712; x_wconf 85' lang='lat' dir='ltr'><strong><em>conclusit</em></strong></span> <span class='ocrx_word' id='word_1_328' title='bbox 1864 3655 1947 3708; x_wconf 86' lang='lat' dir='ltr'><strong><em>di-</em></strong></span> 
     </span>
    </p>
   </div>
   <div class='ocr_carea' id='block_1_38' title="bbox 352 3747 1941 3821">
    <p class='ocr_par' dir='ltr' id='par_1_38' title="bbox 352 3747 1941 3821">
     <span class='ocr_line' id='line_1_38' title="bbox 352 3747 1941 3821; baseline -0.008 -12"><span class='ocrx_word' id='word_1_329' title='bbox 352 3769 511 3821; x_wconf 84' lang='lat' dir='ltr'><strong><em>cens,</em></strong></span> <span class='ocrx_word' id='word_1_330' title='bbox 533 3769 743 3807; x_wconf 74' lang='lat' dir='ltr'><strong><em>exorare</em></strong></span> <span class='ocrx_word' id='word_1_331' title='bbox 769 3769 860 3821; x_wconf 87' lang='lat' dir='ltr'><strong><em>pro</em></strong></span> <span class='ocrx_word' id='word_1_332' title='bbox 886 3767 944 3805; x_wconf 84' lang='lat' dir='ltr'><strong><em>eo</em></strong></span> <span class='ocrx_word' id='word_1_333' title='bbox 967 3766 986 3805; x_wconf 91' lang='lat'><strong><em>:</em></strong></span> <span class='ocrx_word' id='word_1_334' title='bbox 1006 3750 1095 3805; x_wconf 90' lang='lat' dir='ltr'><strong><em>ubi</em></strong></span> <span class='ocrx_word' id='word_1_335' title='bbox 1126 3749 1453 3818; x_wconf 82' lang='lat' dir='ltr'><strong><em>intelligitur,</em></strong></span> <span class='ocrx_word' id='word_1_336' title='bbox 1480 3761 1576 3817; x_wconf 89' lang='lat' dir='ltr'><strong><em>pro</em></strong></span> <span class='ocrx_word' id='word_1_337' title='bbox 1602 3761 1668 3801; x_wconf 89' lang='lat' dir='ltr'><strong><em>eo</em></strong></span> <span class='ocrx_word' id='word_1_338' title='bbox 1695 3747 1941 3799; x_wconf 82' lang='lat' dir='ltr'><strong><em>nomine;</em></strong></span> 
     </span>
    </p>
   </div>
   <div class='ocr_carea' id='block_1_39' title="bbox 358 3834 1944 3915">
    <p class='ocr_par' dir='ltr' id='par_1_39' title="bbox 358 3834 1944 3915">
     <span class='ocr_line' id='line_1_39' title="bbox 358 3834 1944 3915; baseline -0.009 -13"><span class='ocrx_word' id='word_1_339' title='bbox 358 3863 482 3901; x_wconf 85' lang='lat' dir='ltr'><strong><em>nam</em></strong></span> <span class='ocrx_word' id='word_1_340' title='bbox 512 3856 565 3901; x_wconf 90' lang='lat' dir='ltr'><strong><em>et</em></strong></span> <span class='ocrx_word' id='word_1_341' title='bbox 592 3844 732 3915; x_wconf 89' lang='lat' dir='ltr'><strong><em>quod</em></strong></span> <span class='ocrx_word' id='word_1_342' title='bbox 761 3842 1019 3913; x_wconf 81' lang='lat' dir='ltr'><strong><em>adjunxit,</em></strong></span> <span class='ocrx_word' id='word_1_343' title='bbox 1046 3852 1093 3895; x_wconf 89' lang='lat' dir='ltr'><strong><em>et</em></strong></span> <span class='ocrx_word' id='word_1_344' title='bbox 1120 3840 1399 3893; x_wconf 78' lang='lat' dir='ltr'><strong><em>dimittetur</em></strong></span> <span class='ocrx_word' id='word_1_345' title='bbox 1441 3839 1522 3906; x_wconf 91' lang='lat' dir='ltr'><strong><em>ei,</em></strong></span> <span class='ocrx_word' id='word_1_346' title='bbox 1551 3837 1603 3891; x_wconf 88' lang='lat' dir='ltr'><strong><em>in</em></strong></span> <span class='ocrx_word' id='word_1_347' title='bbox 1634 3836 1797 3890; x_wconf 84' lang='lat' dir='ltr'><strong><em>latino</em></strong></span> <span class='ocrx_word' id='word_1_348' title='bbox 1826 3834 1944 3905; x_wconf 84' lang='lat' dir='ltr'><strong><em>qni-</em></strong></span> 
     </span>
    </p>
   </div>
   <div class='ocr_carea' id='block_1_40' title="bbox 354 3928 1947 4005">
    <p class='ocr_par' dir='ltr' id='par_1_40' title="bbox 354 3928 1947 4005">
     <span class='ocr_line' id='line_1_40' title="bbox 354 3928 1947 4005; baseline -0.005 -16"><span class='ocrx_word' id='word_1_349' title='bbox 354 3937 479 3990; x_wconf 81' lang='lat' dir='ltr'><strong><em>tlem</em></strong></span> <span class='ocrx_word' id='word_1_350' title='bbox 509 3952 615 3989; x_wconf 90' lang='lat' dir='ltr'><strong><em>non</em></strong></span> <span class='ocrx_word' id='word_1_351' title='bbox 643 3942 896 4005; x_wconf 77' lang='lat' dir='ltr'><strong><em>apparet,</em></strong></span> <span class='ocrx_word' id='word_1_352' title='bbox 922 3933 1042 4002; x_wconf 87' lang='lat' dir='ltr'><strong><em>quia</em></strong></span> <span class='ocrx_word' id='word_1_353' title='bbox 1074 3932 1175 3986; x_wconf 84' lang='lat' dir='ltr'><strong><em>hoc</em></strong></span> <span class='ocrx_word' id='word_1_354' title='bbox 1203 3944 1493 3999; x_wconf 88' lang='lat' dir='ltr'><strong><em>pronomen</em></strong></span> <span class='ocrx_word' id='word_1_355' title='bbox 1522 3928 1737 3999; x_wconf 75' lang='lat' dir='ltr'><strong><em>generis</em></strong></span> <span class='ocrx_word' id='word_1_356' title='bbox 1771 3928 1947 3981; x_wconf 86' lang='lat' dir='ltr'><strong><em>omnis</em></strong></span> 
     </span>
    </p>
   </div>
   <div class='ocr_carea' id='block_1_41' title="bbox 354 4018 1942 4095">
    <p class='ocr_par' dir='ltr' id='par_1_41' title="bbox 354 4018 1942 4095">
     <span class='ocr_line' id='line_1_41' title="bbox 354 4018 1942 4095; baseline -0.006 -14"><span class='ocrx_word' id='word_1_357' title='bbox 354 4039 474 4091; x_wconf 86' lang='lat' dir='ltr'><strong><em>est;</em></strong></span> <span class='ocrx_word' id='word_1_358' title='bbox 498 4025 594 4080; x_wconf 89' lang='lat' dir='ltr'><strong><em>sed</em></strong></span> <span class='ocrx_word' id='word_1_359' title='bbox 618 4026 669 4079; x_wconf 88' lang='lat' dir='ltr'><strong><em>in</em></strong></span> <span class='ocrx_word' id='word_1_360' title='bbox 700 4038 873 4095; x_wconf 67' lang='lat' dir='ltr'><strong><em>grteco</em></strong></span> <span class='ocrx_word' id='word_1_361' title='bbox 898 4022 1250 4077; x_wconf 86' lang='lat' dir='ltr'><strong><em>masculinum</em></strong></span> <span class='ocrx_word' id='word_1_362' title='bbox 1277 4020 1469 4084; x_wconf 86' lang='lat' dir='ltr'><strong><em>elucet,</em></strong></span> <span class='ocrx_word' id='word_1_363' title='bbox 1489 4019 1577 4072; x_wconf 88' lang='lat' dir='ltr'><strong><em>ubi</em></strong></span> <span class='ocrx_word' id='word_1_364' title='bbox 1609 4018 1768 4073; x_wconf 81' lang='lat' dir='ltr'><strong><em>habet</em></strong></span> <span class='ocrx_word' id='word_1_365' title='bbox 1790 4022 1942 4086; x_wconf 80' lang='grc' dir='ltr'><strong><em>αὐτῷ,</em></strong></span> 
     </span>
    </p>
   </div>
   <div class='ocr_carea' id='block_1_42' title="bbox 356 4109 1941 4187">
    <p class='ocr_par' dir='ltr' id='par_1_42' title="bbox 356 4109 1941 4187">
     <span class='ocr_line' id='line_1_42' title="bbox 356 4109 1941 4187; baseline -0.004 -18"><span class='ocrx_word' id='word_1_366' title='bbox 356 4117 501 4186; x_wconf 87' lang='lat' dir='ltr'><strong><em>quod</em></strong></span> <span class='ocrx_word' id='word_1_367' title='bbox 531 4117 619 4170; x_wconf 86' lang='lat' dir='ltr'><strong><em>hic</em></strong></span> <span class='ocrx_word' id='word_1_368' title='bbox 649 4114 876 4185; x_wconf 83' lang='lat' dir='ltr'><strong><em>positum</em></strong></span> <span class='ocrx_word' id='word_1_369' title='bbox 902 4122 1018 4179; x_wconf 89' lang='lat' dir='ltr'><strong><em>est,</em></strong></span> <span class='ocrx_word' id='word_1_370' title='bbox 1039 4113 1104 4167; x_wconf 88' lang='lat' dir='ltr'><strong><em>ei.</em></strong></span> <span class='ocrx_word' id='word_1_371' title='bbox 1144 4111 1296 4180; x_wconf 83' lang='lat' dir='ltr'><strong><em>Quod</em></strong></span> <span class='ocrx_word' id='word_1_372' title='bbox 1333 4126 1459 4166; x_wconf 86' lang='lat' dir='ltr'><strong><em>vero</em></strong></span> <span class='ocrx_word' id='word_1_373' title='bbox 1498 4109 1583 4163; x_wconf 82' lang='lat' dir='ltr'><strong><em>hic</em></strong></span> <span class='ocrx_word' id='word_1_374' title='bbox 1612 4109 1809 4187; x_wconf 86' lang='lat' dir='ltr'><strong><em>dictum</em></strong></span> <span class='ocrx_word' id='word_1_375' title='bbox 1840 4117 1941 4175; x_wconf 91' lang='lat' dir='ltr'><strong><em>est,</em></strong></span> 
     </span>
    </p>
   </div>
   <div class='ocr_carea' id='block_1_43' title="bbox 362 4200 1943 4274">
    <p class='ocr_par' dir='ltr' id='par_1_43' title="bbox 362 4200 1943 4274">
     <span class='ocr_line' id='line_1_43' title="bbox 362 4200 1943 4274; baseline -0.001 -19"><span class='ocrx_word' id='word_1_376' title='bbox 362 4224 453 4260; x_wconf 77' lang='lat' dir='ltr'><strong><em>oro</em></strong></span> <span class='ocrx_word' id='word_1_377' title='bbox 482 4206 655 4259; x_wconf 81' lang='lat' dir='ltr'><strong><em>anima</em></strong></span> <span class='ocrx_word' id='word_1_378' title='bbox 692 4205 884 4270; x_wconf 78' lang='lat' dir='ltr'><strong><em>inuita,</em></strong></span> <span class='ocrx_word' id='word_1_379' title='bbox 916 4205 1223 4274; x_wconf 79' lang='lat' dir='ltr'><strong><em>intelligitur</em></strong></span> <span class='ocrx_word' id='word_1_380' title='bbox 1261 4217 1379 4273; x_wconf 64' lang='lat' dir='ltr'><strong><em>quae</em></strong></span> <span class='ocrx_word' id='word_1_381' title='bbox 1418 4200 1578 4255; x_wconf 79' lang='lat' dir='ltr'><strong><em>invita</em></strong></span> <span class='ocrx_word' id='word_1_382' title='bbox 1622 4200 1943 4270; x_wconf 82' lang='lat' dir='ltr'><strong><em>peccaverit,</em></strong></span> 
     </span>
    </p>
   </div>
   <div class='ocr_carea' id='block_1_44' title="bbox 376 4292 1948 4365">
    <p class='ocr_par' dir='ltr' id='par_1_44' title="bbox 376 4292 1948 4365">
     <span class='ocr_line' id='line_1_44' title="bbox 376 4292 1948 4365; baseline -0.004 -15"><span class='ocrx_word' id='word_1_383' title='bbox 376 4312 465 4351; x_wconf 80' lang='lat' dir='ltr'><strong><em>ton</em></strong></span> <span class='ocrx_word' id='word_1_384' title='bbox 493 4295 637 4365; x_wconf 88' lang='lat' dir='ltr'><strong><em>quod</em></strong></span> <span class='ocrx_word' id='word_1_385' title='bbox 662 4294 796 4348; x_wconf 87' lang='lat' dir='ltr'><strong><em>nolit</em></strong></span> <span class='ocrx_word' id='word_1_386' title='bbox 821 4308 915 4363; x_wconf 90' lang='lat' dir='ltr'><strong><em>pro</em></strong></span> <span class='ocrx_word' id='word_1_387' title='bbox 943 4310 1001 4348; x_wconf 91' lang='lat' dir='ltr'><strong><em>se</em></strong></span> <span class='ocrx_word' id='word_1_388' title='bbox 1029 4293 1230 4349; x_wconf 79' lang='lat' dir='ltr'><strong><em>oll‘erri.</em></strong></span> <span class='ocrx_word' id='word_1_389' title='bbox 1274 4294 1384 4347; x_wconf 87' lang='lat' dir='ltr'><strong><em>lloc</em></strong></span> <span class='ocrx_word' id='word_1_390' title='bbox 1409 4293 1549 4347; x_wconf 89' lang='lat' dir='ltr'><strong><em>enim</em></strong></span> <span class='ocrx_word' id='word_1_391' title='bbox 1573 4292 1732 4346; x_wconf 89' lang='lat' dir='ltr'><strong><em>etiam</em></strong></span> <span class='ocrx_word' id='word_1_392' title='bbox 1754 4306 1948 4345; x_wconf 61' lang='lat' dir='ltr'><strong><em>consea</em></strong></span> 
     </span>
    </p>
   </div>
   <div class='ocr_carea' id='block_1_45' title="bbox 363 4381 1945 4453">
    <p class='ocr_par' dir='ltr' id='par_1_45' title="bbox 363 4381 1945 4453">
     <span class='ocr_line' id='line_1_45' title="bbox 363 4381 1945 4453; baseline 0.001 -20"><span class='ocrx_word' id='word_1_393' title='bbox 363 4394 585 4453; x_wconf 78' lang='lat' dir='ltr'><strong><em>quenter</em></strong></span> <span class='ocrx_word' id='word_1_394' title='bbox 615 4384 875 4453; x_wconf 83' lang='lat' dir='ltr'><strong><em>exposuit,</em></strong></span> <span class='ocrx_word' id='word_1_395' title='bbox 901 4397 1022 4437; x_wconf 91' lang='lat' dir='ltr'><strong><em>cum</em></strong></span> <span class='ocrx_word' id='word_1_396' title='bbox 1053 4384 1158 4448; x_wconf 90' lang='lat' dir='ltr'><strong><em>ait,</em></strong></span> <span class='ocrx_word' id='word_1_397' title='bbox 1181 4392 1228 4436; x_wconf 91' lang='lat' dir='ltr'><strong><em>et</em></strong></span> <span class='ocrx_word' id='word_1_398' title='bbox 1256 4398 1367 4453; x_wconf 76' lang='lat' dir='ltr'><strong><em>qua:</em></strong></span> <span class='ocrx_word' id='word_1_399' title='bbox 1392 4381 1663 4451; x_wconf 81' lang='lat' dir='ltr'><strong><em>peccaverit</em></strong></span> <span class='ocrx_word' id='word_1_400' title='bbox 1700 4381 1945 4435; x_wconf 82' lang='lat' dir='ltr'><strong><em>ualenter.</em></strong></span> 
     </span>
    </p>
   </div>
   <div class='ocr_carea' id='block_1_46' title="bbox 363 4468 1947 4540">
    <p class='ocr_par' dir='ltr' id='par_1_46' title="bbox 363 4468 1947 4540">
     <span class='ocr_line' id='line_1_46' title="bbox 363 4468 1947 4540; baseline -0.003 -14"><span class='ocrx_word' id='word_1_401' title='bbox 363 4473 431 4526; x_wconf 79' lang='lat' dir='ltr'><strong><em>Et</em></strong></span> <span class='ocrx_word' id='word_1_402' title='bbox 456 4474 578 4527; x_wconf 89' lang='lat' dir='ltr'><strong><em>ideo</em></strong></span> <span class='ocrx_word' id='word_1_403' title='bbox 604 4472 760 4525; x_wconf 82' lang='lat' dir='ltr'><strong><em>inuita</em></strong></span> <span class='ocrx_word' id='word_1_404' title='bbox 790 4473 1018 4540; x_wconf 86' lang='lat' dir='ltr'><strong><em>positum</em></strong></span> <span class='ocrx_word' id='word_1_405' title='bbox 1045 4480 1147 4537; x_wconf 88' lang='lat' dir='ltr'><strong><em>est,</em></strong></span> <span class='ocrx_word' id='word_1_406' title='bbox 1177 4472 1298 4540; x_wconf 85' lang='lat' dir='ltr'><strong><em>quia</em></strong></span> <span class='ocrx_word' id='word_1_407' title='bbox 1329 4470 1488 4524; x_wconf 88' lang='lat' dir='ltr'><strong><em>latine</em></strong></span> <span class='ocrx_word' id='word_1_408' title='bbox 1516 4484 1619 4523; x_wconf 90' lang='lat' dir='ltr'><strong><em>non</em></strong></span> <span class='ocrx_word' id='word_1_409' title='bbox 1650 4468 1819 4539; x_wconf 89' lang='lat' dir='ltr'><strong><em>potuit</em></strong></span> <span class='ocrx_word' id='word_1_410' title='bbox 1850 4484 1947 4523; x_wconf 79' lang='lat' dir='ltr'><strong><em>ex-</em></strong></span> 
     </span>
    </p>
   </div>
   <div class='ocr_carea' id='block_1_47' title="bbox 365 4558 1947 4632">
    <p class='ocr_par' dir='ltr' id='par_1_47' title="bbox 365 4558 1947 4632">
     <span class='ocr_line' id='line_1_47' title="bbox 365 4558 1947 4632; baseline -0.003 -17"><span class='ocrx_word' id='word_1_411' title='bbox 365 4562 516 4631; x_wconf 84' lang='lat' dir='ltr'><strong><em>primi</em></strong></span> <span class='ocrx_word' id='word_1_412' title='bbox 547 4560 691 4632; x_wconf 90' lang='lat' dir='ltr'><strong><em>quod</em></strong></span> <span class='ocrx_word' id='word_1_413' title='bbox 719 4576 890 4630; x_wconf 79' lang='lat' dir='ltr'><strong><em>graece</em></strong></span> <span class='ocrx_word' id='word_1_414' title='bbox 914 4560 1115 4615; x_wconf 90' lang='lat' dir='ltr'><strong><em>dictum</em></strong></span> <span class='ocrx_word' id='word_1_415' title='bbox 1141 4570 1222 4615; x_wconf 90' lang='lat' dir='ltr'><strong><em>est</em></strong></span> <span class='ocrx_word' id='word_1_416' title='bbox 1246 4563 1648 4623; x_wconf 74' lang='grc' dir='ltr'><strong><em>ἀκουσιαισθιίσης,</em></strong></span> <span class='ocrx_word' id='word_1_417' title='bbox 1682 4572 1785 4612; x_wconf 89' lang='lat' dir='ltr'><strong><em>non</em></strong></span> <span class='ocrx_word' id='word_1_418' title='bbox 1805 4558 1947 4611; x_wconf 89' lang='lat' dir='ltr'><strong><em>enim</em></strong></span> 
     </span>
    </p>
   </div>
   <div class='ocr_carea' id='block_1_48' title="bbox 365 4648 1949 4722">
    <p class='ocr_par' dir='ltr' id='par_1_48' title="bbox 365 4648 1949 4722">
     <span class='ocr_line' id='line_1_48' title="bbox 365 4648 1949 4722; baseline -0.003 -17"><span class='ocrx_word' id='word_1_419' title='bbox 365 4652 535 4722; x_wconf 87' lang='lat' dir='ltr'><strong><em>potuit</em></strong></span> <span class='ocrx_word' id='word_1_420' title='bbox 558 4652 664 4706; x_wconf 89' lang='lat' dir='ltr'><strong><em>dici</em></strong></span> <span class='ocrx_word' id='word_1_421' title='bbox 690 4652 976 4716; x_wconf 88' lang='lat' dir='ltr'><strong><em>nolentata,</em></strong></span> <span class='ocrx_word' id='word_1_422' title='bbox 1002 4651 1084 4705; x_wconf 72' lang='lat' dir='ltr'><strong><em>vel</em></strong></span> <span class='ocrx_word' id='word_1_423' title='bbox 1112 4649 1237 4722; x_wconf 88' lang='lat' dir='ltr'><strong><em>quid</em></strong></span> <span class='ocrx_word' id='word_1_424' title='bbox 1258 4649 1397 4703; x_wconf 83' lang='lat' dir='ltr'><strong><em>aliud</em></strong></span> <span class='ocrx_word' id='word_1_425' title='bbox 1423 4650 1489 4702; x_wconf 87' lang='lat' dir='ltr'><strong><em>ab</em></strong></span> <span class='ocrx_word' id='word_1_426' title='bbox 1507 4663 1575 4705; x_wconf 90' lang='lat' dir='ltr'><strong><em>eo</em></strong></span> <span class='ocrx_word' id='word_1_427' title='bbox 1598 4648 1737 4719; x_wconf 87' lang='lat' dir='ltr'><strong><em>quod</em></strong></span> <span class='ocrx_word' id='word_1_428' title='bbox 1764 4649 1949 4702; x_wconf 83' lang='lat' dir='ltr'><strong><em>nolens</em></strong></span> 
     </span>
    </p>
   </div>
   <div class='ocr_carea' id='block_1_49' title="bbox 367 4742 573 4797">
    <p class='ocr_par' dir='ltr' id='par_1_49' title="bbox 367 4742 573 4797">
     <span class='ocr_line' id='line_1_49' title="bbox 367 4742 573 4797; baseline 0 0"><span class='ocrx_word' id='word_1_429' title='bbox 367 4742 573 4797; x_wconf 71' lang='lat' dir='ltr'><strong><em>iecerit.</em></strong></span> 
     </span>
    </p>
   </div>
   <div class='ocr_carea' id='block_1_50' title="bbox 438 4830 1953 4906">
    <p class='ocr_par' dir='ltr' id='par_1_50' title="bbox 438 4830 1953 4906">
     <span class='ocr_line' id='line_1_50' title="bbox 438 4830 1953 4906; baseline -0.003 -21"><span class='ocrx_word' id='word_1_430' title='bbox 438 4832 537 4904; x_wconf 87' lang='grc'><strong>[11).</strong></span> <span class='ocrx_word' id='word_1_431' title='bbox 708 4832 776 4887; x_wconf 80' lang='lat' dir='ltr'><strong><em>Et</em></strong></span> <span class='ocrx_word' id='word_1_432' title='bbox 804 4833 972 4887; x_wconf 89' lang='lat' dir='ltr'><strong><em>anima</em></strong></span> <span class='ocrx_word' id='word_1_433' title='bbox 993 4847 1312 4902; x_wconf 76' lang='lat' dir='ltr'><strong><em>quwcumque</em></strong></span> <span class='ocrx_word' id='word_1_434' title='bbox 1335 4830 1505 4899; x_wconf 80' lang='lat' dir='ltr'><strong><em>fecerit</em></strong></span> <span class='ocrx_word' id='word_1_435' title='bbox 1527 4830 1579 4883; x_wconf 86' lang='lat' dir='ltr'><strong><em>in</em></strong></span> <span class='ocrx_word' id='word_1_436' title='bbox 1596 4845 1748 4882; x_wconf 89' lang='lat' dir='ltr'><strong><em>manu</em></strong></span> <span class='ocrx_word' id='word_1_437' title='bbox 1769 4844 1953 4898; x_wconf 81' lang='lat' dir='ltr'><strong><em>super-</em></strong></span> 
     </span>
    </p>
   </div>
   <div class='ocr_carea' id='block_1_51' title="bbox 372 4922 1949 4993">
    <p class='ocr_par' dir='ltr' id='par_1_51' title="bbox 372 4922 1949 4993">
     <span class='ocr_line' id='line_1_51' title="bbox 372 4922 1949 4993; baseline -0.002 -17"><span class='ocrx_word' id='word_1_438' title='bbox 372 4924 502 4988; x_wconf 80' lang='lat' dir='ltr'><strong><em>bia&#39;;</em></strong></span> <span class='ocrx_word' id='word_1_439' title='bbox 530 4925 843 4979; x_wconf 87' lang='lat' dir='ltr'><strong><em>subauditur</em></strong></span> <span class='ocrx_word' id='word_1_440' title='bbox 864 4934 1167 4993; x_wconf 80' lang='lat' dir='ltr'><strong><em>peceatum:</em></strong></span> <span class='ocrx_word' id='word_1_441' title='bbox 1196 4922 1482 4977; x_wconf 88' lang='lat' dir='ltr'><strong><em>notandum</em></strong></span> <span class='ocrx_word' id='word_1_442' title='bbox 1509 4923 1667 4976; x_wconf 90' lang='lat' dir='ltr'><strong><em>etiam</em></strong></span> <span class='ocrx_word' id='word_1_443' title='bbox 1695 4922 1835 4991; x_wconf 88' lang='lat' dir='ltr'><strong><em>quod</em></strong></span> <span class='ocrx_word' id='word_1_444' title='bbox 1857 4922 1949 4987; x_wconf 90' lang='lat' dir='ltr'><strong><em>ait,</em></strong></span> 
     </span>
    </p>
   </div>
   <div class='ocr_carea' id='block_1_52' title="bbox 372 5012 1950 5086">
    <p class='ocr_par' dir='ltr' id='par_1_52' title="bbox 372 5012 1950 5086">
     <span class='ocr_line' id='line_1_52' title="bbox 372 5012 1950 5086; baseline -0.002 -20"><span class='ocrx_word' id='word_1_445' title='bbox 372 5031 522 5067; x_wconf 77' lang='lat' dir='ltr'><strong><em>utanu</em></strong></span> <span class='ocrx_word' id='word_1_446' title='bbox 563 5015 846 5086; x_wconf 69' lang='lat' dir='ltr'><strong><em>superbire,</em></strong></span> <span class='ocrx_word' id='word_1_447' title='bbox 886 5032 1097 5069; x_wconf 88' lang='lat' dir='ltr'><strong><em>manum</em></strong></span> <span class='ocrx_word' id='word_1_448' title='bbox 1129 5028 1332 5083; x_wconf 90' lang='lat' dir='ltr'><strong><em>ponens</em></strong></span> <span class='ocrx_word' id='word_1_449' title='bbox 1372 5028 1469 5082; x_wconf 89' lang='lat' dir='ltr'><strong><em>pro</em></strong></span> <span class='ocrx_word' id='word_1_450' title='bbox 1507 5026 1667 5081; x_wconf 84' lang='lat' dir='ltr'><strong><em>opere</em></strong></span> <span class='ocrx_word' id='word_1_451' title='bbox 1707 5012 1818 5067; x_wconf 85' lang='lat' dir='ltr'><strong><em>sive</em></strong></span> <span class='ocrx_word' id='word_1_452' title='bbox 1854 5026 1950 5079; x_wconf 86' lang='lat' dir='ltr'><strong><em>po-</em></strong></span> 
     </span>
    </p>
   </div>
   <div class='ocr_carea' id='block_1_53' title="bbox 374 5114 581 5159">
    <p class='ocr_par' dir='ltr' id='par_1_53' title="bbox 374 5114 581 5159">
     <span class='ocr_line' id='line_1_53' title="bbox 374 5114 581 5159; baseline -0.005 -1"><span class='ocrx_word' id='word_1_453' title='bbox 374 5114 581 5159; x_wconf 82' lang='lat' dir='ltr'><strong><em>testate.</em></strong></span> 
     </span>
    </p>
   </div>
   <div class='ocr_carea' id='block_1_54' title="bbox 441 5192 1953 5269">
    <p class='ocr_par' dir='ltr' id='par_1_54' title="bbox 441 5192 1953 5269">
     <span class='ocr_line' id='line_1_54' title="bbox 441 5192 1953 5269; baseline -0.002 -19"><span class='ocrx_word' id='word_1_454' title='bbox 441 5195 539 5268; x_wconf 86' lang='lat' dir='ltr'><strong><em>[lb.</em></strong></span> <span class='ocrx_word' id='word_1_455' title='bbox 564 5192 682 5269; x_wconf 79' lang='lat'><strong><em>35.]</em></strong></span> <span class='ocrx_word' id='word_1_456' title='bbox 709 5194 874 5251; x_wconf 69' lang='lat' dir='ltr'><strong><em>Morte</em></strong></span> <span class='ocrx_word' id='word_1_457' title='bbox 900 5196 1145 5250; x_wconf 85' lang='lat' dir='ltr'><strong><em>moriatur</em></strong></span> <span class='ocrx_word' id='word_1_458' title='bbox 1169 5197 1349 5262; x_wconf 79' lang='lat' dir='ltr'><strong><em>homo;</em></strong></span> <span class='ocrx_word' id='word_1_459' title='bbox 1374 5194 1597 5266; x_wconf 72' lang='lat' dir='ltr'><strong><em>lapidato</em></strong></span> <span class='ocrx_word' id='word_1_460' title='bbox 1619 5209 1733 5248; x_wconf 89' lang='lat' dir='ltr'><strong><em>eum</em></strong></span> <span class='ocrx_word' id='word_1_461' title='bbox 1762 5192 1953 5264; x_wconf 87' lang='lat' dir='ltr'><strong><em>lapidi-</em></strong></span> 
     </span>
    </p>
   </div>
   <div class='ocr_carea' id='block_1_55' title="bbox 371 5284 1953 5357">
    <p class='ocr_par' dir='ltr' id='par_1_55' title="bbox 371 5284 1953 5357">
     <span class='ocr_line' id='line_1_55' title="bbox 371 5284 1953 5357; baseline 0.001 -21"><span class='ocrx_word' id='word_1_462' title='bbox 371 5284 480 5351; x_wconf 84' lang='lat' dir='ltr'><strong><em>bus,</em></strong></span> <span class='ocrx_word' id='word_1_463' title='bbox 507 5285 673 5340; x_wconf 87' lang='lat' dir='ltr'><strong><em>omnis</em></strong></span> <span class='ocrx_word' id='word_1_464' title='bbox 691 5302 949 5357; x_wconf 80' lang='lat' dir='ltr'><strong><em>synagoga</em></strong></span> <span class='ocrx_word' id='word_1_465' title='bbox 972 5304 986 5341; x_wconf 88' lang='lat'><strong>:</strong></span> <span class='ocrx_word' id='word_1_466' title='bbox 1012 5297 1066 5340; x_wconf 92' lang='lat' dir='ltr'><strong><em>et</em></strong></span> <span class='ocrx_word' id='word_1_467' title='bbox 1092 5296 1251 5339; x_wconf 85' lang='lat' dir='ltr'><strong><em>morte</em></strong></span> <span class='ocrx_word' id='word_1_468' title='bbox 1274 5286 1538 5353; x_wconf 87' lang='lat' dir='ltr'><strong><em>moriatur,</em></strong></span> <span class='ocrx_word' id='word_1_469' title='bbox 1559 5295 1612 5342; x_wconf 90' lang='lat' dir='ltr'><strong><em>et</em></strong></span> <span class='ocrx_word' id='word_1_470' title='bbox 1633 5286 1856 5357; x_wconf 76' lang='lat' dir='ltr'><strong><em>lapidato</em></strong></span> <span class='ocrx_word' id='word_1_471' title='bbox 1878 5287 1953 5339; x_wconf 89' lang='lat' dir='ltr'><strong><em>la-</em></strong></span> 
     </span>
    </p>
   </div>
   <div class='ocr_carea' id='block_1_56' title="bbox 374 5374 1955 5449">
    <p class='ocr_par' dir='ltr' id='par_1_56' title="bbox 374 5374 1955 5449">
     <span class='ocr_line' id='line_1_56' title="bbox 374 5374 1955 5449; baseline 0.003 -24"><span class='ocrx_word' id='word_1_472' title='bbox 374 5376 604 5444; x_wconf 70' lang='lat' dir='ltr'><strong><em>pidibus,</em></strong></span> <span class='ocrx_word' id='word_1_473' title='bbox 629 5384 686 5430; x_wconf 89' lang='lat' dir='ltr'><strong><em>et</em></strong></span> <span class='ocrx_word' id='word_1_474' title='bbox 710 5374 936 5445; x_wconf 76' lang='lat' dir='ltr'><strong><em>lapidato</em></strong></span> <span class='ocrx_word' id='word_1_475' title='bbox 959 5419 974 5445; x_wconf 91' lang='lat'><strong><em>,</em></strong></span> <span class='ocrx_word' id='word_1_476' title='bbox 1001 5376 1164 5430; x_wconf 86' lang='lat' dir='ltr'><strong><em>omnis</em></strong></span> <span class='ocrx_word' id='word_1_477' title='bbox 1191 5392 1484 5449; x_wconf 82' lang='lat' dir='ltr'><strong><em>synagoga,</em></strong></span> <span class='ocrx_word' id='word_1_478' title='bbox 1512 5375 1803 5431; x_wconf 87' lang='lat' dir='ltr'><strong><em>locutiones</em></strong></span> <span class='ocrx_word' id='word_1_479' title='bbox 1832 5384 1955 5435; x_wconf 76' lang='lat' dir='ltr'><strong><em>Sunt</em></strong></span> 
     </span>
    </p>
   </div>
   <div class='ocr_carea' id='block_1_57' title="bbox 375 5467 833 5523">
    <p class='ocr_par' dir='ltr' id='par_1_57' title="bbox 375 5467 833 5523">
     <span class='ocr_line' id='line_1_57' title="bbox 375 5467 833 5523; baseline 0.013 -6"><span class='ocrx_word' id='word_1_480' title='bbox 375 5467 637 5520; x_wconf 68' lang='lat' dir='ltr'><strong><em>inusitatae</em></strong></span> <span class='ocrx_word' id='word_1_481' title='bbox 663 5467 833 5523; x_wconf 90' lang='lat' dir='ltr'><strong><em>nobis.</em></strong></span> 
     </span>
    </p>
   </div>
   <div class='ocr_carea' id='block_1_58' title="bbox 442 5554 1882 5633">
    <p class='ocr_par' dir='ltr' id='par_1_58' title="bbox 442 5554 1882 5633">
     <span class='ocr_line' id='line_1_58' title="bbox 442 5554 1882 5633; baseline 0.004 -26"><span class='ocrx_word' id='word_1_482' title='bbox 442 5554 545 5628; x_wconf 88' lang='lat' dir='ltr'><strong><em>[lb.</em></strong></span> <span class='ocrx_word' id='word_1_483' title='bbox 571 5570 688 5624; x_wconf 76' lang='lat' dir='ltr'><strong><em>XVI,</em></strong></span> <span class='ocrx_word' id='word_1_484' title='bbox 705 5555 815 5633; x_wconf 83' lang='grc'><strong>17.]</strong></span> <span class='ocrx_word' id='word_1_485' title='bbox 838 5557 903 5613; x_wconf 81' lang='lat' dir='ltr'><strong><em>Et</em></strong></span> <span class='ocrx_word' id='word_1_486' title='bbox 930 5559 1143 5630; x_wconf 83' lang='lat' dir='ltr'><strong><em>accipite</em></strong></span> <span class='ocrx_word' id='word_1_487' title='bbox 1169 5559 1355 5633; x_wconf 77' lang='lat' dir='ltr'><strong><em>singuli</em></strong></span> <span class='ocrx_word' id='word_1_488' title='bbox 1377 5559 1687 5614; x_wconf 82' lang='lat' dir='ltr'><strong><em>thuribulum</em></strong></span> <span class='ocrx_word' id='word_1_489' title='bbox 1715 5577 1882 5615; x_wconf 89' lang='lat' dir='ltr'><strong><em>suum.</em></strong></span> 
     </span>
    </p>
   </div>
   <div class='ocr_carea' id='block_1_59' title="bbox 433 5691 1952 5769">
    <p class='ocr_par' dir='ltr' id='par_1_59' title="bbox 433 5691 1952 5769">
     <span class='ocr_line' id='line_1_59' title="bbox 433 5691 1952 5769; baseline 0.001 -27"><span class='ocrx_word' id='word_1_490' title='bbox 433 5692 456 5726; x_wconf 83' lang='grc'>¹</span> <span class='ocrx_word' id='word_1_491' title='bbox 478 5693 616 5769; x_wconf 59' lang='lat' dir='ltr'><strong><em>gitti,</em></strong></span> <span class='ocrx_word' id='word_1_492' title='bbox 636 5691 757 5769; x_wconf 56' lang='lat' dir='ltr'><strong><em>elici.</em></strong></span> <span class='ocrx_word' id='word_1_493' title='bbox 777 5702 834 5769; x_wconf 43' lang='lat' dir='ltr'><strong><em>aut</em></strong></span> <span class='ocrx_word' id='word_1_494' title='bbox 851 5703 959 5748; x_wconf 74' lang='lat' dir='ltr'><strong><em>uss.</em></strong></span> <span class='ocrx_word' id='word_1_495' title='bbox 976 5695 1089 5769; x_wconf 85' lang='lat' dir='ltr'><strong><em>_t‘er_e</em></strong></span> <span class='ocrx_word' id='word_1_496' title='bbox 1106 5696 1177 5746; x_wconf 87' lang='lat' dir='ltr'><strong><em>uti</em></strong></span> <span class='ocrx_word' id='word_1_497' title='bbox 1199 5696 1325 5769; x_wconf 80' lang='lat' dir='ltr'><strong><em>apud</em></strong></span> <span class='ocrx_word' id='word_1_498' title='bbox 1346 5701 1475 5769; x_wconf 53' lang='lat' dir='ltr'><strong><em>LXX,</em></strong></span> <span class='ocrx_word' id='word_1_499' title='bbox 1492 5694 1518 5748; x_wconf 73' lang='grc' dir='ltr'><em>ε</em></span> <span class='ocrx_word' id='word_1_500' title='bbox 1536 5695 1661 5758; x_wconf 76' lang='lat' dir='ltr'><strong><em>men,</em></strong></span> <span class='ocrx_word' id='word_1_501' title='bbox 1679 5693 1807 5759; x_wconf 85' lang='lat' dir='ltr'><strong><em>quod</em></strong></span> <span class='ocrx_word' id='word_1_502' title='bbox 1820 5702 1952 5745; x_wconf 73' lang='lat' dir='ltr'><strong><em>Num.</em></strong></span> 
     </span>
    </p>
   </div>
   <div class='ocr_carea' id='block_1_60' title="bbox 376 5757 1475 5823">
    <p class='ocr_par' dir='ltr' id='par_1_60' title="bbox 376 5757 1475 5823">
     <span class='ocr_line' id='line_1_60' title="bbox 376 5757 1475 5823; baseline 0.002 -17"><span class='ocrx_word' id='word_1_503' title='bbox 376 5758 546 5823; x_wconf 54' lang='lat' dir='ltr'><strong><em>captiti</em></strong></span> <span class='ocrx_word' id='word_1_504' title='bbox 571 5764 624 5808; x_wconf 85' lang='lat' dir='ltr'><strong><em>et</em></strong></span> <span class='ocrx_word' id='word_1_505' title='bbox 644 5757 724 5819; x_wconf 70' lang='grc' dir='ltr'><strong><em>ὃὸ,</em></strong></span> <span class='ocrx_word' id='word_1_506' title='bbox 747 5759 951 5821; x_wconf 81' lang='lat' dir='ltr'><strong><em>aliisque</em></strong></span> <span class='ocrx_word' id='word_1_507' title='bbox 976 5759 1095 5810; x_wconf 82' lang='lat' dir='ltr'><strong><em>locis</em></strong></span> <span class='ocrx_word' id='word_1_508' title='bbox 1115 5760 1341 5821; x_wconf 83' lang='lat' dir='ltr'><strong><em>vertitur,</em></strong></span> <span class='ocrx_word' id='word_1_509' title='bbox 1365 5774 1396 5811; x_wconf 67' lang='lat' dir='ltr'><strong><em>tt</em></strong></span> <span class='ocrx_word' id='word_1_510' title='bbox 1412 5758 1475 5811; x_wconf 71' lang='lat' dir='ltr'><strong><em>si.</em></strong></span> 
     </span>
    </p>
   </div>
   <div class='ocr_carea' id='block_1_61' title="bbox 1662 377 2243 447">
    <p class='ocr_par' dir='ltr' id='par_1_61' title="bbox 1662 377 2243 447">
     <span class='ocr_line' id='line_1_61' title="bbox 1662 377 2243 447; baseline -0.007 -10"><span class='ocrx_word' id='word_1_511' title='bbox 1662 379 1865 437; x_wconf 79' lang='lat' dir='ltr'><strong><em>LlBER</em></strong></span> <span class='ocrx_word' id='word_1_512' title='bbox 1904 377 2243 447; x_wconf 77' lang='lat' dir='ltr'><strong><em>QUARTUS.</em></strong></span> 
     </span>
    </p>
   </div>
   <div class='ocr_carea' id='block_1_62' title="bbox 3481 376 3591 435">
    <p class='ocr_par' dir='ltr' id='par_1_62' title="bbox 3481 376 3591 435">
     <span class='ocr_line' id='line_1_62' title="bbox 3481 376 3591 435; baseline 0 0"><span class='ocrx_word' id='word_1_513' title='bbox 3481 376 3591 435; x_wconf 64' lang='grc' dir='ltr'>δῑὸ</span> 
     </span>
    </p>
   </div>
   <div class='ocr_carea' id='block_1_63' title="bbox 2088 486 3595 564">
    <p class='ocr_par' dir='ltr' id='par_1_63' title="bbox 2088 486 3595 564">
     <span class='ocr_line' id='line_1_63' title="bbox 2088 486 3595 564; baseline 0 -21"><span class='ocrx_word' id='word_1_514' title='bbox 2088 489 2188 564; x_wconf 83' lang='grc'><strong>[11).</strong></span> <span class='ocrx_word' id='word_1_515' title='bbox 2209 486 2325 563; x_wconf 74' lang='lat'><strong><em>35.]</em></strong></span> <span class='ocrx_word' id='word_1_516' title='bbox 2347 488 2411 543; x_wconf 81' lang='lat' dir='ltr'><strong><em>Et</em></strong></span> <span class='ocrx_word' id='word_1_517' title='bbox 2432 487 2791 545; x_wconf 80' lang='lat' dir='ltr'><strong><em>descenderunt</em></strong></span> <span class='ocrx_word' id='word_1_518' title='bbox 2818 487 2916 561; x_wconf 80' lang='lat' dir='ltr'><strong><em>ipsi</em></strong></span> <span class='ocrx_word' id='word_1_519' title='bbox 2938 496 2990 544; x_wconf 85' lang='lat' dir='ltr'><strong><em>et</em></strong></span> <span class='ocrx_word' id='word_1_520' title='bbox 3017 487 3187 542; x_wconf 86' lang='lat' dir='ltr'><strong><em>omnia</em></strong></span> <span class='ocrx_word' id='word_1_521' title='bbox 3211 501 3327 557; x_wconf 69' lang='lat' dir='ltr'><strong><em>qua</em></strong></span> <span class='ocrx_word' id='word_1_522' title='bbox 3346 498 3463 543; x_wconf 90' lang='lat' dir='ltr'><strong><em>sunt</em></strong></span> <span class='ocrx_word' id='word_1_523' title='bbox 3482 490 3553 543; x_wconf 86' lang='lat' dir='ltr'><strong><em>eis</em></strong></span> <span class='ocrx_word' id='word_1_524' title='bbox 3572 506 3595 543; x_wconf 83' lang='lat'><strong><em>:</em></strong></span> 
     </span>
    </p>
   </div>
   <div class='ocr_carea' id='block_1_64' title="bbox 2019 577 3595 651">
    <p class='ocr_par' dir='ltr' id='par_1_64' title="bbox 2019 577 3595 651">
     <span class='ocr_line' id='line_1_64' title="bbox 2019 577 3595 651; baseline 0 -17"><span class='ocrx_word' id='word_1_525' title='bbox 2019 596 2254 649; x_wconf 78' lang='lat' dir='ltr'><strong><em>praesens</em></strong></span> <span class='ocrx_word' id='word_1_526' title='bbox 2287 580 2460 651; x_wconf 90' lang='lat' dir='ltr'><strong><em>posuit</em></strong></span> <span class='ocrx_word' id='word_1_527' title='bbox 2486 595 2582 650; x_wconf 86' lang='lat' dir='ltr'><strong><em>pro</em></strong></span> <span class='ocrx_word' id='word_1_528' title='bbox 2609 580 2905 651; x_wconf 63' lang='lat' dir='ltr'><strong><em>praeterito,</em></strong></span> <span class='ocrx_word' id='word_1_529' title='bbox 2932 587 3048 633; x_wconf 89' lang='lat' dir='ltr'><strong><em>sunt</em></strong></span> <span class='ocrx_word' id='word_1_530' title='bbox 3073 592 3169 648; x_wconf 85' lang='lat' dir='ltr'><strong><em>pro</em></strong></span> <span class='ocrx_word' id='word_1_531' title='bbox 3190 585 3344 633; x_wconf 86' lang='lat' dir='ltr'><strong><em>erant</em></strong></span> <span class='ocrx_word' id='word_1_532' title='bbox 3366 577 3452 634; x_wconf 84' lang='lat' dir='ltr'><strong><em>vel</em></strong></span> <span class='ocrx_word' id='word_1_533' title='bbox 3477 577 3595 634; x_wconf 87' lang='lat' dir='ltr'><strong><em>l&#39;ue-</em></strong></span> 
     </span>
    </p>
   </div>
   <div class='ocr_carea' id='block_1_65' title="bbox 2021 678 2163 724">
    <p class='ocr_par' dir='ltr' id='par_1_65' title="bbox 2021 678 2163 724">
     <span class='ocr_line' id='line_1_65' title="bbox 2021 678 2163 724; baseline -0.014 -1"><span class='ocrx_word' id='word_1_534' title='bbox 2021 678 2163 724; x_wconf 88' lang='lat' dir='ltr'><strong><em>runt.</em></strong></span> 
     </span>
    </p>
   </div>
   <div class='ocr_carea' id='block_1_66' title="bbox 2093 758 3601 835">
    <p class='ocr_par' dir='ltr' id='par_1_66' title="bbox 2093 758 3601 835">
     <span class='ocr_line' id='line_1_66' title="bbox 2093 758 3601 835; baseline -0.001 -21"><span class='ocrx_word' id='word_1_535' title='bbox 2093 760 2193 835; x_wconf 90' lang='lat' dir='ltr'><strong><em>[lb.</em></strong></span> <span class='ocrx_word' id='word_1_536' title='bbox 2217 758 2330 833; x_wconf 67' lang='lat'><strong><em>34.]</em></strong></span> <span class='ocrx_word' id='word_1_537' title='bbox 2370 760 2436 816; x_wconf 86' lang='lat' dir='ltr'><strong><em>Et</em></strong></span> <span class='ocrx_word' id='word_1_538' title='bbox 2460 761 2621 816; x_wconf 91' lang='lat' dir='ltr'><strong><em>omnis</em></strong></span> <span class='ocrx_word' id='word_1_539' title='bbox 2646 758 2814 817; x_wconf 87' lang='lat' dir='ltr'><strong><em>Israel</em></strong></span> <span class='ocrx_word' id='word_1_540' title='bbox 2838 761 2925 833; x_wconf 86' lang='lat' dir='ltr'><strong><em>qui</em></strong></span> <span class='ocrx_word' id='word_1_541' title='bbox 2960 759 3016 815; x_wconf 87' lang='lat' dir='ltr'><strong><em>in</em></strong></span> <span class='ocrx_word' id='word_1_542' title='bbox 3046 759 3263 815; x_wconf 79' lang='lat' dir='ltr'><strong><em>circuitu</em></strong></span> <span class='ocrx_word' id='word_1_543' title='bbox 3287 773 3492 826; x_wconf 87' lang='lat' dir='ltr'><strong><em>eorum,</em></strong></span> <span class='ocrx_word' id='word_1_544' title='bbox 3516 762 3601 831; x_wconf 76' lang='lat' dir='ltr'><strong><em>[u-</em></strong></span> 
     </span>
    </p>
   </div>
   <div class='ocr_carea' id='block_1_67' title="bbox 2020 850 3599 923">
    <p class='ocr_par' dir='ltr' id='par_1_67' title="bbox 2020 850 3599 923">
     <span class='ocr_line' id='line_1_67' title="bbox 2020 850 3599 923; baseline 0.001 -18"><span class='ocrx_word' id='word_1_545' title='bbox 2020 862 2199 923; x_wconf 71' lang='lat' dir='ltr'><strong><em>gcrunt</em></strong></span> <span class='ocrx_word' id='word_1_546' title='bbox 2222 870 2253 906; x_wconf 91' lang='lat' dir='ltr'><strong><em>a</em></strong></span> <span class='ocrx_word' id='word_1_547' title='bbox 2274 868 2396 907; x_wconf 74' lang='lat' dir='ltr'><strong><em>uoce</em></strong></span> <span class='ocrx_word' id='word_1_548' title='bbox 2435 869 2605 908; x_wconf 88' lang='lat' dir='ltr'><strong><em>eorum</em></strong></span> <span class='ocrx_word' id='word_1_549' title='bbox 2633 871 2649 909; x_wconf 91' lang='lat'>:</span> <span class='ocrx_word' id='word_1_550' title='bbox 2685 852 2995 908; x_wconf 86' lang='lat' dir='ltr'><strong><em>subauditur</em></strong></span> <span class='ocrx_word' id='word_1_551' title='bbox 3022 858 3171 918; x_wconf 85' lang='lat' dir='ltr'><strong><em>erat;</em></strong></span> <span class='ocrx_word' id='word_1_552' title='bbox 3202 850 3254 906; x_wconf 91' lang='lat' dir='ltr'><strong><em>id</em></strong></span> <span class='ocrx_word' id='word_1_553' title='bbox 3282 858 3401 918; x_wconf 84' lang='lat' dir='ltr'><strong><em>est,</em></strong></span> <span class='ocrx_word' id='word_1_554' title='bbox 3423 853 3599 909; x_wconf 85' lang='lat' dir='ltr'><strong><em>omnis</em></strong></span> 
     </span>
    </p>
   </div>
   <div class='ocr_carea' id='block_1_68' title="bbox 2026 945 3010 1014">
    <p class='ocr_par' dir='ltr' id='par_1_68' title="bbox 2026 945 3010 1014">
     <span class='ocr_line' id='line_1_68' title="bbox 2026 945 3010 1014; baseline 0 -17"><span class='ocrx_word' id='word_1_555' title='bbox 2026 945 2183 999; x_wconf 84' lang='lat' dir='ltr'><strong><em>Israel</em></strong></span> <span class='ocrx_word' id='word_1_556' title='bbox 2211 946 2299 1014; x_wconf 85' lang='lat' dir='ltr'><strong><em>qui</em></strong></span> <span class='ocrx_word' id='word_1_557' title='bbox 2325 955 2439 1000; x_wconf 88' lang='lat' dir='ltr'><strong><em>erat</em></strong></span> <span class='ocrx_word' id='word_1_558' title='bbox 2466 945 2520 1000; x_wconf 88' lang='lat' dir='ltr'><strong><em>in</em></strong></span> <span class='ocrx_word' id='word_1_559' title='bbox 2548 945 2773 1000; x_wconf 90' lang='lat' dir='ltr'><strong><em>circuitu</em></strong></span> <span class='ocrx_word' id='word_1_560' title='bbox 2803 959 3010 1000; x_wconf 88' lang='lat' dir='ltr'><strong><em>eorum.</em></strong></span> 
     </span>
    </p>
   </div>
   <div class='ocr_carea' id='block_1_69' title="bbox 2074 1032 3603 1108">
    <p class='ocr_par' dir='ltr' id='par_1_69' title="bbox 2074 1032 3603 1108">
     <span class='ocr_line' id='line_1_69' title="bbox 2074 1032 3603 1108; baseline -0.001 -20"><span class='ocrx_word' id='word_1_561' title='bbox 2074 1034 2150 1106; x_wconf 76' lang='lat' dir='ltr'><strong><em>[Ib</em></strong></span> <span class='ocrx_word' id='word_1_562' title='bbox 2161 1032 2291 1108; x_wconf 80' lang='lat'><strong><em>.37.]</em></strong></span> <span class='ocrx_word' id='word_1_563' title='bbox 2307 1034 2555 1102; x_wconf 85' lang='lat' dir='ltr'><strong><em>Quoniam</em></strong></span> <span class='ocrx_word' id='word_1_564' title='bbox 2570 1036 3002 1105; x_wconf 76' lang='lat' dir='ltr'><strong><em>sanctiﬁcaoerunt</em></strong></span> <span class='ocrx_word' id='word_1_565' title='bbox 3017 1033 3273 1089; x_wconf 82' lang='lat' dir='ltr'><strong><em>thuribula</em></strong></span> <span class='ocrx_word' id='word_1_566' title='bbox 3287 1042 3603 1103; x_wconf 76' lang='lat' dir='ltr'><strong><em>peccatorum</em></strong></span> 
     </span>
    </p>
   </div>
   <div class='ocr_carea' id='block_1_70' title="bbox 2027 1124 3603 1194">
    <p class='ocr_par' dir='ltr' id='par_1_70' title="bbox 2027 1124 3603 1194">
     <span class='ocr_line' id='line_1_70' title="bbox 2027 1124 3603 1194; baseline 0.001 -16"><span class='ocrx_word' id='word_1_567' title='bbox 2027 1125 2205 1191; x_wconf 80' lang='lat' dir='ltr'><strong><em>horum</em></strong></span> <span class='ocrx_word' id='word_1_568' title='bbox 2231 1126 2284 1180; x_wconf 88' lang='lat' dir='ltr'><strong><em>in</em></strong></span> <span class='ocrx_word' id='word_1_569' title='bbox 2308 1126 2570 1181; x_wconf 73' lang='lat' dir='ltr'><strong><em>animabus</em></strong></span> <span class='ocrx_word' id='word_1_570' title='bbox 2596 1126 2699 1181; x_wconf 85' lang='lat' dir='ltr'><strong><em>suis</em></strong></span> <span class='ocrx_word' id='word_1_571' title='bbox 2723 1141 2741 1180; x_wconf 93' lang='lat'><strong><em>:</em></strong></span> <span class='ocrx_word' id='word_1_572' title='bbox 2767 1141 2870 1181; x_wconf 90' lang='lat' dir='ltr'><strong><em>non</em></strong></span> <span class='ocrx_word' id='word_1_573' title='bbox 2896 1124 3061 1192; x_wconf 80' lang='lat' dir='ltr'><strong><em>dixit,</em></strong></span> <span class='ocrx_word' id='word_1_574' title='bbox 3091 1124 3213 1194; x_wconf 84' lang='lat' dir='ltr'><strong><em>quia</em></strong></span> <span class='ocrx_word' id='word_1_575' title='bbox 3237 1124 3603 1179; x_wconf 80' lang='lat' dir='ltr'><strong><em>sanctiﬁcave-</em></strong></span> 
     </span>
    </p>
   </div>
   <div class='ocr_carea' id='block_1_71' title="bbox 2027 1215 3605 1288">
    <p class='ocr_par' dir='ltr' id='par_1_71' title="bbox 2027 1215 3605 1288">
     <span class='ocr_line' id='line_1_71' title="bbox 2027 1215 3605 1288; baseline -0.002 -16"><span class='ocrx_word' id='word_1_576' title='bbox 2027 1229 2154 1272; x_wconf 84' lang='lat' dir='ltr'><strong><em>runt</em></strong></span> <span class='ocrx_word' id='word_1_577' title='bbox 2182 1217 2444 1273; x_wconf 88' lang='lat' dir='ltr'><strong><em>thuribula</em></strong></span> <span class='ocrx_word' id='word_1_578' title='bbox 2495 1226 2800 1288; x_wconf 87' lang='lat' dir='ltr'><strong><em>peceatores</em></strong></span> <span class='ocrx_word' id='word_1_579' title='bbox 2828 1216 2882 1272; x_wconf 89' lang='lat' dir='ltr'><strong><em>bi</em></strong></span> <span class='ocrx_word' id='word_1_580' title='bbox 2920 1217 2975 1271; x_wconf 86' lang='lat' dir='ltr'><strong><em>in</em></strong></span> <span class='ocrx_word' id='word_1_581' title='bbox 3019 1215 3295 1271; x_wconf 78' lang='lat' dir='ltr'><strong><em>animabus</em></strong></span> <span class='ocrx_word' id='word_1_582' title='bbox 3338 1216 3480 1282; x_wconf 90' lang='lat' dir='ltr'><strong><em>suis;</em></strong></span> <span class='ocrx_word' id='word_1_583' title='bbox 3512 1217 3605 1270; x_wconf 84' lang='lat' dir='ltr'><strong><em>sed</em></strong></span> 
     </span>
    </p>
   </div>
   <div class='ocr_carea' id='block_1_72' title="bbox 2028 1304 3608 1378">
    <p class='ocr_par' dir='ltr' id='par_1_72' title="bbox 2028 1304 3608 1378">
     <span class='ocr_line' id='line_1_72' title="bbox 2028 1304 3608 1378; baseline -0.001 -17"><span class='ocrx_word' id='word_1_584' title='bbox 2028 1308 2179 1377; x_wconf 87' lang='lat' dir='ltr'><strong><em>quasi</em></strong></span> <span class='ocrx_word' id='word_1_585' title='bbox 2209 1316 2538 1377; x_wconf 64' lang='lat' dir='ltr'><strong><em>quaereretur</em></strong></span> <span class='ocrx_word' id='word_1_586' title='bbox 2561 1322 2785 1378; x_wconf 88' lang='lat' dir='ltr'><strong><em>quorum</em></strong></span> <span class='ocrx_word' id='word_1_587' title='bbox 2812 1306 3075 1361; x_wconf 79' lang='lat' dir='ltr'><strong><em>tlinribula</em></strong></span> <span class='ocrx_word' id='word_1_588' title='bbox 3104 1319 3203 1375; x_wconf 88' lang='lat' dir='ltr'><strong><em>pro</em></strong></span> <span class='ocrx_word' id='word_1_589' title='bbox 3232 1320 3295 1359; x_wconf 90' lang='lat' dir='ltr'><strong><em>eo</em></strong></span> <span class='ocrx_word' id='word_1_590' title='bbox 3320 1314 3378 1359; x_wconf 88' lang='lat' dir='ltr'><strong><em>ut</em></strong></span> <span class='ocrx_word' id='word_1_591' title='bbox 3405 1304 3608 1361; x_wconf 85' lang='lat' dir='ltr'><strong><em>diceret</em></strong></span> 
     </span>
    </p>
   </div>
   <div class='ocr_carea' id='block_1_73' title="bbox 2028 1395 3607 1468">
    <p class='ocr_par' dir='ltr' id='par_1_73' title="bbox 2028 1395 3607 1468">
     <span class='ocr_line' id='line_1_73' title="bbox 2028 1395 3607 1468; baseline -0.003 -16"><span class='ocrx_word' id='word_1_592' title='bbox 2028 1413 2143 1463; x_wconf 87' lang='lat' dir='ltr'><strong><em>sua,</em></strong></span> <span class='ocrx_word' id='word_1_593' title='bbox 2172 1399 2322 1467; x_wconf 82' lang='lat' dir='ltr'><strong><em>dixit,</em></strong></span> <span class='ocrx_word' id='word_1_594' title='bbox 2346 1408 2660 1468; x_wconf 86' lang='lat' dir='ltr'><strong><em>peccatorum</em></strong></span> <span class='ocrx_word' id='word_1_595' title='bbox 2684 1398 2880 1452; x_wconf 79' lang='lat' dir='ltr'><strong><em>horum.</em></strong></span> <span class='ocrx_word' id='word_1_596' title='bbox 2912 1396 3011 1465; x_wconf 88' lang='lat' dir='ltr'><strong><em>Qui</em></strong></span> <span class='ocrx_word' id='word_1_597' title='bbox 3035 1404 3213 1451; x_wconf 84' lang='lat' dir='ltr'><strong><em>autem</em></strong></span> <span class='ocrx_word' id='word_1_598' title='bbox 3242 1395 3607 1451; x_wconf 76' lang='lat' dir='ltr'><strong><em>sanetilicave~</em></strong></span> 
     </span>
    </p>
   </div>
   <div class='ocr_carea' id='block_1_74' title="bbox 2028 1489 3359 1562">
    <p class='ocr_par' dir='ltr' id='par_1_74' title="bbox 2028 1489 3359 1562">
     <span class='ocr_line' id='line_1_74' title="bbox 2028 1489 3359 1562; baseline -0.002 -18"><span class='ocrx_word' id='word_1_599' title='bbox 2028 1491 2156 1555; x_wconf 83' lang='lat' dir='ltr'><strong><em>rint,</em></strong></span> <span class='ocrx_word' id='word_1_600' title='bbox 2186 1491 2588 1561; x_wconf 86' lang='lat' dir='ltr'><strong><em>intelligendum</em></strong></span> <span class='ocrx_word' id='word_1_601' title='bbox 2618 1491 2849 1562; x_wconf 87' lang='lat' dir='ltr'><strong><em>reliquit,</em></strong></span> <span class='ocrx_word' id='word_1_602' title='bbox 2881 1489 2932 1545; x_wconf 92' lang='lat' dir='ltr'><strong><em>id</em></strong></span> <span class='ocrx_word' id='word_1_603' title='bbox 2960 1499 3063 1554; x_wconf 89' lang='lat' dir='ltr'><strong><em>est,</em></strong></span> <span class='ocrx_word' id='word_1_604' title='bbox 3089 1489 3209 1560; x_wconf 87' lang='lat' dir='ltr'><strong><em>quia</em></strong></span> <span class='ocrx_word' id='word_1_605' title='bbox 3236 1489 3359 1558; x_wconf 89' lang='lat' dir='ltr'><strong><em>ipsi.</em></strong></span> 
     </span>
    </p>
   </div>
   <div class='ocr_carea' id='block_1_75' title="bbox 2100 1575 3609 1655">
    <p class='ocr_par' dir='ltr' id='par_1_75' title="bbox 2100 1575 3609 1655">
     <span class='ocr_line' id='line_1_75' title="bbox 2100 1575 3609 1655; baseline -0.004 -19"><span class='ocrx_word' id='word_1_606' title='bbox 2100 1580 2202 1655; x_wconf 90' lang='lat' dir='ltr'><strong><em>[lb.</em></strong></span> <span class='ocrx_word' id='word_1_607' title='bbox 2225 1598 2360 1649; x_wconf 80' lang='lat' dir='ltr'><strong><em>xvu,</em></strong></span> <span class='ocrx_word' id='word_1_608' title='bbox 2375 1580 2453 1654; x_wconf 88' lang='lat'><strong><em>8.]</em></strong></span> <span class='ocrx_word' id='word_1_609' title='bbox 2472 1575 2542 1636; x_wconf 82' lang='lat' dir='ltr'><strong><em>Et</em></strong></span> <span class='ocrx_word' id='word_1_610' title='bbox 2559 1599 2668 1637; x_wconf 84' lang='lat' dir='ltr'><strong><em>ecce</em></strong></span> <span class='ocrx_word' id='word_1_611' title='bbox 2680 1581 2974 1653; x_wconf 75' lang='lat' dir='ltr'><strong><em>germinavit</em></strong></span> <span class='ocrx_word' id='word_1_612' title='bbox 2994 1581 3131 1650; x_wconf 86' lang='lat' dir='ltr'><strong><em>virga</em></strong></span> <span class='ocrx_word' id='word_1_613' title='bbox 3144 1579 3315 1634; x_wconf 77' lang='lat' dir='ltr'><strong><em>Aaron</em></strong></span> <span class='ocrx_word' id='word_1_614' title='bbox 3338 1580 3389 1632; x_wconf 89' lang='lat' dir='ltr'><strong><em>in</em></strong></span> <span class='ocrx_word' id='word_1_615' title='bbox 3405 1578 3609 1632; x_wconf 81' lang='lat' dir='ltr'><strong><em>domum</em></strong></span> 
     </span>
    </p>
   </div>
   <div class='ocr_carea' id='block_1_76' title="bbox 2031 1670 3584 1740">
    <p class='ocr_par' dir='ltr' id='par_1_76' title="bbox 2031 1670 3584 1740">
     <span class='ocr_line' id='line_1_76' title="bbox 2031 1670 3584 1740; baseline -0.005 -12"><span class='ocrx_word' id='word_1_616' title='bbox 2031 1672 2152 1728; x_wconf 78' lang='lat' dir='ltr'><strong><em>Levi</em></strong></span> <span class='ocrx_word' id='word_1_617' title='bbox 2177 1692 2191 1729; x_wconf 90' lang='lat'><strong>:</strong></span> <span class='ocrx_word' id='word_1_618' title='bbox 2216 1674 2379 1729; x_wconf 86' lang='lat' dir='ltr'><strong><em>latina</em></strong></span> <span class='ocrx_word' id='word_1_619' title='bbox 2404 1673 2731 1729; x_wconf 88' lang='lat' dir='ltr'><strong><em>consuetudo</em></strong></span> <span class='ocrx_word' id='word_1_620' title='bbox 2747 1712 2766 1740; x_wconf 94' lang='lat'><strong><em>,</em></strong></span> <span class='ocrx_word' id='word_1_621' title='bbox 2790 1673 2842 1727; x_wconf 90' lang='lat' dir='ltr'><strong><em>in</em></strong></span> <span class='ocrx_word' id='word_1_622' title='bbox 2872 1672 3031 1728; x_wconf 87' lang='lat' dir='ltr'><strong><em>domo</em></strong></span> <span class='ocrx_word' id='word_1_623' title='bbox 3056 1670 3185 1726; x_wconf 89' lang='lat' dir='ltr'><strong><em>Levi</em></strong></span> <span class='ocrx_word' id='word_1_624' title='bbox 3212 1671 3445 1739; x_wconf 81' lang='lat' dir='ltr'><strong><em>exigeret</em></strong></span> <span class='ocrx_word' id='word_1_625' title='bbox 3463 1670 3584 1725; x_wconf 88' lang='lat' dir='ltr'><strong><em>dici.</em></strong></span> 
     </span>
    </p>
   </div>
   <div class='ocr_carea' id='block_1_77' title="bbox 2106 1761 3614 1838">
    <p class='ocr_par' dir='ltr' id='par_1_77' title="bbox 2106 1761 3614 1838">
     <span class='ocr_line' id='line_1_77' title="bbox 2106 1761 3614 1838; baseline -0.001 -19"><span class='ocrx_word' id='word_1_626' title='bbox 2106 1762 2201 1837; x_wconf 89' lang='lat' dir='ltr'><strong><em>[lb.</em></strong></span> <span class='ocrx_word' id='word_1_627' title='bbox 2221 1782 2373 1831; x_wconf 86' lang='lat' dir='ltr'><strong><em>xvut,</em></strong></span> <span class='ocrx_word' id='word_1_628' title='bbox 2397 1763 2474 1838; x_wconf 87' lang='lat'><strong><em>6.]</em></strong></span> <span class='ocrx_word' id='word_1_629' title='bbox 2512 1763 2581 1819; x_wconf 81' lang='lat' dir='ltr'><strong><em>Et</em></strong></span> <span class='ocrx_word' id='word_1_630' title='bbox 2601 1780 2691 1836; x_wconf 87' lang='lat' dir='ltr'><strong><em>ego</em></strong></span> <span class='ocrx_word' id='word_1_631' title='bbox 2716 1764 2888 1835; x_wconf 84' lang='lat' dir='ltr'><strong><em>accepi</em></strong></span> <span class='ocrx_word' id='word_1_632' title='bbox 2913 1763 3095 1833; x_wconf 80' lang='lat' dir='ltr'><strong><em>fratres</em></strong></span> <span class='ocrx_word' id='word_1_633' title='bbox 3118 1771 3303 1816; x_wconf 76' lang='lat' dir='ltr'><strong><em>vestros</em></strong></span> <span class='ocrx_word' id='word_1_634' title='bbox 3335 1761 3527 1817; x_wconf 86' lang='lat' dir='ltr'><strong><em>Levitas</em></strong></span> <span class='ocrx_word' id='word_1_635' title='bbox 3552 1763 3614 1817; x_wconf 80' lang='lat' dir='ltr'><strong><em>de</em></strong></span> 
     </span>
    </p>
   </div>
   <div class='ocr_carea' id='block_1_78' title="bbox 2033 1852 3614 1924">
    <p class='ocr_par' dir='ltr' id='par_1_78' title="bbox 2033 1852 3614 1924">
     <span class='ocr_line' id='line_1_78' title="bbox 2033 1852 3614 1924; baseline -0.003 -15"><span class='ocrx_word' id='word_1_636' title='bbox 2033 1856 2195 1909; x_wconf 88' lang='lat' dir='ltr'><strong><em>medio</em></strong></span> <span class='ocrx_word' id='word_1_637' title='bbox 2216 1857 2440 1924; x_wconf 79' lang='lat' dir='ltr'><strong><em>ﬁliorum</em></strong></span> <span class='ocrx_word' id='word_1_638' title='bbox 2465 1854 2628 1911; x_wconf 89' lang='lat' dir='ltr'><strong><em>Israel</em></strong></span> <span class='ocrx_word' id='word_1_639' title='bbox 2648 1854 2899 1909; x_wconf 85' lang='lat' dir='ltr'><strong><em>dationem</em></strong></span> <span class='ocrx_word' id='word_1_640' title='bbox 2924 1853 3095 1908; x_wconf 84' lang='lat' dir='ltr'><strong><em>datam</em></strong></span> <span class='ocrx_word' id='word_1_641' title='bbox 3115 1852 3333 1908; x_wconf 87' lang='lat' dir='ltr'><strong><em>Domino</em></strong></span> <span class='ocrx_word' id='word_1_642' title='bbox 3357 1868 3377 1907; x_wconf 90' lang='lat'><strong><em>:</em></strong></span> <span class='ocrx_word' id='word_1_643' title='bbox 3397 1852 3508 1907; x_wconf 56' lang='lat' dir='ltr'><strong><em>hac</em></strong></span> <span class='ocrx_word' id='word_1_644' title='bbox 3534 1854 3614 1906; x_wconf 62' lang='lat' dir='ltr'><strong><em>lno</em></strong></span> 
     </span>
    </p>
   </div>
   <div class='ocr_carea' id='block_1_79' title="bbox 2033 1942 3615 1999">
    <p class='ocr_par' dir='ltr' id='par_1_79' title="bbox 2033 1942 3615 1999">
     <span class='ocr_line' id='line_1_79' title="bbox 2033 1942 3615 1999; baseline -0.001 -1"><span class='ocrx_word' id='word_1_645' title='bbox 2033 1945 2175 1998; x_wconf 87' lang='lat' dir='ltr'><strong><em>cutio</em></strong></span> <span class='ocrx_word' id='word_1_646' title='bbox 2218 1945 2269 1998; x_wconf 91' lang='lat' dir='ltr'><strong><em>in</em></strong></span> <span class='ocrx_word' id='word_1_647' title='bbox 2317 1945 2535 1999; x_wconf 89' lang='lat' dir='ltr'><strong><em>latinum</em></strong></span> <span class='ocrx_word' id='word_1_648' title='bbox 2571 1945 2884 1999; x_wconf 85' lang='lat' dir='ltr'><strong><em>necessitate</em></strong></span> <span class='ocrx_word' id='word_1_649' title='bbox 2935 1944 3003 1998; x_wconf 84' lang='lat' dir='ltr'><strong><em>ita</em></strong></span> <span class='ocrx_word' id='word_1_650' title='bbox 3049 1942 3302 1998; x_wconf 86' lang='lat' dir='ltr'><strong><em>translata</em></strong></span> <span class='ocrx_word' id='word_1_651' title='bbox 3344 1952 3443 1997; x_wconf 86' lang='lat' dir='ltr'><strong><em>cst.</em></strong></span> <span class='ocrx_word' id='word_1_652' title='bbox 3482 1943 3615 1997; x_wconf 79' lang='lat' dir='ltr'><strong><em>Nam</em></strong></span> 
     </span>
    </p>
   </div>
   <div class='ocr_carea' id='block_1_80' title="bbox 2032 2033 3617 2107">
    <p class='ocr_par' dir='ltr' id='par_1_80' title="bbox 2032 2033 3617 2107">
     <span class='ocr_line' id='line_1_80' title="bbox 2032 2033 3617 2107; baseline -0.002 -17"><span class='ocrx_word' id='word_1_653' title='bbox 2032 2051 2238 2107; x_wconf 70' lang='lat' dir='ltr'><strong><em>graecus</em></strong></span> <span class='ocrx_word' id='word_1_654' title='bbox 2267 2035 2427 2091; x_wconf 80' lang='lat' dir='ltr'><strong><em>habet</em></strong></span> <span class='ocrx_word' id='word_1_655' title='bbox 2457 2041 2578 2104; x_wconf 76' lang='grc' dir='ltr'><strong><em>δόμα</em></strong></span> <span class='ocrx_word' id='word_1_656' title='bbox 2606 2040 2861 2103; x_wconf 51' lang='lat' dir='ltr'><strong><em>artoptae,</em></strong></span> <span class='ocrx_word' id='word_1_657' title='bbox 2887 2034 3029 2105; x_wconf 88' lang='lat' dir='ltr'><strong><em>quod</em></strong></span> <span class='ocrx_word' id='word_1_658' title='bbox 3065 2035 3108 2089; x_wconf 72' lang='lat' dir='ltr'><strong><em>si</em></strong></span> <span class='ocrx_word' id='word_1_659' title='bbox 3148 2033 3426 2104; x_wconf 85' lang='lat' dir='ltr'><strong><em>quisquam</em></strong></span> <span class='ocrx_word' id='word_1_660' title='bbox 3457 2033 3617 2087; x_wconf 88' lang='lat' dir='ltr'><strong><em>lat-ine</em></strong></span> 
     </span>
    </p>
   </div>
   <div class='ocr_carea' id='block_1_81' title="bbox 2036 2125 3621 2196">
    <p class='ocr_par' dir='ltr' id='par_1_81' title="bbox 2036 2125 3621 2196">
     <span class='ocr_line' id='line_1_81' title="bbox 2036 2125 3621 2196; baseline 0 -17"><span class='ocrx_word' id='word_1_661' title='bbox 2036 2128 2165 2183; x_wconf 82' lang='lat' dir='ltr'><strong><em>velit</em></strong></span> <span class='ocrx_word' id='word_1_662' title='bbox 2189 2128 2487 2196; x_wconf 68' lang='lat' dir='ltr'><strong><em>exprimere</em></strong></span> <span class='ocrx_word' id='word_1_663' title='bbox 2506 2167 2521 2193; x_wconf 89' lang='lat'><strong><em>,</em></strong></span> <span class='ocrx_word' id='word_1_664' title='bbox 2553 2127 2791 2182; x_wconf 89' lang='lat' dir='ltr'><strong><em>dicturus</em></strong></span> <span class='ocrx_word' id='word_1_665' title='bbox 2818 2134 2932 2192; x_wconf 87' lang='lat' dir='ltr'><strong><em>est,</em></strong></span> <span class='ocrx_word' id='word_1_666' title='bbox 2964 2125 3143 2180; x_wconf 86' lang='lat' dir='ltr'><strong><em>datum</em></strong></span> <span class='ocrx_word' id='word_1_667' title='bbox 3171 2125 3381 2190; x_wconf 89' lang='lat' dir='ltr'><strong><em>datum,</em></strong></span> <span class='ocrx_word' id='word_1_668' title='bbox 3408 2125 3527 2195; x_wconf 90' lang='lat' dir='ltr'><strong><em>quia</em></strong></span> <span class='ocrx_word' id='word_1_669' title='bbox 3566 2132 3621 2179; x_wconf 87' lang='lat' dir='ltr'><strong><em>et</em></strong></span> 
     </span>
    </p>
   </div>
   <div class='ocr_carea' id='block_1_82' title="bbox 2038 2215 3619 2288">
    <p class='ocr_par' dir='ltr' id='par_1_82' title="bbox 2038 2215 3619 2288">
     <span class='ocr_line' id='line_1_82' title="bbox 2038 2215 3619 2288; baseline -0.001 -16"><span class='ocrx_word' id='word_1_670' title='bbox 2038 2223 2161 2287; x_wconf 69' lang='grc' dir='ltr'><strong><em>δόμα</em></strong></span> <span class='ocrx_word' id='word_1_671' title='bbox 2184 2219 2363 2273; x_wconf 84' lang='lat' dir='ltr'><strong><em>datum</em></strong></span> <span class='ocrx_word' id='word_1_672' title='bbox 2390 2228 2490 2285; x_wconf 90' lang='lat' dir='ltr'><strong><em>est,</em></strong></span> <span class='ocrx_word' id='word_1_673' title='bbox 2522 2218 2810 2275; x_wconf 88' lang='lat' dir='ltr'><strong><em>secundum</em></strong></span> <span class='ocrx_word' id='word_1_674' title='bbox 2836 2217 2976 2288; x_wconf 90' lang='lat' dir='ltr'><strong><em>quod</em></strong></span> <span class='ocrx_word' id='word_1_675' title='bbox 3000 2216 3127 2273; x_wconf 86' lang='lat' dir='ltr'><strong><em>dicit</em></strong></span> <span class='ocrx_word' id='word_1_676' title='bbox 3148 2217 3465 2286; x_wconf 81' lang='lat' dir='ltr'><strong><em>Apostolus,</em></strong></span> <span class='ocrx_word' id='word_1_677' title='bbox 3496 2215 3619 2270; x_wconf 87' lang='lat' dir='ltr'><strong><em>Non</em></strong></span> 
     </span>
    </p>
   </div>
   <div class='ocr_carea' id='block_1_83' title="bbox 2037 2306 3620 2381">
    <p class='ocr_par' dir='ltr' id='par_1_83' title="bbox 2037 2306 3620 2381">
     <span class='ocr_line' id='line_1_83' title="bbox 2037 2306 3620 2381; baseline 0 -20"><span class='ocrx_word' id='word_1_678' title='bbox 2037 2311 2156 2376; x_wconf 88' lang='lat' dir='ltr'><strong><em>quia</em></strong></span> <span class='ocrx_word' id='word_1_679' title='bbox 2185 2326 2353 2378; x_wconf 83' lang='lat' dir='ltr'><strong><em>qner</em></strong></span> <span class='ocrx_word' id='word_1_680' title='bbox 2379 2310 2573 2376; x_wconf 81' lang='lat' dir='ltr'><strong><em>datum,</em></strong></span> <span class='ocrx_word' id='word_1_681' title='bbox 2591 2308 2678 2363; x_wconf 78' lang='lat' dir='ltr'><strong><em>sed</em></strong></span> <span class='ocrx_word' id='word_1_682' title='bbox 2696 2310 2893 2377; x_wconf 88' lang='lat' dir='ltr'><strong><em>requiro</em></strong></span> <span class='ocrx_word' id='word_1_683' title='bbox 2912 2306 3491 2381; x_wconf 77' lang='lat' dir='ltr'><strong><em>fructum(Pltilipp.tv,</em></strong></span> <span class='ocrx_word' id='word_1_684' title='bbox 3509 2310 3620 2377; x_wconf 80' lang='grc'><strong>17),</strong></span> 
     </span>
    </p>
   </div>
   <div class='ocr_carea' id='block_1_84' title="bbox 2038 2397 3621 2469">
    <p class='ocr_par' dir='ltr' id='par_1_84' title="bbox 2038 2397 3621 2469">
     <span class='ocr_line' id='line_1_84' title="bbox 2038 2397 3621 2469; baseline -0.002 -16"><span class='ocrx_word' id='word_1_685' title='bbox 2038 2400 2179 2469; x_wconf 86' lang='lat' dir='ltr'><strong><em>quod</em></strong></span> <span class='ocrx_word' id='word_1_686' title='bbox 2206 2401 2256 2454; x_wconf 92' lang='lat' dir='ltr'><strong><em>in</em></strong></span> <span class='ocrx_word' id='word_1_687' title='bbox 2282 2415 2457 2469; x_wconf 70' lang='lat' dir='ltr'><strong><em>graeco</em></strong></span> <span class='ocrx_word' id='word_1_688' title='bbox 2482 2404 2605 2467; x_wconf 73' lang='grc' dir='ltr'><strong><em>δόμα</em></strong></span> <span class='ocrx_word' id='word_1_689' title='bbox 2631 2400 2883 2468; x_wconf 88' lang='lat' dir='ltr'><strong><em>scriptum</em></strong></span> <span class='ocrx_word' id='word_1_690' title='bbox 2912 2407 3030 2453; x_wconf 83' lang='lat' dir='ltr'><strong><em>est:</em></strong></span> <span class='ocrx_word' id='word_1_691' title='bbox 3059 2407 3113 2453; x_wconf 78' lang='lat' dir='ltr'><strong><em>et</em></strong></span> <span class='ocrx_word' id='word_1_692' title='bbox 3140 2400 3191 2453; x_wconf 91' lang='lat' dir='ltr'><strong><em>in</em></strong></span> <span class='ocrx_word' id='word_1_693' title='bbox 3214 2397 3406 2454; x_wconf 88' lang='lat' dir='ltr'><strong><em>Genesi</em></strong></span> <span class='ocrx_word' id='word_1_694' title='bbox 3428 2440 3443 2463; x_wconf 93' lang='lat'><strong><em>,</em></strong></span> <span class='ocrx_word' id='word_1_695' title='bbox 3469 2397 3621 2451; x_wconf 82' lang='lat' dir='ltr'><strong><em>Dedit</em></strong></span> 
     </span>
    </p>
   </div>
   <div class='ocr_carea' id='block_1_85' title="bbox 2040 2486 3621 2558">
    <p class='ocr_par' dir='ltr' id='par_1_85' title="bbox 2040 2486 3621 2558">
     <span class='ocr_line' id='line_1_85' title="bbox 2040 2486 3621 2558; baseline -0.001 -15"><span class='ocrx_word' id='word_1_696' title='bbox 2040 2490 2292 2544; x_wconf 75' lang='lat' dir='ltr'><strong><em>Abraham</em></strong></span> <span class='ocrx_word' id='word_1_697' title='bbox 2319 2489 2439 2543; x_wconf 89' lang='lat' dir='ltr'><strong><em>data</em></strong></span> <span class='ocrx_word' id='word_1_698' title='bbox 2468 2490 2587 2556; x_wconf 79' lang='lat' dir='ltr'><strong><em>ﬁliis</em></strong></span> <span class='ocrx_word' id='word_1_699' title='bbox 2621 2490 2725 2544; x_wconf 88' lang='lat' dir='ltr'><strong><em>suis</em></strong></span> <span class='ocrx_word' id='word_1_700' title='bbox 2756 2487 2909 2557; x_wconf 74' lang='lat' dir='ltr'><strong><em>(Gen.</em></strong></span> <span class='ocrx_word' id='word_1_701' title='bbox 2928 2503 3061 2547; x_wconf 74' lang='lat' dir='ltr'><strong><em>xxv.</em></strong></span> <span class='ocrx_word' id='word_1_702' title='bbox 3085 2487 3140 2558; x_wconf 77' lang='grc' dir='ltr'><strong><em>ϐ)</em></strong></span> <span class='ocrx_word' id='word_1_703' title='bbox 3164 2504 3179 2551; x_wconf 90' lang='lat'><strong>;</strong></span> <span class='ocrx_word' id='word_1_704' title='bbox 3211 2501 3413 2557; x_wconf 75' lang='lat' dir='ltr'><strong><em>grtecus</em></strong></span> <span class='ocrx_word' id='word_1_705' title='bbox 3441 2486 3621 2552; x_wconf 82' lang='lat' dir='ltr'><strong><em>habet,</em></strong></span> 
     </span>
    </p>
   </div>
   <div class='ocr_carea' id='block_1_86' title="bbox 2041 2576 3625 2647">
    <p class='ocr_par' dir='ltr' id='par_1_86' title="bbox 2041 2576 3625 2647">
     <span class='ocr_line' id='line_1_86' title="bbox 2041 2576 3625 2647; baseline -0.003 -13"><span class='ocrx_word' id='word_1_706' title='bbox 2041 2585 2227 2647; x_wconf 72' lang='grc' dir='ltr'><strong><em>δόματα</em></strong></span> <span class='ocrx_word' id='word_1_707' title='bbox 2249 2598 2262 2634; x_wconf 92' lang='lat'>:</span> <span class='ocrx_word' id='word_1_708' title='bbox 2287 2590 2340 2634; x_wconf 89' lang='lat' dir='ltr'><strong><em>et</em></strong></span> <span class='ocrx_word' id='word_1_709' title='bbox 2368 2581 2419 2633; x_wconf 90' lang='lat' dir='ltr'><strong><em>in</em></strong></span> <span class='ocrx_word' id='word_1_710' title='bbox 2443 2580 2746 2647; x_wconf 80' lang='lat' dir='ltr'><strong><em>Evangelia,</em></strong></span> <span class='ocrx_word' id='word_1_711' title='bbox 2771 2578 2944 2634; x_wconf 88' lang='lat' dir='ltr'><strong><em>Nostis</em></strong></span> <span class='ocrx_word' id='word_1_712' title='bbox 2967 2578 3096 2633; x_wconf 87' lang='lat' dir='ltr'><strong><em>bona</em></strong></span> <span class='ocrx_word' id='word_1_713' title='bbox 3116 2578 3234 2631; x_wconf 87' lang='lat' dir='ltr'><strong><em>data</em></strong></span> <span class='ocrx_word' id='word_1_714' title='bbox 3250 2578 3372 2632; x_wconf 84' lang='lat' dir='ltr'><strong><em>dare</em></strong></span> <span class='ocrx_word' id='word_1_715' title='bbox 3397 2576 3518 2646; x_wconf 84' lang='lat' dir='ltr'><strong><em>ﬁliis</em></strong></span> <span class='ocrx_word' id='word_1_716' title='bbox 3537 2594 3625 2631; x_wconf 80' lang='lat' dir='ltr'><strong><em>ue-</em></strong></span> 
     </span>
    </p>
   </div>
   <div class='ocr_carea' id='block_1_87' title="bbox 2039 2667 3622 2742">
    <p class='ocr_par' dir='ltr' id='par_1_87' title="bbox 2039 2667 3622 2742">
     <span class='ocr_line' id='line_1_87' title="bbox 2039 2667 3622 2742; baseline -0.003 -18"><span class='ocrx_word' id='word_1_717' title='bbox 2039 2670 2157 2724; x_wconf 85' lang='lat' dir='ltr'><strong><em>stris</em></strong></span> <span class='ocrx_word' id='word_1_718' title='bbox 2173 2668 2383 2742; x_wconf 76' lang='lat' dir='ltr'><strong><em>(Matth.</em></strong></span> <span class='ocrx_word' id='word_1_719' title='bbox 2402 2685 2496 2734; x_wconf 80' lang='lat' dir='ltr'><strong><em>vn,</em></strong></span> <span class='ocrx_word' id='word_1_720' title='bbox 2518 2670 2607 2740; x_wconf 85' lang='grc'><strong><em>11)</em></strong></span> <span class='ocrx_word' id='word_1_721' title='bbox 2627 2686 2643 2735; x_wconf 86' lang='grc'>;</span> <span class='ocrx_word' id='word_1_722' title='bbox 2668 2675 2852 2737; x_wconf 72' lang='grc' dir='ltr'><strong><em>δόματα</em></strong></span> <span class='ocrx_word' id='word_1_723' title='bbox 2880 2677 2963 2723; x_wconf 72' lang='lat' dir='ltr'><strong><em>est</em></strong></span> <span class='ocrx_word' id='word_1_724' title='bbox 2989 2667 3040 2722; x_wconf 87' lang='lat' dir='ltr'><strong><em>in</em></strong></span> <span class='ocrx_word' id='word_1_725' title='bbox 3060 2682 3236 2737; x_wconf 74' lang='lat' dir='ltr'><strong><em>gra&#39;co</em></strong></span> <span class='ocrx_word' id='word_1_726' title='bbox 3255 2686 3269 2722; x_wconf 90' lang='lat'><strong>:</strong></span> <span class='ocrx_word' id='word_1_727' title='bbox 3291 2677 3345 2721; x_wconf 86' lang='lat' dir='ltr'><strong><em>et</em></strong></span> <span class='ocrx_word' id='word_1_728' title='bbox 3366 2672 3622 2735; x_wconf 67' lang='grc' dir='ltr'><strong><em>δεδομένον,</em></strong></span> 
     </span>
    </p>
   </div>
   <div class='ocr_carea' id='block_1_88' title="bbox 2041 2757 3627 2827">
    <p class='ocr_par' dir='ltr' id='par_1_88' title="bbox 2041 2757 3627 2827">
     <span class='ocr_line' id='line_1_88' title="bbox 2041 2757 3627 2827; baseline -0.002 -12"><span class='ocrx_word' id='word_1_729' title='bbox 2041 2760 2221 2815; x_wconf 88' lang='lat' dir='ltr'><strong><em>datum</em></strong></span> <span class='ocrx_word' id='word_1_730' title='bbox 2252 2769 2353 2826; x_wconf 89' lang='lat' dir='ltr'><strong><em>est,</em></strong></span> <span class='ocrx_word' id='word_1_731' title='bbox 2384 2776 2484 2813; x_wconf 90' lang='lat' dir='ltr'><strong><em>non</em></strong></span> <span class='ocrx_word' id='word_1_732' title='bbox 2529 2774 2743 2823; x_wconf 90' lang='lat' dir='ltr'><strong><em>nomen,</em></strong></span> <span class='ocrx_word' id='word_1_733' title='bbox 2771 2758 2864 2814; x_wconf 89' lang='lat' dir='ltr'><strong><em>sed</em></strong></span> <span class='ocrx_word' id='word_1_734' title='bbox 2896 2757 3249 2827; x_wconf 87' lang='lat' dir='ltr'><strong><em>participium.</em></strong></span> <span class='ocrx_word' id='word_1_735' title='bbox 3297 2758 3372 2812; x_wconf 84' lang='lat' dir='ltr'><strong><em>Ac</em></strong></span> <span class='ocrx_word' id='word_1_736' title='bbox 3404 2773 3497 2827; x_wconf 89' lang='lat' dir='ltr'><strong><em>per</em></strong></span> <span class='ocrx_word' id='word_1_737' title='bbox 3526 2758 3627 2812; x_wconf 86' lang='lat' dir='ltr'><strong><em>hoc</em></strong></span> 
     </span>
    </p>
   </div>
   <div class='ocr_carea' id='block_1_89' title="bbox 2046 2848 3622 2922">
    <p class='ocr_par' dir='ltr' id='par_1_89' title="bbox 2046 2848 3622 2922">
     <span class='ocr_line' id='line_1_89' title="bbox 2046 2848 3622 2922; baseline -0.003 -16"><span class='ocrx_word' id='word_1_738' title='bbox 2046 2852 2226 2907; x_wconf 88' lang='lat' dir='ltr'><strong><em>datum</em></strong></span> <span class='ocrx_word' id='word_1_739' title='bbox 2254 2852 2434 2906; x_wconf 86' lang='lat' dir='ltr'><strong><em>datum</em></strong></span> <span class='ocrx_word' id='word_1_740' title='bbox 2460 2851 2560 2906; x_wconf 91' lang='lat' dir='ltr'><strong><em>dici</em></strong></span> <span class='ocrx_word' id='word_1_741' title='bbox 2588 2859 2789 2922; x_wconf 89' lang='lat' dir='ltr'><strong><em>posset,</em></strong></span> <span class='ocrx_word' id='word_1_742' title='bbox 2812 2860 3056 2919; x_wconf 83' lang='lat' dir='ltr'><strong><em>tanquam</em></strong></span> <span class='ocrx_word' id='word_1_743' title='bbox 3083 2848 3263 2904; x_wconf 79' lang='lat' dir='ltr'><strong><em>datnni</em></strong></span> <span class='ocrx_word' id='word_1_744' title='bbox 3287 2848 3425 2917; x_wconf 84' lang='lat' dir='ltr'><strong><em>quod</em></strong></span> <span class='ocrx_word' id='word_1_745' title='bbox 3448 2849 3622 2911; x_wconf 80' lang='lat' dir='ltr'><strong><em>datur,</em></strong></span> 
     </span>
    </p>
   </div>
   <div class='ocr_carea' id='block_1_90' title="bbox 2045 2938 3628 3011">
    <p class='ocr_par' dir='ltr' id='par_1_90' title="bbox 2045 2938 3628 3011">
     <span class='ocr_line' id='line_1_90' title="bbox 2045 2938 3628 3011; baseline -0.003 -15"><span class='ocrx_word' id='word_1_746' title='bbox 2045 2941 2145 2996; x_wconf 87' lang='lat' dir='ltr'><strong><em>nisi</em></strong></span> <span class='ocrx_word' id='word_1_747' title='bbox 2168 2941 2483 3011; x_wconf 79' lang='lat' dir='ltr'><strong><em>ambiguitas</em></strong></span> <span class='ocrx_word' id='word_1_748' title='bbox 2505 2940 2712 2994; x_wconf 87' lang='lat' dir='ltr'><strong><em>vitanda</em></strong></span> <span class='ocrx_word' id='word_1_749' title='bbox 2737 2950 2898 2995; x_wconf 86' lang='lat' dir='ltr'><strong><em>esset.</em></strong></span> <span class='ocrx_word' id='word_1_750' title='bbox 2926 2939 3071 2994; x_wconf 85' lang='lat' dir='ltr'><strong><em>Hanc</em></strong></span> <span class='ocrx_word' id='word_1_751' title='bbox 3093 2938 3485 3008; x_wconf 78' lang='lat' dir='ltr'><strong><em>ambiguitatem</em></strong></span> <span class='ocrx_word' id='word_1_752' title='bbox 3510 2940 3628 3008; x_wconf 92' lang='lat' dir='ltr'><strong><em>qui-</em></strong></span> 
     </span>
    </p>
   </div>
   <div class='ocr_carea' id='block_1_91' title="bbox 2043 3028 3630 3099">
    <p class='ocr_par' dir='ltr' id='par_1_91' title="bbox 2043 3028 3630 3099">
     <span class='ocr_line' id='line_1_91' title="bbox 2043 3028 3630 3099; baseline -0.003 -12"><span class='ocrx_word' id='word_1_753' title='bbox 2043 3032 2167 3087; x_wconf 86' lang='lat' dir='ltr'><strong><em>dam</em></strong></span> <span class='ocrx_word' id='word_1_754' title='bbox 2198 3033 2363 3087; x_wconf 88' lang='lat' dir='ltr'><strong><em>nostri</em></strong></span> <span class='ocrx_word' id='word_1_755' title='bbox 2392 3032 2705 3099; x_wconf 84' lang='lat' dir='ltr'><strong><em>interpretes</em></strong></span> <span class='ocrx_word' id='word_1_756' title='bbox 2734 3031 2900 3083; x_wconf 87' lang='lat' dir='ltr'><strong><em>vitare</em></strong></span> <span class='ocrx_word' id='word_1_757' title='bbox 2929 3038 3181 3085; x_wconf 86' lang='lat' dir='ltr'><strong><em>conantes</em></strong></span> <span class='ocrx_word' id='word_1_758' title='bbox 3199 3068 3214 3091; x_wconf 89' lang='lat'><strong><em>,</em></strong></span> <span class='ocrx_word' id='word_1_759' title='bbox 3236 3028 3425 3082; x_wconf 87' lang='lat' dir='ltr'><strong><em>donum</em></strong></span> <span class='ocrx_word' id='word_1_760' title='bbox 3452 3029 3630 3082; x_wconf 85' lang='lat' dir='ltr'><strong><em>datum</em></strong></span> 
     </span>
    </p>
   </div>
   <div class='ocr_carea' id='block_1_92' title="bbox 2045 3120 3625 3194">
    <p class='ocr_par' dir='ltr' id='par_1_92' title="bbox 2045 3120 3625 3194">
     <span class='ocr_line' id='line_1_92' title="bbox 2045 3120 3625 3194; baseline -0.004 -15"><span class='ocrx_word' id='word_1_761' title='bbox 2045 3126 2322 3190; x_wconf 81' lang='lat' dir='ltr'><strong><em>dixerunt;</em></strong></span> <span class='ocrx_word' id='word_1_762' title='bbox 2346 3123 2439 3178; x_wconf 84' lang='lat' dir='ltr'><strong><em>sed</em></strong></span> <span class='ocrx_word' id='word_1_763' title='bbox 2464 3123 2680 3183; x_wconf 86' lang='lat' dir='ltr'><strong><em>donum,</em></strong></span> <span class='ocrx_word' id='word_1_764' title='bbox 2708 3137 2879 3191; x_wconf 68' lang='lat' dir='ltr'><strong><em>grazce</em></strong></span> <span class='ocrx_word' id='word_1_765' title='bbox 2905 3124 3052 3194; x_wconf 65' lang='grc' dir='ltr'><strong><em>δῶρον</em></strong></span> <span class='ocrx_word' id='word_1_766' title='bbox 3076 3120 3268 3175; x_wconf 86' lang='lat' dir='ltr'><strong><em>dicitur</em></strong></span> <span class='ocrx_word' id='word_1_767' title='bbox 3286 3160 3303 3189; x_wconf 88' lang='lat'><strong><em>,</em></strong></span> <span class='ocrx_word' id='word_1_768' title='bbox 3334 3135 3439 3174; x_wconf 92' lang='lat' dir='ltr'><strong><em>non</em></strong></span> <span class='ocrx_word' id='word_1_769' title='bbox 3485 3125 3625 3187; x_wconf 65' lang='grc' dir='ltr'>δόμα·</span> 
     </span>
    </p>
   </div>
   <div class='ocr_carea' id='block_1_93' title="bbox 2047 3210 3630 3280">
    <p class='ocr_par' dir='ltr' id='par_1_93' title="bbox 2047 3210 3630 3280">
     <span class='ocr_line' id='line_1_93' title="bbox 2047 3210 3630 3280; baseline -0.003 -8"><span class='ocrx_word' id='word_1_770' title='bbox 2047 3218 2187 3272; x_wconf 88' lang='lat' dir='ltr'><strong><em>unde</em></strong></span> <span class='ocrx_word' id='word_1_771' title='bbox 2216 3217 2316 3271; x_wconf 85' lang='lat' dir='ltr'><strong><em>hoc</em></strong></span> <span class='ocrx_word' id='word_1_772' title='bbox 2344 3215 2461 3270; x_wconf 89' lang='lat' dir='ltr'><strong><em>loco</em></strong></span> <span class='ocrx_word' id='word_1_773' title='bbox 2491 3230 2598 3268; x_wconf 88' lang='lat' dir='ltr'><strong><em>non</em></strong></span> <span class='ocrx_word' id='word_1_774' title='bbox 2625 3224 2770 3267; x_wconf 88' lang='lat' dir='ltr'><strong><em>recte</em></strong></span> <span class='ocrx_word' id='word_1_775' title='bbox 2796 3212 3094 3277; x_wconf 88' lang='lat' dir='ltr'><strong><em>diceretur,</em></strong></span> <span class='ocrx_word' id='word_1_776' title='bbox 3126 3211 3245 3280; x_wconf 90' lang='lat' dir='ltr'><strong><em>quia</em></strong></span> <span class='ocrx_word' id='word_1_777' title='bbox 3274 3226 3377 3265; x_wconf 89' lang='lat' dir='ltr'><strong><em>non</em></strong></span> <span class='ocrx_word' id='word_1_778' title='bbox 3401 3210 3500 3265; x_wconf 90' lang='lat' dir='ltr'><strong><em>sibi</em></strong></span> <span class='ocrx_word' id='word_1_779' title='bbox 3530 3212 3630 3267; x_wconf 86' lang='lat' dir='ltr'><strong><em>hoc</em></strong></span> 
     </span>
    </p>
   </div>
   <div class='ocr_carea' id='block_1_94' title="bbox 2047 3300 3629 3370">
    <p class='ocr_par' dir='ltr' id='par_1_94' title="bbox 2047 3300 3629 3370">
     <span class='ocr_line' id='line_1_94' title="bbox 2047 3300 3629 3370; baseline -0.005 -9"><span class='ocrx_word' id='word_1_780' title='bbox 2047 3307 2297 3363; x_wconf 89' lang='lat' dir='ltr'><strong><em>donatum</em></strong></span> <span class='ocrx_word' id='word_1_781' title='bbox 2326 3320 2355 3359; x_wconf 90' lang='lat' dir='ltr'><strong><em>a</em></strong></span> <span class='ocrx_word' id='word_1_782' title='bbox 2380 3305 2501 3359; x_wconf 86' lang='lat' dir='ltr'><strong><em>liliis</em></strong></span> <span class='ocrx_word' id='word_1_783' title='bbox 2533 3302 2693 3359; x_wconf 81' lang='lat' dir='ltr'><strong><em>Israel</em></strong></span> <span class='ocrx_word' id='word_1_784' title='bbox 2719 3303 2842 3357; x_wconf 93' lang='lat' dir='ltr'><strong><em>dicit</em></strong></span> <span class='ocrx_word' id='word_1_785' title='bbox 2870 3303 3029 3367; x_wconf 89' lang='lat' dir='ltr'><strong><em>Deus,</em></strong></span> <span class='ocrx_word' id='word_1_786' title='bbox 3060 3302 3151 3355; x_wconf 91' lang='lat' dir='ltr'><strong><em>sed</em></strong></span> <span class='ocrx_word' id='word_1_787' title='bbox 3182 3316 3277 3369; x_wconf 92' lang='lat' dir='ltr'><strong><em>pro</em></strong></span> <span class='ocrx_word' id='word_1_788' title='bbox 3305 3300 3629 3370; x_wconf 72' lang='lat' dir='ltr'><strong><em>primogeni-</em></strong></span> 
     </span>
    </p>
   </div>
   <div class='ocr_carea' id='block_1_95' title="bbox 2052 3390 3634 3461">
    <p class='ocr_par' dir='ltr' id='par_1_95' title="bbox 2052 3390 3634 3461">
     <span class='ocr_line' id='line_1_95' title="bbox 2052 3390 3634 3461; baseline -0.005 -9"><span class='ocrx_word' id='word_1_789' title='bbox 2052 3398 2118 3453; x_wconf 90' lang='lat' dir='ltr'><strong><em>tis</em></strong></span> <span class='ocrx_word' id='word_1_790' title='bbox 2156 3397 2254 3451; x_wconf 91' lang='lat' dir='ltr'><strong><em>sibi</em></strong></span> <span class='ocrx_word' id='word_1_791' title='bbox 2296 3395 2490 3450; x_wconf 88' lang='lat' dir='ltr'><strong><em>debitis</em></strong></span> <span class='ocrx_word' id='word_1_792' title='bbox 2528 3393 2787 3448; x_wconf 90' lang='lat' dir='ltr'><strong><em>redditum</em></strong></span> <span class='ocrx_word' id='word_1_793' title='bbox 2814 3411 2827 3446; x_wconf 82' lang='lat'><strong>2</strong></span> <span class='ocrx_word' id='word_1_794' title='bbox 2857 3392 2997 3447; x_wconf 86' lang='lat' dir='ltr'><strong><em>unde</em></strong></span> <span class='ocrx_word' id='word_1_795' title='bbox 3026 3400 3079 3445; x_wconf 87' lang='lat' dir='ltr'><strong><em>et</em></strong></span> <span class='ocrx_word' id='word_1_796' title='bbox 3117 3406 3234 3461; x_wconf 64' lang='lat' dir='ltr'><strong><em>quae</em></strong></span> <span class='ocrx_word' id='word_1_797' title='bbox 3264 3390 3554 3446; x_wconf 87' lang='lat' dir='ltr'><strong><em>redduntur</em></strong></span> <span class='ocrx_word' id='word_1_798' title='bbox 3578 3401 3634 3445; x_wconf 83' lang='lat' dir='ltr'><strong><em>et</em></strong></span> 
     </span>
    </p>
   </div>
   <div class='ocr_carea' id='block_1_96' title="bbox 2049 3482 3631 3558">
    <p class='ocr_par' dir='ltr' id='par_1_96' title="bbox 2049 3482 3631 3558">
     <span class='ocr_line' id='line_1_96' title="bbox 2049 3482 3631 3558; baseline -0.006 -16"><span class='ocrx_word' id='word_1_799' title='bbox 2049 3503 2169 3558; x_wconf 78' lang='lat' dir='ltr'><strong><em>qua:</em></strong></span> <span class='ocrx_word' id='word_1_800' title='bbox 2198 3488 2461 3541; x_wconf 86' lang='lat' dir='ltr'><strong><em>donantur</em></strong></span> <span class='ocrx_word' id='word_1_801' title='bbox 2481 3525 2495 3547; x_wconf 90' lang='lat'><strong><em>,</em></strong></span> <span class='ocrx_word' id='word_1_802' title='bbox 2528 3484 2649 3538; x_wconf 84' lang='lat' dir='ltr'><strong><em>data</em></strong></span> <span class='ocrx_word' id='word_1_803' title='bbox 2678 3484 2777 3538; x_wconf 89' lang='lat' dir='ltr'><strong><em>dici</em></strong></span> <span class='ocrx_word' id='word_1_804' title='bbox 2811 3491 3067 3551; x_wconf 90' lang='lat' dir='ltr'><strong><em>possunt;</em></strong></span> <span class='ocrx_word' id='word_1_805' title='bbox 3100 3492 3153 3537; x_wconf 89' lang='lat' dir='ltr'><strong><em>et</em></strong></span> <span class='ocrx_word' id='word_1_806' title='bbox 3184 3482 3301 3536; x_wconf 85' lang='lat' dir='ltr'><strong><em>ideo</em></strong></span> <span class='ocrx_word' id='word_1_807' title='bbox 3340 3497 3496 3537; x_wconf 89' lang='lat' dir='ltr'><strong><em>omne</em></strong></span> <span class='ocrx_word' id='word_1_808' title='bbox 3533 3482 3631 3535; x_wconf 81' lang='lat' dir='ltr'><strong><em>do-</em></strong></span> 
     </span>
    </p>
   </div>
   <div class='ocr_carea' id='block_1_97' title="bbox 2042 3570 3626 3636">
    <p class='ocr_par' dir='ltr' id='par_1_97' title="bbox 2042 3570 3626 3636">
     <span class='ocr_line' id='line_1_97' title="bbox 2042 3570 3626 3636; baseline -0.004 -6"><span class='ocrx_word' id='word_1_809' title='bbox 2042 3592 2177 3630; x_wconf 90' lang='lat' dir='ltr'><strong><em>.nnm</em></strong></span> <span class='ocrx_word' id='word_1_810' title='bbox 2206 3576 2364 3629; x_wconf 88' lang='lat' dir='ltr'><strong><em>etiam</em></strong></span> <span class='ocrx_word' id='word_1_811' title='bbox 2392 3574 2572 3627; x_wconf 85' lang='lat' dir='ltr'><strong><em>datum</em></strong></span> <span class='ocrx_word' id='word_1_812' title='bbox 2601 3581 2702 3636; x_wconf 89' lang='lat' dir='ltr'><strong><em>est,</em></strong></span> <span class='ocrx_word' id='word_1_813' title='bbox 2734 3588 2835 3625; x_wconf 92' lang='lat' dir='ltr'><strong><em>non</em></strong></span> <span class='ocrx_word' id='word_1_814' title='bbox 2862 3586 3022 3626; x_wconf 88' lang='lat' dir='ltr'><strong><em>omne</em></strong></span> <span class='ocrx_word' id='word_1_815' title='bbox 3044 3570 3224 3624; x_wconf 90' lang='lat' dir='ltr'><strong><em>datum</em></strong></span> <span class='ocrx_word' id='word_1_816' title='bbox 3247 3571 3406 3624; x_wconf 76' lang='lat' dir='ltr'><strong><em>etiam</em></strong></span> <span class='ocrx_word' id='word_1_817' title='bbox 3429 3570 3626 3624; x_wconf 77' lang='lat' dir='ltr'><strong><em>donum</em></strong></span> 
     </span>
    </p>
   </div>
   <div class='ocr_carea' id='block_1_98' title="bbox 2050 3660 3630 3735">
    <p class='ocr_par' dir='ltr' id='par_1_98' title="bbox 2050 3660 3630 3735">
     <span class='ocr_line' id='line_1_98' title="bbox 2050 3660 3630 3735; baseline -0.005 -14"><span class='ocrx_word' id='word_1_818' title='bbox 2050 3676 2132 3721; x_wconf 90' lang='lat' dir='ltr'><strong><em>est</em></strong></span> <span class='ocrx_word' id='word_1_819' title='bbox 2146 3685 2158 3719; x_wconf 89' lang='lat'><strong>:</strong></span> <span class='ocrx_word' id='word_1_820' title='bbox 2173 3666 2292 3735; x_wconf 89' lang='lat' dir='ltr'><strong><em>quia</em></strong></span> <span class='ocrx_word' id='word_1_821' title='bbox 2312 3679 2416 3719; x_wconf 87' lang='lat' dir='ltr'><strong><em>non</em></strong></span> <span class='ocrx_word' id='word_1_822' title='bbox 2436 3678 2593 3717; x_wconf 87' lang='lat' dir='ltr'><strong><em>omne</em></strong></span> <span class='ocrx_word' id='word_1_823' title='bbox 2608 3661 2747 3732; x_wconf 89' lang='lat' dir='ltr'><strong><em>quod</em></strong></span> <span class='ocrx_word' id='word_1_824' title='bbox 2765 3661 2920 3715; x_wconf 88' lang='lat' dir='ltr'><strong><em>datur</em></strong></span> <span class='ocrx_word' id='word_1_825' title='bbox 2934 3662 3185 3715; x_wconf 83' lang='lat' dir='ltr'><strong><em>continuo</em></strong></span> <span class='ocrx_word' id='word_1_826' title='bbox 3206 3661 3363 3715; x_wconf 87' lang='lat' dir='ltr'><strong><em>etiam</em></strong></span> <span class='ocrx_word' id='word_1_827' title='bbox 3381 3660 3630 3716; x_wconf 87' lang='lat' dir='ltr'><strong><em>donatur.</em></strong></span> 
     </span>
    </p>
   </div>
   <div class='ocr_carea' id='block_1_99' title="bbox 2120 3747 3633 3826">
    <p class='ocr_par' dir='ltr' id='par_1_99' title="bbox 2120 3747 3633 3826">
     <span class='ocr_line' id='line_1_99' title="bbox 2120 3747 3633 3826; baseline -0.003 -18"><span class='ocrx_word' id='word_1_828' title='bbox 2120 3752 2219 3826; x_wconf 72' lang='lat' dir='ltr'><strong><em>[lb.</em></strong></span> <span class='ocrx_word' id='word_1_829' title='bbox 2245 3768 2379 3807; x_wconf 79' lang='lat' dir='ltr'><strong><em>xvttl</em></strong></span> <span class='ocrx_word' id='word_1_830' title='bbox 2398 3749 2542 3822; x_wconf 71' lang='lat'><strong><em>,12]</em></strong></span> <span class='ocrx_word' id='word_1_831' title='bbox 2563 3750 2736 3804; x_wconf 81' lang='lat' dir='ltr'><strong><em>Omnis</em></strong></span> <span class='ocrx_word' id='word_1_832' title='bbox 2761 3750 2980 3818; x_wconf 74' lang='lat' dir='ltr'><strong><em>primitia</em></strong></span> <span class='ocrx_word' id='word_1_833' title='bbox 3000 3747 3118 3815; x_wconf 79' lang='lat' dir='ltr'><strong><em>olei,</em></strong></span> <span class='ocrx_word' id='word_1_834' title='bbox 3144 3758 3189 3802; x_wconf 86' lang='lat' dir='ltr'><strong><em>et</em></strong></span> <span class='ocrx_word' id='word_1_835' title='bbox 3215 3750 3377 3803; x_wconf 90' lang='lat' dir='ltr'><strong><em>omnis</em></strong></span> <span class='ocrx_word' id='word_1_836' title='bbox 3410 3751 3633 3820; x_wconf 86' lang='lat' dir='ltr'><strong><em>primitia</em></strong></span> 
     </span>
    </p>
   </div>
   <div class='ocr_carea' id='block_1_100' title="bbox 2050 3841 3631 3913">
    <p class='ocr_par' dir='ltr' id='par_1_100' title="bbox 2050 3841 3631 3913">
     <span class='ocr_line' id='line_1_100' title="bbox 2050 3841 3631 3913; baseline -0.004 -11"><span class='ocrx_word' id='word_1_837' title='bbox 2050 3850 2153 3902; x_wconf 79' lang='lat' dir='ltr'><strong><em>vini</em></strong></span> <span class='ocrx_word' id='word_1_838' title='bbox 2179 3862 2225 3901; x_wconf 81' lang='lat' dir='ltr'><strong><em>et</em></strong></span> <span class='ocrx_word' id='word_1_839' title='bbox 2249 3846 2399 3899; x_wconf 87' lang='lat' dir='ltr'><strong><em>tritici</em></strong></span> <span class='ocrx_word' id='word_1_840' title='bbox 2424 3887 2438 3909; x_wconf 95' lang='lat'><strong><em>,</em></strong></span> <span class='ocrx_word' id='word_1_841' title='bbox 2463 3844 2686 3913; x_wconf 88' lang='lat' dir='ltr'><strong><em>primitia</em></strong></span> <span class='ocrx_word' id='word_1_842' title='bbox 2711 3859 2883 3897; x_wconf 85' lang='lat' dir='ltr'><strong><em>eorum</em></strong></span> <span class='ocrx_word' id='word_1_843' title='bbox 2916 3858 3242 3913; x_wconf 63' lang='lat' dir='ltr'><strong><em>quaecumque</em></strong></span> <span class='ocrx_word' id='word_1_844' title='bbox 3265 3841 3492 3896; x_wconf 76' lang='lat' dir='ltr'><strong><em>dederint</em></strong></span> <span class='ocrx_word' id='word_1_845' title='bbox 3519 3842 3631 3895; x_wconf 84' lang='lat' dir='ltr'><strong><em>Do-</em></strong></span> 
     </span>
    </p>
   </div>
   <div class='ocr_carea' id='block_1_101' title="bbox 2051 3932 3630 4004">
    <p class='ocr_par' dir='ltr' id='par_1_101' title="bbox 2051 3932 3630 4004">
     <span class='ocr_line' id='line_1_101' title="bbox 2051 3932 3630 4004; baseline -0.004 -12"><span class='ocrx_word' id='word_1_846' title='bbox 2051 3939 2208 4004; x_wconf 86' lang='lat' dir='ltr'><strong><em>mino,</em></strong></span> <span class='ocrx_word' id='word_1_847' title='bbox 2239 3937 2326 3990; x_wconf 85' lang='lat' dir='ltr'><strong><em>tibi</em></strong></span> <span class='ocrx_word' id='word_1_848' title='bbox 2351 3935 2468 3989; x_wconf 88' lang='lat' dir='ltr'><strong><em>dedi</em></strong></span> <span class='ocrx_word' id='word_1_849' title='bbox 2493 3952 2569 3989; x_wconf 87' lang='lat' dir='ltr'><strong><em>ea.</em></strong></span> <span class='ocrx_word' id='word_1_850' title='bbox 2608 3933 2723 3990; x_wconf 86' lang='lat' dir='ltr'><strong><em>Non</em></strong></span> <span class='ocrx_word' id='word_1_851' title='bbox 2755 3934 2912 4000; x_wconf 78' lang='lat' dir='ltr'><strong><em>dixit,</em></strong></span> <span class='ocrx_word' id='word_1_852' title='bbox 2940 3949 3151 3989; x_wconf 89' lang='lat' dir='ltr'><strong><em>omnem</em></strong></span> <span class='ocrx_word' id='word_1_853' title='bbox 3184 3932 3503 4002; x_wconf 86' lang='lat' dir='ltr'><strong><em>primitivum</em></strong></span> <span class='ocrx_word' id='word_1_854' title='bbox 3536 3935 3630 3987; x_wconf 86' lang='lat' dir='ltr'><strong><em>tibi</em></strong></span> 
     </span>
    </p>
   </div>
   <div class='ocr_carea' id='block_1_102' title="bbox 2051 4024 3634 4095">
    <p class='ocr_par' dir='ltr' id='par_1_102' title="bbox 2051 4024 3634 4095">
     <span class='ocr_line' id='line_1_102' title="bbox 2051 4024 3634 4095; baseline -0.003 -12"><span class='ocrx_word' id='word_1_855' title='bbox 2051 4029 2173 4085; x_wconf 88' lang='lat' dir='ltr'><strong><em>dedi</em></strong></span> <span class='ocrx_word' id='word_1_856' title='bbox 2198 4043 2319 4083; x_wconf 90' lang='lat' dir='ltr'><strong><em>eum</em></strong></span> <span class='ocrx_word' id='word_1_857' title='bbox 2343 4044 2357 4090; x_wconf 88' lang='lat'><strong>;</strong></span> <span class='ocrx_word' id='word_1_858' title='bbox 2390 4026 2483 4081; x_wconf 89' lang='lat' dir='ltr'><strong><em>sed</em></strong></span> <span class='ocrx_word' id='word_1_859' title='bbox 2510 4040 2630 4080; x_wconf 89' lang='lat' dir='ltr'><strong><em>cum</em></strong></span> <span class='ocrx_word' id='word_1_860' title='bbox 2670 4024 2925 4091; x_wconf 89' lang='lat' dir='ltr'><strong><em>dixisset,</em></strong></span> <span class='ocrx_word' id='word_1_861' title='bbox 2952 4025 3116 4079; x_wconf 86' lang='lat' dir='ltr'><strong><em>omnis</em></strong></span> <span class='ocrx_word' id='word_1_862' title='bbox 3141 4024 3363 4095; x_wconf 89' lang='lat' dir='ltr'><strong><em>primitia</em></strong></span> <span class='ocrx_word' id='word_1_863' title='bbox 3381 4066 3397 4090; x_wconf 98' lang='lat'><strong><em>,</em></strong></span> <span class='ocrx_word' id='word_1_864' title='bbox 3423 4034 3475 4078; x_wconf 90' lang='lat' dir='ltr'><strong><em>et</em></strong></span> <span class='ocrx_word' id='word_1_865' title='bbox 3502 4039 3634 4078; x_wconf 81' lang='lat' dir='ltr'><strong><em>enu-</em></strong></span> 
     </span>
    </p>
   </div>
   <div class='ocr_carea' id='block_1_103' title="bbox 2052 4112 3630 4186">
    <p class='ocr_par' dir='ltr' id='par_1_103' title="bbox 2052 4112 3630 4186">
     <span class='ocr_line' id='line_1_103' title="bbox 2052 4112 3630 4186; baseline -0.004 -13"><span class='ocrx_word' id='word_1_866' title='bbox 2052 4126 2280 4173; x_wconf 89' lang='lat' dir='ltr'><strong><em>meraret</em></strong></span> <span class='ocrx_word' id='word_1_867' title='bbox 2311 4117 2375 4171; x_wconf 89' lang='lat' dir='ltr'><strong><em>de</em></strong></span> <span class='ocrx_word' id='word_1_868' title='bbox 2404 4116 2594 4186; x_wconf 88' lang='lat' dir='ltr'><strong><em>quibus</em></strong></span> <span class='ocrx_word' id='word_1_869' title='bbox 2618 4114 2777 4169; x_wconf 87' lang='lat' dir='ltr'><strong><em>rebus</em></strong></span> <span class='ocrx_word' id='word_1_870' title='bbox 2804 4123 2977 4180; x_wconf 85' lang='lat' dir='ltr'><strong><em>esset,</em></strong></span> <span class='ocrx_word' id='word_1_871' title='bbox 3010 4112 3217 4177; x_wconf 89' lang='lat' dir='ltr'><strong><em>intulit,</em></strong></span> <span class='ocrx_word' id='word_1_872' title='bbox 3264 4113 3352 4167; x_wconf 88' lang='lat' dir='ltr'><strong><em>tibi</em></strong></span> <span class='ocrx_word' id='word_1_873' title='bbox 3380 4112 3498 4166; x_wconf 84' lang='lat' dir='ltr'><strong><em>dedi</em></strong></span> <span class='ocrx_word' id='word_1_874' title='bbox 3534 4131 3591 4166; x_wconf 89' lang='lat' dir='ltr'><strong><em>ea</em></strong></span> <span class='ocrx_word' id='word_1_875' title='bbox 3612 4130 3630 4167; x_wconf 93' lang='lat'><strong><em>:</em></strong></span> 
     </span>
    </p>
   </div>
   <div class='ocr_carea' id='block_1_104' title="bbox 2051 4203 3632 4270">
    <p class='ocr_par' dir='ltr' id='par_1_104' title="bbox 2051 4203 3632 4270">
     <span class='ocr_line' id='line_1_104' title="bbox 2051 4203 3632 4270; baseline -0.004 -6"><span class='ocrx_word' id='word_1_876' title='bbox 2051 4224 2151 4265; x_wconf 89' lang='lat' dir='ltr'><strong><em>nec</em></strong></span> <span class='ocrx_word' id='word_1_877' title='bbox 2177 4208 2363 4263; x_wconf 88' lang='lat' dir='ltr'><strong><em>saltem</em></strong></span> <span class='ocrx_word' id='word_1_878' title='bbox 2388 4248 2401 4270; x_wconf 82' lang='lat'><strong><em>,</em></strong></span> <span class='ocrx_word' id='word_1_879' title='bbox 2433 4206 2523 4261; x_wconf 85' lang='lat' dir='ltr'><strong><em>tibi</em></strong></span> <span class='ocrx_word' id='word_1_880' title='bbox 2568 4205 2689 4260; x_wconf 90' lang='lat' dir='ltr'><strong><em>dedi</em></strong></span> <span class='ocrx_word' id='word_1_881' title='bbox 2722 4214 2990 4269; x_wconf 86' lang='lat' dir='ltr'><strong><em>eam,aut,</em></strong></span> <span class='ocrx_word' id='word_1_882' title='bbox 3020 4204 3113 4259; x_wconf 89' lang='lat' dir='ltr'><strong><em>tibi</em></strong></span> <span class='ocrx_word' id='word_1_883' title='bbox 3142 4203 3266 4259; x_wconf 87' lang='lat' dir='ltr'><strong><em>dedi</em></strong></span> <span class='ocrx_word' id='word_1_884' title='bbox 3317 4218 3430 4269; x_wconf 87' lang='lat' dir='ltr'><strong><em>eas,</em></strong></span> <span class='ocrx_word' id='word_1_885' title='bbox 3466 4204 3516 4257; x_wconf 90' lang='lat' dir='ltr'><strong><em>id</em></strong></span> <span class='ocrx_word' id='word_1_886' title='bbox 3542 4213 3632 4258; x_wconf 88' lang='lat' dir='ltr'><strong><em>est</em></strong></span> 
     </span>
    </p>
   </div>
   <div class='ocr_carea' id='block_1_105' title="bbox 2051 4293 3631 4369">
    <p class='ocr_par' dir='ltr' id='par_1_105' title="bbox 2051 4293 3631 4369">
     <span class='ocr_line' id='line_1_105' title="bbox 2051 4293 3631 4369; baseline -0.003 -17"><span class='ocrx_word' id='word_1_887' title='bbox 2051 4298 2347 4369; x_wconf 87' lang='lat' dir='ltr'><strong><em>primitias;</em></strong></span> <span class='ocrx_word' id='word_1_888' title='bbox 2375 4295 2466 4351; x_wconf 88' lang='lat' dir='ltr'><strong><em>sed</em></strong></span> <span class='ocrx_word' id='word_1_889' title='bbox 2517 4305 2761 4350; x_wconf 89' lang='lat' dir='ltr'><strong><em>neutrum</em></strong></span> <span class='ocrx_word' id='word_1_890' title='bbox 2787 4308 2957 4367; x_wconf 76' lang='lat' dir='ltr'><strong><em>genus</em></strong></span> <span class='ocrx_word' id='word_1_891' title='bbox 2996 4293 3204 4360; x_wconf 88' lang='lat' dir='ltr'><strong><em>intulit,</em></strong></span> <span class='ocrx_word' id='word_1_892' title='bbox 3230 4294 3371 4365; x_wconf 90' lang='lat' dir='ltr'><strong><em>quod</em></strong></span> <span class='ocrx_word' id='word_1_893' title='bbox 3413 4293 3631 4364; x_wconf 88' lang='lat' dir='ltr'><strong><em>quidem</em></strong></span> 
     </span>
    </p>
   </div>
   <div class='ocr_carea' id='block_1_106' title="bbox 2054 4384 3628 4454">
    <p class='ocr_par' dir='ltr' id='par_1_106' title="bbox 2054 4384 3628 4454">
     <span class='ocr_line' id='line_1_106' title="bbox 2054 4384 3628 4454; baseline -0.004 -11"><span class='ocrx_word' id='word_1_894' title='bbox 2054 4389 2165 4445; x_wconf 85' lang='lat' dir='ltr'><strong><em>ﬁeri</em></strong></span> <span class='ocrx_word' id='word_1_895' title='bbox 2194 4387 2434 4443; x_wconf 89' lang='lat' dir='ltr'><strong><em>absoluta</em></strong></span> <span class='ocrx_word' id='word_1_896' title='bbox 2467 4386 2731 4441; x_wconf 88' lang='lat' dir='ltr'><strong><em>locutione</em></strong></span> <span class='ocrx_word' id='word_1_897' title='bbox 2770 4386 2929 4441; x_wconf 89' lang='lat' dir='ltr'><strong><em>etiam</em></strong></span> <span class='ocrx_word' id='word_1_898' title='bbox 2968 4385 3024 4439; x_wconf 92' lang='lat' dir='ltr'><strong><em>in</em></strong></span> <span class='ocrx_word' id='word_1_899' title='bbox 3070 4384 3227 4438; x_wconf 83' lang='lat' dir='ltr'><strong><em>latina</em></strong></span> <span class='ocrx_word' id='word_1_900' title='bbox 3264 4384 3439 4454; x_wconf 81' lang='lat' dir='ltr'><strong><em>lingua</em></strong></span> <span class='ocrx_word' id='word_1_901' title='bbox 3471 4384 3628 4439; x_wconf 89' lang='lat' dir='ltr'><strong><em>solet.</em></strong></span> 
     </span>
    </p>
   </div>
   <div class='ocr_carea' id='block_1_107' title="bbox 2052 4473 3628 4547">
    <p class='ocr_par' dir='ltr' id='par_1_107' title="bbox 2052 4473 3628 4547">
     <span class='ocr_line' id='line_1_107' title="bbox 2052 4473 3628 4547; baseline -0.003 -15"><span class='ocrx_word' id='word_1_902' title='bbox 2052 4478 2233 4547; x_wconf 86' lang='lat' dir='ltr'><strong><em>Neque</em></strong></span> <span class='ocrx_word' id='word_1_903' title='bbox 2258 4477 2358 4531; x_wconf 88' lang='lat' dir='ltr'><strong><em>hoc</em></strong></span> <span class='ocrx_word' id='word_1_904' title='bbox 2380 4475 2518 4545; x_wconf 88' lang='lat' dir='ltr'><strong><em>quod</em></strong></span> <span class='ocrx_word' id='word_1_905' title='bbox 2538 4475 2736 4529; x_wconf 87' lang='lat' dir='ltr'><strong><em>dictum</em></strong></span> <span class='ocrx_word' id='word_1_906' title='bbox 2757 4482 2859 4538; x_wconf 90' lang='lat' dir='ltr'><strong><em>est,</em></strong></span> <span class='ocrx_word' id='word_1_907' title='bbox 2877 4473 3119 4543; x_wconf 88' lang='lat' dir='ltr'><strong><em>primitia,</em></strong></span> <span class='ocrx_word' id='word_1_908' title='bbox 3146 4473 3361 4526; x_wconf 88' lang='lat' dir='ltr'><strong><em>latinum</em></strong></span> <span class='ocrx_word' id='word_1_909' title='bbox 3385 4473 3628 4528; x_wconf 87' lang='lat' dir='ltr'><strong><em>videtur:</em></strong></span> 
     </span>
    </p>
   </div>
   <div class='ocr_carea' id='block_1_108' title="bbox 2055 4562 3629 4638">
    <p class='ocr_par' dir='ltr' id='par_1_108' title="bbox 2055 4562 3629 4638">
     <span class='ocr_line' id='line_1_108' title="bbox 2055 4562 3629 4638; baseline -0.006 -14"><span class='ocrx_word' id='word_1_910' title='bbox 2055 4570 2299 4638; x_wconf 77' lang='lat' dir='ltr'><strong><em>primitia:</em></strong></span> <span class='ocrx_word' id='word_1_911' title='bbox 2338 4567 2531 4637; x_wconf 89' lang='lat' dir='ltr'><strong><em>quippe</em></strong></span> <span class='ocrx_word' id='word_1_912' title='bbox 2558 4564 2767 4619; x_wconf 87' lang='lat' dir='ltr'><strong><em>numeri</em></strong></span> <span class='ocrx_word' id='word_1_913' title='bbox 2796 4572 2997 4618; x_wconf 87' lang='lat' dir='ltr'><strong><em>tantum</em></strong></span> <span class='ocrx_word' id='word_1_914' title='bbox 3037 4563 3256 4632; x_wconf 88' lang='lat' dir='ltr'><strong><em>pluralis</em></strong></span> <span class='ocrx_word' id='word_1_915' title='bbox 3283 4562 3390 4618; x_wconf 91' lang='lat' dir='ltr'><strong><em>dici</em></strong></span> <span class='ocrx_word' id='word_1_916' title='bbox 3433 4564 3629 4619; x_wconf 86' lang='lat' dir='ltr'><strong><em>solent.</em></strong></span> 
     </span>
    </p>
   </div>
   <div class='ocr_carea' id='block_1_109' title="bbox 2054 4651 3631 4727">
    <p class='ocr_par' dir='ltr' id='par_1_109' title="bbox 2054 4651 3631 4727">
     <span class='ocr_line' id='line_1_109' title="bbox 2054 4651 3631 4727; baseline -0.006 -12"><span class='ocrx_word' id='word_1_917' title='bbox 2054 4659 2159 4715; x_wconf 88' lang='lat' dir='ltr'><strong><em>Sed</em></strong></span> <span class='ocrx_word' id='word_1_918' title='bbox 2187 4659 2232 4712; x_wconf 90' lang='lat' dir='ltr'><strong><em>si</em></strong></span> <span class='ocrx_word' id='word_1_919' title='bbox 2260 4663 2544 4727; x_wconf 88' lang='lat' dir='ltr'><strong><em>potuerunt</em></strong></span> <span class='ocrx_word' id='word_1_920' title='bbox 2570 4654 2889 4721; x_wconf 87' lang='lat' dir='ltr'><strong><em>interpretes</em></strong></span> <span class='ocrx_word' id='word_1_921' title='bbox 2913 4652 3082 4707; x_wconf 89' lang='lat' dir='ltr'><strong><em>nostri</em></strong></span> <span class='ocrx_word' id='word_1_922' title='bbox 3104 4651 3391 4708; x_wconf 83' lang='lat' dir='ltr'><strong><em>transferre</em></strong></span> <span class='ocrx_word' id='word_1_923' title='bbox 3415 4654 3553 4722; x_wconf 90' lang='lat' dir='ltr'><strong><em>quod</em></strong></span> <span class='ocrx_word' id='word_1_924' title='bbox 3578 4655 3631 4707; x_wconf 90' lang='lat' dir='ltr'><strong><em>in</em></strong></span> 
     </span>
    </p>
   </div>
   <div class='ocr_carea' id='block_1_110' title="bbox 2053 4742 3635 4821">
    <p class='ocr_par' dir='ltr' id='par_1_110' title="bbox 2053 4742 3635 4821">
     <span class='ocr_line' id='line_1_110' title="bbox 2053 4742 3635 4821; baseline -0.006 -16"><span class='ocrx_word' id='word_1_925' title='bbox 2053 4765 2227 4821; x_wconf 72' lang='lat' dir='ltr'><strong><em>grteco</em></strong></span> <span class='ocrx_word' id='word_1_926' title='bbox 2253 4750 2595 4812; x_wconf 89' lang='lat' dir='ltr'><strong><em>invenerunt,</em></strong></span> <span class='ocrx_word' id='word_1_927' title='bbox 2626 4742 2744 4797; x_wconf 89' lang='lat' dir='ltr'><strong><em>Non</em></strong></span> <span class='ocrx_word' id='word_1_928' title='bbox 2766 4744 3075 4815; x_wconf 84' lang='lat' dir='ltr'><strong><em>congregabo</em></strong></span> <span class='ocrx_word' id='word_1_929' title='bbox 3098 4744 3440 4798; x_wconf 79' lang='lat' dir='ltr'><strong><em>conventicula</em></strong></span> <span class='ocrx_word' id='word_1_930' title='bbox 3461 4760 3635 4798; x_wconf 88' lang='lat' dir='ltr'><strong><em>eorum</em></strong></span> 
     </span>
    </p>
   </div>
   <div class='ocr_carea' id='block_1_111' title="bbox 2055 4835 3724 4913">
    <p class='ocr_par' dir='ltr' id='par_1_111' title="bbox 2055 4835 3724 4913">
     <span class='ocr_line' id='line_1_111' title="bbox 2055 4835 3724 4913; baseline -0.005 -17"><span class='ocrx_word' id='word_1_931' title='bbox 2055 4844 2119 4897; x_wconf 90' lang='lat' dir='ltr'><strong><em>de</em></strong></span> <span class='ocrx_word' id='word_1_932' title='bbox 2156 4840 2483 4913; x_wconf 83' lang='lat' dir='ltr'><strong><em>sanguinibus</em></strong></span> <span class='ocrx_word' id='word_1_933' title='bbox 2500 4836 2670 4909; x_wconf 81' lang='lat' dir='ltr'><strong><em>(Psal.</em></strong></span> <span class='ocrx_word' id='word_1_934' title='bbox 2690 4852 2786 4903; x_wconf 77' lang='lat' dir='ltr'><strong><em>xv,</em></strong></span> <span class='ocrx_word' id='word_1_935' title='bbox 2809 4837 2865 4909; x_wconf 69' lang='grc'><strong><em>4)</em></strong></span> <span class='ocrx_word' id='word_1_936' title='bbox 2890 4852 2906 4899; x_wconf 87' lang='lat'><strong>;</strong></span> <span class='ocrx_word' id='word_1_937' title='bbox 2928 4845 2982 4891; x_wconf 89' lang='lat' dir='ltr'><strong><em>et</em></strong></span> <span class='ocrx_word' id='word_1_938' title='bbox 3004 4836 3106 4890; x_wconf 87' lang='lat' dir='ltr'><strong><em>alio</em></strong></span> <span class='ocrx_word' id='word_1_939' title='bbox 3131 4836 3249 4891; x_wconf 86' lang='lat' dir='ltr'><strong><em>loco</em></strong></span> <span class='ocrx_word' id='word_1_940' title='bbox 3269 4874 3284 4900; x_wconf 91' lang='lat'><strong><em>,</em></strong></span> <span class='ocrx_word' id='word_1_941' title='bbox 3313 4835 3489 4889; x_wconf 86' lang='lat' dir='ltr'><strong><em>Virum</em></strong></span> <span class='ocrx_word' id='word_1_942' title='bbox 3508 4853 3631 4889; x_wconf 87' lang='lat' dir='ltr'><strong><em>san—</em></strong></span> <span class='ocrx_word' id='word_1_943' title='bbox 3711 4845 3724 4854; x_wconf 84' lang='lat'><strong><em>‘</em></strong></span> 
     </span>
    </p>
   </div>
   <div class='ocr_carea' id='block_1_112' title="bbox 2056 4922 3630 5004">
    <p class='ocr_par' dir='ltr' id='par_1_112' title="bbox 2056 4922 3630 5004">
     <span class='ocr_line' id='line_1_112' title="bbox 2056 4922 3630 5004; baseline -0.005 -19"><span class='ocrx_word' id='word_1_944' title='bbox 2056 4933 2263 5004; x_wconf 88' lang='lat' dir='ltr'><strong><em>guinum</em></strong></span> <span class='ocrx_word' id='word_1_945' title='bbox 2283 4940 2329 4983; x_wconf 90' lang='lat' dir='ltr'><strong><em>et</em></strong></span> <span class='ocrx_word' id='word_1_946' title='bbox 2350 4930 2578 4983; x_wconf 82' lang='lat' dir='ltr'><strong><em>dolosam</em></strong></span> <span class='ocrx_word' id='word_1_947' title='bbox 2601 4925 2968 4981; x_wconf 83' lang='lat' dir='ltr'><strong><em>abominabitur</em></strong></span> <span class='ocrx_word' id='word_1_948' title='bbox 2989 4924 3237 4980; x_wconf 85' lang='lat' dir='ltr'><strong><em>Dominus</em></strong></span> <span class='ocrx_word' id='word_1_949' title='bbox 3266 4923 3435 4995; x_wconf 89' lang='lat' dir='ltr'><strong><em>(Psal.</em></strong></span> <span class='ocrx_word' id='word_1_950' title='bbox 3456 4940 3506 4990; x_wconf 88' lang='lat' dir='ltr'><strong><em>v,</em></strong></span> <span class='ocrx_word' id='word_1_951' title='bbox 3535 4922 3588 4996; x_wconf 92' lang='lat'><strong><em>7)</em></strong></span> <span class='ocrx_word' id='word_1_952' title='bbox 3616 4941 3630 4988; x_wconf 88' lang='lat'><strong>;</strong></span> 
     </span>
    </p>
   </div>
   <div class='ocr_carea' id='block_1_113' title="bbox 2056 5014 3635 5089">
    <p class='ocr_par' dir='ltr' id='par_1_113' title="bbox 2056 5014 3635 5089">
     <span class='ocr_line' id='line_1_113' title="bbox 2056 5014 3635 5089; baseline -0.006 -14"><span class='ocrx_word' id='word_1_953' title='bbox 2056 5037 2177 5076; x_wconf 91' lang='lat' dir='ltr'><strong><em>cum</em></strong></span> <span class='ocrx_word' id='word_1_954' title='bbox 2204 5019 2416 5089; x_wconf 77' lang='lat' dir='ltr'><strong><em>sanguis</em></strong></span> <span class='ocrx_word' id='word_1_955' title='bbox 2446 5019 2497 5071; x_wconf 90' lang='lat' dir='ltr'><strong><em>in</em></strong></span> <span class='ocrx_word' id='word_1_956' title='bbox 2538 5017 2698 5071; x_wconf 85' lang='lat' dir='ltr'><strong><em>latina</em></strong></span> <span class='ocrx_word' id='word_1_957' title='bbox 2734 5015 2910 5086; x_wconf 77' lang='lat' dir='ltr'><strong><em>lingua</em></strong></span> <span class='ocrx_word' id='word_1_958' title='bbox 2941 5015 3145 5069; x_wconf 89' lang='lat' dir='ltr'><strong><em>numeri</em></strong></span> <span class='ocrx_word' id='word_1_959' title='bbox 3184 5016 3253 5068; x_wconf 91' lang='lat' dir='ltr'><strong><em>sit</em></strong></span> <span class='ocrx_word' id='word_1_960' title='bbox 3291 5022 3493 5068; x_wconf 90' lang='lat' dir='ltr'><strong><em>tantum</em></strong></span> <span class='ocrx_word' id='word_1_961' title='bbox 3526 5014 3635 5066; x_wconf 84' lang='lat' dir='ltr'><strong><em>sin-</em></strong></span> 
     </span>
    </p>
   </div>
   <div class='ocr_carea' id='block_1_114' title="bbox 2055 5105 3634 5184">
    <p class='ocr_par' dir='ltr' id='par_1_114' title="bbox 2055 5105 3634 5184">
     <span class='ocr_line' id='line_1_114' title="bbox 2055 5105 3634 5184; baseline -0.007 -17"><span class='ocrx_word' id='word_1_962' title='bbox 2055 5112 2289 5184; x_wconf 80' lang='lat' dir='ltr'><strong><em>gularis;</em></strong></span> <span class='ocrx_word' id='word_1_963' title='bbox 2321 5126 2416 5165; x_wconf 89' lang='lat' dir='ltr'><strong><em>cur</em></strong></span> <span class='ocrx_word' id='word_1_964' title='bbox 2444 5110 2601 5165; x_wconf 90' lang='lat' dir='ltr'><strong><em>etiam</em></strong></span> <span class='ocrx_word' id='word_1_965' title='bbox 2640 5108 2727 5162; x_wconf 90' lang='lat' dir='ltr'><strong><em>hic</em></strong></span> <span class='ocrx_word' id='word_1_966' title='bbox 2763 5107 2967 5176; x_wconf 77' lang='lat' dir='ltr'><strong><em>pigeret</em></strong></span> <span class='ocrx_word' id='word_1_967' title='bbox 3003 5105 3323 5175; x_wconf 80' lang='lat' dir='ltr'><strong><em>singularem</em></strong></span> <span class='ocrx_word' id='word_1_968' title='bbox 3354 5118 3634 5158; x_wconf 89' lang='lat' dir='ltr'><strong><em>numerum</em></strong></span> 
     </span>
    </p>
   </div>
   <div class='ocr_carea' id='block_1_115' title="bbox 2059 5194 3637 5275">
    <p class='ocr_par' dir='ltr' id='par_1_115' title="bbox 2059 5194 3637 5275">
     <span class='ocr_line' id='line_1_115' title="bbox 2059 5194 3637 5275; baseline -0.007 -18"><span class='ocrx_word' id='word_1_969' title='bbox 2059 5203 2281 5275; x_wconf 87' lang='lat' dir='ltr'><strong><em>primitia</em></strong></span> <span class='ocrx_word' id='word_1_970' title='bbox 2300 5242 2316 5266; x_wconf 95' lang='lat'><strong><em>,</em></strong></span> <span class='ocrx_word' id='word_1_971' title='bbox 2343 5201 2481 5256; x_wconf 89' lang='lat' dir='ltr'><strong><em>sicut</em></strong></span> <span class='ocrx_word' id='word_1_972' title='bbox 2522 5200 2680 5254; x_wconf 90' lang='lat' dir='ltr'><strong><em>habet</em></strong></span> <span class='ocrx_word' id='word_1_973' title='bbox 2716 5212 2955 5268; x_wconf 63' lang='lat' dir='ltr'><strong><em>graecus,</em></strong></span> <span class='ocrx_word' id='word_1_974' title='bbox 2987 5194 3328 5265; x_wconf 78' lang='lat' dir='ltr'><strong><em>exprimere?</em></strong></span> <span class='ocrx_word' id='word_1_975' title='bbox 3352 5194 3527 5265; x_wconf 78' lang='lat' dir='ltr'><strong><em>Aliqui</em></strong></span> <span class='ocrx_word' id='word_1_976' title='bbox 3554 5202 3637 5247; x_wconf 89' lang='lat' dir='ltr'><strong><em>ta-</em></strong></span> 
     </span>
    </p>
   </div>
   <div class='ocr_carea' id='block_1_116' title="bbox 2059 5287 3637 5362">
    <p class='ocr_par' dir='ltr' id='par_1_116' title="bbox 2059 5287 3637 5362">
     <span class='ocr_line' id='line_1_116' title="bbox 2059 5287 3637 5362; baseline -0.008 -12"><span class='ocrx_word' id='word_1_977' title='bbox 2059 5310 2181 5350; x_wconf 89' lang='lat' dir='ltr'><strong><em>men</em></strong></span> <span class='ocrx_word' id='word_1_978' title='bbox 2208 5294 2520 5362; x_wconf 88' lang='lat' dir='ltr'><strong><em>interpretes</em></strong></span> <span class='ocrx_word' id='word_1_979' title='bbox 2547 5289 2805 5360; x_wconf 88' lang='lat' dir='ltr'><strong><em>primitias</em></strong></span> <span class='ocrx_word' id='word_1_980' title='bbox 2834 5287 3236 5349; x_wconf 88' lang='lat' dir='ltr'><strong><em>transtulerunt,</em></strong></span> <span class='ocrx_word' id='word_1_981' title='bbox 3274 5294 3327 5339; x_wconf 91' lang='lat' dir='ltr'><strong><em>et</em></strong></span> <span class='ocrx_word' id='word_1_982' title='bbox 3351 5300 3449 5355; x_wconf 88' lang='lat' dir='ltr'><strong><em>per</em></strong></span> <span class='ocrx_word' id='word_1_983' title='bbox 3476 5300 3637 5338; x_wconf 88' lang='lat' dir='ltr'><strong><em>accu-</em></strong></span> 
     </span>
    </p>
   </div>
   <div class='ocr_carea' id='block_1_117' title="bbox 2060 5375 3635 5449">
    <p class='ocr_par' dir='ltr' id='par_1_117' title="bbox 2060 5375 3635 5449">
     <span class='ocr_line' id='line_1_117' title="bbox 2060 5375 3635 5449; baseline -0.008 -8"><span class='ocrx_word' id='word_1_984' title='bbox 2060 5386 2285 5441; x_wconf 86' lang='lat' dir='ltr'><strong><em>sativum</em></strong></span> <span class='ocrx_word' id='word_1_985' title='bbox 2315 5398 2530 5449; x_wconf 90' lang='lat' dir='ltr'><strong><em>casum,</em></strong></span> <span class='ocrx_word' id='word_1_986' title='bbox 2554 5390 2612 5435; x_wconf 89' lang='lat' dir='ltr'><strong><em>ut</em></strong></span> <span class='ocrx_word' id='word_1_987' title='bbox 2634 5380 2887 5443; x_wconf 88' lang='lat' dir='ltr'><strong><em>dicerent,</em></strong></span> <span class='ocrx_word' id='word_1_988' title='bbox 2911 5394 3078 5432; x_wconf 85' lang='lat' dir='ltr'><strong><em>omnes</em></strong></span> <span class='ocrx_word' id='word_1_989' title='bbox 3099 5376 3346 5446; x_wconf 86' lang='lat' dir='ltr'><strong><em>primitias</em></strong></span> <span class='ocrx_word' id='word_1_990' title='bbox 3372 5375 3461 5429; x_wconf 89' lang='lat' dir='ltr'><strong><em>tibi</em></strong></span> <span class='ocrx_word' id='word_1_991' title='bbox 3484 5375 3635 5429; x_wconf 88' lang='lat' dir='ltr'><strong><em>dabo.</em></strong></span> 
     </span>
    </p>
   </div>
   <div class='ocr_carea' id='block_1_118' title="bbox 2060 5466 3641 5546">
    <p class='ocr_par' dir='ltr' id='par_1_118' title="bbox 2060 5466 3641 5546">
     <span class='ocr_line' id='line_1_118' title="bbox 2060 5466 3641 5546; baseline -0.009 -12"><span class='ocrx_word' id='word_1_992' title='bbox 2060 5479 2135 5534; x_wconf 83' lang='lat' dir='ltr'><strong><em>ita</em></strong></span> <span class='ocrx_word' id='word_1_993' title='bbox 2165 5486 2441 5546; x_wconf 87' lang='lat' dir='ltr'><strong><em>utramque</em></strong></span> <span class='ocrx_word' id='word_1_994' title='bbox 2477 5473 2799 5528; x_wconf 89' lang='lat' dir='ltr'><strong><em>locutionem</em></strong></span> <span class='ocrx_word' id='word_1_995' title='bbox 2825 5471 2976 5526; x_wconf 91' lang='lat' dir='ltr'><strong><em>nobis</em></strong></span> <span class='ocrx_word' id='word_1_996' title='bbox 3004 5468 3305 5524; x_wconf 87' lang='lat' dir='ltr'><strong><em>inusitatam</em></strong></span> <span class='ocrx_word' id='word_1_997' title='bbox 3327 5508 3343 5533; x_wconf 93' lang='lat'><strong><em>,</em></strong></span> <span class='ocrx_word' id='word_1_998' title='bbox 3373 5466 3641 5537; x_wconf 90' lang='lat' dir='ltr'><strong><em>quomodo</em></strong></span> 
     </span>
    </p>
   </div>
   <div class='ocr_carea' id='block_1_119' title="bbox 2061 5559 3341 5641">
    <p class='ocr_par' dir='ltr' id='par_1_119' title="bbox 2061 5559 3341 5641">
     <span class='ocr_line' id='line_1_119' title="bbox 2061 5559 3341 5641; baseline -0.01 -15"><span class='ocrx_word' id='word_1_999' title='bbox 2061 5571 2113 5626; x_wconf 91' lang='lat' dir='ltr'><strong><em>in</em></strong></span> <span class='ocrx_word' id='word_1_1000' title='bbox 2140 5584 2316 5641; x_wconf 72' lang='lat' dir='ltr'><strong><em>grteco</em></strong></span> <span class='ocrx_word' id='word_1_1001' title='bbox 2344 5568 2554 5622; x_wconf 84' lang='lat' dir='ltr'><strong><em>inventa</em></strong></span> <span class='ocrx_word' id='word_1_1002' title='bbox 2581 5574 2696 5630; x_wconf 88' lang='lat' dir='ltr'><strong><em>est,</em></strong></span> <span class='ocrx_word' id='word_1_1003' title='bbox 2723 5561 3009 5617; x_wconf 80' lang='lat' dir='ltr'><strong><em>transferre</em></strong></span> <span class='ocrx_word' id='word_1_1004' title='bbox 3038 5559 3341 5614; x_wconf 89' lang='lat' dir='ltr'><strong><em>noluerunt.</em></strong></span> 
     </span>
    </p>
   </div>
   <div class='ocr_carea' id='block_1_120' title="bbox 2132 5648 3640 5733">
    <p class='ocr_par' dir='ltr' id='par_1_120' title="bbox 2132 5648 3640 5733">
     <span class='ocr_line' id='line_1_120' title="bbox 2132 5648 3640 5733; baseline -0.009 -20"><span class='ocrx_word' id='word_1_1005' title='bbox 2132 5660 2231 5733; x_wconf 89' lang='lat' dir='ltr'><strong><em>[lb.</em></strong></span> <span class='ocrx_word' id='word_1_1006' title='bbox 2253 5674 2365 5723; x_wconf 76' lang='lat' dir='ltr'><strong><em>xxx,</em></strong></span> <span class='ocrx_word' id='word_1_1007' title='bbox 2381 5653 2463 5729; x_wconf 71' lang='lat'><strong><em>2.]</em></strong></span> <span class='ocrx_word' id='word_1_1008' title='bbox 2485 5655 2709 5725; x_wconf 87' lang='lat' dir='ltr'><strong><em>Loquere</em></strong></span> <span class='ocrx_word' id='word_1_1009' title='bbox 2735 5653 2856 5723; x_wconf 86' lang='lat' dir='ltr'><strong><em>ﬁliis</em></strong></span> <span class='ocrx_word' id='word_1_1010' title='bbox 2879 5649 3062 5714; x_wconf 87' lang='lat' dir='ltr'><strong><em>Israel,</em></strong></span> <span class='ocrx_word' id='word_1_1011' title='bbox 3086 5657 3131 5703; x_wconf 90' lang='lat' dir='ltr'><strong><em>et</em></strong></span> <span class='ocrx_word' id='word_1_1012' title='bbox 3156 5648 3406 5718; x_wconf 88' lang='lat' dir='ltr'><strong><em>accipiant</em></strong></span> <span class='ocrx_word' id='word_1_1013' title='bbox 3430 5664 3462 5701; x_wconf 92' lang='lat' dir='ltr'><strong><em>a</em></strong></span> <span class='ocrx_word' id='word_1_1014' title='bbox 3487 5654 3533 5701; x_wconf 85' lang='lat' dir='ltr'><strong><em>te</em></strong></span> <span class='ocrx_word' id='word_1_1015' title='bbox 3545 5648 3640 5723; x_wconf 78' lang='lat' dir='ltr'><strong><em>ju-</em></strong></span> 
     </span>
    </p>
   </div>
   <div class='ocr_carea' id='block_1_121' title="bbox 2062 5736 3637 5819">
    <p class='ocr_par' dir='ltr' id='par_1_121' title="bbox 2062 5736 3637 5819">
     <span class='ocr_line' id='line_1_121' title="bbox 2062 5736 3637 5819; baseline -0.009 -14"><span class='ocrx_word' id='word_1_1016' title='bbox 2062 5766 2266 5805; x_wconf 69' lang='lat' dir='ltr'><strong><em>aeneam</em></strong></span> <span class='ocrx_word' id='word_1_1017' title='bbox 2289 5750 2459 5819; x_wconf 72' lang='lat' dir='ltr'><strong><em>rufam</em></strong></span> <span class='ocrx_word' id='word_1_1018' title='bbox 2486 5761 2506 5799; x_wconf 89' lang='lat'><strong><em>:</em></strong></span> <span class='ocrx_word' id='word_1_1019' title='bbox 2531 5758 2626 5815; x_wconf 86' lang='lat' dir='ltr'><strong><em>pro</em></strong></span> <span class='ocrx_word' id='word_1_1020' title='bbox 2656 5758 2720 5798; x_wconf 89' lang='lat' dir='ltr'><strong><em>eo</em></strong></span> <span class='ocrx_word' id='word_1_1021' title='bbox 2748 5756 2809 5796; x_wconf 90' lang='lat' dir='ltr'><strong><em>ac</em></strong></span> <span class='ocrx_word' id='word_1_1022' title='bbox 2835 5741 2877 5795; x_wconf 89' lang='lat' dir='ltr'><strong><em>si</em></strong></span> <span class='ocrx_word' id='word_1_1023' title='bbox 2905 5739 3135 5807; x_wconf 85' lang='lat' dir='ltr'><strong><em>diceret,</em></strong></span> <span class='ocrx_word' id='word_1_1024' title='bbox 3167 5737 3430 5795; x_wconf 88' lang='lat' dir='ltr'><strong><em>adducant</em></strong></span> <span class='ocrx_word' id='word_1_1025' title='bbox 3454 5736 3522 5793; x_wconf 78' lang='lat' dir='ltr'><strong><em>ad</em></strong></span> <span class='ocrx_word' id='word_1_1026' title='bbox 3549 5745 3637 5805; x_wconf 80' lang='lat' dir='ltr'><strong><em>te;</em></strong></span> 
     </span>
    </p>
   </div>
  </div>
