4094 6454
481 365 584 422 527

479 485 571 531 aut
597 481 740 530 certe
767 479 1050 542 utrumque
1073 471 1265 526 usitate
1290 471 1576 537 diceretur,
1605 468 1863 539 accipiant
1889 476 1940 522 et
1967 467 2062 522 ad-

479 567 672 620 ducant
700 563 766 617 ad
798 571 848 618 te
872 563 1151 633 iuvencam
1194 559 1389 615 rufam.

551 655 649 729 [lb.
669 653 746 725 7.]
786 653 853 707 Et
874 654 1059 707 levabit
1099 669 1282 722 corpus
1309 667 1454 706 suum
1480 667 1612 723 aqua
1635 665 1654 703 :
1673 648 1776 704 hoc
1799 646 2060 716 intellige-

480 757 627 803 retur
651 745 861 800 etiamsi
890 760 992 797 non
1025 743 1264 810 haberet,
1293 759 1444 811 aqua.

551 835 652 908 [lb.
676 833 754 907 9.]
795 834 860 888 Et
879 841 1028 904 ponet
1047 841 1186 887 extra
1205 842 1370 886 castra
1394 832 1446 884 in
1473 831 1637 884 locum
1658 827 1900 882 mundum
1923 841 2063 880 :non

480 929 530 982 in
559 929 675 982 loco
703 926 901 980 mundo
927 925 1079 990 dixit,
1107 923 1247 994 quod
1271 923 1448 977 latina:
1471 921 1752 976 locutionis
1781 929 1882 974 est.

550 1019 648 1092 [lb.
676 1016 786 1090 15.]
829 1015 990 1070 Omne
1025 1031 1112 1069 vas
1132 1024 1361 1085 apertum
1398 1029 1720 1084 quaecumque
1745 1028 1845 1065 non
1885 1010 2064 1064 habent

479 1111 805 1183 alligaturam
831 1108 1093 1179 alligatam
1121 1123 1274 1179 super
1300 1123 1378 1161 ea.

551 1203 649 1276 [lb.
676 1217 770 1269 xx,
793 1198 873 1272 9.]
900 1200 967 1254 Et
1005 1200 1194 1270 accepit
1221 1198 1424 1270 Moyses
1453 1197 1643 1268 virgam
1681 1211 1794 1266 qtae
1821 1204 1936 1248 ante
1956 1192 2064 1247 Do-

480 1294 672 1347 minum
697 1308 715 1345 :
737 1289 1069 1356 subauditur,
1097 1296 1231 1344 erat.

553 1382 654 1455 [lb.
682 1381 791 1454 12.]
835 1381 965 1446 Quia
989 1397 1090 1434 non
1119 1379 1402 1434 credidistis
1420 1377 1734 1446 sancti/icore
1762 1392 1839 1430 me
1862 1376 1912 1428 in
1939 1391 2063 1428 con-

479 1482 651 1542 spectu
681 1473 905 1540 ﬁliorum
935 1471 1101 1526 Israel
1125 1485 1143 1526 :
1171 1471 1221 1524 id
1248 1479 1364 1534 est,
1393 1471 1726 1524 sanctitatem
1767 1481 1938 1521 meam
1965 1465 2063 1520 de-

481 1563 704 1616 clarare.
749 1560 1052 1616 Secundum
1085 1561 1238 1617 istam
1268 1561 1587 1615 locutionem
1617 1559 1814 1613 dictum
1853 1566 1969 1622 est,
1995 1555 2064 1609 Et

482 1669 572 1721 pro
601 1653 670 1706 eis
699 1652 958 1721 sanctiﬁco
984 1653 1228 1721 meipsum
1254 1649 1442 1721 (Joan.
1465 1665 1597 1715 xvn,
1618 1649 1716 1718 19)
1742 1666 1752 1702 :
1783 1655 1835 1703 et
1858 1648 1908 1702 in
1938 1661 2062 1699 ora-

485 1742 630 1797 tione
645 1742 913 1796 Dominica
924 1781 937 1804 ,
955 1740 1309 1809 Sanctiﬁcetur
1325 1754 1504 1793 nomen
1523 1748 1660 1792 tuum
1675 1736 1883 1810 (Matth.
1900 1735 2060 1805 VI,9).

550 1831 652 1904 [11).
682 1831 797 1904 15.]
823 1832 888 1885 Et
913 1833 1090 1886 incolae
1130 1833 1317 1901 fuimus
1359 1831 1413 1884 in
1446 1829 1678 1901 Egypto
1712 1828 1817 1882 dies
1853 1827 2020 1898 plures
2044 1841 2064 1880 :

485 1936 582 1990 pro
605 1962 619 1986 ,
643 1922 798 1976 annis
835 1923 1035 1976 multis.

555 2011 654 2084 [lb.
681 2011 792 2084 18.]
827 2012 1040 2065 Etdixit
1067 2010 1134 2063 ad
1161 2026 1273 2065 eum
1294 2008 1460 2062 Edam
1485 2023 1503 2063 :
1530 2008 1632 2063 hoc
1651 2015 1733 2062 est
1757 2020 1887 2077 gens
1913 2005 2060 2075 ipsa;

483 2118 590 2158 non
618 2103 760 2158 enim
806 2103 981 2157 adhuc
1006 2101 1216 2157 vivebat
1245 2101 1411 2156 Edom
1451 2100 1539 2169 qui
1569 2107 1682 2153 erat
1711 2099 1848 2152 Esau
1881 2114 1895 2151 :
1928 2096 2064 2151 sicut

483 2193 584 2262 ipsi
625 2193 714 2262 qui
757 2191 968 2246 nuntios
1006 2190 1297 2256 miserunt,
1337 2188 1497 2243 Israel
1533 2186 1894 2252 vocabantur,
1921 2183 2063 2254 quod

485 2284 632 2352 prius
660 2297 854 2337 nomen
881 2283 1036 2336 unius
1061 2279 1289 2334 hominis
1314 2287 1447 2334 erat.

555 2373 656 2446 [lb.
674 2372 786 2446 19.]
807 2372 874 2426 Et
899 2373 1070 2426 dicunt
1090 2375 1132 2425 ei
1153 2371 1248 2440 ﬁlii
1274 2367 1636 2434 Israel,Ju:rta
1666 2373 1881 2419 montem
1900 2372 2066 2418 trans-

485 2466 668 2520 ibimus
696 2480 715 2518 :
741 2465 785 2520 si
822 2471 986 2518 autem
1014 2463 1077 2516 de
1115 2478 1245 2531 aqua
1270 2469 1358 2514 tua
1399 2459 1663 2512 biberiinus
1691 2472 1782 2527 ego
1814 2465 1860 2510 et
1886 2470 2065 2526 pecora

483 2572 614 2620 mea,
637 2555 766 2608 dabo
783 2554 995 2624 pretium
1015 2551 1100 2606 tibi
1124 2566 1142 2604 :
1162 2551 1290 2605 satis
1317 2550 1588 2618 eleganter
1612 2563 1643 2601 a
1670 2546 1856 2616 plurali
1880 2543 2067 2599 transit

483 2646 550 2700 ad
579 2645 898 2715 singularem
919 2655 1221 2708 numerum,
1242 2650 1490 2709 tanquam
1514 2638 1676 2692 Israel
1699 2636 1920 2701 diceret,
1943 2648 2064 2690 cum

483 2736 723 2798 dixisset,
751 2735 846 2804 ﬁlii
875 2731 1073 2800 Israel,
1095 2740 1150 2786 et
1176 2746 1207 2786 a
1237 2730 1412 2786 verbis
1435 2729 1688 2799 coepisset
1718 2725 1926 2793 numeri
1950 2723 2067 2793 plu-

485 2829 637 2895 ralis,
669 2829 808 2898 quod
834 2835 936 2893 est,
967 2825 1284 2879 transibimus
1303 2832 1356 2878 et
1379 2823 1664 2877 biberimus.

555 2923 654 2996 [lb.
692 2921 804 2993 30.]
845 2921 910 2975 Et
935 2921 1056 2974 vidit
1096 2920 1256 2974 omnis
1282 2932 1538 2989 synagoga
1575 2914 1691 2985 quia
1719 2911 1952 2987 dimissus
1995 2917 2068 2962 est

485 3015 657 3068 Aaron
685 3030 703 3067 :
725 3029 829 3068 non
857 3011 1010 3066 facile
1030 3011 1132 3066 hoc
1148 3009 1368 3064 verbum
1392 3007 1652 3076 reperitur
1676 3004 1729 3058 in
1755 3000 2064 3071 Scripturis,

486 3103 745 3171 dimissus,
777 3120 872 3174 pro
901 3118 967 3158 eo
1002 3101 1143 3172 quod
1169 3110 1250 3156 est
1287 3107 1529 3153 mortuus
1555 3114 1569 3163 ;
1600 3097 1699 3150 hoc
1724 3104 1780 3150 et
1804 3095 1857 3148 in
1887 3093 2066 3147 Evan-

483 3197 622 3265 gelio
647 3206 750 3262 est,
780 3195 867 3249 ubi
894 3195 966 3248 ait
990 3193 1204 3248 Simeon
1228 3232 1244 3258 ,
1281 3190 1430 3243 Nunc
1456 3188 1664 3242 dimittis
1705 3202 1901 3240 servum
1927 3195 2068 3237 tuum

484 3287 542 3340 in
567 3303 690 3357 pace
715 3285 862 3359 (Luc.
889 3300 945 3347 ιι,
967 3280 1060 3355 29)
1087 3299 1100 3334 :
1127 3295 1308 3336 verum
1345 3288 1518 3333 tamen
1564 3280 1783 3337 ἀπολύεις
1826 3274 1984 3328 habet
2014 3275 2066 3328 in

483 3394 690 3450 grazco,
722 3377 864 3447 quod
904 3375 1071 3446 magis
1097 3388 1125 3426 a
1156 3372 1479 3428 resolutione
1507 3383 1664 3440 quam
1704 3382 1732 3420 a
1759 3366 2068 3422 dimissione

484 3471 678 3527 dictum
705 3477 890 3534 sonat;
922 3481 1028 3521 non
1061 3463 1201 3520 enim
1229 3462 1360 3517 dixit
1387 3466 1519 3532 clipeo;
1539 3501 1553 3527 ,
1584 3457 1726 3528 quod
1751 3457 1866 3511 sine
1906 3455 2069 3510 dubio

483 3569 584 3623 est,
616 3560 856 3614 dimittis.
1417 3571 1422 3575 “

558 3651 658 3723 [11).
683 3647 797 3721 30.]
837 3647 904 3702 Et
933 3648 1174 3718 ﬂeverunt
1202 3644 1373 3698 Aaron
1399 3642 1603 3713 triginta
1638 3640 1744 3694 dies
1771 3639 1930 3693 omnis
1970 3637 2067 3691 do-

483 3759 594 3795 mus
621 3740 784 3795 Israel
811 3754 829 3794 :
852 3754 958 3793 non
987 3737 1138 3804 dixit,
1167 3735 1341 3800 ﬂevit;
1373 3748 1472 3788 nec
1498 3732 1662 3797 dixit,
1695 3740 1802 3784 tota
1833 3729 1914 3782 vel
1947 3728 2066 3782 uni-

483 3848 672 3899 versa,
715 3831 807 3885 sed
850 3829 1046 3895 omnis,
1091 3827 1242 3898 quasi
1291 3810 1478 3894 plures
1499 3831 1719 3886 essent;
1765 3819 1918 3874 sicuti
1963 3826 2064 3884 est,

486 3924 660 3977 omnis
691 3921 870 3986 homo,
893 3918 1033 3989 quod
1075 3917 1141 3972 de
1166 3914 1411 3971 omnibus
1452 3912 1675 3974 dicitur,
1705 3913 1861 3980 longe
1889 3910 2068 3978 utique

485 4013 625 4067 aliud
655 4025 811 4082 quam
843 4017 982 4062 totus
1006 4008 1186 4072 homo,
1209 4004 1352 4076 quod
1381 4003 1447 4059 de
1478 4018 1584 4058 uno
1607 4002 1800 4056 dicitur
1823 4018 1836 4055 :
1861 3999 1954 4055 sed
1983 4015 2068 4052 as-

488 4103 636 4158 sidue
667 4101 812 4170 ponit
837 4097 1109 4168 Scriptura
1137 4111 1294 4150 omne
1325 4108 1421 4164 pro
1452 4102 1584 4148 toto.

562 4192 660 4264 [lb.
686 4205 811 4255 xxr,
839 4187 917 4260 5.]
957 4186 1022 4240 Et
1051 4184 1340 4240 detrahebat
1370 4183 1586 4254 populus
1615 4181 1683 4235 ad
1705 4181 1865 4234 Deum
1893 4190 1938 4234 et
1977 4181 2072 4232 ad-

486 4301 657 4339 versus
677 4282 882 4352 Moysen
897 4296 916 4334 .'
929 4296 1032 4334 non
1048 4278 1199 4346 dixit,
1217 4277 1283 4332 de
1299 4277 1436 4343 Deo;
1455 4275 1569 4341 sed,
1585 4273 1652 4327 ad
1671 4273 1851 4326 Deum.
1875 4273 2072 4340 Quam-

487 4376 570 4430 vis
597 4375 732 4428 Iianc
774 4371 1092 4427 locutionem
1118 4368 1327 4439 quidam
1355 4364 1643 4421 transferre
1674 4364 1945 4430 nolentes,
1975 4362 2068 4416 de-

490 4467 751 4520 trahebant
779 4464 842 4518 de
865 4462 967 4517 Deo
986 4504 1001 4529 ,
1029 4460 1427 4516 transtulerunt.

563 4556 661 4629 [lb.
684 4554 762 4627 7.]
804 4555 908 4608 Ora
932 4569 1047 4624 ergo
1067 4552 1133 4606 ad
1152 4551 1316 4605 Deum
1337 4558 1391 4602 ut
1413 4552 1612 4620 auferat
1649 4564 1681 4600 a
1696 4547 1847 4600 nobis
1868 4562 2070 4616 serpen-

491 4657 627 4701 tem:
652 4648 786 4700 sicut
814 4654 866 4700 et
896 4645 947 4697 in
974 4642 1158 4697 Exodo
1187 4641 1382 4696 dictum
1404 4648 1504 4706 est,
1531 4653 1714 4692 ranam
1737 4636 1932 4708 (Exod.
1951 4651 2065 4701 vui,

490 4737 578 4811 ϐ),
612 4737 877 4807 singulare
904 4751 999 4804 pro
1028 4732 1237 4802 plurali.

563 4827 662 4901 [lb.
688 4843 801 4893 xxt,
827 4825 906 4898 9.)
949 4825 1010 4878 Et
1035 4827 1222 4895 factum
1256 4830 1325 4875 est
1352 4820 1553 4891 quando
1571 4819 1835 4873 momordit
1865 4835 2070 4890 serpens

491 4921 781 4984 hominem,
812 4925 856 4970 et
894 4915 1087 4984 aspexit
1121 4914 1174 4966 in
1202 4928 1395 4966 aeneum
1431 4921 1743 4982 serpentem,
1771 4915 1820 4964 et
1845 4911 2032 4963 vivebat
2052 4924 2070 4961 :

491 5031 598 5070 non
623 5014 793 5069 solum
821 5012 922 5066 hoc
951 5011 1120 5065 habet
1147 5009 1244 5064 ista
1279 5008 1473 5062 locutio
1501 5007 1642 5076 quod
1669 5004 1827 5060 vertit
1854 5003 2068 5057 modum

490 5105 660 5168 verbi,
690 5113 742 5159 et
779 5118 808 5156 a
833 5101 1010 5172 specie
1048 5101 1276 5170 perfecta
1316 5097 1566 5168 praeteriti
1597 5095 1850 5165 temporis
1875 5093 1940 5146 ad
1967 5094 2068 5146 im-

493 5198 777 5270 perfectam
807 5194 1016 5259 clausit,
1046 5191 1142 5246 sed
1167 5191 1326 5246 etiam
1353 5187 1491 5258 quod
1520 5187 1638 5258 plus
1667 5186 1844 5248 habet,
1868 5192 1931 5237 et.

562 5289 659 5361 [11).
688 5285 796 5358 11.]
835 5284 902 5338 Et
926 5285 1170 5338 elevantes
1195 5297 1256 5335 ea:
1283 5278 1446 5335 Oboth
1465 5320 1478 5344 ,
1507 5287 1671 5332 castra
1705 5275 2070 5347 collocaverunt

490 5384 541 5434 in
558 5378 800 5447 Achalgai
823 5387 958 5428 trans
981 5376 1032 5428 in
1060 5390 1224 5427 eremo
1249 5387 1266 5425 :
1286 5371 1387 5424 hoc
1407 5377 1508 5437 est,
1529 5369 1579 5422 iu
1599 5364 1847 5422 ulteriore
1867 5380 2066 5419 eremo.

561 5473 661 5543 [11).
682 5486 814 5533 xxu,
828 5465 942 5538 23.]
967 5466 1031 5519 Et
1048 5465 1288 5535 percussit
1313 5463 1507 5515 asinam
1527 5461 1576 5514 in
1593 5461 1732 5530 virga
1757 5475 1773 5511 :
1796 5473 1898 5512 non
1917 5456 2066 5524 dixit,

489 5567 656 5633 virga,
685 5562 798 5628 sed,
822 5563 874 5614 in
902 5560 1058 5628 virga.

563 5657 661 5727 [11).
683 5671 836 5716 xxm,
857 5655 875 5706 ’1
895 5650 967 5724 1.]
998 5650 1062 5704 In
1084 5647 1476 5703 maledictionem
1512 5644 1825 5698 inimicorum
1848 5657 2070 5695 meorum

490 5749 658 5804 vocavi
678 5755 742 5813 te,
773 5755 818 5800 et
849 5759 958 5798 ecce
993 5740 1284 5795 benedixiin
1314 5737 1698 5792 benedictionem
1728 5753 1740 5790 :
1774 5749 1876 5790 non
1905 5733 2064 5801 dixit,

1311 355 1745 415 LOCUTIONUM
1781 355 1839 412 S.
1881 354 2246 412 AUGUSTINI
2285 355 2352 413 IN
2387 355 2944 416 HEPTATEUCHUM

3651 365 3759 427 828

2167 467 2561 536 benedictione,
2586 467 2679 524 sed
2702 479 2946 541 tanquam
2981 468 3201 541 diceret,
3230 485 3355 530 ecce
3384 471 3570 532 dixisti
3588 475 3753 535 bene-

2167 559 2475 615 dictionem.

2239 649 2336 722 [Ib.
2369 649 2476 722 12.]
2508 651 2842 721 Quacumque
2870 653 3056 707 miserit
3103 651 3237 709 Deus
3266 654 3318 708 in
3347 671 3402 710 os
3431 672 3612 723 meum,
3658 657 3752 713 hoc

2166 739 2432 793 observabo
2449 741 2584 809 loqui
2607 757 2626 794 :
2656 758 2760 795 non
2786 741 2935 809 dixit,
2968 743 3080 798 haec
3099 744 3418 799 observabo.

2239 829 2336 903 [lb.
2367 829 2476 903 13.]
2515 830 2638 885 Veni
2666 848 2858 886 meeum
2883 833 3052 887 adhuc
3077 835 3130 888 in
3160 835 3323 889 locum
3352 835 3530 904 alium,
3576 837 3638 891 de
3657 853 3757 908 quo

2167 935 2265 972 non
2293 919 2477 974 videbis
2497 937 2607 974 eum
2629 922 2762 976 inde.

2238 1009 2334 1083 [lb.
2359 1027 2493 1077 xxv,
2520 1009 2598 1083 4.]
2631 1011 2694 1064 Et
2720 1012 2790 1064 ait
2815 1011 3061 1067 Dominus
3089 1013 3160 1066 ad
3184 1013 3415 1084 Moysen,
3438 1013 3622 1085 Accipe
3650 1016 3757 1070 dis-

2092 1107 2096 1110 ‘
2167 1116 2246 1154 ces
2275 1100 2470 1171 pepuli,
2491 1111 2533 1154 et
2552 1111 2741 1155 ostenta
2757 1118 2840 1156 eos
2863 1101 3081 1156 Domino
3099 1113 3274 1156 contra
3300 1105 3477 1168 solem,
3501 1115 3549 1158 et
3562 1114 3757 1160 averte-

2167 1201 2250 1246 tur
2294 1193 2372 1246 ira
2397 1193 2716 1247 animationis
2758 1193 2964 1248 Domini
2991 1195 3053 1248 ab
3093 1193 3301 1250 Israel:
3328 1211 3451 1251 cum
3496 1197 3756 1254 Dominus

2167 1280 2500 1351 loqueretur;
2525 1297 2630 1336 non
2652 1283 2805 1350 dixit,
2829 1292 2882 1338 et
2910 1292 3115 1338 ostenta
3132 1299 3224 1339 eos
3244 1285 3395 1350 milii,
3415 1295 3463 1341 et
3483 1295 3759 1342 avertetur

2167 1373 2243 1426 ira
2271 1388 2387 1428 mea
2415 1373 2481 1426 ab
2507 1371 2692 1428 Israel.

2240 1462 2336 1536 [lb.
2367 1462 2479 1535 15.]
2499 1463 2687 1517 Domus
2708 1463 2916 1534 familiis
2943 1473 3012 1518 est
3042 1464 3255 1519 Madian
3272 1483 3290 1520 :
3313 1465 3381 1521 de
3398 1467 3625 1521 muliere
3650 1466 3758 1522 hoc

2167 1552 2317 1620 dixit,
2348 1569 2463 1623 qua:
2489 1569 2608 1608 cum
2636 1554 2878 1610 adultero
2907 1555 3144 1610 Israelita
3166 1571 3416 1626 percussa
3433 1567 3512 1612 est
3529 1573 3544 1623 ;
3563 1557 3761 1628 quibus

2165 1646 2360 1713 verbis,
2389 1657 2642 1716 quantum
2672 1655 2819 1717 puto,
2845 1647 3072 1718 intelligi
3115 1649 3282 1703 voluit
3312 1650 3542 1703 nobilem
3567 1649 3758 1714 fuisse,

2167 1745 2224 1791 ut
2243 1736 2442 1792 diceret
2466 1751 2606 1802 eam,
2631 1737 2808 1791 domus
2829 1737 3055 1806 familiis,
3078 1739 3215 1794 sicut
3238 1740 3346 1808 jam
3372 1737 3528 1808 vulgo
3544 1738 3610 1793 ad
3627 1739 3763 1793 insi-

2165 1840 2266 1896 gne
2280 1825 2578 1881 divitiarum
2595 1836 2647 1881 et
2669 1826 3045 1896 paterfamilias
3063 1836 3116 1882 et
3134 1825 3524 1882 materfamilias
3540 1829 3758 1882 dicitur.

2240 1914 2335 1987 [lb.
2365 1931 2511 1982 xxvr,
2535 1914 2612 1988 1.]
2641 1915 2706 1969 Et
2735 1917 2929 1971 locutus
2958 1926 3030 1970 est
3074 1916 3324 1971 Dominus
3365 1919 3434 1971 ad
3462 1916 3676 1989 Moysen
3711 1927 3763 1972 et

2166 2006 2235 2059 ad
2258 2005 2474 2060 Eleazar
2497 2007 2803 2062 sacerdotem
2832 2009 3027 2074 dicens,
3059 2008 3243 2079 Accipe
3271 2010 3573 2080 principium
3602 2011 3760 2064 totius

2165 2112 2436 2166 synagoga:
2458 2096 2681 2165 ﬁliorum
2717 2095 2885 2150 Israel
2909 2114 2940 2150 a
2967 2097 3141 2169 viginti
3169 2099 3315 2152 annis
3343 2107 3390 2152 et
3443 2115 3596 2169 supra
3621 2114 3640 2152 :
3661 2113 3761 2152 no-

2168 2185 2386 2240 tandum
2440 2186 2563 2253 quid
2593 2187 2935 2256 appellaverit
2981 2188 3304 2259 principium,
3339 2189 3502 2243 robur
3547 2189 3759 2244 scilicet

2167 2276 2339 2329 relatis
2361 2275 2412 2329 in
2444 2276 2661 2346 pepulo.

2240 2365 2338 2439 [lb.
2368 2382 2541 2432 xxvu,
2568 2366 2639 2422 20
2669 2376 2712 2420 et
2747 2365 2862 2440 2L]
2889 2367 2954 2422 Ut
2982 2368 3252 2422 exaudiant
3289 2384 3402 2421 eum
3431 2369 3528 2437 lilii
3552 2367 3762 2432 Israel;

2168 2464 2239 2522 et,
2267 2455 2331 2510 In
2361 2473 2446 2511 ore
2469 2458 2576 2526 ejus
2593 2457 2824 2522 exibunt;
2848 2466 2921 2525 ct,
2944 2456 3012 2511 In
3032 2474 3118 2512 ore
3139 2458 3246 2528 ejus
3261 2457 3558 2525 introibant,
3577 2457 3630 2512 id
3651 2468 3760 2523 est,

2168 2561 2287 2600 cum
2309 2545 2547 2615 jusserit.
2690 2540 2700 2548 ’

2242 2637 2338 2710 [11).
2362 2636 2478 2709 22.]
2509 2636 2572 2690 Et
2594 2638 2712 2707 fecit
2752 2637 2953 2710 Moyses
2979 2639 3254 2694 secundum
3272 2655 3385 2707 quia
3411 2640 3654 2710 praecepit
3679 2640 3762 2694 illi

2169 2729 2456 2793 Dominus;
2480 2741 2526 2783 et
2550 2747 2808 2784 assumens
2833 2729 2866 2782 .I
2873 2748 3011 2785 esum
3035 2732 3204 2784 statuit
3240 2747 3353 2784 eum
3379 2741 3494 2784 ante
3529 2731 3754 2784 Eleaza—

2169 2838 2282 2874 rum
2309 2823 2632 2888 sacerdotem,
2663 2832 2788 2885 etc.,
2808 2822 2892 2876 ubi
2917 2823 3016 2878 hoc
3045 2823 3332 2877 notandum
3359 2821 3474 2888 fuit,
3493 2825 3615 2893 quia
3635 2838 3760 2878 cum

2165 2910 2273 2980 jam
2294 2911 2531 2977 dixisset,
2563 2911 2626 2965 Et
2673 2912 2786 2981 fecit
2829 2911 3032 2982 Moyses
3079 2913 3351 2966 secundum
3379 2930 3493 2983 qua:
3517 2916 3758 2985 praecepit

2172 3001 2249 3056 illi
2281 3002 2546 3067 Dominus,
2577 3002 2760 3058 eadem
2793 3003 2903 3073 ipsa
2935 3004 3145 3072 repetit.

2244 3092 2342 3165 [lb.
2365 3092 2481 3164 23.]
2511 3092 2579 3146 Et
2600 3094 2962 3147 commendavit
2993 3111 3104 3148 eum
3128 3084 3542 3163 secundumquw
3562 3086 3760 3164 pretee-

2175 3187 2246 3256 pit
2271 3185 2514 3239 Dominus
2542 3184 2712 3256 Moysi
2743 3201 2760 3240 :
2790 3202 2893 3240 non
2916 3187 3011 3254 ait,
3038 3185 3330 3242 secundum
3359 3202 3476 3255 quae
3502 3187 3761 3257 przecepit

2173 3276 2245 3330 illi
2281 3275 2554 3330 Dominus.

2244 3365 2655 3438 [lb.xxvtn,13.]
2673 3365 2925 3420 Decimum
2940 3367 3185 3421 decimam
3199 3368 3496 3438 similaginis
3513 3384 3762 3437 conspar-

2172 3473 2280 3509 sam
2309 3457 2361 3509 in
2385 3456 2493 3509 oleo
2513 3473 2643 3526 agno
2670 3457 2758 3509 uni
2787 3471 2807 3510 .'
2835 3455 2885 3510 id
2908 3467 2989 3510 est
3019 3457 3253 3526 singulas
3277 3457 3510 3512 decimas
3534 3458 3759 3527 singulis

2172 3547 2359 3616 agnis;
2383 3545 2521 3616 quod
2547 3546 2688 3600 enim
2721 3545 2815 3608 ait,
2849 3545 3109 3600 Decimum
3133 3548 3399 3612 decimam,
3445 3548 3764 3616 significavit

2172 3637 2312 3708 quod
2336 3637 2635 3705 repetendtc
2661 3639 2769 3692 sint
2797 3637 3018 3694 decima:
3037 3654 3131 3709 per
3152 3640 3388 3709 singulos
3427 3655 3612 3710 agnos.

2241 3728 2341 3802 [lb.
2369 3729 2433 3784 16
2457 3739 2503 3783 et
2526 3727 2635 3800 17.]
2662 3729 2727 3782 Et
2748 3731 2800 3782 in
2828 3746 2996 3785 mense
3021 3730 3182 3799 primo
3203 3745 3380 3800 quarta
3397 3731 3588 3783 decima
3610 3746 3760 3784 men-

2173 3821 2241 3874 sis
2265 3822 2415 3890 hujus
2444 3820 2548 3873 dics
2579 3823 2754 3891 festus,
2782 3830 2970 3890 septem
2995 3821 3100 3874 dies
3128 3837 3306 3892 azyma
3347 3822 3499 3874 edetis
3527 3828 3760 3874 :notan-

2178 3910 2302 3964 dum
2333 3910 2474 3964 diem
2499 3911 2685 3964 festum
2709 3925 2805 3980 per
2825 3912 3004 3980 pltrres
3025 3911 3140 3966 dies
3165 3912 3456 3976 celebrari;
3487 3921 3539 3966 et
3577 3920 3761 3966 tamen

2171 4002 2312 4058 diem
2340 4002 2528 4056 festum
2576 4003 2698 4067 dici,
2746 4019 2855 4058 non
2899 4004 3016 4059 dies
3044 4003 3227 4071 festos,
3258 4005 3423 4075 ipsius
3458 4005 3762 4060 festivitatis

2172 4096 2603 4162 celebrationem,
2631 4106 2891 4168 quotquot
2919 4099 3032 4153 dies
3054 4100 3304 4155 tenuerit.

2244 4186 2342 4259 [lb.
2372 4202 2522 4254 xxix,
2554 4186 2626 4259 1.]
2655 4187 2723 4241 Et
2747 4206 2912 4243 mense
2954 4190 3165 4260 septimo
3204 4207 3303 4243 una
3322 4191 3519 4243 mensis.
3547 4188 3758 4244 Secun-

2172 4276 2296 4332 dum
2325 4276 2462 4332 hanc
2499 4278 2818 4333 locutionem
2858 4279 3057 4334 dictum
3085 4287 3167 4334 est
3191 4280 3241 4333 in
3279 4278 3494 4346 Genesi,
3521 4279 3584 4332 Et
3611 4280 3756 4348 facta

2173 4379 2245 4423 est
2269 4386 2492 4439 vespera,
2526 4379 2572 4423 et
2620 4370 2806 4438 factum
2835 4381 2906 4424 est
2947 4387 3092 4424 mane
3126 4371 3229 4424 dies
3249 4388 3379 4425 unus
3410 4369 3558 4441 (Gen.
3586 4386 3624 4435 I,
3651 4369 3708 4443 5)
3742 4388 3756 4424 :

2174 4475 2295 4513 nam
2327 4470 2378 4514 et
2420 4461 2488 4513 ibi
2538 4461 2673 4514 sicut
2699 4461 2784 4516 Inc
2820 4477 3024 4532 graecus
3074 4461 3231 4516 habet
3259 4471 3412 4531 ἡμέρα
3459 4468 3570 4529 μία,
3613 4463 3758 4516 unde

2173 4551 2384 4621 quidam
2415 4551 2501 4604 hic
2532 4552 2935 4621 interpretantes
2971 4553 3134 4623 prima
3163 4553 3243 4607 die
3271 4555 3472 4620 mensis,
3510 4567 3760 4608 necessa-

2175 4641 2306 4694 riam
2330 4641 2650 4694 locutionem
2681 4642 3154 4710 praetermiserunt,
3173 4644 3415 4712 quamvis
3435 4659 3466 4696 a
3491 4643 3757 4697 sententia

2174 4731 2458 4784 verborum
2487 4746 2590 4784 non
2617 4733 2954 4786 recesserint.

2238 4821 2342 4893 [lb.
2374 4822 2452 4894 2.]
2496 4821 2716 4877 Vitulum
2752 4841 2908 4877 unum
2931 4841 2994 4878 ea:
3022 4825 3194 4890 bobus,
3213 4827 3416 4880 arietem
3432 4842 3586 4879 unum
3605 4841 3623 4878 :
3646 4841 3758 4880 non

2175 4915 2267 4982 ait,
2300 4931 2364 4968 ex
2382 4915 2728 4980 ovibus,sicut
2756 4916 2881 4970 illud
2917 4933 2977 4970 ex
3001 4917 3175 4985 bobus,
3208 4933 3329 4972 cum
3358 4927 3412 4972 et
3439 4918 3561 4972 illud
3591 4919 3635 4972 si
3662 4918 3758 4972 de-

2175 5015 2335 5072 esset,
2363 5007 2575 5075 plenum
2602 5017 2762 5063 esset.

2245 5099 2346 5170 [lb.
2377 5098 2457 5171 2.]
2489 5100 2656 5168 Agnos
2675 5100 2933 5153 anniculos
2961 5099 3068 5154 sine
3092 5101 3208 5154 vitio
3227 5109 3415 5171 septem
3448 5117 3466 5154 :
3485 5101 3588 5154 hoc
3615 5099 3760 5170 quod

2175 5191 2226 5244 in
2251 5192 2402 5259 agnis
2431 5193 2622 5260 posuit,
2651 5193 2758 5244 sine
2786 5193 2920 5255 vitio,
2969 5209 3063 5262 per
3111 5194 3287 5248 omnia
3313 5194 3646 5260 subauditur,
3705 5203 3762 5248 et

2176 5280 2228 5334 in
2256 5282 2422 5334 vitulo
2449 5282 2666 5347 scilicet,
2699 5291 2749 5336 et
2789 5283 2838 5336 in
2866 5283 3048 5338 ariete.

2247 5370 2323 5443 [In
2351 5372 2427 5443 4.]
2450 5371 2656 5424 Decium
2677 5373 2868 5425 decima
2887 5389 3017 5444 agno
3037 5373 3144 5438 uni,
3167 5384 3352 5444 septem
3372 5375 3516 5445 agnis
3531 5389 3552 5427 .'
3575 5373 3626 5428 id
3647 5382 3754 5439 est,

2175 5463 2374 5532 singula
2398 5463 2634 5532 singulis.

2247 5552 2344 5622 |_Ib.
2369 5551 2482 5624 39.]
2516 5552 2746 5623 Exceptis
2766 5554 2890 5607 votis
2911 5555 3099 5618 vestris,
3117 5565 3164 5608 et
3190 5555 3472 5608 voluntaria
3492 5564 3674 5621 vestra,
3708 5561 3758 5610 et

2179 5642 2608 5696 holocaustomata
2632 5654 2814 5709 vestra,
2855 5645 3105 5713 sacriﬁcia
3125 5654 3302 5711 vestra,
3339 5655 3382 5698 et
3400 5646 3639 5700 libamina
3667 5662 3749 5699 t-e~

2176 5743 2301 5800 stra,
2333 5743 2378 5788 et
2402 5733 2646 5787 salutaria
2667 5743 2845 5789 restra.
2873 5734 3018 5790 lianc
3045 5735 3384 5804 locutionem,
3409 5735 3453 5792 si
3473 5736 3556 5792 vel
3580 5749 3760 5806 graeca
