4094 6474
336 511 504 568 esset,
534 512 640 557 non
668 507 905 555 notarem
941 516 954 554 :
984 513 1091 553 non
1112 497 1251 553 enim
1276 497 1366 564 ait,
1399 497 1645 567 Exceptis
1669 499 1922 552 votisve-

336 593 469 648 stris
498 600 551 647 et
575 592 883 646 voluntariis
907 590 1117 655 vestris,
1147 598 1201 644 et
1219 599 1428 655 caetera,
1457 598 1515 644 ut
1542 599 1806 659 asperat;
1830 588 1925 643 sed

336 697 536 752 neque,
563 681 799 751 Excepta
824 691 942 736 vota
970 690 1165 745 vestra,
1198 687 1255 734 ut
1282 681 1349 735 ab
1388 680 1503 748 ipso
1536 681 1681 735 velut
1708 679 1924 734 soloeci-

336 788 458 827 smo
484 773 742 843 inciperet
773 792 786 827 :
819 773 911 828 sed
945 788 1066 828 cum
1093 773 1238 842 prius
1268 780 1412 828 recte
1441 773 1633 827 usitata
1661 773 1925 828 locutione

332 861 579 929 dixisset,
607 862 848 933 Exceptis
867 865 993 917 votis
1017 864 1227 928 vestris;
1255 878 1317 917 ea
1338 862 1527 917 deinde
1554 862 1794 931 adjunxit
1831 878 1927 931 per

330 954 501 1009 alium
526 970 731 1023 casum,
760 956 848 1011 ubi
885 955 1155 1010 subaudiri
1184 970 1287 1009 non
1314 956 1502 1025 possit,
1537 956 1773 1023 exceptis,
1806 953 1921 1019 scd,

331 1054 592 1115 excepta;
622 1046 765 1116 quod
794 1061 901 1101 non
932 1046 1161 1101 admittit
1188 1060 1287 1101 nec
1315 1060 1486 1116 graeca
1532 1060 1630 1100 nec
1662 1045 1821 1099 latina
1846 1044 1923 1098 lo-

330 1136 501 1191 cutio.

411 1223 524 1296 [lb.
555 1241 691 1293 xxx,
720 1225 799 1299 3.]
848 1225 1034 1293 Homo,
1071 1226 1223 1281 homo
1241 1227 1533 1296 quicumque
1553 1226 1736 1281 voverit
1759 1234 1926 1280 votum

337 1316 561 1372 Domino
582 1336 602 1374 :
632 1335 727 1388 pro
747 1335 812 1374 eo
841 1320 980 1389 quod
1009 1328 1110 1384 est,
1133 1320 1304 1373 omnis
1331 1318 1510 1373 homo.

408 1407 528 1481 [lb.
570 1407 649 1481 4.]
689 1408 814 1463 Cum
848 1418 1014 1463 autem
1039 1410 1217 1463 mulier
1244 1410 1426 1462 voverit
1472 1417 1643 1463 votum
1684 1406 1923 1473 Domino,

331 1508 433 1550 aut
456 1497 709 1566 deﬁnierit
750 1499 1044 1568 deﬁnitione
1068 1500 1119 1552 in
1145 1499 1293 1552 domo
1321 1500 1476 1568 patris
1500 1498 1578 1553 sui
1603 1498 1654 1550 in
1670 1499 1929 1568 juventute

328 1603 453 1640 sua.
488 1587 587 1643 llic
627 1588 906 1643 mulierem
937 1588 1186 1644 feminam
1230 1588 1356 1643 dicit
1398 1587 1605 1642 etiamsi
1643 1588 1791 1656 virgo
1819 1586 1919 1649 sit,

327 1691 486 1730 more
528 1677 919 1747 Scripturarum
964 1697 979 1735 :
1024 1678 1164 1734 unde
1211 1679 1389 1734 etiam»
1427 1679 1495 1734 de
1541 1676 1753 1732 Christo
1804 1686 1922 1744 est,

329 1767 478 1836 quod
506 1767 579 1823 ait
608 1769 915 1839 Apostolus,
948 1768 1165 1823 Factum
1191 1785 1251 1823 ex
1273 1769 1480 1822 muliere
1509 1766 1716 1841 (Galat.
1746 1783 1818 1833 1v,
1846 1765 1924 1837 4).

405 1857 521 1930 [lb.
560 1857 659 1930 4.]
694 1859 762 1913 Et
787 1861 1004 1914 audierit
1031 1869 1171 1929 pater
1198 1862 1306 1931 ejus
1330 1870 1443 1914 vota
1468 1862 1577 1929 ejus
1600 1870 1645 1912 et
1674 1858 1925 1927 deﬁnitio-

326 1968 421 2005 nes
438 1955 567 2022 ejus,
591 1970 714 2019 quas
733 1954 977 2023 deﬁnivit.
1003 1954 1326 2023 Deﬁnitiones
1339 1953 1583 2021 deﬁnivit,
1607 1951 1803 2007 locutio
1819 1960 1920 2010 est.

405 2042 510 2116 [lb.
533 2043 619 2116 4.]
646 2044 888 2115 Deﬁnivit
910 2046 1147 2100 adversus
1165 2046 1386 2099 animant
1411 2061 1556 2099 suam
1581 2059 1598 2097 :
1621 2042 1672 2098 id
1699 2050 1799 2110 est,
1826 2041 1922 2097 ad-

324 2148 525 2188 versus
544 2134 930 2190 delectationes
954 2136 1144 2190 anima:
1169 2150 1298 2190 sure.

404 2223 521 2297 [lb.
551 2224 639 2298 4.]
678 2228 749 2281 Et
788 2229 997 2281 tacuerit
1041 2238 1183 2297 pater
1225 2228 1369 2298 ejus,
1418 2236 1466 2281 et
1517 2226 1715 2281 stabunt
1752 2225 1921 2279 omnia

324 2327 443 2372 vota
484 2322 595 2390 ejus
628 2336 648 2374 :
688 2320 775 2377 hic
810 2321 927 2390 plus
965 2320 1161 2386 habet,
1194 2330 1277 2383 et;
1319 2335 1440 2373 nam
1487 2319 1693 2388 integer
1731 2332 1920 2372 sensus

319 2418 431 2475 est,
466 2409 527 2464 Si
554 2410 772 2464 audierit
812 2420 857 2464 et
887 2412 1095 2465 tacuerit
1134 2420 1278 2481 pater
1318 2412 1446 2481 ejus,
1501 2409 1703 2463 stabunt
1749 2409 1919 2463 omnia

319 2508 441 2552 vota
463 2500 601 2577 ejus.

395 2589 501 2664 [lb.
536 2591 617 2665 7.]
649 2592 710 2648 Si
735 2602 900 2648 autem
924 2598 1059 2664 facta
1087 2594 1238 2667 fuerit
1282 2594 1386 2647 viro
1415 2608 1433 2649 :
1459 2591 1790 2664 intelligitur,
1819 2607 1917 2645 nu-

320 2685 522 2754 pserit;
553 2684 826 2755 Scriptura
853 2686 929 2739 sic
958 2686 1210 2755 loquitur.

396 2772 514 2846 [lb.
543 2773 622 2847 7.]
660 2774 727 2829 Et
763 2785 875 2829 vota
905 2776 1013 2848 ejus
1040 2792 1191 2845 super
1224 2792 1334 2830 eam
1363 2791 1382 2830 :
1410 2775 1741 2843 subauditur,
1767 2783 1911 2840 sunt,

318 2867 468 2937 quod
492 2867 732 2921 nonnulli
759 2867 1075 2937 interpretes
1094 2869 1253 2922 etiam
1281 2867 1614 2922 addiderunt.

398 2955 635 3030 [11).15.]
667 2957 851 3011 Omnia
879 2974 1202 3030 quiscumque
1230 2959 1434 3012 exierint
1454 2974 1516 3011 ea:
1539 2956 1683 3011 labiis
1703 2958 1813 3027 ejus
1831 2973 1913 3011 se-

322 3049 550 3102 cundum
582 3058 695 3102 vota
720 3049 848 3119 ejus,
878 3057 923 3102 et
947 3048 1221 3103 secundum
1250 3048 1563 3116 deﬁnitiones
1591 3063 1705 3118 qua:
1731 3046 1911 3100 adver-

319 3139 643 3192 susanimam
660 3140 784 3208 ejus,
805 3154 905 3192 non
927 3148 1093 3192 manet
1110 3138 1174 3204 ei,
1197 3146 1251 3192 et
1269 3152 1388 3192 cum
1406 3145 1802 3207 chpectaretur
1817 3153 1915 3191 nl-

321 3242 506 3283 merus
534 3229 770 3299 pluralis,
793 3237 852 3283 ut
877 3228 1100 3296 diceret,
1113 3244 1212 3282 non
1225 3229 1655 3292 manentei;nam
1684 3228 1914 3283 ita‘non—

323 3320 458 3374 nulli
502 3319 837 3390 interpretati
874 3328 1032 3387 sunt,
1077 3320 1306 3375 vitantes
1335 3319 1493 3373 istum
1521 3320 1671 3390 quasi
1700 3320 1913 3375 soloeci—

320 3423 517 3465 sutum.

394 3499 511 3573 [lb.
538 3516 696 3570 xxxr,
728 3498 807 3575 4.]
838 3499 984 3556 Mille
1011 3517 1075 3556 ea:
1112 3501 1273 3567 tribu,
1310 3510 1357 3555 et
1394 3500 1533 3554 mille
1574 3516 1636 3555 ea:
1663 3500 1817 3566 tribu,
1846 3515 1910 3554 ea:

321 3596 556 3651 omnibus
580 3595 806 3650 tribubus
829 3594 1017 3651 Israel.
1042 3594 1308 3664 Numquid
1328 3593 1611 3649 duodecies
1633 3593 1768 3647 dixit
1790 3593 1907 3647 mil-

320 3686 414 3742 le?
440 3686 510 3741 Et
534 3694 712 3741 tamen
734 3687 979 3757 repetitio
1006 3687 1104 3741 ista
1128 3686 1374 3741 millenos
1395 3683 1676 3754 signiﬁcat.

393 3775 495 3848 [lb.
517 3773 599 3849 8.]
618 3776 984 3847 Interfecerunt
1000 3778 1051 3830 in
1077 3776 1247 3848 gladio
1280 3791 1299 3829 :
1324 3776 1464 3846 quod
1491 3776 1683 3829 usitate
1702 3774 1908 3830 dicere-

321 3878 426 3935 tur,
457 3869 842 3927 interiecerunt
865 3870 1059 3941 gladio.

390 3962 492 4037 [lb.
524 3962 638 4035 10.]
666 3963 734 4017 Et
758 3979 928 4018 omnes
950 3963 1171 4017 civitates
1197 3978 1388 4029 eorum,
1415 3977 1529 4033 quae
1551 3962 1605 4015 in
1638 3960 1907 4015 habitatio—

319 4055 467 4109 nibus
486 4072 660 4109 eorum
684 4072 702 4109 :
728 4054 1059 4120 subauditur,
1086 4063 1256 4109 erant.

391 4148 493 4220 [lb.
518 4146 632 4221 10.]
665 4147 729 4201 Et
750 4148 894 4201 villas
913 4162 1086 4202 eorum
1115 4144 1476 4201 succenderunt
1503 4144 1556 4197 in
1584 4144 1691 4214 igni
1718 4159 1738 4197 :
1761 4143 1904 4214 quod

315 4241 513 4312 usitate
537 4239 823 4305 diceretur,
857 4237 1243 4293 succenderunt
1268 4236 1397 4305 igni.

387 4328 489 4401 [lb.
514 4326 628 4400 18.]
655 4326 723 4381 Et
751 4343 946 4381 omnem
967 4324 1338 4379 multitudinent
1362 4323 1648 4389 mulierum,
1673 4338 1784 4392 qua:
1802 4338 1903 4375 non

314 4419 451 4473 novit
482 4419 800 4473 concubitum
830 4417 1071 4483 masculi,
1102 4417 1360 4485 viviﬁcate.
1403 4415 1671 4484 Nusquam
1708 4414 1903 4469 certius

312 4522 539 4581 apparet
564 4510 776 4567 hebraea
803 4510 1067 4566 locutione
1086 4508 1340 4563 mulieres
1366 4506 1522 4561 etiam
1544 4506 1648 4561 dici
1670 4505 1902 4576 virgines

311 4603 511 4657 solere.

383 4695 502 4767 [lb.
519 4694 591 4750 28
607 4702 653 4748 et
673 4692 787 4765 29.]
820 4693 883 4747 Et
904 4710 934 4746 a
960 4691 1169 4746 dimidia
1192 4698 1335 4760 parte
1355 4704 1529 4743 eorum
1549 4688 1821 4756 accipietis,
1855 4695 1902 4741 et

310 4786 459 4840 dabis
505 4801 566 4839 ea
620 4783 835 4839 Eleazar
881 4782 1129 4837 sacerdoti
1182 4780 1429 4852 primitias
1486 4777 1693 4832 Domini
1734 4792 1753 4830 :
1795 4792 1901 4831 non

310 4879 465 4942 dixit,
493 4878 706 4933 dabitis.

382 4969 487 5042 [lb.
520 4967 635 5040 55.]
666 4967 733 5021 Et
767 4967 949 5020 animte
977 4965 1233 5020 hominum
1254 4978 1285 5016 a
1310 4958 1620 5025 mulieribus,
1649 4974 1761 5029 qua:
1799 4974 1900 5012 non

309 5068 649 5131 cognoverunt
675 5056 991 5111 concubitum
1029 5055 1154 5118 viri,
1186 5052 1347 5107 omnis
1386 5051 1557 5104 anima
1595 5050 1695 5103 duo
1734 5058 1780 5103 et
1810 5050 1902 5102 tri-

308 5154 451 5223 ginta
472 5152 653 5222 ;millia
684 5166 702 5204 :
735 5158 789 5204 et
819 5149 906 5204 hic
940 5147 1182 5218 superior
1204 5145 1403 5201 locutio
1441 5142 1749 5198 confirmata
1780 5150 1894 5207 est,

308 5244 564 5298 mulieres
584 5242 689 5297 dici
716 5242 875 5297 etiam
902 5255 1021 5311 qua:
1042 5253 1148 5294 non
1179 5243 1540 5308 cognoverunt
1558 5233 1898 5290 concubitum

307 5339 429 5405 viri,
462 5338 515 5392 id
545 5346 627 5392 est
653 5336 899 5407 virgines.

379 5428 481 5501 [lb.
502 5426 618 5499 54.]
640 5426 707 5480 Et
728 5425 918 5496 accepit
943 5423 1145 5492 Moyses
1165 5429 1210 5476 et
1231 5418 1447 5475 Eleazar
1466 5417 1698 5472 sacerdos
1719 5431 1900 5469 aurum

308 5536 339 5573 a
364 5520 658 5574 chiliarcltis
685 5526 730 5572 et
758 5534 788 5571 a
813 5513 1205 5579 centurionibus,
1233 5520 1277 5566 et
1309 5510 1478 5564 intulit
1513 5526 1571 5563 ea
1592 5509 1645 5561 in
1670 5508 1902 5560 taberna-

307 5627 477 5664 cutum
503 5608 791 5664 testimonii.
819 5606 1044 5663 Videtur
1062 5604 1239 5659 dicere
1263 5601 1533 5667 debuisse,
1562 5609 1616 5653 et
1639 5598 1813 5652 intulit
1838 5598 1899 5651 il-

311 5699 403 5754 lud
426 5700 480 5755 in
522 5697 923 5754 tabernaculum
950 5693 1278 5759 testimonii;
1308 5690 1558 5761 quoniam
1589 5703 1775 5742 aurum
1804 5703 1896 5743 ac-

309 5801 523 5864 ceptum
546 5807 668 5851 esse
695 5789 1031 5852 praedixerat.
1063 5794 1117 5845 et
1140 5784 1382 5857 plerique
1410 5781 1560 5839 latini
1584 5780 1793 5841 codices
1818 5780 1896 5838 sic

1683 380 1885 438 LIBER
1923 380 2264 445 QUARTUS.

3504 395 3608 453 530

2029 494 2227 553 habent
2253 515 2265 551 :
2293 497 2387 554 sed
2408 499 2527 556 ideo
2553 501 2825 571 pluraliter
2846 502 3055 559 videtur
3080 506 3277 561 illatum
3306 516 3360 561 ul.
3386 509 3608 579 diceret,

2027 589 2196 642 intulit
2215 606 2293 657 ea,
2316 592 2437 660 quia
2461 594 2627 648 multa
2652 608 2774 649 vasa
2796 594 3003 651 fuerant
3022 598 3262 667 superius
3286 615 3612 659 commemo-

2029 687 2163 742 rata,
2188 680 2239 733 in
2261 680 2452 749 quibus
2481 690 2593 737 erat
2622 682 2723 736 hoc
2743 698 2950 738 aurum.

2100 768 2197 841 [lb.
2224 785 2399 836 χχιιι,
2426 771 2503 846 1.]
2531 774 2597 827 Ει
2624 791 2835 842 pecora,
2865 777 3132 833 multitudo
3159 790 3264 834 erat
3288 781 3408 850 ﬁliis
3434 782 3607 837 Ruben

2028 870 2075 914 et
2116 862 2237 930 ﬁliis
2267 862 2410 931 God,
2450 866 2716 921 multitudo
2747 869 2949 939 copiosa
2989 871 3133 924 valde
3169 887 3188 924 :
3223 888 3327 927 non
3371 873 3524 940 dixit,
3556 884 3608 930 et

2027 967 2277 1021 pecorum
2307 956 2585 1011 multitudo
2610 967 2740 1013 erat.

2101 1043 2216 1116 [lb.
2249 1045 2325 1117 1.]
2354 1047 2420 1100 Et
2445 1050 2672 1103 viderunt
2705 1053 2955 1121 regionem
2976 1053 3129 1109 Jazer
3155 1066 3199 1110 et
3219 1058 3467 1128 regionem
3501 1060 3607 1113 Ga-

2030 1132 2168 1201 laad,
2187 1144 2233 1189 et
2253 1146 2357 1190 erat
2378 1138 2537 1207 locus,
2563 1140 2701 1195 locus
2731 1145 3027 1210 pecoribus:
3049 1162 3151 1200 non
3175 1147 3503 1218 jungendum
3525 1160 3609 1206 est

2007 1223 2082 1277 -in
2112 1228 2540 1293 pronuntiatione
2564 1234 2702 1299 quod
2726 1232 2809 1287 bis
2836 1233 2968 1288 dixit
3000 1234 3171 1300 locus;
3199 1238 3292 1291 sed
3321 1240 3608 1294 subdistin-

2028 1316 2296 1384 guendum
2316 1358 2332 1385 ,
2361 1329 2406 1372 et
2434 1330 2540 1373 erat
2562 1322 2730 1389 locus,
2761 1330 2814 1377 et
2842 1323 3032 1379 deinde
3060 1325 3393 1383 inferendum
3414 1369 3432 1394 ,
3467 1332 3607 1386 locus

2030 1407 2309 1477 pecoribus.
2341 1410 2501 1476 Quasi
2536 1413 2678 1467 enim
2706 1426 3103 1485 exspectaretur
3144 1420 3313 1489 qualis
3342 1420 3507 1488 locus,
3537 1424 3605 1477 ita

2029 1499 2273 1566 repetitio
2299 1501 2570 1570 eleganter
2595 1504 2735 1558 illata
2761 1513 2862 1559 est.

2102 1586 2198 1660 [lb.
2229 1589 2309 1662 2.]
2336 1590 2402 1644 Et
2431 1594 2716 1649 accedentes
2748 1597 2843 1664 filii
2872 1596 3046 1653 Ruben
3074 1607 3120 1653 et
3148 1601 3242 1669 ﬁlii
3271 1600 3384 1656 Gad
3404 1643 3419 1669 ,
3462 1605 3606 1658 dixe~

2029 1688 2147 1732 runt
2174 1680 2240 1733 ad
2267 1681 2479 1751 Moysen
2511 1694 2556 1737 et
2589 1684 2807 1740 Eleazar
2830 1689 3157 1757 sacerdotem,
3192 1702 3239 1745 et
3265 1694 3331 1746 ad
3360 1695 3607 1764 principes

2027 1785 2317 1841 synagogte,
2360 1773 2578 1828 dicentes
2605 1790 2624 1828 :
2654 1792 2758 1830 non
2789 1786 2871 1832 cst
2901 1778 2998 1833 ista
3025 1780 3107 1835 vel
3137 1796 3305 1850 grmea
3337 1784 3418 1837 vel
3444 1783 3605 1839 latina

2028 1858 2244 1923 locutio,
2280 1861 2512 1917 dixerunt
2539 1866 2788 1934 dicentes,
2816 1867 2911 1923 sed
2942 1868 3151 1924 hebrwa
3182 1871 3406 1926 videtur.

2101 1948 2199 2021 [lb.
2219 1949 2297 2023 5.]
2328 1951 2490 2006 Detur
2510 1962 2641 2007 terra
2660 1956 2756 2009 ista
2783 1959 2987 2028 famulis
3010 1960 3107 2013 tuis
3130 1963 3181 2013 in
3202 1965 3559 2029 possessionem
3587 1980 3606 2018 :

2026 2043 2176 2112 quasi
2199 2042 2265 2099 de
2294 2045 2411 2099 aliis
2431 2045 2686 2114 dicerent,
2715 2063 2833 2103 cum
2862 2050 2959 2105 sibi
2990 2061 3249 2121 peterent.

2098 2132 2197 2207 [lb.
2230 2133 2342 2207 12.]
2373 2134 2491 2190 Non
2519 2138 2649 2191 enim
2669 2140 2823 2193 secuti
2842 2150 2958 2194 sunt
2982 2151 3094 2211 post
3123 2161 3215 2207 me,
3256 2154 3437 2214 prwter
3464 2144 3600 2200 Cha-

2026 2222 2104 2277 leb
2140 2224 2279 2293 [ilius
2319 2223 2569 2296 Jep/tone.
2604 2228 2824 2283 Videtur
2859 2231 3039 2287 dicere
3082 2232 3361 2301 debuisse,
3410 2246 3604 2305 przeter

2023 2315 2224 2373 Cltaleb
2252 2318 2419 2374 ﬁlium
2448 2320 2722 2391 Jepltone;
2757 2322 2848 2377 sed
2877 2325 3198 2381 nominative
3229 2327 3430 2390 intulit,
3478 2329 3601 2398 quia

2024 2410 2329 2478 praecessit,
2356 2412 2510 2465 secuti
2531 2422 2666 2466 sunt.
2697 2414 2791 2468 Est
2809 2422 2983 2469 autem
3006 2416 3103 2470 ista
3131 2416 3325 2473 locutio
3348 2418 3504 2473 etiam
3529 2419 3603 2472 la-

2025 2500 2131 2554 tina
2151 2541 2166 2565 ,
2198 2501 2292 2556 sed
2315 2518 2453 2556 rara.

2094 2592 2193 2665 [lb.
2222 2592 2333 2665 15.]
2352 2595 2523 2650 Donec
2548 2608 2922 2653 consumeretur
2949 2601 3109 2655 omnis
3135 2602 3385 2672 generatio
3410 2603 3598 2671 facien-

2021 2694 2092 2739 tes
2120 2687 2343 2758 maligna
2384 2689 2436 2743 in
2481 2701 2744 2761 conspectu
2787 2692 2991 2747 Domini
3023 2710 3041 2747 :
3069 2709 3173 2749 non
3203 2694 3367 2762 dixit,
3402 2694 3598 2750 faciens

2018 2778 2245 2849 maligna
2270 2796 2284 2845 ;
2308 2796 2507 2852 neque,
2537 2782 2837 2840 facientium
2864 2768 3111 2857 maligna.
3232 2858 3235 2861 b

2092 2866 2191 2940 [lb.
2220 2869 2332 2942 16.]
2350 2869 2419 2925 Et
2446 2884 2759 2927 accesserunt
2778 2877 2842 2939 ei,
2866 2885 2911 2929 et
2932 2877 3164 2931 dixerunt
3187 2894 3204 2931 :
3231 2893 3333 2931 non
3357 2878 3431 2931 ait
3455 2879 3593 2949 quod

2021 2960 2269 3015 usitatum
2298 2972 2381 3017 est
2404 3005 2417 3030 ,
2448 2974 2786 3020 accesserunt
2809 2966 2875 3021 ad
2904 2982 3045 3022 eum.

2091 3050 2188 3123 [lb.
2213 3051 2328 3125 24.]
2358 3053 2421 3107 Et
2459 3055 2774 3124 azdiﬁcabitis
2804 3057 2938 3110 vobis
2972 3057 3093 3126 ipsis
3121 3058 3340 3110 civitates
3376 3058 3593 3125 impediu

2019 3142 2197 3195 mentis
2228 3144 2401 3197 vestris
2438 3158 2542 3199 :ac
2586 3146 2630 3199 si
2673 3145 2902 3213 diceret,
2930 3146 3258 3203 mdilicabitis
3288 3149 3434 3201 vobis
3466 3148 3593 3216 ipsis

2016 3231 2255 3287 civitates
2284 3241 2501 3302 propter
2532 3234 2908 3304 impedimenta
2942 3246 3133 3313 vestra.

2089 3334 2187 3406 [11).
2208 3335 2302 3401 26,
2329 3334 2443 3407 27.]
2472 3335 2840 3405 Impedintenta
2865 3346 3033 3391 nostra
3066 3348 3109 3391 et
3137 3354 3316 3391 uxores
3336 3326 3521 3391 nostra:
3545 3349 3591 3392 et

2014 3427 2185 3479 omnia
2226 3443 2407 3496 pecora
2434 3436 2605 3479 nostra
2633 3437 2776 3481 erunt
2804 3429 2856 3481 in
2884 3428 3163 3481 civitatibus
3194 3428 3418 3492 Galaad,
3448 3429 3592 3496 pueri

2014 3526 2181 3571 autem
2208 3518 2281 3570 tui
2310 3516 2588 3570 transibunt
2613 3534 2783 3571 omnes
2808 3519 2990 3570 armati
3013 3534 3032 3571 :
3057 3533 3160 3573 non
3189 3519 3462 3585 dixerunt,
3492 3534 3590 3573 nos

2012 3615 2191 3662 autem
2234 3606 2585 3662 transibimus.
2621 3623 2806 3664 omnes
2844 3608 3065 3675 armati,
3113 3608 3203 3664 sed
3237 3617 3482 3679 tanquam
3521 3610 3588 3665 de

2010 3698 2127 3752 aliis
2146 3698 2403 3754 dicerent.

2086 3796 2182 3869 [lb.
2201 3797 2315 3870 28.]
2343 3798 2408 3851 Et
2428 3798 2787 3853 commendavit
2806 3801 2875 3854 eis
2892 3799 3093 3871 Moyses
3114 3799 3331 3855 Eleazar
3348 3802 3585 3855 sacerdo-

2012 3899 2108 3943 tem
2133 3899 2178 3944 et
2202 3888 2375 3946 Jesum
2401 3890 2563 3958 ﬁlium
2594 3889 2766 3957 Nave,
2799 3901 2845 3944 et
2874 3893 3122 3962 principes
3148 3893 3457 3964 familiarum
3493 3894 3588 3947 tri-

2010 3981 2163 4034 buum
2187 3979 2368 4033 Israel.
2396 3980 2513 4035 Non
2532 3983 2643 4046 ait,
2669 3983 3057 4038 commendavit
3081 3999 3173 4039 eos
3202 3985 3407 4054 Moyses
3433 3985 3589 4040 Eleas

2010 4085 2103 4124 zar
2140 4070 2433 4138 sacerdoti,
2480 4072 2621 4141 quod
2660 4072 2838 4142 utique
2881 4073 3015 4129 ordo
3058 4074 3338 4130 locutionis
3382 4075 3588 4130 usitata:

2008 4161 2288 4232 exigebat:
2321 4179 2416 4232 per
2462 4164 2559 4217 hos
2597 4164 2737 4218 enim
2782 4164 3063 4220 introducti
3105 4176 3226 4219 sunt
3262 4168 3311 4220 in
3354 4176 3587 4233 terram,

2009 4268 2165 4322 quam
2199 4254 2448 4322 petebant
2480 4271 2493 4307 :
2528 4255 2665 4309 unde
2696 4257 2861 4325 magis
2893 4256 2967 4310 illi
3006 4257 3122 4311 istis
3152 4273 3177 4309 a
3207 4258 3395 4328 quibus
3415 4260 3589 4315 intro~

2007 4343 2333 4399 ducebantur
2376 4345 2427 4397 in
2467 4352 2663 4399 terram
2704 4346 3049 4414 postulatam,
3088 4363 3243 4415 quam
3287 4349 3371 4402 isti
3400 4350 3489 4417 qui
3512 4352 3579 4403 im

2008 4434 2374 4500 troducehant,
2405 4435 2508 4488 illis
2528 4450 2662 4504 quos
2681 4436 3103 4501 introducebant,
3132 4438 3484 4493 commendati
3514 4441 3586 4494 vis

2005 4526 2218 4581 dentur.

2078 4626 2175 4700 [lb.
2198 4626 2312 4698 50.]
2345 4627 2405 4681 Si
2433 4634 2597 4679 autem
2618 4642 2729 4680 non
2749 4627 3035 4680 transierint
3055 4627 3236 4679 armati
3265 4627 3512 4681 vobiscum
3533 4629 3584 4681 in

2008 4720 2192 4775 bellum
2221 4720 2274 4773 in
2308 4728 2576 4787 conspectu
2604 4718 2842 4787 Domini,
2871 4728 2925 4774 et
2943 4722 3209 4791 transforte
3231 4721 3579 4790 impedimenti.
3635 4745 3645 4791 ξ

2007 4826 2178 4864 eorum
2210 4826 2228 4863 :
2253 4810 2370 4879 plus
2395 4810 2585 4877 habet,
2614 4819 2685 4863 et.
3085 4788 3093 4791 v
3303 4788 3309 4790 ﬁ
3642 4788 3646 4809 ’

2080 4911 2177 4984 [11).
2196 4910 2311 4983 '55.]
2339 4910 2403 4965 Et
2423 4910 2559 4966 dedit
2577 4911 2645 4964 eis
2671 4909 2879 4980 Moyses
2890 4910 3011 4979 [iliis
3032 4908 3144 4964 God
3160 4921 3206 4965 et
3222 4912 3341 4981 ﬁliis
3362 4910 3540 4965 Ruben
3566 4928 3585 4967 :

2006 5005 2124 5074 plus
2150 5003 2342 5071 habet,
2366 5003 2456 5057 eis.

2079 5105 2191 5177 [lb.
2219 5120 2382 5159 χχχιιι
2407 5146 2422 5171 ,
2456 5101 2585 5175 14.]
2614 5102 2681 5156 Et
2725 5119 2823 5156 non
2863 5103 2947 5155 ibi-
2974 5112 3077 5156 erat
3109 5120 3239 5171 aqua
3277 5103 3463 5171 populo
3483 5104 3584 5180 ‘bié

2004 5193 2116 5249 bere
2141 5210 2158 5247 :
2180 5209 2276 5265 pro
2296 5208 2359 5249 eo
2386 5193 2525 5263 quod
2551 5202 2658 5259 est,
2689 5192 2754 5247 ad
2782 5192 3087 5247 bibendum.

2079 5297 2178 5370 [lb.
2199 5296 2311 5369 51.]
2338 5297 2561 5367 Loquere
2589 5298 2710 5366 [iliis
2738 5282 2926 5361 Israel,
2953 5308 2998 5351 et
3014 5298 3148 5350 dices
3167 5297 3236 5350 ad
3267 5312 3350 5351 cos
3380 5312 3398 5351 :
3429 5297 3581 5352 suffi-

2006 5408 2129 5448 cere
2154 5391 2379 5455 videtur,
2408 5392 2606 5458 loquere
2634 5390 2753 5457 [iliis
2782 5389 2964 5443 Israel.

2076 5490 2177 5564 [lb.
2205 5487 2318 5559 52.]
2348 5488 2411 5541 Et
2446 5489 2612 5544 omnia
2652 5488 2788 5542 idola
2813 5489 2984 5558 fusilia
3013 5503 3183 5540 eorum
3224 5488 3436 5555 perdetis
3465 5504 3522 5541 ca
3563 5505 3585 5545 θ

2003 5584 2123 5653 plus
2142 5582 2334 5647 habet,
2366 5598 2443 5636 ea.

2076 5690 2173 5763 [lb.
2193 5704 2372 5753 xxxiv,
2402 5688 2479 5761 6.]
2507 5687 2615 5745 Hoc
2636 5689 2725 5744 erit
2746 5688 2880 5743 vobis
2901 5687 3022 5742 ﬁnes
3058 5703 3214 5742 maris
3237 5702 3256 5742 :
3277 5701 3381 5742 non
3403 5687 3581 5755 uim,

2004 5784 2061 5839 bi
2090 5791 2245 5839 erunt
2273 5782 2441 5837 vobis.
