4094 6460
531 386 632 447 631

601 502 702 577 [11).
735 502 784 558 7.
815 502 884 559 Et
907 505 1001 559 hoc
1020 504 1113 559 erit
1135 502 1269 558 vobis
1288 504 1414 573 ﬁnes
1453 505 1522 559 ad
1552 505 1849 576 Aquilonem
1884 522 1904 561 :
1925 506 2111 563 eadem

528 596 751 664 repetita
778 594 975 651 locutio
996 603 1097 650 est.

602 683 703 760 [11).
728 702 889 753 xxxv,
918 684 996 760 5.]
1025 684 1095 741 Et
1115 695 1258 740 erunt
1285 686 1505 743 civitates
1522 686 1594 742 eis
1614 687 1885 761 habitare:
1923 704 2019 760 pro
2044 703 2115 745 eo

526 775 667 847 quod
690 777 796 831 dici
821 778 984 844 solet,
1008 776 1074 831 ad
1096 777 1460 832 habitandum.

600 865 699 941 [11).
749 866 863 941 11;.]
904 867 1122 939 Refugia
1166 877 1312 921 erunt
1362 868 1497 924 vobis
1542 868 1715 941 fugere
1759 869 1850 925 illo
1900 870 2113 925 homici-

527 958 648 1012 dam
677 973 697 1014 :
721 958 863 1030 quod
901 958 1092 1014 usitate
1136 958 1240 1013 diei
1278 966 1487 1030 potest,
1524 969 1582 1015 ut
1618 960 1781 1032 fugiat
1816 959 1907 1017 illo
1932 959 2108 1016 homi-

525 1048 667 1103 cida.

1328 388 1771 447 LOCUTIONUII
1806 389 1865 446 S.
1906 389 2277 449 AUGUSTINI
2309 394 2378 452 ΙΝ
2412 396 2975 463 HEPTATEUCIIUM

3705 418 3814 477 επ

2295 510 2393 586 [11).
2415 514 2528 589 15.]
2548 516 2614 571 Et
2640 519 2821 575 incolt:
2835 523 2921 592 qui
2939 523 2992 578 in
3014 522 3151 579 vobis
3165 567 3181 593 ,
3207 525 3320 582 ista
3343 527 3568 587 civitates
3586 530 3639 585 in
3666 537 3806 605 refe.

2221 604 2361 673 gium
2382 622 2401 660 :
2432 608 2683 679 singulari
2725 628 2949 670 numero
2984 618 3214 686 positum
3242 628 3325 675 est
3360 622 3539 677 incola:
3551 640 3572 687 ,°
3595 625 3647 680 id
3685 604 3809 693 est,

2222 696 2345 753 huic
2373 698 2559 755 incola:
2583 703 2670 773 qui
2694 702 2747 757 in
2779 706 2929 761 vobis
2947 748 2962 771 ,
2991 711 3240 779 quoniam
3270 712 3443 767 minus
3466 713 3626 769 habet
3644 758 3658 781 ,
3683 727 3759 771 est
3786 733 3804 774 :

2220 804 2326 844 non
2356 792 2499 847 enim
2526 794 2635 862 ait,
2661 797 2747 865 qui
2788 796 2840 851 in
2868 799 3016 854 vobis
3044 812 3157 866 est,
3189 804 3464 859 notissima
3490 805 3763 865 locutione
3784 850 3809 877 ν

2218 879 2313 936 sed
2335 883 2539 939 rariore
2561 884 2613 939 in
2644 885 2820 957 lingua
2845 887 3004 944 latina
3034 904 3191 962 quam
3217 892 3270 947 in
3290 908 3487 964 graeca.

1495 1235 1975 1342 LIBER
2048 1234 2147 1361 ρ
2170 1232 2586 1341 [ΓΙ-ΝΤ
2599 1230 2817 1340 US.

1746 1420 2029 1471 locutiones
2049 1419 2113 1469 de
2145 1417 2540 1470 Deuterouomio.

1941 1549 2308 1601 mw

587 1671 851 1747 [Des-rea.
877 1690 991 1744 cap.
1020 1675 1123 1745 1,7
1156 1672 1234 1748 7.]
1258 1674 1426 1745 Usque
1438 1676 1505 1729 ad
1518 1676 1708 1746 ﬂumen
1723 1688 1983 1743 magnum,
1997 1671 2099 1740 ﬂu-

516 1780 629 1819 men
661 1762 975 1835 Euphratem
995 1780 1014 1819 :
1034 1780 1137 1821 non
1165 1765 1315 1833 dixit,
1334 1779 1503 1837 usque
1529 1764 1595 1821 ad
1625 1764 1821 1820 ﬂumen
1850 1775 2105 1833 magnum

514 1856 861 1926 Euphratem.

587 1945 812 2021 [$.17]
831 1947 895 2003 Et
916 1950 1168 2021 judicium
1195 1950 1329 2021 quod
1353 1950 1535 2005 durum
1564 1950 1712 2022 fuerit
1736 1965 1770 2003 a
1788 1946 1942 2012 vobis,
1973 1944 2101 2012 olfe-

512 2037 632 2092 retis
655 2036 785 2091 illud
806 2039 873 2091 ad
892 2053 1011 2093 me:
1037 2054 1142 2093 non
1169 2039 1331 2107 dixit,
1358 2038 1498 2110 quod
1524 2038 1714 2093 durum
1742 2037 1900 2093 fuerit
1926 2036 2096 2100 vobis,

512 2125 637 2191 sed,
667 2144 699 2180 a
727 2126 895 2194 vobis;
938 2127 990 2183 id
1028 2137 1142 2198 est,
1174 2129 1249 2186 ita
1272 2129 1464 2185 durum
1484 2167 1503 2197 ,
1531 2136 1591 2185 ut
1624 2143 1655 2183 a
1696 2128 1851 2184 vobis
1872 2126 2097 2198 judicari

510 2234 629 2273 non
642 2219 827 2289 possit.

582 2309 682 2383 [11).
705 2308 819 2384 55.]
835 2310 896 2367 Si
917 2311 1099 2366 videbit
1117 2310 1299 2384 aliquis
1316 2312 1539 2367 virorum
1560 2310 1773 2367 istorum
1801 2318 1986 2364 terram
2014 2323 2101 2378 op-

508 2401 683 2455 timam
706 2402 836 2456 hanc
856 2444 871 2470 ,
901 2419 1052 2473 quam
1070 2403 1248 2473 juravi
1273 2402 1498 2472 patribus
1521 2418 1695 2458 eorum
1712 2442 1728 2467 ,
1757 2408 1939 2471 prater
1958 2398 2096 2454 Cita-

509 2492 585 2546 leb
608 2493 746 2561 ﬁlius
774 2492 1033 2564 Jephone,
1063 2495 1145 2547 hic
1171 2496 1355 2548 videbit
1373 2510 1485 2548 eam
1508 2509 1529 2549 :
1553 2504 1606 2549 et
1638 2493 1690 2547 in
1732 2492 1872 2547 libro
1897 2491 2095 2545 Nume-

504 2596 686 2637 rerum
727 2583 880 2638 istam
920 2583 1240 2639 locutionem
1271 2585 1604 2651 notavimus,
1642 2582 1765 2653 quia
1792 2596 1897 2637 non
1921 2579 2093 2648 dixit,

502 2683 699 2744 prroter
717 2672 914 2731 Chaleb
934 2676 1097 2733 lilium
1125 2676 1395 2747 Jeplionc;
1423 2676 1515 2734 sed
1535 2719 1549 2742 ,
1577 2676 1735 2746 ﬁlius.

578 2762 674 2837 [11).
693 2780 731 2821 ιι
749 2806 766 2834 ,
804 2763 884 2839 7.]
904 2765 1153 2822 Dominus
1179 2768 1309 2821 enim
1335 2765 1473 2822 Deus
1506 2776 1664 2822 vester
1694 2766 1944 2821 benedixit
1969 2774 2016 2820 te
2040 2766 2093 2819 in

504 2854 641 2909 omni
677 2871 827 2926 opere
862 2873 1105 2913 manuum
1146 2867 1349 2912 tuarum
1372 2873 1392 2913 :
1416 2874 1519 2914 non
1550 2860 1658 2928 ait,
1696 2858 1972 2915 benedixit
1996 2872 2091 2913 vos

501 2945 558 2999 in
584 2948 725 3003 omni
750 2963 910 3019 opere
938 2965 1188 3006 manuum
1216 2960 1511 3007 vestrarum
1531 2992 1546 3019 ,
1574 2966 1697 3008 cum
1723 2952 2086 3023 praedixisset,

502 3047 680 3107 vester,
708 3056 813 3095 non
835 3085 848 3106 ,
877 3050 1016 3098 tuus.
1724 3058 1733 3069 ’

575 3128 798 3205 [ωλι]
825 3131 975 3187 Nunc
998 3150 1116 3206 ergo
1139 3136 1349 3207 surgite,
1376 3144 1422 3190 et
1441 3144 1739 3208 promovete,
1768 3143 1816 3190 et
1834 3144 2090 3207 pertrans-

498 3223 568 3277 ite
608 3238 692 3278 vos
734 3224 912 3279 vallem
939 3224 1149 3291 Arnon;
1179 3244 1292 3282 ecce
1310 3227 1500 3282 tradidi
1522 3228 1575 3282 in
1608 3244 1787 3281 manus
1812 3237 1925 3281 tuas
1950 3226 2087 3281 Seon

497 3328 663 3383 regem
700 3311 897 3368 Esebon
928 3330 949 3370 :
986 3332 1091 3371 non
1121 3316 1283 3383 dixit,
1315 3318 1377 3372 in
1398 3332 1587 3373 manus
1630 3325 1870 3383 vestras,
1916 3316 2009 3372 sed
2052 3330 2087 3371 a

497 3401 690 3473 plurali
719 3404 787 3459 ad
806 3405 1128 3476 singularem
1154 3408 1381 3462 transiit.

571 3493 673 3568 [11).
700 3511 772 3563 tv,
803 3494 880 3569 7.]
918 3496 1169 3563 Quoniam
1194 3513 1307 3569 qua
1331 3506 1403 3553 est
1428 3514 1548 3568 gens
1578 3514 1792 3569 magna,
1813 3497 1896 3551 cui
1926 3505 2002 3551 est
2037 3496 2085 3551 ei

493 3583 635 3640 Deus
661 3589 970 3658 appropians
991 3588 1092 3643 illis
1115 3604 1134 3642 :
1156 3589 1262 3644 duo
1289 3597 1413 3643 sunt
1434 3589 1521 3643 hic
1542 3588 1810 3653 notanda;
1834 3589 1913 3642 vel
1940 3587 2080 3657 quod

494 3674 605 3743 ait,
634 3676 716 3730 cui
734 3687 806 3731 est
835 3678 911 3746 ei,
932 3678 1019 3733 vel
1042 3680 1184 3751 quod
1209 3695 1317 3736 non
1344 3680 1795 3751 ait,appropians
1824 3680 1929 3745 illi,
1961 3680 2076 3746 sed,

493 3766 805 3837 appropians
824 3766 945 3822 illis.

564 3852 665 3927 [ιδ.
697 3853 896 3929 12.11;:
929 3858 1306 3913 similitudinem
1343 3875 1443 3914 non
1479 3859 1703 3926 vidistis,
1734 3858 1827 3915 sed
1865 3875 2074 3916 vocem:

490 3959 611 4001 cum
639 3960 740 4002 vox
786 3962 892 4004 non
933 3950 1102 4019 possit
1124 3950 1290 4006 videri
1308 3989 1328 4017 ,
1356 3950 1449 4005 sed
1489 3951 1807 4021 generaliter
1833 3949 1937 4006 hoc
1957 3965 2077 4007 ver-

488 4035 617 4092 bum
644 4039 845 4110 posuit,
872 4049 1121 4112 tanquam
1143 4042 1211 4097 ad
1244 4056 1458 4098 omnem
1490 4042 1732 4112 corporis
1758 4056 1974 4098 sensum
1996 4041 2078 4097 vi-

488 4126 617 4183 dere
635 4130 916 4199 pertineat.

560 4217 659 4292 [ιδ.
689 4220 724 4276 5
749 4228 798 4275 et
826 4218 939 4294 14.]
969 4218 1035 4275 In
1057 4237 1209 4292 quam
1250 4235 1337 4276 vos
1376 4220 1703 4293 ingredimini
1742 4220 1863 4289 illo,
1908 4221 2072 4276 hare-

486 4308 651 4364 ditare
677 4326 788 4367 eam
816 4325 836 4365 :
865 4311 1078 4381 plenum
1106 4320 1247 4367 esset
1275 4310 1482 4366 etiamsi
1508 4328 1614 4367 non
1642 4311 1879 4367 additum
1904 4321 2066 4381 esset,

482 4399 595 4455 illo.

557 4488 786 4564 [lb.20.]
806 4490 875 4547 Et
903 4492 1073 4547 eduxit
1108 4508 1194 4549 vos
1217 4491 1282 4548 de
1304 4496 1511 4565 fornace
1533 4497 1697 4566 ferrea
1715 4510 1777 4547 ea:
1796 4493 2026 4565 Egypto
2049 4512 2069 4551 :

480 4580 753 4639 fornacem
784 4581 1011 4639 ferream
1033 4624 1054 4654 ,
1087 4584 1273 4640 duram
1305 4584 1698 4641 tribulationem
1726 4586 1944 4657 intelligi
1975 4602 2069 4642 vo-

481 4670 581 4727 luit
606 4690 621 4728 :
647 4674 940 4730 secundum
970 4676 1071 4732 hoc
1097 4685 1153 4732 et
1178 4676 1245 4733 de
1271 4676 1469 4747 Ioseph
1492 4676 1692 4733 dictum
1722 4685 1804 4732 est
1830 4679 1884 4733 in
1914 4679 2065 4734 Psal-

479 4762 618 4831 mis,
651 4762 866 4819 Ferrum
904 4767 1189 4835 pertransiit
1212 4767 1436 4822 animam
1459 4768 1568 4839 ejus
1593 4765 1763 4842 (Psal.
1802 4784 1909 4837 civ,
1953 4769 2062 4843 18).

554 4852 655 4929 [11).
827 4856 1013 4911 Etnon
1053 4866 1251 4913 transeo
1285 4855 1565 4913 Iordanem
1606 4860 1770 4926 hunc;
1816 4861 1965 4931 quasi
2010 4869 2066 4918 et

475 4948 615 5003 alius
633 4948 702 5003 sit
720 4948 966 5004 Jordanis
987 4968 999 5003 :
1027 4965 1091 5005 ex
1122 4949 1222 5006 hac
1250 4952 1517 5009 locutione
1543 4952 1774 5009 arbitror
1795 4969 1937 5026 saepe
1957 4954 2062 5011 dici

360 5036 392 5090 .'
473 5040 639 5095 etiam
664 5040 804 5096 hunc
829 5041 1084 5097 mundum
1103 5083 1118 5108 ,
1145 5043 1293 5113 quasi
1318 5044 1451 5099 alius
1476 5044 1563 5099 sit.

551 5128 653 5202 [11).
675 5128 799 5204 35.]
844 5131 905 5188 Si
955 5142 1121 5187 autem
1158 5133 1388 5205 genueris
1424 5134 1559 5203 ﬁlios
1588 5142 1635 5189 et
1676 5136 1811 5205 ﬁlios
1839 5136 2060 5207 ﬁliorum

478 5227 729 5276 tuorum:
767 5220 997 5278 notanda
1039 5222 1237 5278 locutio
1276 5229 1393 5293 est,
1434 5222 1525 5278 ubi
1570 5233 1625 5280 et
1669 5240 1798 5282 avos
1838 5236 2061 5293 nepotes

473 5311 605 5367 dicit
641 5311 877 5383 gignere.

547 5398 651 5473 [11).
673 5400 790 5475 29.]
817 5401 883 5457 Et
900 5403 1131 5473 (ματαία
1151 5402 1222 5458 ibi
1247 5400 1523 5459 Dominum
1536 5403 1701 5460 Deum
1739 5416 1990 5476 vestrum;
2012 5418 2061 5465 et

470 5490 731 5546 invenietis
750 5508 861 5547 eum
881 5534 895 5559 ,
914 5492 1117 5564 quando
1137 5494 1404 5565 esquiretis
1426 5512 1540 5550 eum
1560 5512 1627 5553 ex
1650 5505 1753 5553 toto
1771 5498 1924 5553 corde
1950 5508 2055 5568 tuo,

469 5587 520 5633 et
539 5595 601 5633 ea:
627 5588 731 5634 tota
756 5583 926 5635 anima
951 5591 1039 5637 tua
1069 5584 1123 5638 in
1148 5584 1468 5640 tribulatione
1495 5594 1584 5641 tuo
1608 5602 1630 5642 :
1668 5602 1773 5642 non
1802 5587 1971 5656 dixit,
2002 5589 2058 5645 in

469 5677 588 5727 toto
614 5671 775 5728 corde
799 5682 980 5732 vestro
996 5716 1014 5746 ,
1039 5684 1093 5734 et
1117 5675 1170 5734 in
1199 5683 1312 5734 tota
1335 5677 1512 5736 anima
1542 5690 1720 5738 vestra
1738 5721 1757 5752 ,
1793 5681 1849 5739 in
1886 5682 2058 5741 tribu-

476 5761 672 5818 latione
697 5771 893 5821 vestra.

2278 1665 2380 1741 [11).
2408 1665 2524 1742 3%.]
2550 1667 2870 1742 Interrogate
2887 1669 2994 1726 dies
3018 1672 3229 1743 priores,
3253 1673 3340 1744 qui
3375 1673 3580 1743 [uerunt
3599 1676 3807 1744 priores

2205 1766 2289 1811 te:
2324 1773 2430 1813 non
2454 1758 2600 1827 dies,
2631 1760 2727 1816 scd
2751 1758 2997 1816 homines
3040 1760 3437 1832 intelligendum
3469 1774 3571 1819 est.
3599 1764 3801 1822 Simili-

2205 1856 2290 1903 ter
2327 1858 2381 1904 et
2407 1848 2509 1905 hoc
2531 1850 2822 1906 notandum
2847 1852 2988 1921 quod
3018 1852 3177 1907 etiam
3217 1855 3464 1924 superius
3490 1871 3611 1911 cum
3640 1857 3793 1913 dixe-

2204 1941 2308 2004 rit,
2338 1940 2655 2014 Interrogate
2679 1943 2974 2015 pluraliter,
3003 1945 3197 2016 priores
3226 1955 3273 2001 te
3298 1947 3476 2004 intulit
3513 1950 3797 2025 singulari-

2203 2041 2316 2100 ter;
2348 2050 2485 2103 non,
2516 2036 2722 2105 priores
2746 2035 2916 2091 vobis.

2276 2125 2375 2199 [11).
2395 2124 2509 2200 34.]
2536 2126 2599 2183 Si
2626 2138 2672 2182 et
2712 2130 2916 2182 tentavit
2963 2127 3101 2183 Deus
3137 2131 3389 2201 ingressus
3430 2131 3659 2203 accipere
3699 2133 3797 2187 sibi

2200 2228 2398 2289 gentem
2423 2219 2487 2273 de
2511 2219 2677 2274 media
2710 2230 2856 2292 gente
2880 2238 2895 2275 :
2932 2222 3166 2285 tentavit,
3200 2238 3296 2293 pro
3321 2239 3388 2279 eo
3412 2224 3552 2295 quod
3581 2232 3665 2280 est
3701 2240 3798 2279 vo-

2200 2306 2329 2374 luit,
2354 2310 2584 2378 positum
2608 2320 2723 2377 est,
2747 2319 2838 2365 aut
2862 2311 2988 2382 quid
3017 2312 3159 2367 aliud
3183 2329 3196 2366 :
3222 2312 3365 2382 quod
3387 2322 3567 2389 autem
3591 2316 3696 2381 ait,
3730 2316 3796 2370 de

2200 2399 2366 2452 media
2399 2408 2576 2471 gente,
2604 2400 2672 2456 de
2707 2400 2898 2456 mediis
2942 2403 3188 2471 gentibus
3217 2402 3619 2473 intelligendum
3669 2413 3792 2472 est,

2199 2488 2453 2557 singulari
2478 2491 2651 2559 posito
2680 2505 2777 2561 pro
2810 2491 3035 2561 plurali;
3063 2492 3199 2546 sicut
3223 2503 3545 2562 serpentem,
3577 2509 3788 2559 ranam,

2197 2585 2254 2632 et
2277 2578 2534 2634 locustam
2557 2620 2581 2645 ,ν
2600 2595 2697 2651 pro
2734 2582 3102 2652 serpentibus;
3132 2582 3277 2639 ranis
3295 2592 3349 2638 et
3375 2584 3611 2652 locustis,
3652 2588 3792 2641 scri-

2196 2677 2345 2738 ptum
2370 2670 2613 2740 legimus.

2268 2756 2367 2830 [1b.
2389 2758 2503 2832 54.]
2533 2760 2823 2816 Secundum
2863 2762 3033 2817 omnia
3072 2779 3188 2833 qua
3223 2763 3339 2832 fecit
3379 2764 3627 2820 Dominus
3650 2766 3792 2823 Deus

2194 2859 2353 2903 vester
2392 2851 2445 2905 in
2487 2850 2720 2923 ﬁggpto
2761 2868 2931 2907 coram
2968 2862 3015 2909 te
3053 2854 3285 2909 vidente:
3310 2856 3443 2911 nihil
3471 2856 3647 2912 minus
3671 2867 3789 2927 est,

2194 2940 2294 2995 etsi
2317 2956 2423 2995 non
2446 2942 2691 3010 addatur,
2718 2944 2934 2999 vidente.

2264 3029 2365 3104 [11).
2388 3029 2546 3105 v,5.]
2575 3033 2645 3087 Et
2682 3050 2773 3104 ego
2810 3035 3007 3089 stabam
3053 3035 3185 3089 inter
3229 3034 3504 3090 Dominum
3540 3047 3589 3092 et
3607 3054 3694 3093 vos
3732 3040 3785 3092 in

2190 3128 2411 3189 κουροι-ο
2446 3121 2540 3176 illo
2560 3162 2575 3186 ,
2615 3124 2920 3178 annuntiare
2945 3123 3081 3179 vobis
3105 3123 3253 3179 verba
3276 3123 3523 3193 Domini;
3545 3120 3787 3198 quoniam

2189 3211 2425 3265 timuistis
2452 3228 2484 3265 a
2512 3213 2642 3282 facie
2672 3213 2805 3284 ignis
2824 3254 2842 3280 ,
2882 3222 2930 3268 et
2969 3230 3070 3268 non
3115 3215 3410 3269 ascendistis
3444 3216 3497 3269 in
3525 3226 3746 3271 montem
3764 3259 3785 3284 ,

2187 3300 2389 3367 dicens,
2418 3300 2530 3373 Ego
2572 3320 2684 3357 sum
2722 3303 2971 3359 Dominus
3000 3304 3145 3360 Deus
3171 3314 3318 3375 tuus,
3345 3315 3449 3362 etc.
3476 3307 3662 3364 Dicens
3685 3324 3786 3378 po—

2186 3394 2293 3448 suit
2317 3409 2444 3463 pro,
2468 3409 2586 3448 cum
2614 3395 2834 3451 diceret.

2261 3484 2362 3557 [11).
2394 3483 2509 3558 14η]
2532 3486 2599 3540 Et
2624 3487 2819 3541 advena
2843 3487 2929 3559 qui
2948 3486 3124 3543 incolit
3147 3489 3201 3543 in
3221 3497 3267 3544 te
3304 3506 3325 3543 :
3351 3491 3549 3562 populo
3576 3492 3785 3548 dictum

2184 3575 2552 3645 accipiendum
2581 3584 2699 3644 est,
2742 3593 2847 3633 non
2891 3578 3044 3649 quasi
3071 3580 3161 3633 uni
3187 3578 3421 3649 homini,
3448 3581 3569 3652 quia
3596 3581 3653 3637 in
3678 3599 3777 3654 po-

2184 3665 2308 3733 pulo
2338 3665 2518 3721 incolit
2540 3666 2762 3722 advena.

2254 3755 2489 3829 [11).15.]
2537 3758 2758 3829 Propter
2794 3760 2889 3816 hoc
2914 3762 3171 3816 constituit
3208 3764 3297 3818 tibi
3346 3764 3589 3821 Dominus
3634 3767 3778 3822 Deus

2181 3854 2296 3899 tuus
2317 3888 2331 3912 ,
2360 3854 2411 3898 ut
2432 3846 2655 3902 observes
2676 3850 2809 3903 diem
2832 3851 3060 3919 sabbati,
3087 3853 3470 3923 etsanctiﬁeare
3493 3873 3608 3910 eum
3635 3875 3648 3910 :
3680 3860 3762 3925 si,

2178 3942 2263 4001 et,
2297 3950 2401 3990 non
2431 3935 2680 4003 haberet,
2713 3955 2816 3994 non
2848 3940 3118 3997 videretur
3160 3943 3408 4000 inusitata
3450 3947 3684 4015 locutio,
3715 3957 3773 4003 ut

2178 4023 2400 4091 observes
2424 4027 2556 4080 diem
2584 4026 2776 4083 sabbati
2810 4031 3129 4100 sanetiﬁcare
3153 4049 3269 4087 eum
3288 4050 3313 4099 ,9.
3337 4044 3432 4091 aut
3453 4046 3600 4093 certe
3625 4039 3672 4093 si
3697 4040 3771 4093 ita

2176 4127 2347 4181 esset,
2377 4124 2434 4171 ut
2467 4117 2721 4173 observes
2747 4118 2887 4174 diem
2928 4122 3135 4177 sabbati
3172 4133 3227 4179 et
3267 4127 3567 4181 sanctiﬁces
3607 4144 3768 4194 eum;

2175 4212 2267 4257 aut
2310 4206 2411 4271 ita,
2464 4215 2678 4275 propter
2728 4207 2832 4264 hoe
2876 4212 3149 4266 constituit
3189 4214 3283 4267 tibi
3329 4215 3586 4271 Dominus
3628 4218 3772 4273 Deus

2178 4305 2300 4351 tuus
2320 4296 2603 4354 observare
2628 4299 2767 4354 diem
2790 4301 2991 4356 sabbati
3014 4312 3070 4357 et
3088 4298 3427 4362 sanetilicaré
3440 4323 3562 4363 eum
3586 4326 3600 4364 :
3627 4325 3769 4364 nunc

2174 4400 2330 4450 vero,
2378 4395 2433 4439 ut
2474 4388 2695 4442 observes
2740 4390 2874 4443 diem
2910 4391 3139 4461 sabbati,
3178 4403 3225 4449 et
3253 4397 3573 4466 sanctiﬁcare
3600 4415 3714 4452 eum
3740 4441 3767 4467 ,7

2172 4475 2420 4530 inusitata
2449 4486 2503 4531 et
2527 4478 2755 4532 notanda
2778 4480 2975 4536 locutio
2998 4491 3101 4538 est.

2244 4565 2344 4639 [11).
2365 4583 2418 4622 v1
2440 4609 2456 4636 ,
2495 4566 2607 4642 £15.]
2638 4568 2852 4626 Attende
2876 4573 2995 4638 tibi,
3038 4591 3101 4629 ne
3125 4574 3366 4631 dilatetur
3395 4593 3485 4631 cor
3509 4587 3649 4632 tuum
3671 4622 3685 4646 ,
3716 4591 3773 4633 et

2170 4655 2479 4713 obliviscaris
2521 4658 2730 4714 Domini
2762 4659 2862 4716 Dei
2882 4662 2956 4716 tui
2976 4677 2997 4717 :
3034 4666 3323 4720 notandum
3348 4668 3505 4721 etiam
3539 4668 3592 4721 in
3618 4670 3764 4723 malo

2169 4745 2275 4801 dici
2316 4763 2475 4818 posse
2514 4748 2877 4807 dilatationem
2906 4753 3119 4820 cordis;
3157 4756 3439 4812 exsultatio
3478 4758 3674 4829 quippe
3707 4761 3761 4814 in

2168 4837 2478 4895 dilatatione
2518 4840 2843 4912 intelligitur,
2871 4843 2955 4898 cui
2993 4846 3275 4901 contrariae
3298 4856 3424 4902 sunt
3456 4850 3720 4919 angustia:
3741 4895 3759 4919 ,

2168 4929 2222 4985 id
2249 4939 2335 4987 est
2363 4932 2612 4989 tristitia:
2639 4943 2920 5006 utrumque
2951 4944 3131 4992 autem
3174 4948 3351 5007 potest
3374 4950 3427 4995 et
3452 4941 3511 4995 in
3535 4940 3678 4996 bono
3706 4954 3762 4998 et

2166 5021 2220 5077 in
2247 5023 2389 5078 malo
2412 5025 2601 5093 accipi.

2238 5112 2337 5187 [1b.
2371 5110 2486 5185 20.]
2531 5113 2598 5168 Et
2646 5115 2740 5169 erit
2793 5132 2907 5170 cum
2950 5117 3327 5190 interrogaverit
3370 5129 3415 5174 te
3459 5121 3595 5189 ﬁlius
3641 5130 3759 5177 tuus

2163 5220 2279 5259 eras
2335 5205 2506 5259 dicens
2550 5220 2570 5260 :
2613 5218 2735 5261 cras
2792 5208 3000 5276 posuit,
3048 5223 3145 5279 pro
3191 5210 3369 5265 futuro
3419 5227 3759 5283 quocumque

2164 5306 2423 5367 tempore.

2236 5388 2335 5462 [ιῦ.
2374 5404 2479 5458 vn,
2516 5386 2593 5463 1.]
2616 5389 2822 5461 Septem
2856 5401 3027 5463 gentes
3059 5409 3270 5464 magnas
3298 5404 3345 5448 et
3372 5396 3556 5450 multas
3578 5412 3598 5450 :
3623 5412 3758 5467 quo-

2164 5480 2325 5536 modo
2350 5495 2477 5551 ergo
2507 5482 2706 5537 multas
2727 5522 2744 5549 ,
2773 5482 2823 5539 si
2850 5484 3092 5554 septem?
3119 5485 3215 5541 sed
3243 5488 3437 5541 multas
3458 5486 3591 5542 dixit
3614 5488 3757 5543 mul-

2163 5572 2439 5628 titudinem
2460 5572 2739 5651 habentes.

2235 5662 2334 5737 [11).
2354 5660 2437 5736 2.]
2471 5662 2595 5720 Non
2633 5664 2871 5737 dispones
2910 5667 2980 5721 ad
3019 5683 3103 5723 eos
3131 5677 3512 5737 testamentum;
3536 5686 3659 5726 cum
3683 5670 3753 5728 de

2161 5756 2410 5829 gentibus
2432 5755 2667 5831 diceret:
2696 5766 3070 5817 testamentum
3096 5776 3227 5835 ergo
3251 5778 3351 5836 pro
3378 5772 3536 5836 pacto
3546 5764 3745 5836 posuit.
