4094 6472
344 355 450 412 553

419 470 518 542 [11).
543 469 642 525 5st
669 461 748 537 4.]
779 464 845 519 Et
863 462 1023 530 ﬁliam
1048 461 1158 529 ejus
1186 477 1285 516 non
1305 476 1467 515 sumes
1491 459 1598 529 ﬁlio
1620 467 1742 524 tuo;
1767 460 1930 514 disce-

342 563 465 615 dere
487 560 619 614 enim
653 559 802 630 faciet
826 558 988 626 ﬁlium
1011 566 1149 608 tuum
1177 571 1208 606 a
1236 570 1312 606 me
1329 595 1342 616 ,
1378 562 1423 606 et
1445 552 1621 606 serviet
1648 552 1744 605 diis
1778 553 1894 606 aliis
1913 592 1929 618 ,

341 661 390 705 et
419 653 663 705 irascetur
687 648 1029 719 indignatione
1065 645 1310 699 Dominus
1336 643 1388 695 in
1413 659 1497 696 vos
1520 658 1539 696 :
1561 657 1665 696 non
1693 643 1797 708 ait,
1823 642 1930 696 ira-

340 759 486 808 scar,
517 741 611 797 sed
631 751 878 812 tanquam
901 737 969 792 de
995 738 1097 791 alio
1125 736 1346 790 diceret.

419 836 514 910 [11).
545 851 622 902 lx,
652 831 728 906 1.]
746 832 978 888 Civitates
1004 847 1216 901 magnas
1241 837 1287 883 et
1311 837 1534 882 muratos
1561 843 1716 896 usque
1737 827 1791 881 in
1831 841 1933 881 cte-

338 929 449 982 ium
473 945 487 982 :
517 925 856 998 hyperbolice
881 924 1103 978 dictum.

418 1020 517 1095 [11).
536 1018 612 1092 4.]
634 1018 716 1073 Ne
734 1019 878 1072 dicas
903 1017 956 1070 in
984 1014 1136 1069 corde
1163 1023 1266 1077 tuo,
1295 1028 1409 1066 cum
1436 1009 1799 1079 consumpserit
1823 1006 1931 1062 Do-

336 1115 508 1165 minus
535 1110 670 1164 Deus
699 1120 813 1162 tuus
835 1115 1000 1179 gentes
1022 1107 1144 1159 istas
1180 1114 1295 1158 ante
1322 1102 1498 1172 faciem
1533 1110 1701 1164 tuam,
1726 1099 1926 1166 dicens,

338 1202 564 1271 Propter
578 1200 805 1270 justitias
839 1213 975 1251 meas
1007 1194 1209 1248 induxit
1243 1209 1323 1248 me
1357 1191 1606 1246 Dominus
1635 1189 1931 1244 [uenditare

337 1305 528 1347 (errant
570 1293 748 1347 bonam
775 1292 924 1346 istam
951 1304 970 1344 :
996 1286 1128 1343 ordo
1153 1295 1266 1351 est,
1308 1283 1391 1340 Ne
1413 1284 1553 1339 dicas
1590 1282 1644 1337 in
1668 1281 1820 1337 corde
1842 1289 1927 1334 tuo

379 1401 534 1436 168118.

379 1401 423 1436 ιι·
456 1402 534 1436 ns.

337 1387 375 1438 ό
413 1402 512 1548 [11).
549 1471 666 1546 9.8.]
725 1472 808 1528 Ne
851 1469 1053 1541 quando
1102 1469 1273 1522 dicant
1328 1466 1667 1521 inhabitantes
1709 1474 1924 1530 terram,

335 1570 474 1620 unde
511 1566 726 1620 eduxisti
755 1581 845 1619 nos
872 1563 990 1618 inde
1012 1577 1031 1616 :
1057 1577 1204 1616 more
1228 1561 1515 1630 Scriptura:
1545 1557 1779 1612 additum
1810 1566 1924 1625 est,

334 1659 477 1710 inde.

412 1748 511 1821 [lb.
533 1763 606 1813 xl,
635 1745 713 1819 5.]
739 1745 866 1810 Quae
893 1745 1011 1816 fecit
1030 1744 1258 1797 virtutem
1286 1739 1686 1813 Egyptiorum:
1713 1738 1815 1794 hoc
1841 1739 1926 1793 in-

337 1849 600 1909 terpretes
627 1839 838 1908 quidam
870 1836 1020 1890 latini
1059 1836 1232 1889 minus
1260 1834 1614 1902 intelligentcs
1643 1832 1928 1886 noluerunt

335 1931 519 1986 dicere
546 1931 805 1991 virtutem,
841 1929 931 1982 sed
963 1927 1164 1994 virtuti,
1194 1927 1278 1980 vel
1300 1925 1574 1988 exercitui;
1598 1924 1845 1993 quoniam
1874 1922 1926 1977 id

336 2021 483 2090 quod
514 2019 589 2074 ait
625 2020 842 2076 Gratcus
885 2023 1110 2085 δύναμιν,
1156 2017 1394 2070 nonnulli
1439 2016 1731 2069 exercitum
1773 2014 1927 2069 intel-

336 2110 604 2164 luxerunt.
631 2109 735 2164 Sed
767 2109 986 2179 elegans
1022 2107 1216 2161 locutio
1242 2115 1358 2169 est,
1392 2104 1520 2169 Qua:
1545 2105 1658 2175 fecit
1697 2105 1925 2157 virtutem

337 2219 552 2266 eorum;
583 2201 980 2271 intelligendum
1006 2209 1086 2254 est
1113 2199 1237 2268 quid
1259 2213 1373 2252 eain
1399 2197 1555 2259 fecit;
1580 2197 1826 2266 quoniam
1858 2195 1923 2250 ad

337 2295 472 2350 nihil
491 2309 606 2348 eam
630 2292 863 2361 redegit:
883 2291 980 2347 sed
1007 2292 1128 2361 quia
1159 2289 1429 2359 pluraliter
1450 2289 1650 2343 dictum
1676 2298 1778 2353 est,
1805 2287 1925 2340 ideo

337 2385 722 2440 subobscurum
752 2393 852 2438 est.

412 2473 512 2548 [lb.
546 2472 623 2546 6.]
658 2473 794 2539 Quos
821 2472 1052 2542 aperiens
1079 2481 1213 2525 terra
1239 2487 1295 2524 os
1332 2485 1480 2524 suum
1517 2469 1779 2539 deglutivit
1807 2483 1922 2530 eos,

339 2576 386 2620 et
406 2566 582 2618 domas
608 2580 778 2617 earum
797 2604 811 2630 ,
836 2571 882 2616 et
906 2563 1225 2616 tabernacula
1245 2575 1418 2614 eorum
1441 2573 1460 2613 :
1485 2557 1604 2612 dua:
1632 2557 1927 2612 locutiones

340 2657 428 2712 hic
465 2656 713 2711 notanda:
740 2666 899 2721 sunt,
939 2653 1077 2723 quod
1119 2661 1174 2708 et
1213 2651 1450 2706 additum
1488 2659 1608 2717 est,
1653 2666 1765 2716 eos,
1803 2662 1923 2702 eum

337 2748 588 2802 sutl‘tcere
613 2753 790 2816 posset
814 2746 955 2816 quod
986 2746 1058 2798 ait
1079 2745 1323 2813 superius
1342 2783 1358 2808 ,
1383 2758 1544 2814 quos;
1569 2751 1623 2796 et
1649 2739 1825 2795 domos
1843 2755 1930 2794 eo-

337 2855 453 2892 rum
482 2853 602 2891 cum
629 2837 881 2898 dixisset,
914 2835 1114 2890 addidit
1140 2845 1184 2889 et
1210 2832 1535 2888 tabernacula
1554 2848 1743 2894 eorum,
1767 2830 1922 2904 quasi

338 2930 470 2985 alias
495 2929 548 2983 in
578 2943 760 2983 eremo
796 2927 1052 2982 haberent
1087 2925 1276 2980 domos
1314 2923 1414 2979 nisi
1438 2922 1792 2977 tabernacula.
1821 2921 1925 2976 Sed

341 3021 594 3076 nimirum
621 3021 812 3075 domus
839 3019 1054 3087 intelligi
1085 3018 1256 3072 voluit
1283 3016 1524 3070 homines
1551 3014 1617 3068 ad
1643 3029 1735 3068 eos
1760 3015 1926 3083 perti-

341 3121 529 3166 nentes
549 3153 564 3177 ,
591 3111 721 3166 sicut
764 3110 862 3180 ipsi
893 3109 1086 3178 populo
1113 3108 1323 3173 dicitur,
1355 3105 1424 3159 Et
1461 3121 1594 3158 nunc
1631 3113 1684 3157 tu
1704 3144 1719 3170 ,
1749 3104 1928 3158 domus

339 3202 500 3257 Iacob
529 3200 681 3276 (lsai.
724 3217 796 3268 tt,
828 3199 906 3272 5).
933 3199 1042 3255 Nec
1069 3202 1166 3254 ista
1188 3199 1384 3253 locutio
1407 3197 1579 3252 aliena
1601 3205 1684 3251 est
1703 3214 1730 3249 a
1760 3198 1926 3252 latina

341 3295 520 3366 lingua
561 3311 575 3348 :
608 3309 731 3349 nam
774 3302 826 3349 et
872 3293 1096 3347 Romani
1136 3292 1260 3347 dicti
1301 3299 1427 3346 sunt
1464 3289 1656 3346 domus
1683 3291 1928 3345 Assaraci

341 3384 584 3451 (Eneid.
612 3384 679 3439 lib
703 3387 753 3450 1,
786 3401 834 3439 v.
856 3383 984 3454 284)
1009 3422 1025 3450 ,
1052 3382 1193 3453 quod
1212 3397 1280 3438 ex
1303 3383 1561 3438 Assaraco
1579 3382 1809 3452 Trojano
1831 3381 1932 3437 ori-

340 3477 516 3546 ginem
545 3475 819 3530 ducerent.

417 3566 518 3638 [lb.
542 3565 621 3638 7.]
668 3566 919 3631 Quoniam
960 3565 1096 3619 oculi
1131 3565 1278 3618 vestri
1305 3563 1532 3618 viderunt
1573 3565 1742 3618 omnia
1777 3581 1931 3632 opera

343 3659 553 3713 Domini
590 3676 804 3730 magna,
836 3675 947 3728 qua:
972 3658 1088 3729 fecit
1127 3658 1179 3710 in
1209 3657 1345 3710 vobis
1386 3656 1535 3710 hodie
1562 3672 1580 3710 :
1604 3671 1723 3711 cum
1753 3655 1820 3711 de
1847 3655 1930 3711 his

342 3749 595 3818 operibus
619 3749 856 3814 diceret,
883 3766 1000 3819 qua:
1021 3765 1116 3818 per
1135 3763 1372 3803 eremum
1398 3746 1533 3801 facta
1557 3756 1680 3801 sunt
1705 3763 1769 3802 eo
1796 3755 1930 3802 tem-

343 3855 473 3909 pore
500 3855 608 3910 quo
636 3840 705 3895 ibi
731 3839 1264 3895 circumducebantur
1308 3854 1402 3909 per
1441 3839 1784 3909 quadraginta
1831 3855 1928 3893 an-

343 3945 477 3995 nos;
525 3940 702 3985 tamen
757 3931 908 3984 hodie
949 3931 1114 3996 dixit,
1160 3929 1301 3999 quod
1349 3929 1569 3998 intelligi
1616 3929 1780 3982 voluit
1831 3930 1932 3984 hoc

343 4028 607 4089 tempore,
631 4029 888 4091 quotquot
909 4021 981 4075 ibi
1015 4035 1184 4075 annos
1213 4020 1353 4075 idem
1373 4033 1582 4089 tempus
1610 4019 1803 4075 habere
1833 4035 1929 4089 po-

342 4110 556 4164 tuisset.

415 4197 519 4271 [lb.
552 4198 632 4273 9.]
673 4199 879 4254 Terram
922 4217 1074 4270 quam
1087 4199 1278 4270 juravit
1310 4197 1553 4252 Dominus
1586 4198 1810 4269 patribus
1846 4215 1932 4252 ve-

339 4293 459 4346 stris
506 4291 631 4344 dare
674 4293 776 4356 eis,
823 4293 1094 4360 seminique
1137 4307 1310 4344 eorum
1355 4298 1465 4361 post
1501 4305 1584 4343 eos
1624 4305 1643 4344 :
1683 4299 1929 4359 tanquam

340 4381 581 4447 diceret,
613 4381 664 4436 id
692 4393 774 4437 est
808 4381 998 4437 semini
1039 4397 1222 4436 eorum
1264 4389 1383 4450 post
1419 4395 1546 4444 eos;
1579 4396 1683 4434 non
1711 4382 1850 4435 enim
1878 4389 1933 4434 et

341 4473 475 4542 ipsis
501 4472 684 4540 dedit,
714 4472 808 4528 sed
852 4475 923 4527 ita
963 4471 1091 4542 ipsis
1128 4471 1303 4538 dedit,
1349 4486 1472 4526 cum
1514 4471 1700 4526 semini
1745 4485 1929 4525 eorum

340 4564 508 4620 dedit.

415 4652 652 4728 [lb.15.]
683 4653 744 4709 Si
771 4664 935 4708 autem
974 4654 1154 4707 auditu
1181 4652 1444 4706 audieritis
1482 4653 1651 4706 omnia
1691 4653 1931 4705 mandata

341 4747 470 4816 ejus,
499 4761 615 4813 qua:
639 4762 730 4816 ego
756 4745 942 4799 mando
967 4746 1056 4798 tibt
1078 4745 1249 4798 hodite
1272 4761 1287 4809 ;
1315 4745 1490 4797 auditu
1513 4745 1718 4797 videtur
1741 4758 1929 4811 super-

341 4836 531 4903 ﬂuum,
550 4837 640 4891 sed
661 4836 854 4891 locutio
871 4845 949 4891 est
975 4836 1260 4906 Scriptura:
1281 4845 1476 4888 sancta:
1502 4833 1931 4888 familiarissima.

416 4927 517 5001 [lb.
549 4927 660 5001 14.]
688 4929 752 4982 Et
786 4928 924 4982 dabit
957 4929 1179 4999 pluviam
1194 4937 1341 4980 terra:
1367 4936 1465 4980 tua:
1491 4927 1544 4979 in
1583 4936 1803 4996 tempore
1839 4940 1930 4978 suo

343 5022 646 5075 matutinum
688 5031 734 5074 et
777 5022 1051 5076 serotinum
1094 5023 1134 5073 ί.
1176 5021 1308 5075 Cum
1361 5019 1676 5073 matutinum
1722 5027 1930 5086 tempus

343 5114 460 5168 dies
501 5114 729 5176 dicatur,
775 5112 1030 5182 nnmquid
1079 5113 1200 5166 hinc
1248 5111 1466 5180 inteliigi
1511 5110 1676 5164 voluit
1724 5118 1931 5175 tempus

341 5205 468 5258 anni
495 5204 759 5274 primum?
787 5205 1086 5259 Serotimnn
1110 5219 1235 5257 vero
1261 5204 1433 5256 minus
1456 5202 1676 5254 latinum
1698 5209 1810 5264 est;
1835 5199 1930 5252 sed

343 5311 450 5350 non
480 5297 648 5364 potuit
677 5297 841 5366 magis
868 5295 1082 5364 proprie
1102 5294 1168 5348 de
1196 5310 1370 5364 grmco
1391 5293 1617 5363 exprimi
1643 5335 1658 5358 ,
1690 5292 1828 5362 quod
1853 5291 1928 5344 illi

341 5386 525 5439 dicunt
547 5391 732 5454 εψιμονο
785 5395 960 5440 tamen
991 5386 1149 5440 etiam
1181 5386 1231 5438 in
1255 5385 1412 5438 latina
1436 5385 1610 5454 lingua
1640 5385 1795 5453 vulgo
1822 5382 1930 5436 usi-

343 5486 510 5531 tatum
550 5486 669 5543 est;
721 5485 778 5531 ut
815 5479 1020 5532 dicatur
1058 5477 1383 5543 serotinum,
1414 5476 1509 5531 sed
1547 5475 1688 5545 quod
1729 5474 1932 5529 tardius

341 5585 503 5639 quam
533 5579 774 5640 Oporteat
799 5569 996 5625 factum
1023 5574 1140 5636 est;
1173 5565 1264 5623 hic
1289 5580 1419 5622 vero
1446 5575 1652 5637 tempus
1679 5565 1802 5620 anni
1832 5579 1930 5636 po-

343 5667 449 5716 tius
477 5661 699 5732 intelligi
727 5661 915 5716 voluit.

407 5778 424 5808 ι
452 5783 559 5826 uss.
584 5776 799 5840 quinque
815 5776 891 5828 hic
913 5781 1115 5838 tantum,
1138 5771 1419 5826 matutinum
1440 5775 1488 5824 et
1509 5767 1784 5824 serotinum.

1727 346 1925 402 LIBER
1958 344 2256 414 QUINTUS
2270 391 2284 405 .

3519 357 3624 415 531

2112 460 2212 534 [lb.
2240 461 2306 518 15
2323 471 2369 518 et
2401 458 2510 536 16]
2543 461 2608 518 Et
2641 478 2755 518 cum
2781 462 3085 531 comederis,
3113 472 3163 520 et
3185 464 3393 522 satiatus
3424 469 3611 540 fueris,

2036 553 2235 606 attende
2261 553 2347 607 tibi
2366 553 2464 622 ipsi
2492 570 2554 606 ne
2577 552 2813 607 dilatetur
2839 571 2925 606 cor
2951 561 3093 606 tuum
3109 594 3124 619 ,
3155 563 3202 608 et
3227 560 3624 624 pratvaricemini

2037 652 2084 698 et
2107 644 2332 698 servietis
2357 645 2454 697 diis
2473 645 2605 697 aliis.
2633 644 2749 698 iam
2775 645 3014 714 superius
3038 645 3165 700 tales
3189 646 3480 703 locutiones
3517 666 3617 705 no-

2037 734 2262 787 tavimus
2284 774 2300 799 ,
2335 735 2446 790 sive
2479 735 2618 804 quod
2645 750 2672 788 a
2699 735 2952 804 singulari
2989 734 3054 790 ad
3100 736 3354 805 pluralem
3393 743 3614 806 transit,

2036 825 2148 880 sive
2166 823 2308 894 quod
2334 825 2388 880 in
2419 827 2558 880 malo
2583 825 2746 880 voluit
2773 826 2990 897 intelligi
3011 827 3266 894 dilatetur,
3287 829 3374 884 ubi
3397 831 3612 888 noxiam

2035 914 2440 984 prosperitatem
2472 916 2804 986 significavit.

2108 1000 2208 1077 [lb.
2233 1002 2347 1079 24]
2374 1004 2440 1060 Et
2467 1008 2656 1076 ﬂumen
2675 1023 2910 1078 magnum
2935 1007 3121 1078 ﬂumen
3149 1005 3491 1080 Euphratem,
3525 1030 3613 1068 re-

2034 1096 2316 1165 petitiones
2342 1099 2456 1154 ista:
2483 1100 2687 1154 usitata:
2715 1111 2837 1156 sunt
2864 1101 2915 1156 in
2944 1100 3252 1172 Scripturis,
3282 1115 3338 1160 et
3375 1121 3490 1161 rem
3518 1107 3614 1163 de-

2035 1197 2221 1243 center
2246 1190 2638 1244 commendant.

2107 1277 2207 1351 [lb.
2383 1279 2630 1334 Timorem
2658 1289 2870 1336 vestrum
2893 1290 2940 1337 et
2958 1291 3220 1339 tremorem
3258 1295 3476 1340 vestrum
3513 1290 3613 1342 im-

2035 1380 2184 1442 ponet
2200 1371 2444 1427 Dominus
2458 1372 2590 1428 Deus
2605 1382 2763 1428 vester
2782 1390 2932 1444 super
2955 1376 3134 1447 faciem
3154 1375 3399 1432 universa:
3423 1389 3570 1433 terra.-
3589 1393 3612 1434 :

2036 1477 2140 1516 non
2171 1464 2414 1520 timorem
2443 1473 2497 1522 et
2525 1477 2807 1526 tremorem
2831 1487 2935 1542 quo
2957 1473 3052 1542 ipsi
3078 1474 3262 1529 timent
3282 1483 3338 1530 et
3355 1484 3608 1543 tremunt,

2031 1555 2126 1608 sed
2156 1569 2260 1623 quo
2290 1555 2540 1612 timentur
2563 1569 2616 1614 et
2644 1561 2777 1616 alios
2805 1573 3032 1618 tremere
3059 1563 3279 1619 iaciunt.

2105 1642 2319 1719 [lb.xn,
2366 1645 2476 1721 17.]
2518 1648 2638 1705 Non
2688 1654 2871 1723 poteris
2909 1656 3211 1709 manducare
3245 1655 3297 1709 in
3333 1654 3613 1711 civitatibus

2033 1742 2132 1796 tuis
2160 1742 2536 1800 decimationem
2573 1746 2812 1816 frumenti
2847 1749 2919 1802 tui
2942 1765 2960 1804 :
2989 1764 3084 1820 pro
3108 1763 3174 1805 eo
3201 1748 3342 1819 quod
3367 1758 3470 1817 est,
3503 1764 3608 1805 non

2031 1833 2270 1888 debebis.

2105 1925 2199 2000 [lb.
2224 1941 2340 1994 xm,
2373 1924 2484 2002 16.]
2506 1928 2568 1982 Et
2594 1930 2826 1986 incendes
2848 1932 3094 1987 civitatem
3121 1932 3172 1986 in
3200 1933 3305 2005 igni
3332 1948 3351 1988 :
3375 1950 3472 1989 nos
3499 1934 3612 1989 usi-

2033 2018 2190 2072 tatius
2210 2019 2532 2084 diceremus,
2565 2020 2694 2090 igni.

2103 2106 2201 2180 [lb.
2233 2124 2342 2175 xtv,
2372 2107 2489 2182 24.]
2521 2110 2581 2165 Si
2609 2121 2776 2166 autem
2815 2112 2961 2184 longe
2983 2112 3134 2182 fuerit
3162 2115 3242 2168 via
3283 2130 3315 2167 a
3355 2122 3402 2168 te
3431 2129 3450 2168 :
3475 2128 3537 2169 ac
3564 2115 3609 2170 si

2029 2197 2249 2264 diceret,
2281 2200 2436 2270 longa
2465 2201 2550 2256 via
2579 2200 2768 2269 fuerit;
2809 2203 3115 2259 adverbium
3154 2205 3334 2275 posuit
3377 2220 3474 2274 pro
3508 2219 3610 2259 no-

2030 2303 2194 2342 mine.

2103 2380 2199 2452 [11).
2217 2398 2303 2449 xv,
2321 2378 2399 2454 6.]
2419 2381 2485 2436 Et
2513 2383 2760 2454 fenerabis
2782 2393 2950 2456 gentes
2977 2386 3180 2440 multas.
3204 2383 3607 2440 Fenerationem

2031 2473 2302 2544 Scriptura
2327 2475 2454 2529 dicit
2481 2485 2666 2530 mutuo
2685 2476 2859 2530 datam
2892 2478 3186 2547 pecuniam,
3209 2478 3412 2532 etiamsi
3437 2492 3610 2531 usuras

2030 2579 2136 2618 non
2167 2564 2490 2632 accipiantur
2517 2581 2532 2617 :
2563 2563 2702 2619 unde
2730 2574 2810 2619 est
2831 2576 2882 2619 et
2912 2566 3041 2620 illud
3072 2567 3123 2620 in
3150 2567 3360 2621 Psalmo
3383 2607 3397 2629 ,
3425 2565 3611 2619 Beatus

2029 2655 2117 2726 qui
2150 2655 2412 2708 miseretur
2454 2665 2502 2709 et
2545 2654 2828 2708 commodat
2862 2655 3029 2725 (Psal.
3061 2671 3181 2719 cxx,
3212 2655 3291 2724 5).
3331 2656 3442 2710 lloc
3466 2656 3609 2710 enim

2032 2747 2332 2804 maluerunt
2377 2747 2710 2817 interpretari
2740 2749 2925 2812 nostri,
2957 2748 3048 2818 qui
3077 2749 3392 2803 sententiam
3437 2748 3612 2816 potius

2032 2855 2191 2911 quam
2243 2839 2407 2896 verba
2455 2838 2720 2910 sequenda
2771 2846 3088 2907 putaverunt
3119 2856 3132 2891 :
3163 2854 3286 2892 nam
3334 2838 3386 2892 in
3433 2853 3610 2908 graeco

2034 2931 2194 2986 habet
2222 2934 2442 2996 δανείζει,
2469 2930 2610 3000 quod
2638 2939 2720 2985 est
2748 2927 3035 2984 feneratur.

2106 3019 2205 3096 [lb.
2226 3019 2303 3093 6.]
2325 3020 2388 3073 Et
2417 3018 2778 3091 principaberis
2796 3020 3016 3090 gentium
3042 3019 3338 3083 multarum;
3353 3019 3425 3072 tui
3447 3027 3612 3072 autem

2033 3133 2134 3170 non
2164 3112 2578 3185 principabuntur
2602 3126 2622 3167 :
2646 3120 2893 3180 tanquam
2937 3109 3160 3176 diceret,
3193 3109 3284 3163 tibi
3311 3125 3415 3163 non
3437 3109 3611 3164 domi-

2034 3205 2321 3269 nabuntur,
2354 3202 2456 3258 hoc
2483 3209 2565 3257 est
2591 3208 2779 3271 gentes
2808 3218 2820 3254 :
2849 3200 3108 3269 genitivus
3145 3199 3288 3254 enim
3332 3213 3488 3254 casus
3534 3207 3615 3253 est

2035 3296 2318 3367 singularis
2342 3293 2497 3363 hujus
2525 3289 2856 3363 pronominis
2875 3289 3014 3360 quod
3036 3291 3108 3343 ait
3127 3290 3221 3356 tui,
3244 3290 3393 3358 cujus
3408 3289 3617 3344 dativus

2034 3400 2117 3447 est
2149 3388 2269 3453 tibi;
2300 3401 2404 3442 non
2434 3383 2653 3456 pluralis
2676 3381 3056 3449 nominativus,
3083 3380 3234 3449 cujus
3259 3379 3520 3450 genitivus
3533 3387 3618 3432 est

2033 3491 2266 3550 tuorum.

2108 3570 2206 3643 [lb.
2235 3566 2312 3639 7.]
2345 3567 2403 3622 Si
2430 3575 2596 3620 autem
2625 3566 2775 3636 fuerit
2799 3566 2852 3618 in
2881 3572 2930 3618 te
2947 3578 3130 3633 egenus
3150 3561 3203 3614 in
3219 3560 3455 3629 fratribus
3481 3557 3621 3622 tuis;

2037 3676 2142 3717 non
2167 3659 2255 3714 uni
2288 3657 2511 3723 homini,
2540 3656 2636 3710 sed
2667 3656 2861 3726 populo
2889 3654 3098 3718 dicitur,
3128 3650 3248 3705 ideo
3272 3653 3326 3704 in
3355 3660 3420 3704 te.

2111 3749 2208 3823 [lb.
2236 3749 2290 3814 7,
2319 3745 2399 3819 8.]
2426 3747 2485 3802 Si
2511 3755 2679 3800 autem
2710 3746 2858 3817 fuerit
2898 3746 2952 3799 in
2973 3752 3020 3797 te
3063 3757 3245 3814 egenus
3283 3741 3338 3794 in
3375 3739 3617 3808 fratribus

2037 3845 2136 3900 tuis
2159 3844 2212 3898 in
2239 3859 2342 3896 una
2367 3841 2622 3895 civitatum
2660 3849 2890 3904 tuarum,
2929 3839 2982 3891 in
3023 3847 3158 3890 terra
3193 3851 3344 3904 quam
3372 3833 3618 3886 Dominus

2037 3935 2175 3990 Deus
2201 3943 2315 3988 tuus
2338 3930 2424 3986 dat
2448 3930 2556 3997 tibi,
2581 3947 2680 3984 non
2701 3939 2889 3983 avertes
2912 3945 2999 3981 cor
3023 3936 3184 3991 tuum,
3203 3940 3358 3994 neque
3371 3924 3620 3977 constrin-

2036 4042 2123 4098 ges
2167 4038 2374 4078 manum
2403 4029 2540 4075 tuam
2569 4037 2600 4073 a
2625 4020 2782 4089 fratre
2807 4028 2892 4073 tuo
2917 4026 3086 4088 egente
3117 4015 3388 4086 :aperiens
3426 4013 3619 4083 aperies

2037 4132 2217 4169 manus
2245 4123 2354 4167 tuas
2375 4113 2439 4175 ei,
2465 4113 2609 4182 fenus
2636 4109 2883 4179 fenerabis
2901 4109 2948 4162 ei
2973 4115 3424 4178 quantumcumque
3449 4111 3620 4174 postu-

2039 4206 2131 4272 lat,
2155 4215 2200 4259 et
2223 4213 2467 4273 quantum
2488 4211 2613 4273 eget.
2635 4201 2728 4256 Hic
2743 4208 2887 4256 certe
2911 4214 3031 4253 cum
3053 4213 3213 4267 Opera
3241 4193 3622 4250 misericordiae

2037 4299 2194 4369 prmci
2203 4299 2326 4368 piat,
2345 4312 2448 4350 non
2477 4295 2656 4364 utique
2677 4307 2956 4348 usurarum
2978 4291 3261 4346 crudelitas
3281 4286 3618 4357 suscipienda

2037 4398 2120 4444 est
2152 4407 2164 4442 :
2195 4388 2336 4442 unde
2365 4395 2582 4456 apparet
2608 4383 2751 4454 quod
2779 4384 2872 4446 ait,
2902 4387 3047 4452 fenus
3071 4379 3316 4450 fenerabis
3341 4379 3405 4443 ei,
3436 4387 3620 4430 mutuo

2039 4480 2270 4535 dandum
2296 4477 2439 4548 quod
2474 4476 2801 4546 postularet,
2829 4471 3048 4540 intelligi
3075 4469 3324 4524 voluisse.
3351 4466 3501 4533 Quod
3527 4480 3621 4518 au-

2038 4579 2145 4625 tem
2171 4568 2264 4633 ait,
2296 4566 2523 4638 aperiens
2551 4563 2748 4635 aperies
2783 4577 2960 4614 manus
2987 4569 3128 4623 tuas,
3157 4557 3264 4611 tale
3287 4564 3370 4612 est
3396 4563 3450 4609 et
3476 4554 3620 4624 quod

2037 4663 2305 4732 sequitur,
2352 4659 2500 4728 fenus
2539 4655 2813 4728 fenerabis,
2845 4652 3034 4708 usitata
3063 4651 3260 4707 locutio
3284 4659 3369 4706 est
3395 4649 3445 4704 in
3470 4648 3617 4704 Scri-

2038 4752 2206 4824 pturis
2235 4749 2452 4803 sanctis.

2111 4841 2211 4915 [lb.
2229 4837 2340 4911 17.]
2358 4838 2492 4892 Cum
2519 4837 2586 4893 de
2613 4851 2742 4890 aure
2769 4832 3133 4905 pertundenda
3160 4831 3298 4887 servi
3329 4828 3617 4900 prtecepis-

2039 4944 2142 5001 set,
2177 4932 2243 4986 Et
2273 4929 2532 4996 ancillam,
2583 4929 2769 4998 inquit,
2810 4937 2948 4981 tuam
2975 4926 3126 4997 facies
3154 4925 3383 4978 similiter
3415 4939 3433 4976 :
3456 4936 3621 4975 accu-o

2037 5026 2264 5079 sativum
2303 5037 2400 5092 pro
2428 5020 2605 5075 dativo
2632 5033 2869 5089 ponens;
2915 5032 3020 5071 non
3049 5017 3150 5079 ait,
3184 5014 3387 5068 ancillm
3413 5020 3514 5064 tuae
3543 5011 3622 5063 fa-

2036 5115 2180 5179 cies,
2220 5112 2359 5183 quod
2388 5109 2668 5164 locutionis
2699 5117 2892 5162 nostra:
2921 5103 3246 5160 consuetudo
3275 5101 3542 5171 poscebat.

2109 5201 2212 5277 [lb.
2237 5198 2352 5273 ‘21
2380 5200 2439 5256 Si
2473 5208 2638 5252 autem
2679 5198 2829 5269 fuerit
2873 5197 2926 5249 in
2966 5213 3022 5249 eo
3048 5196 3237 5257 vitium,
3268 5190 3504 5245 claudum
3533 5198 3621 5242 aut

2037 5311 2248 5362 coccum,
2286 5294 2362 5348 vel
2392 5309 2537 5346 omne
2561 5291 2735 5345 vitium
2774 5290 2965 5342 malum
2995 5304 3012 5341 :
3042 5301 3147 5341 non
3178 5286 3269 5350 ait,
3303 5281 3618 5336 claudicatio

2037 5395 2128 5443 aut
2155 5387 2387 5450 caecitas,
2419 5384 2528 5454 ipsa
2560 5381 2701 5437 enim
2746 5388 2872 5436 sunt
2910 5379 3067 5441 vitia;
3116 5376 3212 5431 sed
3255 5373 3524 5436 claudum,
3568 5383 3622 5428 et

2039 5494 2248 5543 ciccum,
2282 5474 2422 5546 quod
2448 5481 2570 5528 sunt
2598 5489 2703 5527 non
2725 5471 2874 5536 vitia,
2899 5469 2994 5525 sed
3015 5466 3263 5522 animalia
3287 5481 3404 5536 qua:
3426 5464 3626 5518 habent

2037 5569 2186 5625 vitia.
2220 5566 2333 5623 Hoc
2356 5579 2569 5636 quoque
2604 5562 2896 5618 notandum
2925 5566 3007 5614 est
3034 5557 3175 5628 quod
3195 5557 3288 5623 ait,
3311 5557 3484 5610 vitium
3506 5570 3621 5608 ma-

2042 5663 2170 5729 lum,
2197 5662 2346 5732 quasi
2373 5666 2552 5729 posset
2577 5670 2697 5712 esse
2722 5655 2906 5708 vitium
2938 5653 3157 5706 bonum.

2112 5753 2210 5827 [lb.
2244 5766 2353 5822 va,
2381 5747 2461 5824 4.]
2483 5746 2551 5804 Et
2573 5764 2674 5804 non
2710 5745 2922 5800 dormiet
2951 5744 3012 5798 de
3037 5739 3300 5807 carnibus,
3335 5739 3398 5793 de
3441 5733 3623 5808 quibus
