4094 6456
493 350 598 409 555

492 459 866 517 immolaveritis
888 474 1089 531 vespere
1114 458 1195 514 die
1219 459 1379 531 primo
1406 475 1561 531 usque
1580 456 1631 513 in
1654 474 1801 513 mane
1831 473 1850 511 :
1876 470 1973 527 pro
1999 470 2064 511 eo

493 551 637 623 quod
659 560 761 619 est,
787 565 895 605 non
924 550 1216 606 remanebit
1230 565 1292 605 ea
1317 559 1491 617 nocte,
1522 564 1623 602 non
1644 549 1855 602 dormiet
1870 547 2067 601 dictum

494 652 597 697 est.

566 730 666 805 [lb.
694 747 825 799 xvn,
843 729 919 804 1.]
943 730 1065 785 Νοη
1083 730 1261 798 offeres
1280 729 1500 785 Domino
1521 729 1631 784 Deo
1653 737 1739 783 tuo
1762 727 1973 782 vitulum
1992 727 2071 781 vel

494 836 652 886 ovem,
679 821 733 874 in
756 837 853 891 quo
880 829 955 874 est
976 820 1029 873 in
1048 820 1157 890 ipso
1179 820 1351 872 uitium
1380 833 1399 872 :
1422 819 1614 874 usitata
1653 817 1848 872 locutio
1887 824 2067 881 esset,

494 914 549 968 in
568 929 667 984 quo
695 922 766 966 est
790 913 1000 977 vitium;
1029 910 1122 966 sed
1154 912 1252 965 ista
1281 909 1569 981 Scripturis
1597 917 1681 965 est
1706 908 1969 964 usitatior.

566 1003 668 1077 [lb.
698 1003 777 1075 5.]
802 1003 869 1056 Et
898 1003 1147 1072 lapidabis
1175 1018 1257 1056 eos
1292 1003 1346 1056 in
1374 1001 1645 1071 lapidibus,
1673 1010 1721 1054 et
1764 1000 2074 1053 morientur:

494 1094 641 1163 quod
665 1109 733 1149 ex
757 1101 936 1148 nostra
960 1091 1341 1148 consuetudine
1352 1090 1636 1158 diceretur,
1656 1089 1937 1167 lapidibus,
1964 1102 2072 1143 non
2096 1106 2098 1109 ·

493 1185 548 1237 in
570 1184 841 1254 lapidibus.

568 1273 672 1345 [lb.
698 1270 810 1345 16.]
835 1272 955 1328 Non
973 1272 1325 1342 multiplicabit
1351 1273 1443 1328 sibi
1472 1287 1649 1342 equum
1667 1286 1686 1325 :
1702 1284 1796 1340 pro
1822 1269 1971 1338 equis
1989 1268 2073 1324 vel

493 1378 595 1433 pro
624 1363 879 1433 equitatu,
909 1379 1090 1435 equum
1118 1365 1330 1434 posuit;
1362 1361 1503 1418 unde
1534 1359 1775 1416 nonnulli
1802 1359 2075 1428 equitatum

494 1452 827 1523 interpretati
854 1460 997 1507 sunt.

569 1542 671 1615 [lb.
698 1541 813 1616 15.]
841 1542 969 1601 Non
991 1544 1175 1614 poteris
1205 1543 1504 1597 constituere
1544 1558 1696 1610 super
1738 1548 1786 1594 te
1827 1538 2077 1593 hominem

497 1636 738 1703 alienum,
768 1636 886 1707 quia
914 1652 1013 1690 non
1039 1646 1113 1690 est
1141 1640 1298 1706 frater
1320 1644 1434 1690 tuus
1454 1650 1473 1689 :
1494 1633 1615 1689 Non
1637 1632 1844 1704 poteris,
1877 1631 2076 1687 dictum

422 1790 427 1797 ν
496 1732 581 1781 est
608 1740 726 1796 pro,
750 1740 857 1780 non
870 1724 1121 1781 debebis.

422 1801 425 1805 6
574 1815 678 1888 [lb.
720 1831 871 1882 xvur,
899 1814 1010 1888 l6.]
1042 1815 1330 1871 Secundum
1356 1814 1524 1868 omnia
1547 1829 1658 1883 quae
1698 1812 1879 1882 petiisti
1910 1827 1943 1864 a
1967 1809 2078 1864 Do-

494 1908 637 1963 mino
667 1907 775 1963 Deo
798 1918 885 1961 tuo
912 1908 964 1961 in
991 1906 1181 1973 Horeb,
1212 1908 1265 1961 in
1290 1908 1373 1962 die
1395 1905 1783 1968 convocationis,
1815 1903 2031 1956 dicentes
2059 1916 2079 1955 :

503 2015 624 2055 cum
653 2000 845 2055 dixerit
869 1999 1111 2070 superius
1140 1998 1354 2070 petiisti,
1381 1999 1600 2051 dicentes
1628 1995 1894 2063 subjecit,
1935 2008 2076 2059 non,

502 2093 712 2147 dicens.
1850 2142 1853 2143 ν

575 2184 673 2257 [11).
690 2201 779 2251 xx,
801 2183 882 2256 4.]
905 2184 1157 2250 Quoniam
1183 2182 1430 2237 Dominus
1457 2181 1596 2237 Deus
1626 2190 1810 2246 noster,
1835 2180 1920 2251 qui
1948 2195 2082 2251 prte-

504 2274 634 2329 cedit
656 2276 907 2329 vobiscum
937 2290 956 2328 :
981 2290 1087 2329 non
1117 2274 1270 2339 dixit,
1302 2289 1419 2329 vos.

579 2366 676 2440 [lb.
695 2383 821 2432 nu,
843 2364 920 2439 6.]
950 2367 1012 2423 Si
1028 2366 1304 2421 occurreris
1330 2367 1448 2420 nido
1475 2366 1580 2419 avis
1600 2373 1716 2419 ante
1742 2364 1921 2434 faciem
1946 2372 2081 2417 tuam

504 2459 559 2511 in
576 2451 682 2511 'via.
711 2456 1008 2513 Notandum
1034 2456 1175 2527 quod
1200 2457 1475 2511 occurreris
1499 2455 1632 2510 dixit
1657 2455 1816 2511 etiam
1838 2469 1944 2510 non
1963 2468 2081 2508 am-

503 2548 727 2602 balanti.

578 2636 680 2710 [lb.
711 2636 789 2710 8.]
820 2638 883 2693 Si
906 2649 1073 2693 autem
1105 2637 1433 2708 aadiﬁcaveris
1457 2637 1661 2690 domum
1699 2652 1899 2702 novam,
1931 2635 2084 2705 facies

505 2743 743 2782 coronant
769 2729 957 2784 salario
984 2737 1089 2795 tuo,
1121 2739 1168 2783 et
1198 2744 1299 2783 non
1324 2728 1478 2798 facies
1504 2726 1826 2781 homicidium
1855 2728 1909 2780 in
1936 2726 2084 2780 domo

508 2828 614 2885 tua,
643 2821 686 2873 si
714 2820 864 2874 cadat
886 2820 973 2889 qui
996 2820 1170 2877 cecidit
1196 2820 1258 2873 ab
1282 2835 1342 2874 eo
1366 2834 1385 2872 :
1405 2818 1458 2872 id
1497 2825 1609 2882 est,
1636 2832 1666 2871 a
1695 2817 1890 2872 solario
1931 2817 2086 2872 cadat

507 2909 596 2979 qui
619 2909 834 2974 cecidit;
863 2909 1021 2964 nimis
1045 2909 1293 2964 inusitata
1314 2909 1513 2963 locutio
1541 2915 1643 2962 est.

583 2998 843 3070 [lb.xxw,
873 2999 1063 3071 2et'5.]
1083 3000 1148 3052 Et
1178 3000 1346 3053 abiens
1376 2999 1527 3068 fuerit
1554 2998 1657 3051 viro
1685 2997 1849 3062 alteri,
1866 3006 1909 3051 et
1926 2996 2087 3050 oderit

507 3104 621 3141 eam
648 3090 724 3141 vir
744 3090 1056 3144 novissimus.
1084 3089 1385 3144 Notandum
1412 3104 1476 3143 ex
1504 3088 1708 3142 duobus
1734 3088 2087 3159 posteriorem

507 3175 856 3232 novissimum
884 3178 989 3234 dici
1025 3196 1039 3233 :
1070 3179 1192 3234 talis
1238 3179 1432 3233 locutio
1473 3187 1558 3233 est
1584 3186 1636 3233 et
1665 3178 1717 3232 in
1760 3177 2045 3247 Evangelio
2069 3217 2084 3244 ,

508 3269 722 3338 quando
746 3270 1000 3340 qumritur
1032 3286 1097 3326 ex
1138 3270 1344 3326 duobus
1368 3270 1618 3324 fratribus
1652 3269 1768 3339 quis
1795 3285 1980 3324 eorum
2009 3268 2087 3323 le-

507 3362 643 3418 cerit
669 3364 995 3419 voluntatem
1039 3364 1224 3433 patris,
1269 3373 1324 3418 et
1363 3362 1713 3431 reSpondetur
1754 3361 2084 3429 novissimus,

508 3467 633 3508 cum
661 3453 765 3508 duo
786 3454 982 3508 iuerint
1002 3454 1212 3523 (Matth.
1242 3469 1352 3520 xxI,
1375 3452 1488 3523 51).

580 3542 681 3615 [11).
708 3543 785 3616 6.]
814 3542 934 3598 Νοη
960 3544 1245 3615 pignerabis
1271 3544 1473 3610 molam,
1504 3558 1658 3613 neque
1681 3543 1989 3610 superiorem
2010 3542 2083 3595 la-

509 3634 678 3705 pidem
714 3635 880 3699 molat,
915 3637 1033 3704 quia
1061 3636 1282 3689 animam
1313 3636 1406 3689 iste
1432 3635 1659 3705 pignerat
1685 3650 1702 3687 :
1729 3649 1823 3703 pro
1853 3648 1918 3689 eo
1946 3634 2088 3704 quod

509 3734 610 3791 est,
646 3726 766 3795 quia
794 3726 1024 3781 animam
1054 3728 1330 3797 pigneras,
1360 3726 1403 3781 si
1429 3724 1641 3780 feceris.
1674 3725 1873 3779 Deinde
1899 3733 2087 3779 notan-

509 3816 636 3870 dum
664 3816 893 3870 animam
933 3816 1129 3872 dixisse
1153 3858 1167 3882 ,
1197 3832 1293 3886 pro
1317 3830 1378 3869 ea
1407 3815 1509 3869 vita
1537 3830 1692 3885 quam
1725 3814 1883 3869 habet
1911 3815 2089 3871 anima

506 3906 563 3959 in
593 3919 817 3975 corpore
847 3922 869 3958 εν
889 3920 955 3960 ex
992 3922 1094 3975 qua
1131 3907 1396 3961 locutione
1434 3914 1489 3961 et
1529 3905 1656 3960 illud
1689 3915 1770 3960 est
1809 3906 1861 3959 in
1908 3906 2087 3961 Evan-

506 3996 683 4066 gelio,
734 3996 919 4051 Nonne
967 3999 1134 4052 anima
1187 3998 1300 4069 plus
1365 4006 1435 4053 est
1488 4013 1638 4069 quam
1682 4013 1795 4051 esca
1859 3996 2085 4069 (Matth.

508 4103 585 4157 vr,
614 4088 705 4159 25)
732 4090 755 4143 ?

578 4179 682 4253 [lb.
712 4180 787 4253 7.]
803 4181 864 4236 Si
890 4190 1054 4236 autem
1074 4183 1471 4253 deprehendatur
1498 4182 1647 4235 homo
1666 4184 1843 4251 furans
1867 4180 2089 4233 animant

505 4286 571 4325 ea:
613 4273 853 4343 fratribus
893 4273 996 4327 suis
1040 4274 1160 4342 filiis
1202 4271 1368 4327 Israel
1398 4287 1416 4326 :
1444 4271 1674 4327 animam
1725 4286 1821 4340 pro
1870 4269 2088 4324 homine

503 4361 703 4430 posuit.
737 4362 973 4432 Denique
999 4363 1252 4432 sequitur,
1272 4372 1317 4416 et
1336 4362 1621 4433 apprimens
1650 4377 1762 4415 eum
1790 4360 2088 4424 vendiderit;

505 4467 625 4521 quae
655 4467 761 4507 non
792 4454 966 4508 minus
993 4454 1220 4509 notanda
1247 4464 1328 4508 est
1356 4452 1552 4509 locutio
1584 4470 1597 4507 :
1630 4452 1800 4507 noluit
1827 4452 1966 4506 enim
1997 4451 2085 4507 di-

506 4557 651 4611 cere,
677 4558 817 4612 eam,
845 4545 984 4613 quod
1024 4554 1165 4600 esset
1210 4544 1377 4615 magis
1425 4557 1758 4613 consequens
1782 4582 1797 4607 ,
1838 4542 2083 4611 quoniam

506 4633 737 4688 animam
764 4634 1005 4699 dixerat;
1037 4636 1131 4690 sed
1161 4653 1273 4689 eum
1293 4677 1307 4701 ,
1339 4636 1391 4690 id
1420 4644 1505 4692 est
1532 4636 1821 4702 hominem,
1852 4635 1905 4689 in
1933 4633 2085 4704 cujus

503 4724 888 4793 signiﬁcatione
914 4727 1117 4781 dixerat
1147 4728 1396 4781 animam.

579 4814 679 4887 [lb.
704 4815 815 4887 l0.]
847 4816 907 4871 Si
932 4816 1148 4871 debitum
1178 4819 1327 4888 fuerit
1354 4818 1408 4871 in
1451 4817 1679 4887 proximo
1718 4825 1835 4883 tuo,
1868 4816 2086 4870 debitum

504 4908 849 4978 quodcumque
887 4924 906 4962 :
943 4909 1188 4978 repetitio
1232 4909 1377 4964 verbi
1428 4908 1749 4963 locutionem
1800 4907 2085 4962 notandam

504 4999 652 5053 facit.

577 5090 676 5163 [lb.
695 5108 817 5159 xxv,
848 5091 925 5165 7.]
940 5092 1001 5148 Si
1025 5102 1189 5147 autem
1216 5092 1431 5148 noluerit
1456 5092 1604 5146 homo
1628 5092 1851 5161 accipere
1875 5106 2085 5145 uxorem

508 5185 681 5252 fratris
720 5183 820 5248 sui,
869 5193 913 5235 et
951 5183 1181 5237 ascendet
1210 5184 1388 5237 mulier
1417 5183 1469 5236 in
1496 5190 1639 5252 porta
1677 5181 1745 5233 ad
1785 5189 2008 5234 senatum
2039 5189 2086 5235 et

505 5274 655 5339 dicet,
693 5273 811 5328 Non
836 5275 938 5328 vult
976 5280 1134 5345 frater
1166 5275 1261 5327 viri
1300 5274 1396 5327 mei
1433 5274 1674 5327 suscitare
1710 5287 1890 5325 nomen
1915 5271 2087 5340 fratris

497 5363 583 5418 sui
608 5364 660 5415 in
689 5363 869 5431 Israel,
903 5366 1061 5418 noluit
1088 5369 1246 5435 frater
1269 5365 1361 5417 viri
1380 5364 1496 5416 mei.
1518 5361 1770 5428 Quamvis
1798 5360 2082 5417 verborum

503 5453 849 5523 repetitiones
891 5465 1033 5511 amet
1071 5455 1363 5524 Scriptura,
1419 5453 1719 5508 inusitatior
1773 5462 1855 5508 est
1905 5460 2080 5507 tamen

500 5544 748 5613 repetitio
798 5545 914 5602 haec
940 5563 956 5601 :
986 5546 1080 5602 sed
1110 5545 1400 5617 elegantius
1446 5543 1677 5614 querelae
1721 5548 1952 5599 ostentat
1998 5541 2081 5597 ai-

501 5632 719 5691 lectum.

492 5754 508 5795 ο,
574 5721 674 5799 [11).
707 5742 868 5803 xxvu,
894 5729 957 5787 21
970 5729 1011 5803 .]
1037 5730 1341 5788 Maledictus
1374 5729 1535 5787 omnis
1574 5727 1659 5800 qui
1684 5725 1940 5783 dormierit
1967 5741 2079 5783 cum

1323 345 1748 405 LOCUTIONES
1776 344 1834 402 S.
1874 339 2241 402 AUGUSTINI
2279 339 2350 396 IN
2385 339 2944 398 HEPTATEUCHUM

3654 341 3756 401 536

2172 453 2308 507 omni
2352 468 2529 522 pecore
2557 468 2576 506 :
2600 468 2697 522 pro
2726 467 2793 507 eo
2819 450 2962 522 quod
2996 458 3112 520 est,
3152 450 3516 509 concubuerit.
3556 452 3754 511 Deinde

2172 560 2285 598 cum
2313 545 2449 598 omni
2475 560 2677 615 pecore,
2708 558 2807 614 pro
2842 556 2908 599 co
2944 530 3084 614 quod
3113 552 3223 612 est,
3253 558 3373 599 cum
3399 544 3634 616 quolibet
3660 560 3753 616 pe-

2172 646 2296 688 core
2304 672 2317 683 .
2850 650 2859 658 '

2248 721 2346 795 [lb.
2371 738 2555 789 xxvm,
2578 721 2692 795 48.]
2722 722 2786 776 Et
2804 723 2983 778 servies
3007 724 3221 778 inimicis
3240 723 3355 790 tuis,
3392 742 3514 795 quos
3527 725 3759 780 immittet

2172 810 2424 867 Dominus
2453 812 2589 868 Deus
2613 822 2728 868 tuus
2755 829 2907 882 super
2937 823 3003 868 te.
3033 813 3251 869 Gmcus
3277 814 3438 869 habet
3468 824 3750 886 λατρεύσεις,

2174 901 2266 957 ubi
2294 902 2489 958 latinus
2514 902 2895 973 interpretatus
2910 912 3009 969 est,
3036 904 3216 958 servies
3243 920 3263 958 :
3287 905 3423 959 solet
3444 914 3619 959 autem
3652 906 3755 961 hoc

2174 991 2396 1046 verbum
2425 993 2477 1046 in
2498 1007 2561 1047 ea
2581 993 2835 1047 servitute
2859 991 3130 1062 Scriptura
3157 1008 3375 1062 ponere,
3397 1008 3515 1063 qua:
3536 993 3760 1048 debetur

2177 1082 2320 1148 Deo;
2359 1083 2501 1138 unde
2548 1084 2840 1139 idololatrze
2878 1084 3249 1153 appellantur,
3277 1084 3366 1154 qui
3395 1098 3457 1139 ea
3498 1084 3758 1140 servitute

2178 1170 2335 1228 idolis
2376 1172 2617 1229 serviunt
2647 1190 2659 1226 :
2691 1188 2819 1243 ergo
2854 1172 2941 1229 hic
2986 1174 3234 1228 inusitate
3277 1174 3508 1243 positum
3538 1184 3621 1229 est
3657 1173 3762 1230 hoc

2178 1262 2419 1319 verbum.
2444 1263 2755 1334 Quanquam
2778 1265 2946 1334 possit
2967 1265 3127 1319 etiam
3146 1265 3286 1320 hunc
3307 1280 3522 1320 sensum
3540 1266 3761 1332 habere,

2179 1350 2319 1420 quod
2348 1359 2453 1406 tam
2481 1353 2711 1423 graviter
2743 1354 2906 1408 multa
2934 1353 3154 1421 dixerit,
3186 1362 3244 1409 ut
3279 1354 3507 1410 inimicis
3537 1357 3647 1411 suis
3676 1358 3763 1411 ni-

2178 1441 2344 1495 mium
2374 1444 2804 1511 superbientibus
2822 1452 3069 1515 tanquam
3093 1445 3196 1500 diis
3224 1448 3454 1501 servisse
3480 1430 3759 1517 cogantur.

2253 1530 2355 1603 [lb.
2381 1532 2496 1605 49.]
2520 1533 2726 1589 Gentem
2749 1536 2893 1605 cujus
2916 1552 3015 1589 non
3036 1537 3211 1591 audies
3230 1554 3396 1593 vacem
3419 1539 3527 1608 ejus
3551 1547 3642 1593 :et
3663 1538 3767 1594 hoc

2180 1621 2470 1676 notandum
2497 1634 2599 1691 est,
2626 1624 2768 1694 quod
2793 1634 2847 1680 et
2872 1626 3016 1691 cuius
3041 1625 3193 1695 dixit,
3221 1635 3275 1681 et
3298 1629 3425 1697 ejus,
3458 1629 3593 1682 sicut
3620 1629 3766 1698 loqui

2181 1710 2469 1782 Scriptura:
2490 1714 2692 1779 solent;
2725 1724 2778 1769 et
2803 1714 2857 1769 in
2883 1716 3023 1785 quod
3046 1717 3152 1793 ait,
3188 1718 3333 1787 cujus
3357 1734 3461 1771 non
3486 1720 3660 1773 audies
3678 1734 3769 1773 vo-

2182 1823 2308 1874 cem,
2334 1823 2430 1878 pro
2450 1823 2514 1862 eo
2538 1808 2681 1878 quod
2711 1816 2816 1875 est,
2838 1809 2989 1879 cujus
3014 1810 3245 1880 linguam
3268 1826 3372 1865 non
3402 1812 3691 1882 intelliges.

2254 1897 2354 1970 [lb.
2382 1900 2450 1955 54
2465 1908 2509 1953 et
2535 1898 2649 1971 55.]
2678 1899 2851 1954 Mollis
2887 1901 2940 1954 in
2960 1908 3008 1954 te
3034 1909 3081 1955 et
3119 1911 3288 1955 tenera
3325 1901 3471 1957 valde
3498 1904 3765 1972 fascinabit

2182 1990 2328 2043 oculo
2353 2006 2443 2043 suo
2469 1990 2677 2059 fratrem
2697 2007 2864 2058 suum,
2891 2000 2938 2044 et
2960 2007 3168 2045 uxorem
3191 2007 3303 2061 qua:
3322 2002 3394 2047 est
3413 1993 3471 2046 in
3493 1994 3607 2047 sinu
3632 1994 3766 2064 ejus,

2183 2087 2231 2132 et
2252 2080 2337 2150 qui
2360 2080 2537 2149 reliqui
2564 2089 2679 2134 sunt
2705 2081 2803 2149 ﬁlii
2837 2082 3132 2150 quicumque
3155 2082 3317 2136 relicti
3340 2084 3529 2153 fuerint
3556 2084 3670 2148 illi;
3696 2085 3769 2138 ita

2183 2181 2239 2225 ut
2266 2172 2348 2225 det
2377 2171 2463 2224 uni
2490 2188 2552 2225 ea:
2574 2171 2644 2224 eis
2668 2187 2699 2223 α
2728 2171 2960 2225 carnibus
2994 2172 3218 2241 filiorum
3246 2188 3450 2227 suorum
3480 2176 3543 2228 dc
3565 2175 3771 2241 quibus-

2185 2278 2396 2331 cumque
2417 2261 2555 2328 edet,
2578 2277 2634 2315 eo
2654 2262 2790 2333 quod
2817 2279 2917 2317 non
2941 2262 3233 2317 derelictum
3256 2264 3320 2318 sit
3343 2265 3390 2318 ei
3415 2266 3687 2335 quidquam
3715 2267 3771 2321 in

2186 2352 2422 2423 angustia
2449 2361 2495 2405 et
2522 2352 2858 2417 tribulatione,
2887 2370 2986 2421 qua
3016 2353 3321 2409 tribulabunt
3341 2364 3387 2409 te
3407 2356 3597 2410 inimici
3616 2358 3689 2411 tui
3714 2357 3771 2411 in

2187 2446 2417 2499 omnibus
2441 2446 2722 2500 civitatibus
2748 2446 2866 2500 tuis.
2894 2446 3195 2502 Notandum
3217 2456 3299 2503 est
3325 2448 3771 2517 quemadmodum

2186 2535 2275 2590 hic
2303 2535 2501 2591 dictum
2543 2537 2612 2591 sit
2652 2536 2936 2606 fascinabit,
2985 2553 3080 2608 pro
3125 2538 3403 2603 invidebit,
3435 2547 3489 2594 et
3520 2547 3773 2609 tanquam

2187 2625 2255 2681 ad
2280 2627 2382 2682 hoc
2405 2626 2657 2682 derelicto
2678 2666 2695 2693 ,
2740 2634 2797 2682 ut
2825 2642 3043 2683 necesse
3073 2628 3143 2683 sit
3179 2629 3227 2683 ei
3267 2628 3397 2684 dare
3425 2629 3493 2685 de
3516 2630 3771 2686 carnibus

2189 2716 2416 2771 ﬁliorum
2437 2758 2452 2784 ,
2495 2732 2625 2787 quas
2665 2720 2806 2787 cogit
2850 2719 3140 2773 necessitas
3166 2720 3218 2773 in
3247 2720 3423 2774 cibum
3454 2720 3593 2774 sumi
3617 2737 3649 2773 ιι
3675 2735 3774 2789 pa-

2189 2807 2450 2861 rentibus.
2499 2807 2630 2860 Nam
2672 2817 2725 2862 et
2762 2808 2814 2862 in
2845 2808 3147 2863 Proverbiis
3189 2808 3328 2878 quod
3377 2809 3527 2864 latini
3558 2810 3775 2866 codices

2190 2896 2408 2960 habent,
2443 2896 2562 2950 Non
2589 2898 2802 2951 ctenabis
2830 2915 2943 2952 cum
2969 2899 3074 2953 viro
3098 2899 3267 2953 invido
3292 2899 3471 2971 (Prov.
3501 2917 3649 2966 χχιιι,
3678 2901 3774 2971 6)ι;

2191 3002 2396 3055 ειωευε
2428 2986 2587 3042 habet
2610 3029 2623 3053 ,
2658 2991 2790 3059 ἀνδρὶ
2817 2995 3059 3061 βασκάνῳ
3083 2996 3319 3061 βάσκανος
3338 3000 3517 3047 autem
3542 2991 3777 3048 lasciuus

2190 3077 2405 3132 dicitur.
3595 3085 3600 3089 '

2264 3168 2362 3241 [lb.
2388 3169 2499 3243 63.]
2530 3170 2593 3224 Et
2622 3172 2713 3226 erit
2737 3173 2867 3227 sicut
2896 3174 3092 3229 ltetatus
3128 3184 3202 3229 est
3240 3174 3508 3230 Dominum
3521 3177 3575 3231 in
3597 3176 3773 3244 vobis,

2193 3262 2484 3333 benefacere
2530 3262 2665 3318 vobis
2726 3263 2946 3321 Grazcus
2984 3266 3166 3334 habet,
3205 3267 3493 3340 benefacere
3525 3286 3643 3336 vos,
3674 3286 3775 3327 nec

2194 3354 2401 3408 videtur
2420 3370 2538 3410 esse
2558 3355 2742 3411 saltem
2768 3372 2943 3427 graeca
2968 3358 3164 3415 locutio
3197 3377 3210 3413 :
3243 3362 3575 3418 accusativus
3597 3371 3775 3420 tamen

2191 3462 2291 3517 pro
2318 3448 2496 3503 dativo
2520 3450 2723 3519 positus
2750 3451 3088 3521 intelligitur;
3116 3452 3256 3509 unde
3281 3454 3582 3511 maluerunt
3613 3455 3767 3512 latini

2193 3536 2512 3609 interpretes
2537 3540 2715 3596 dicere
2745 3541 2900 3607 vobis,
2936 3557 3093 3611 quam
3119 3560 3237 3599 vos.

2270 3629 2369 3702 [lb.
2395 3647 2538 3696 xxxx,
2566 3631 2646 3703 2.]
2682 3632 2789 3687 Vos
2816 3634 3009 3688 vidistis
3033 3636 3201 3689 omnia
3223 3653 3339 3707 quae
3379 3638 3496 3709 fecit
3533 3637 3779 3695 Dominus

2192 3719 2331 3776 Deus
2359 3731 2516 3776 vester
2543 3725 2597 3777 in
2627 3734 2761 3779 terra
2785 3720 3021 3797 Egypti,
3050 3743 3220 3781 coram
3247 3728 3400 3794 vobis,
3432 3730 3696 3786 Pharaoni
3731 3741 3778 3786 et

2193 3815 2345 3868 servis
2385 3815 2495 3883 ejus
2539 3817 2769 3871 omnibus
2810 3828 2856 3872 et
2897 3820 3035 3872 omni
3067 3829 3214 3875 terra:
3263 3822 3434 3889 illius,
3481 3825 3777 3878 tentationes

2193 3920 2420 3974 magnas,
2447 3922 2572 3976 quas
2596 3907 2823 3962 viderunt
2848 3910 2979 3963 oculi
3006 3912 3080 3965 tui
3103 3912 3426 3969 :notandum
3454 3915 3572 3970 illas
3596 3915 3779 3985 plagas

2195 3997 2355 4051 etiam
2386 3999 2681 4053 tentationes
2708 4000 2905 4055 vocari.

2267 4086 2366 4157 [lb.
2389 4103 2514 4153 xxx,
2558 4088 2636 4160 4.]
2673 4089 2733 4144 Si
2760 4092 2913 4161 fuerit
2946 4092 3190 4162 dispersio
3229 4102 3314 4147 tua
3358 4111 3391 4148 a
3432 4111 3630 4149 summa
3664 4097 3779 4151 caeli

2193 4192 2351 4246 usque
2375 4178 2444 4230 ad
2467 4194 2717 4232 summum
2761 4182 2892 4246 cteli,
2930 4182 3049 4236 inde
3091 4184 3412 4257 congregabit
3445 4196 3493 4241 te
3525 4185 3779 4242 Dominus

2192 4265 2333 4321 Deus
2365 4277 2500 4323 tuus.
2532 4268 2717 4324 Mirum
2748 4270 2792 4324 si
2820 4285 2925 4326 non
2948 4271 3050 4327 hoc
3065 4273 3209 4339 dicit,
3230 4292 3263 4327 α
3279 4291 3473 4329 summa
3492 4278 3605 4331 creti
3623 4294 3780 4347 usque

2192 4357 2261 4411 ad
2282 4375 2530 4412 summum
2555 4360 2682 4425 cteli,
2716 4360 2855 4430 quod
2886 4363 3019 4417 solet
3047 4364 3207 4419 etiam
3235 4364 3414 4420 dicere
3433 4408 3448 4433 ,
3487 4381 3526 4421 α
3562 4381 3779 4424 summo

2192 4454 2350 4504 terra:
2393 4464 2560 4519 usque
2601 4449 2668 4505 ad
2707 4466 2974 4517 summum
3004 4461 3157 4508 terra:
3190 4470 3203 4508 :
3238 4454 3461 4511 fortasse
3488 4467 3775 4527 propterea

2192 4538 2314 4608 quia
2344 4539 2633 4594 secundum
2681 4540 2731 4595 id
2773 4542 2918 4611 quod
2964 4552 3019 4598 et
3060 4543 3159 4599 iste
3198 4559 3292 4600 aer
3317 4547 3511 4602 coelum
3540 4548 3775 4615 dicitur,

2189 4629 2530 4699 conjungitur
2559 4640 2736 4687 terrae.

2264 4718 2362 4792 [lb.
2386 4720 2507 4774 l2et
2525 4720 2632 4792 15.]
2656 4721 2778 4777 Non
2802 4723 2857 4778 in
2869 4723 2993 4779 caelo
3016 4734 3108 4794 est,
3128 4726 3316 4791 dicens,
3336 4728 3461 4793 Quis
3476 4733 3711 4786 ascendet
3723 4734 3778 4787 in

2191 4810 2369 4864 caelum
2388 4852 2404 4874 ,
2447 4819 2494 4865 et
2528 4812 2737 4882 accipiet
2769 4813 2910 4869 nobis
2935 4814 3082 4882 illud,
3112 4825 3159 4872 ε·
3184 4818 3438 4873 audientes
3458 4819 3588 4875 iuua
3614 4824 3779 4891 facis

2191 4903 2345 4957 mus?
2387 4902 2564 4974 Neque
2589 4912 2728 4961 trans
2753 4921 2893 4961 mare
2914 4915 3006 4973 est,
3036 4907 3208 4963 dicens
3227 4949 3243 4977 ,
3282 4909 3408 4975 Quis
3432 4913 3778 4983 transfretabit

2190 4992 2333 5045 nobis
2364 5003 2507 5047 trans
2544 5011 2699 5059 mare,
2730 5004 2779 5049 et
2815 4996 3025 5067 accipiet
3066 4998 3207 5053 nobis
3242 5000 3391 5068 illud,
3432 5010 3481 5056 et
3517 5003 3778 5057 audientes

2190 5078 2319 5135 illud
2360 5082 2637 5150 faciemus?
2664 5084 2834 5139 dicens
2862 5102 2958 5156 pro
2983 5101 3049 5142 eo
3091 5089 3267 5158 posuit
3304 5091 3449 5161 quod
3473 5100 3575 5159 est,
3609 5101 3668 5148 ut
3693 5093 3775 5148 (ιι-

2190 5185 2281 5225 cas
2314 5189 2327 5225 :
2358 5187 2491 5225 nova
2522 5173 2741 5229 locutio.

2265 5259 2365 5332 [lb.
2393 5278 2540 5327 xxxt,
2564 5261 2641 5335 8.]
2670 5263 2737 5317 Et
2764 5262 3014 5321 Dominus
3040 5268 3129 5338 qui
3150 5269 3416 5325 comitatur
3436 5272 3524 5325 tibi
3547 5282 3729 5327 tecum.

2266 5352 2368 5424 [lb.
2395 5353 2507 5426 16.]
2530 5354 2596 5408 Et
2622 5355 2750 5410 dixit
2783 5357 3030 5415 Dominus
3052 5362 3122 5415 ad
3149 5362 3358 5434 Moysen
3378 5406 3393 5433 ,
3425 5364 3555 5420 Ecce
3580 5376 3631 5419 tu
3652 5368 3777 5420 dor-

2190 5446 2312 5499 mies
2346 5461 2458 5499 cum
2488 5447 2714 5516 patribus
2742 5449 2842 5503 tuis
2866 5464 2885 5504 :
2912 5448 3016 5507 hoc
3038 5452 3201 5508 verbo
3224 5454 3338 5525 ejus
3363 5465 3588 5513 mortem
3606 5458 3776 5528 signi-

2191 5535 2392 5591 licavit.

2268 5626 2368 5699 [lb.
2394 5627 2509 5701 27.]
2543 5627 2886 5685 Amaricantes
2914 5633 3063 5687 eratis
3089 5649 3207 5706 qua:
3223 5636 3292 5691 ad
3326 5636 3490 5693 Deum
3522 5653 3542 5694 :
3565 5637 3619 5694 id
3654 5651 3772 5707 est.

2190 5719 2560 5778 amaricabatis
2580 5736 2640 5777 ea
2667 5737 2784 5794 quae
2814 5721 2911 5779 Dei
2933 5733 3077 5781 sunt.
