4094 6470
330 333 436 395 537

403 448 505 522 [lb.
523 444 642 520 29.]
659 443 778 501 Scio
799 442 931 498 enim
947 439 1064 512 quia
1088 447 1201 513 post
1229 438 1417 495 obitum
1441 454 1627 507 meum,
1654 438 1916 509 iniquitate

327 541 641 611 iniquitatem
672 535 865 608 facietis
896 550 914 588 :
938 548 1047 588 uno
1076 532 1239 587 verbo
1274 539 1451 585 autem
1480 544 1654 601 graece
1683 530 1911 597 dicitur,

324 631 642 703 iniquitatem
667 626 884 697 facietis,
916 623 1056 695 quod
1083 622 1165 677 est
1188 624 1463 689 ἀνομήσιτε.

402 721 501 795 [11).
668 719 731 775 Et
747 724 1007 772 occurrent
1033 712 1169 769 vobis
1193 713 1327 767 mala
1350 710 1669 767 nouissimum
1690 710 1913 765 dierum:

323 815 410 871 sic
432 815 574 871 enim
602 812 764 867 habet
789 818 1011 881 gr‘mcus,
1050 821 1148 878 pro
1176 806 1230 861 in
1256 804 1560 860 novissimis
1588 803 1796 870 diebus,
1824 812 1916 857 aut

324 908 383 963 in
413 905 703 962 novissimo
728 903 956 958 dierum.

402 997 502 1071 [11).
532 1011 704 1061 xxxu,
737 995 816 1067 6.]
846 992 1031 1047 Nonne
1056 992 1139 1045 hic
1158 991 1267 1059 ipse
1296 998 1438 1060 pater
1457 998 1572 1043 tuus
1600 990 1821 1060 possedit
1843 999 1912 1055 te,

322 1099 375 1143 et
400 1090 518 1158 fecit
548 1099 614 1152 te,
643 1096 690 1142 et
722 1085 903 1139 creavit
924 1084 1010 1138 te?
1028 1082 1160 1139 ordo
1181 1081 1442 1136 notandus
1467 1090 1577 1146 est;
1601 1081 1747 1150 prius
1771 1081 1914 1136 enim

320 1180 539 1235 videtur
566 1179 744 1234 dicere
768 1176 1035 1241 debuisse,
1053 1174 1235 1228 creavit
1257 1182 1305 1227 te
1323 1182 1368 1226 et
1385 1173 1498 1242 fecit
1523 1181 1589 1238 te,
1618 1180 1673 1227 et
1696 1171 1908 1235 deinde,

323 1270 551 1340 possedit
576 1278 641 1323 te.
672 1266 950 1335 Quomodo
970 1265 1111 1321 enim
1134 1262 1446 1334 intelligitur
1464 1276 1623 1334 posse
1649 1261 1911 1331 possideri

321 1362 418 1432 qui
450 1376 560 1416 non
590 1368 671 1415 est
690 1359 714 1413 2

399 1450 503 1524 [11).
539 1449 653 1522 14.]
680 1447 807 1505 Cum
828 1447 976 1517 adipe
1006 1462 1183 1500 renum
1225 1443 1394 1498 tritici.
1431 1442 1557 1497 limo
1600 1440 1913 1511 metaphora

321 1543 490 1597 nimis
513 1542 763 1596 inusitata
793 1549 894 1603 est,
921 1547 981 1593 ut
1008 1550 1163 1593 renes
1193 1536 1349 1591 tritici
1380 1534 1742 1605 intelligantur
1770 1534 1916 1589 velut

323 1634 580 1689 interiora
624 1633 820 1698 tritici,
861 1629 1003 1685 unde
1042 1629 1209 1683 farina
1251 1627 1461 1697 ejicitur
1490 1643 1504 1680 :
1536 1627 1637 1679 hoc
1682 1624 1823 1679 enim
1862 1632 1915 1679 et

323 1727 540 1797 adipem
567 1724 729 1790 dixit;
760 1738 879 1778 nam
918 1722 1020 1776 hoc
1057 1720 1273 1775 nomine
1303 1718 1463 1773 etiam
1491 1716 1711 1771 farinam
1742 1714 1916 1770 solent

324 1815 501 1871 Graeci
528 1815 708 1869 dicere
737 1833 751 1868 :
786 1814 886 1867 hoc
913 1812 1056 1868 enim
1088 1810 1245 1865 habet
1273 1823 1478 1881 graecus
1507 1808 1558 1861 in
1589 1806 1793 1871 Exodo,
1823 1805 1913 1860 ubi

322 1907 588 1976 scriptum
627 1913 710 1960 est
732 1946 747 1969 ,
786 1902 1053 1957 Elevantes
1089 1901 1308 1972 farinam
1338 1915 1489 1970 super
1529 1898 1762 1950 humeros
1797 1912 1915 1951 suos

328 1996 526 2067 (Exod.
553 2012 665 2062 xu,
695 1994 822 2067 54);
849 2008 1053 2065 grtecus
1089 1992 1283 2064 quippe
1312 1992 1575 2059 interpres
1614 1998 1790 2043 στιοιτα
1816 2002 1913 2057 po-

323 2089 452 2155 suit,
484 2086 625 2158 quod
653 2094 777 2140 sunt
803 2085 1007 2154 adipes.

1710 325 1913 383 LIBER
1951 326 2239 388 SEXTUS.

2092 444 2190 518 [11).
2222 443 2339 519 20.]
2370 444 2491 502 Filii
2512 447 2566 503 in
2589 447 2766 519 quibus
2802 466 2901 505 non
2923 460 2996 506 est
3030 451 3157 521 ﬁdes
3179 451 3231 505 in
3258 452 3328 507 eis
3359 468 3378 508 :
3406 455 3597 511 usitata

2019 535 2308 607 Scripturis
2336 538 2555 593 locutio.

2091 626 2189 699 [11).
2214 625 2326 700 56.]
2355 627 2605 693 Quoniam
2616 631 2868 701 judicabit
2893 631 3144 689 Dominus
3164 635 3404 705 populum
3423 652 3595 702 suum,

2018 729 2067 772 et
2091 721 2142 772 in
2162 721 2312 774 servis
2338 721 2443 775 suis
2468 722 2808 778 consolabitur
2836 739 2855 779 :
2882 739 2999 795 pro,
3027 740 3216 781 servos
3242 741 3366 781 suos
3400 742 3598 783 conso-

2019 811 2248 877 labitur;
2306 813 2406 867 nisi
2457 813 2592 869 forte
2638 816 2808 884 ipsum
2854 818 3117 872 consolari
3164 818 3294 873 dicit
3338 820 3596 876 translato

2017 902 2181 957 verbo
2205 943 2219 966 ,
2251 902 2393 957 velut
2416 903 2483 957 ab
2509 904 2868 974 indignatione
2897 915 2949 961 el
2977 905 3271 963 offensione
3296 950 3311 975 ,
3344 924 3444 978 qua
3471 924 3592 963 eum

2017 994 2293 1050 otl‘endunt
2325 994 2470 1049 mali.
2507 994 2596 1050 Sic
2620 1004 2795 1050 autem
2825 996 2941 1066 ejus
2969 1000 3262 1053 consolatio
3288 999 3593 1068 accipienda

2016 1092 2118 1151 est,
2150 1098 2255 1139 non
2283 1099 2346 1139 ex
2373 1098 2518 1139 more
2548 1084 2840 1153 hominum,
2870 1086 3006 1142 sicut
3026 1102 3125 1143 nec
3154 1088 3231 1142 ira
3261 1098 3313 1143 et
3341 1088 3504 1154 zelus,
3541 1099 3597 1144 et

2017 1183 2206 1229 ctetera
2235 1174 2376 1228 talia.

2089 1262 2187 1326 [11).
2219 1262 2332 1337 57.]
2368 1263 2466 1319 Ubi
2502 1272 2618 1319 sunt
2652 1264 2726 1319 dii
2765 1282 2955 1327 eorum.
2987 1268 3040 1321 in
3075 1268 3252 1339 quibus
3287 1269 3508 1340 lidebant
3542 1270 3594 1323 in

2017 1355 2141 1425 ipsis
2172 1370 2192 1409 :
2213 1356 2423 1425 plenum
2456 1364 2598 1411 esset
2626 1364 2682 1413 et
2712 1357 2847 1423 sine,
2879 1359 2931 1411 in
2957 1359 3099 1429 ipsis.

2089 1445 2189 1519 [11).
2219 1445 2334 1518 40.]
2356 1445 2423 1499 Et
2437 1446 2625 1515 jurabo
2646 1447 2898 1501 dexteram
2922 1465 3083 1502 meam
3103 1448 3188 1503 :id
3217 1458 3318 1517 est,
3347 1464 3441 1518 per
3467 1448 3599 1505 dex-

2019 1548 2186 1595 teram
2216 1554 2410 1592 meam.

2089 1628 2188 1702 [1b.
2218 1630 2288 1684 42
2314 1627 2439 1701 (α).]
2470 1628 2736 1683 ιωιαηιίηἱ
2760 1631 2868 1684 caeli
2896 1630 3047 1685 simul
3072 1648 3183 1685 cum
3209 1647 3283 1695 eo,
3311 1640 3357 1684 et
3380 1631 3589 1685 adorent

2015 1738 2127 1777 eum
2152 1739 2320 1776 omnes
2347 1722 2527 1792 Angeli
2551 1720 2646 1775 Dei
2673 1737 2693 1776 :
2720 1722 2807 1776 alii
2829 1722 3041 1777 codices
3063 1723 3278 1789 habent,
3310 1732 3356 1778 et
3382 1723 3596 1776 adorent

2016 1831 2127 1868 eum
2155 1830 2323 1867 omnes
2352 1813 2446 1882 ﬁlii
2472 1812 2588 1867 Dei.
2622 1813 2779 1867 Filios
2806 1824 2980 1869 autem
3012 1815 3105 1869 Dei
3130 1815 3300 1869 dictos
3319 1856 3334 1881 ,
3362 1815 3450 1885 qui
3479 1815 3596 1868 Au-

2016 1904 2120 1973 geli
2162 1911 2287 1958 sunt
2316 1904 2367 1958 in
2406 1904 2590 1972 cretis,
2632 1918 2737 1959 non
2781 1903 2934 1959 facile
2980 1905 3035 1959 in
3074 1904 3362 1975 Scripturis
3399 1905 3597 1960 sanctis

2017 1994 2309 2048 invenitur.

2080 2082 2153 2146 (α)
2176 2081 2307 2146 Apud
2324 2088 2454 2133 LXX.

322 2187 3586 2221 ——_————————_-—_—_——_

1366 2266 1851 2379 LIBER
1926 2261 2578 2373 SEXTUS.

1617 2454 1901 2505 Locutioues
1921 2451 1986 2502 de
2007 2459 2125 2500 Jesu
2146 2458 2291 2501 Nave.

1720 2575 2194 2632 εθᾶῗίεεξέοβιῦἓίἓφ

399 2720 532 2793 [105.
563 2736 677 2790 cap.
700 2735 741 2785 ι,
776 2720 809 2789 ᾗ
834 2716 945 2790 14.]
976 2716 1075 2771 Vos
1109 2724 1275 2769 autem
1296 2710 1567 2767 transibitis
1588 2704 1919 2777 expeditiores

326 2814 571 2883 fratribus
596 2813 791 2876 vestris,
829 2813 990 2865 omnis
1020 2810 1166 2882 fortis
1196 2824 1213 2862 :
1243 2806 1295 2862 id
1320 2813 1441 2873 est,
1471 2801 1644 2860 omnis
1672 2799 1916 2870 quicum-

326 2921 430 2975 que
458 2906 511 2960 in
542 2905 694 2959 vobis
724 2904 876 2959 fortis
900 2910 1001 2957 est.

399 2994 498 3066 [11).
528 3011 606 3061 ιιι,
628 2993 707 3066 4.]
738 2994 804 3049 Ut
830 2994 998 3048 sciatis
1025 2992 1177 3057 viam,
1207 3005 1359 3062 quam
1378 2986 1510 3041 ibitis
1529 2997 1678 3039 eam:
1702 2982 1914 3045 plenum

323 3095 489 3149 esset,
521 3086 681 3139 etiam
707 3085 753 3139 si
780 3100 884 3137 non
909 3083 1149 3147 haberet,
1176 3096 1304 3134 eam.

400 3174 506 3247 [11).
534 3190 571 3229 v
590 3215 604 3239 ,
630 3173 743 3245 15.]
771 3174 837 3227 Et
874 3177 1063 3245 factum
1091 3180 1196 3238 est,
1230 3186 1345 3225 cum
1372 3177 1494 3224 esset
1521 3167 1672 3222 Iesus
1697 3166 1751 3221 in
1776 3163 1914 3219 Ieri-

326 3268 419 3321 cho
449 3283 469 3320 :
494 3266 726 3321 notanda
773 3266 971 3320 locutio
1018 3272 1133 3328 est;
1178 3261 1411 3317 nondum
1447 3260 1643 3330 quippe
1671 3265 1825 3313 erant
1859 3257 1912 3311 in

325 3357 513 3412 eadem
551 3356 795 3421 civitate,
823 3355 975 3425 cujus
1007 3363 1171 3423 porta:
1205 3362 1387 3408 contra
1428 3352 1548 3405 illos
1574 3351 1767 3405 clausa:
1794 3348 1913 3403 fue-

324 3455 479 3512 rant,
507 3447 647 3502 unde
673 3446 867 3501 factum
895 3454 978 3499 est
1003 3454 1061 3499 ut
1086 3444 1139 3498 iu
1164 3459 1283 3499 eam
1311 3445 1508 3497 intrare
1536 3455 1639 3494 non
1671 3445 1911 3509 possent,

327 3537 429 3591 nisi
458 3539 595 3591 muri
629 3538 743 3605 ejus
776 3536 1091 3591 cecidissent
1130 3535 1452 3589 circumacta
1493 3546 1615 3586 arca
1655 3529 1861 3584 Domini
1895 3546 1910 3583 :

324 3643 455 3697 ergo
481 3630 537 3681 in
561 3629 765 3683 Iericho
791 3628 989 3683 dictum
1016 3636 1119 3693 est,
1149 3627 1201 3680 in
1227 3634 1367 3680 terra
1393 3640 1511 3696 quae
1537 3623 1827 3693 pertineret
1846 3620 1912 3675 ad

324 3717 560 3773 Iericho.

397 3808 501 3881 [11).
537 3825 614 3873 vr,
639 3808 721 3883 l.]
743 3811 817 3865 De
836 3809 1051 3866 Iericho
1070 3809 1266 3864 dictum
1293 3815 1374 3862 est
1397 3821 1517 3861 eum
1542 3805 1717 3859 clausa
1747 3810 1909 3869 esset,

324 3897 380 3952 Ν
384 3916 438 3953 ec
464 3902 727 3971 quisquam
754 3917 817 3955 ea:
838 3902 929 3955 illa
959 3900 1209 3969 prodibat,
1236 3913 1391 3968 neque
1417 3892 1651 3949 iutroibat
1682 3908 1700 3947 :
1730 3894 1913 3962 utique

324 3988 377 4042 in
401 3989 549 4043 illam
571 3989 902 4057 subauditur,
933 4005 1036 4043 non
1059 4004 1122 4043 ex
1151 3986 1272 4051 illa;
1306 3987 1405 4040 hoc
1424 3984 1719 4054 appellatur
1737 3996 1912 4053 grzeee

322 4086 503 4146 ζώθμα
528 4072 625 4134 nar.
666 4087 888 4148 ιλλειψιν.

396 4170 476 4243 [1η
500 4170 617 4245 2L]
650 4171 904 4227 Dominus
931 4170 1060 4227 dicit
1100 4169 1167 4225 ad
1203 4168 1385 4225 Jesum
1417 4185 1429 4222 :
1468 4168 1596 4222 Ecce
1633 4183 1724 4238 ego
1764 4165 1911 4220 trado

322 4263 410 4317 tibi
436 4265 758 4335 subjugatam
783 4264 989 4318 Iericho
1010 4305 1025 4329 ,
1076 4274 1122 4317 et
1163 4279 1331 4334 regem
1362 4262 1470 4332 ejus
1507 4260 1592 4330 qui
1630 4270 1700 4314 est
1738 4260 1788 4313 in
1815 4275 1907 4324 ea,

321 4363 550 4421 petentes
587 4355 901 4425 fortitudine.
942 4353 1239 4408 Mirandum
1278 4351 1420 4422 quod
1465 4368 1570 4406 non
1614 4349 1702 4405 hic
1735 4349 1911 4420 posuit

319 4444 754 4512 conjunctiouem
799 4444 1151 4515 copulativam
1200 4451 1260 4498 ut
1300 4443 1521 4510 diceret,
1566 4450 1621 4497 et
1665 4450 1909 4513 potentes

316 4534 648 4601 fortitudine,
679 4552 835 4607 quam
866 4537 1001 4592 solet
1028 4536 1298 4605 Scriptura
1324 4544 1430 4589 tam
1454 4534 1666 4589 assidue
1686 4548 1906 4604 ponere,

318 4634 375 4679 ut
404 4626 567 4680 etiam
600 4627 671 4682 ibi
702 4626 1000 4682 inveniatur
1034 4626 1124 4681 ubi
1164 4640 1381 4681 sensum
1412 4624 1584 4679 solita:
1624 4624 1909 4680 locutionis

316 4717 578 4787 impediat
606 4734 619 4771 :
650 4732 718 4771 an
748 4725 804 4772 et
828 4716 1041 4772 Iericho
1069 4724 1124 4770 et
1159 4731 1255 4770 rex
1278 4715 1394 4786 ejus
1422 4714 1548 4769 dicti
1576 4722 1701 4769 sunt
1728 4723 1906 4784 poten-

317 4817 391 4862 tes
414 4808 713 4878 fortitudine
728 4809 754 4863 .’

390 4898 492 4971 [11).
516 4898 610 4967 25,
634 4908 688 4955 et
716 4914 790 4963 1v,
824 4896 907 4972 9.]
935 4898 1002 4952 Et
1022 4896 1165 4953 Raab
1188 4896 1495 4951 meretricem
1520 4904 1568 4950 et
1593 4896 1795 4950 domum
1816 4912 1907 4964 pa-

316 4996 512 5040 ternam
572 4989 685 5057 ejus
740 4989 1011 5056 uiviﬁcavit
1068 4985 1248 5053 Iesus,
1312 4994 1359 5040 et
1398 4995 1705 5040 commorata
1742 4995 1813 5039 est
1852 4986 1907 5039 in

316 5077 483 5132 Israel
521 5095 677 5148 usque
700 5078 753 5132 in
783 5078 1079 5133 hodiernum
1105 5077 1257 5131 diem.
1288 5076 1589 5132 Notandum
1606 5086 1689 5131 est
1711 5092 1906 5147 quem-

318 5168 608 5223 admodum
637 5169 780 5223 dicat
821 5169 1117 5239 Scriptura,
1142 5185 1297 5239 usque
1340 5170 1393 5223 in
1422 5168 1721 5224 hodiernum
1748 5170 1901 5234 diem,

317 5258 458 5326 quod
486 5258 704 5313 assidue
729 5257 897 5323 dicit;
938 5273 1058 5312 nam
1106 5265 1160 5312 et
1184 5258 1251 5312 de
1276 5258 1539 5328 lapidibus
1564 5259 1668 5313 illis
1697 5258 1902 5314 duode-

316 5346 417 5400 cim
445 5347 537 5416 qui
569 5348 725 5417 positi
757 5357 881 5402 sunt
906 5348 993 5402 ubi
1027 5346 1275 5403 Iordanis
1315 5363 1382 5403 ex
1422 5349 1525 5404 ima
1553 5357 1703 5419 parte
1730 5349 1901 5404 deﬂu~

313 5446 465 5491 xerat
486 5477 502 5502 ,
531 5445 587 5492 et
618 5452 683 5492 ex
722 5448 871 5509 parte
902 5438 1175 5508 superiore
1203 5440 1540 5505 constiterat,
1577 5453 1700 5493 arca
1723 5447 1902 5494 trans-

318 5535 478 5581 eunte
517 5527 602 5583 vel
654 5529 886 5599 populo,
927 5529 996 5583 ita
1031 5528 1230 5583 dictum
1258 5537 1374 5596 est,
1423 5529 1563 5599 quod
1603 5537 1789 5586 essent
1829 5530 1900 5585 ibi

317 5634 470 5689 usque
498 5622 553 5675 in
595 5622 893 5678 hodiernum
921 5623 1052 5677 diem
1084 5622 1269 5694 :quod
1305 5621 1512 5679 videtur
1550 5623 1624 5678 ita
1666 5638 1857 5680 sonare
1882 5666 1897 5695 ,

315 5718 565 5786 tanquam
604 5724 723 5786 post
758 5716 1046 5787 plurimum
1072 5715 1325 5789 temporis
1358 5731 1453 5790 per
1489 5716 1628 5774 hanc
1653 5717 1895 5790 Scriptu-

2022 2715 2134 2753 ram
2163 2699 2262 2753 ista
2290 2710 2590 2767 narrentur,
2614 2715 2714 2755 nec
2740 2714 2805 2756 eo
2828 2710 3066 2770 tempore
3095 2700 3131 2755 ii
3165 2700 3286 2756 libri
3314 2699 3599 2770 conscripti

2020 2790 2216 2846 fuerint
2254 2806 2361 2862 quo
2397 2801 2551 2847 erant
2577 2792 2693 2849 haec
2730 2792 3117 2849 recentissima.
3149 2793 3397 2863 Quisquis
3425 2800 3599 2847 autem

2021 2892 2169 2952 putat
2209 2883 2331 2949 hoc,
2358 2885 2482 2955 quid
2522 2884 2589 2940 de
2616 2886 2715 2941 ista
2753 2886 3034 2941 meretrice
3058 2885 3293 2940 dicturus
3317 2893 3438 2950 est,
3482 2899 3602 2954 quae

2020 2972 2202 3041 utique
2221 2981 2471 3042 quantum
2494 2983 2577 3029 est
2593 2983 2723 3030 aetas
2742 2974 2898 3029 unius
2917 2974 3145 3029 hominis
3168 2975 3318 3041 vixit,
3341 2983 3395 3030 et
3422 2983 3600 3029 tamen

2019 3062 2231 3129 dicitur,
2255 3081 2410 3134 usque
2437 3066 2490 3120 in
2512 3067 2807 3121 hodiernum
2831 3066 3003 3122 diem?
3028 3067 3103 3122 De
3132 3066 3213 3122 his
3240 3067 3416 3137 itaque
3442 3066 3602 3120 rebus

2021 3154 2122 3209 hoc
2148 3154 2371 3219 dicitur,
2399 3172 2517 3225 quae
2548 3173 2653 3211 non
2685 3157 2753 3211 ita
2784 3157 3088 3212 constitutas
3118 3165 3281 3223 sunt,
3318 3166 3377 3210 ut
3415 3163 3598 3226 postea

2019 3254 2353 3300 mutarentur
2371 3246 2439 3300 ab
2465 3246 2542 3301 eis
2562 3247 2652 3317 qui
2675 3248 3062 3302 constituerunt
3086 3268 3098 3301 :
3122 3247 3388 3318 quomodo
3404 3247 3601 3301 dicitur

2016 3335 2210 3406 aliquis
2256 3338 2307 3391 in
2345 3338 2588 3392 exsilium
2621 3348 2931 3409 perpetuum
2962 3340 3185 3406 missus,
3234 3340 3357 3409 quia
3396 3322 3599 3393 nonad

2018 3434 2228 3496 tempus
2252 3429 2571 3497 pra-ﬁnitum
2608 3429 2710 3483 hoc
2744 3430 3005 3499 supplicio
3034 3430 3312 3499 plectitur;
3344 3443 3448 3482 non
3476 3429 3598 3498 quia

2017 3524 2295 3593 quisquam
2326 3530 2499 3591 potest
2518 3538 2637 3577 esse
2665 3532 2952 3593 perpetuus
2976 3524 3026 3576 in
3048 3522 3257 3589 exsilio,
3288 3537 3409 3576 cum
3440 3524 3601 3575 homo

2018 3613 2130 3682 ipse
2151 3629 2255 3667 non
2279 3615 2445 3682 possit
2469 3629 2587 3669 esse
2616 3623 2919 3685 perpetuus.
2951 3613 3040 3668 Sic
3069 3628 3196 3683 ergo
3216 3622 3270 3668 et
3298 3614 3395 3668 ista
3427 3629 3599 3667 merc-

2019 3706 2122 3759 trix
2153 3720 2255 3759 non
2282 3716 2364 3760 est
2406 3715 2673 3775 prmcepta
2711 3705 2777 3759 ad
2817 3714 3025 3774 tempus
3053 3704 3291 3759 habitare
3318 3705 3372 3758 in
3402 3703 3595 3769 Israel;

2015 3795 2137 3850 ideo
2163 3795 2361 3850 dictum
2386 3806 2487 3862 est,
2516 3813 2671 3867 usque
2693 3798 2745 3850 in
2770 3797 3066 3851 hodiernum
3090 3796 3243 3850 diem.

2088 3885 2188 3958 [11).
2209 3902 2318 3952 vn,
2351 3886 2462 3959 1L]
2492 3888 2745 3942 Dominus
2771 3887 2898 3942 dicit
2922 3886 2989 3941 ad
3015 3887 3194 3941 Iesum
3216 3904 3229 3941 :
3256 3885 3484 3940 Peccavit
3509 3902 3604 3956 po-

2015 3979 2185 4048 pulus,
2214 3986 2259 4031 et
2276 3987 2614 4048 transgressus
2637 3989 2710 4033 est
2738 3988 3087 4034 testamentum
3117 3996 3302 4043 meum,
3326 3980 3461 4049 quod
3488 3980 3598 4032 dis-

2016 4070 2163 4139 posui
2189 4070 2257 4121 ad
2284 4086 2384 4123 eos.
2410 4070 2708 4125 Notandum
2755 4070 3200 4141 quemadmodum
3223 4079 3601 4126 testamentum

2013 4162 2246 4230 appellet
2280 4161 2381 4215 hoc
2407 4162 2547 4232 quod
2573 4170 2918 4232 praeceperat,
2948 4164 3309 4217 utanathema
3335 4171 3477 4217 esset
3504 4161 3596 4231 Je-

2012 4250 2186 4317 rieho,
2214 4258 2270 4304 et
2295 4266 2452 4306 nemo
2482 4251 2583 4305 sibi
2613 4252 2735 4307 inde
2760 4250 2959 4322 aliquid
2982 4259 3282 4319 usurparet.

2085 4339 2303 4413 [Ib.vm,
2324 4342 2402 4395 let
2421 4340 2501 4413 2.]
2534 4343 2787 4396 Dominus
2814 4342 3037 4413 loquens
3062 4342 3128 4396 ad
3149 4341 3328 4396 Iesum
3357 4344 3431 4396 ait
3451 4342 3593 4397 inter

2012 4442 2207 4489 extera
2243 4450 2255 4487 :
2290 4433 2421 4487 Ecce
2445 4434 2560 4486 dedi
2592 4434 2645 4487 in
2670 4450 2846 4487 manus
2871 4444 2981 4486 tuas
3009 4448 3176 4503 regem
3207 4431 3304 4485 Gai
3336 4441 3383 4485 et
3411 4442 3597 4486 terram

2010 4525 2191 4595 ipsius,
2220 4535 2267 4578 et
2294 4525 2449 4595 [acies
2479 4523 2577 4578 Gai
2600 4525 2730 4578 sicut
2756 4524 2918 4595 fecisti
2945 4524 3151 4578 Iericho
3176 4533 3222 4578 et
3247 4525 3353 4595 regi
3379 4525 3487 4595 ejus
3505 4566 3519 4589 ,
3549 4534 3595 4579 et

2011 4616 2238 4686 prazdam
2282 4630 2517 4684 pecorum
2554 4614 2860 4685 prtedaberis
2899 4615 3006 4668 tibi.
3051 4614 3325 4684 Praecipue
3363 4615 3597 4670 notanda

2010 4704 2207 4760 locutio
2234 4712 2335 4771 est,
2368 4716 2472 4757 uou
2497 4703 2669 4758 solum
2698 4703 2818 4773 quia
2849 4702 3152 4771 prwdaberis
3179 4704 3268 4757 tibi
3294 4703 3447 4768 dixit,
3474 4712 3595 4757 tau-

2009 4813 2167 4868 quam
2198 4798 2355 4852 unius
2385 4796 2557 4851 futura
2583 4804 2727 4851 esset
2754 4796 2841 4849 illa
2866 4795 3063 4865 prmda,
3092 4810 3213 4851 cum
3243 4796 3477 4850 omnium
3509 4811 3598 4850 es-

2010 4896 2092 4943 set
2120 4887 2335 4951 l’utura;
2372 4901 2491 4940 nam
2539 4886 2670 4940 tales
2705 4886 2999 4940 locutiones
3038 4886 3395 4940 usitatissima:
3432 4894 3595 4951 sunt,

2008 4996 2130 5035 cum
2159 4981 2300 5036 Deus
2332 4991 2580 5049 tauquam
2612 4978 2678 5033 ad
2708 4994 2869 5033 unum
2898 4978 3150 5048 loquitur,
3182 4993 3299 5048 qua:
3328 4977 3393 5030 ad
3423 4991 3593 5046 popu-

2007 5072 2116 5126 lum
2142 5072 2377 5140 loquitur
2410 5088 2422 5124 :
2456 5071 2549 5126 sed
2577 5070 2678 5125 hoc
2719 5085 2910 5125 uorum
2941 5078 3025 5124 est
3056 5069 3171 5136 hic,
3202 5068 3322 5139 quia
3352 5066 3596 5137 przedixit

2008 5162 2281 5233 Scriptura
2300 5204 2314 5227 ,
2349 5161 2416 5215 Et
2446 5162 2573 5215 dixit
2604 5160 2851 5215 Dominus
2875 5160 2942 5213 ad
2964 5159 3143 5215 Iesum
3161 5202 3177 5226 ,
3204 5173 3360 5230 quem
3385 5164 3595 5212 constat

2006 5269 2169 5308 unum
2200 5252 2465 5306 hominem
2511 5250 2708 5316 fuisse;
2746 5250 2887 5319 quod
2919 5258 3095 5304 tamen
3132 5248 3264 5303 dixit
3289 5244 3592 5319 pratdaberis

2005 5343 2127 5409 tibi,
2173 5358 2277 5396 nou
2304 5343 2487 5411 utique
2519 5341 2590 5395 ita
2612 5340 2813 5396 dictum
2839 5349 2947 5405 est,
2995 5348 3055 5395 ut
3091 5340 3268 5410 praeda
3309 5338 3398 5393 illa
3436 5337 3591 5407 hujus

2005 5437 2161 5491 unius
2224 5434 2456 5490 hominis
2518 5448 2637 5489 esse
2700 5442 2968 5505 prmcepta
3027 5433 3135 5499 sit,
3196 5431 3291 5487 sed
3359 5431 3591 5487 universt

2004 5526 2205 5599 populi.
2300 5562 2301 5565 η

2074 5622 2173 5698 [11).
2194 5621 2305 5698 12]
2336 5621 2399 5675 Et
2424 5620 2622 5676 insidite
2648 5628 2789 5675 erant
2817 5619 3005 5672 civitati
3032 5634 3064 5671 a
3093 5616 3239 5671 mari.
3265 5615 3364 5685 Qui
3392 5614 3594 5682 nescit,

2001 5726 2152 5793 putat
2179 5716 2334 5774 istam
2373 5715 2645 5773 civitatem
2687 5710 3027 5769 maritimam.
3071 5708 3483 5769 Consuetudinis
3505 5715 3591 5766 est
