4094 6456
502 318 603 373 539

500 440 678 485 autent
703 424 1117 495 Scripturarum,
1145 430 1205 480 ut
1233 419 1614 478 occidentalem
1640 426 1867 490 partem,
1890 431 1920 471 a
1940 415 2075 471 mari

499 515 767 587 appellet,
795 514 879 570 vel
916 512 983 569 ad
1024 528 1200 581 mare;
1227 510 1347 582 quia
1395 526 1459 565 ex
1492 509 1602 581 ipsa
1632 516 1780 579 parte
1815 516 1954 563 terra
1986 505 2074 561 ubi

500 606 615 661 hmo
651 605 941 676 agebantur
961 643 978 671 ,
1009 602 1227 675 propius
1267 600 1427 658 habet
1450 615 1596 657 mare
1620 613 1780 671 quam
1807 613 1837 653 a
1866 598 2073 654 creteris

535 695 754 750 artibus.

841 780 1069 838 Extende
1099 796 1302 835 manum
1326 789 1463 833 tuam
1489 779 1542 833 in
1574 793 1730 850 ga°so,
1760 777 1893 849 quod
1922 787 1994 833 est
2019 778 2071 832 ἰιι

499 891 653 928 manu
681 883 766 928 tua
790 915 805 938 ,
831 882 1005 927 contra
1028 872 1291 926 ciuitatem.
1325 869 1430 924 Ista
1466 867 1663 923 locutio
1696 867 1923 922 notanda
1964 882 2069 921 non

499 976 675 1031 esset,
700 965 799 1021 nisi
827 972 1041 1035 preptcr
1073 977 1267 1019 nomen
1292 961 1433 1033 quod
1458 962 1739 1016 obscurum
1760 970 1843 1015 est
1871 960 1949 1015 eis
1967 1001 1982 1025 ,
2013 959 2069 1015 in

498 1072 721 1128 quorum
742 1054 1121 1111 consuetudine
1142 1068 1247 1108 non
1272 1062 1372 1107 est.
1396 1050 1531 1120 Quid
1550 1051 1693 1105 enim
1713 1050 2085 1118 dicatgzeson,

498 1165 602 1204 non
628 1149 779 1204 facile
800 1146 1105 1217 intelligitur
1133 1162 1147 1200 :
1170 1144 1272 1200 hoc
1298 1145 1561 1214 interpres
1578 1142 1929 1215 Symmachus
1948 1156 2070 1197 scu-

497 1251 607 1297 tum
648 1240 940 1310 appellasse
969 1238 1293 1309 perhibetur.
1322 1236 1663 1307 Septuaginta
1705 1242 1880 1289 autem
1906 1234 2068 1288 inter-

493 1339 692 1401 pretes,
724 1329 1010 1383 secundum
1043 1342 1177 1398 quos
1200 1327 1299 1381 ista
1327 1335 1633 1393 tractamus,
1660 1325 1748 1395 qui
1779 1332 2069 1394 posuerunt

491 1437 672 1493 gteson
694 1463 709 1487 ,
755 1422 919 1476 ntiror
950 1422 997 1477 si
1032 1430 1085 1477 et
1113 1420 1164 1475 in
1192 1435 1364 1490 graeca
1389 1418 1564 1489 lingua
1596 1418 1799 1472 hastam
1838 1417 1924 1471 vel
1953 1416 2067 1470 lan-

490 1526 639 1566 ceam
682 1511 991 1581 gallicanam
1030 1510 1246 1581 intelligi
1290 1509 1570 1564 voluerunt
1601 1525 1615 1561 :
1647 1522 1709 1563 ea
1746 1507 1941 1578 quippe
1979 1506 2065 1561 di-

490 1611 685 1656 cuntur
714 1617 873 1672 gaesa,
904 1616 1127 1671 quorum
1156 1610 1208 1655 ct
1239 1599 1487 1669 Virgilius
1508 1597 1765 1662 meminit,
1794 1598 1880 1652 ubi
1902 1597 1977 1651 ait
1996 1596 2063 1652 de

489 1690 656 1747 Gallis
685 1691 741 1745 in
767 1702 917 1745 scuto
944 1690 1131 1745 Encas
1163 1691 1313 1759 pictis
1337 1730 1351 1753 ,
1383 1689 1496 1743 Duo
1527 1690 1734 1758 quisque
1763 1687 1948 1757 Alpina
1973 1702 2062 1742 co-

489 1792 695 1837 ruscant
721 1800 853 1853 gwsa
884 1800 1035 1838 manu
1065 1781 1160 1855 (1E
1167 1781 1301 1836 neid.
1331 1781 1418 1836 lib.
1441 1782 1475 1837 8
1497 1820 1510 1846 ,
1537 1797 1625 1835 vv.
1650 1780 1773 1845 66l,
1806 1779 1952 1851 662).

563 1870 662 1944 [lb.
823 1871 889 1925 Et
919 1874 1039 1943 facti
1081 1882 1197 1926 sunt
1236 1872 1366 1926 inter
1407 1871 1625 1925 medium
1661 1880 1968 1934 castrorum,
2009 1870 2062 1923 Iti

490 1961 607 2016 hinc
634 1971 681 2015 et
711 1963 763 2015 Iti
791 1964 925 2015 hinc.
957 1963 1067 2016 Duo
1097 1962 1326 2016 notanda
1364 1971 1488 2015 sunt
1530 1964 1581 2015 in
1625 1962 1724 2015 hac
1751 1961 2015 2015 locutione
2044 1979 2059 2015 :

490 2067 676 2118 unum,
707 2052 849 2122 quod
876 2067 995 2106 cum
1027 2053 1206 2107 hostes
1240 2052 1331 2121 qui
1367 2051 1713 2105 vincebantur
1734 2089 1750 2117 ,
1797 2051 1848 2105 in
1885 2051 2062 2105 medio

490 2150 704 2207 essent,
746 2152 990 2213 tanquam
1035 2142 1102 2198 de
1138 2141 1222 2197 his
1258 2143 1453 2196 dictum
1479 2149 1580 2206 est,
1621 2140 1761 2210 quod
1803 2140 1858 2195 hi
1884 2150 2063 2195 essent

488 2230 615 2287 hinc
645 2240 699 2287 et
726 2234 776 2286 hi
807 2233 950 2297 hinc,
982 2248 1102 2288 eum
1130 2234 1305 2303 potius
1341 2233 1410 2286 ita
1440 2231 1688 2287 lsraelita:
1712 2232 1942 2299 fuerint,
1970 2233 2061 2303 qui

490 2337 586 2378 eos
645 2323 697 2377 in
754 2323 928 2377 medio
986 2328 1276 2391 posuerant
1336 2321 1744 2391 percutiendos;
1800 2322 2058 2387 alterum,

487 2413 629 2483 quod
660 2414 795 2468 inter
837 2413 1069 2468 medium
1105 2421 1400 2468 castrorum
1440 2427 1533 2467 eos
1571 2412 1737 2467 factos
1774 2426 1894 2467 esse
1934 2412 2063 2466 dicit

485 2502 778 2570 Scriptura,
809 2511 980 2557 castra
1009 2502 1282 2571 appellans
1322 2502 1480 2555 etiam
1521 2490 1809 2571 productas
1827 2503 1969 2557 acies
2007 2503 2061 2557 in

484 2592 669 2663 pra-lio
696 2593 1038 2659 constitutas,
1065 2605 1185 2646 cum
1215 2601 1388 2646 castra
1415 2607 1519 2646 non
1547 2593 1753 2647 soleant
1778 2592 2056 2662 appellari,

483 2682 584 2737 nisi
613 2681 702 2736 ubi
738 2682 1005 2737 exercitus
1030 2680 1099 2736 ad
1127 2681 1444 2735 manendum
1470 2682 1712 2736 consistit
1740 2700 1754 2735 :
1789 2683 1887 2736 nisi
1920 2681 2061 2738 forte

482 2770 607 2826 ideo
644 2780 818 2827 castra
860 2772 1125 2843 appellata
1151 2780 1312 2837 sunt,
1347 2774 1471 2842 quia
1511 2786 1630 2827 cum
1668 2773 1915 2829 omnibus
1948 2774 2061 2829 suis

482 2862 652 2917 ibunt.

555 2952 654 3025 [lb.
680 2952 794 3027 27.]
824 2952 1061 3026 Exceptis
1094 2955 1351 3026 pecoribus
1387 2965 1435 3009 et
1461 2955 1665 3026 spoliis,
1692 2972 1804 3027 qua:
1837 2966 1978 3010 erant
2006 2958 2060 3012 in

486 3047 703 3111 civitate,
735 3046 948 3116 prwdati
972 3054 1087 3100 sunt
1116 3045 1214 3115 ﬁlii
1245 3044 1410 3100 Israel
1438 3048 1711 3100 secundum
1754 3056 2058 3118 prazceptum

482 3133 723 3202 Domini,
752 3136 1173 3206 quemadmodum
1207 3137 1465 3190 constituit
1499 3136 1748 3192 Dominus
1783 3137 1906 3191 Jesu
1936 3152 1957 3193 :
1984 3138 2055 3193 ita

482 3226 683 3282 dictum
710 3239 790 3283 est
818 3227 1055 3297 Exceptis
1080 3229 1339 3300 pecoribus
1366 3239 1410 3283 et
1436 3230 1630 3298 spoliis,
1660 3232 1871 3299 pra’dati
1900 3239 2015 3284 sunt
2036 3268 2055 3297 ,

482 3320 632 3389 quasi
660 3320 771 3390 ipsa
798 3336 903 3375 non
930 3321 1121 3377 fuerint
1145 3320 1395 3393 pradati,
1426 3335 1546 3375 cum
1575 3321 1747 3390 potius
1775 3321 1886 3389 ipsa
1916 3336 2055 3390 prae-

482 3410 595 3466 dati
617 3411 744 3479 sint,
769 3407 825 3468 e't
848 3426 1066 3481 excepta
1090 3412 1209 3468 ideo
1229 3411 1367 3467 dicta
1388 3412 1515 3478 sint,
1536 3412 1655 3481 quia
1681 3410 1794 3465 haec
1813 3410 1904 3465 illo
1930 3426 2059 3482 pra:-

481 3501 559 3558 lio
581 3504 694 3560 sola
718 3514 1034 3574 consumpta
1065 3520 1169 3559 non
1197 3513 1342 3559 sunt.

552 3594 653 3668 [lb.
684 3611 759 3663 Ix,
790 3594 867 3669 7.]
900 3596 1146 3651 lsraelitaa
1168 3597 1550 3667 respondentes
1575 3595 1883 3652 Gabaonitis
1910 3596 2061 3652 dixe-

482 3693 608 3741 runt
631 3702 647 3739 :
682 3683 809 3739 Vide
828 3702 889 3739 ne
906 3685 961 3739 in
981 3701 1058 3740 me
1080 3686 1290 3741 habites.
1321 3686 1389 3741 Et
1410 3687 1657 3756 quomodo
1677 3686 1942 3757 disponant
1970 3685 2058 3739 tibi

482 3776 1001 3831 lesiomentum?Jam
1026 3787 1081 3831 et
1105 3778 1349 3846 superius
1377 3778 1507 3832 tales
1535 3777 1826 3831 locutiones
1854 3778 2062 3831 notavi-

482 3879 601 3921 mus
634 3882 647 3918 :
680 3864 781 3920 hoc
803 3874 884 3920 est
906 3867 1048 3921 enim
1086 3865 1211 3920 Vide
1238 3883 1300 3922 ne
1334 3867 1386 3921 in
1423 3883 1500 3920 me
1525 3866 1712 3921 habites
1732 3908 1747 3933 ,
1774 3866 1914 3936 quod
1939 3874 2055 3934 est,

481 3956 619 4025 apud
648 3972 734 4012 me
753 3998 769 4023 ,
811 3956 863 4011 id
896 3967 975 4011 est
1006 3958 1055 4011 in
1085 3965 1223 4012 terra
1252 3973 1411 4027 quam
1445 3957 1524 4012 eis
1550 3957 1865 4027 promiserat
1896 3958 2056 4012 Deus.

482 4047 553 4105 Et
581 4048 668 4104 hic
702 4057 953 4119 tanquam
977 4048 1044 4103 ad
1080 4065 1240 4104 unum
1268 4049 1538 4104 hominem
1580 4049 1829 4105 videntur
1860 4050 2055 4117 locuti,

484 4157 605 4195 cutn
635 4141 841 4212 legatus
866 4142 934 4196 ad
969 4156 1062 4197 eos
1094 4156 1199 4196 non
1229 4157 1367 4197 unus
1390 4142 1594 4197 venerit
1623 4159 1638 4197 :
1668 4143 1760 4197 sed
1786 4158 1935 4198 more
1960 4159 2059 4199 suo

481 4232 625 4303 genti
649 4239 702 4287 et
728 4232 923 4301 populo
946 4246 1202 4301 responsa
1222 4230 1525 4297 reddentes,
1554 4232 1804 4300 singulari
1835 4249 2058 4290 numero

482 4324 787 4393 loquuntur,
816 4323 951 4378 sicut
971 4324 1281 4393 plerumque
1306 4332 1361 4378 et
1388 4323 1453 4377 ad
1485 4325 1626 4392 ipsos
1668 4324 1805 4378 Deus
1832 4324 1916 4379 vel
1956 4324 2057 4379 du-

480 4425 599 4470 ctor
621 4414 877 4487 ipsorum.
900 4415 1195 4470 Notandum
1220 4415 1379 4470 etiam
1404 4414 1547 4485 quod
1569 4422 1781 4487 pactum
1810 4417 1954 4485 pacis
1979 4425 2061 4473 te-

484 4514 810 4564 stamentum
837 4516 991 4562 vocat
1012 4507 1284 4577 Scriptura
1306 4548 1322 4574 ,
1348 4522 1499 4563 more
1520 4506 1731 4578 quidem
1756 4522 1854 4562 suo
1876 4524 1891 4573 ;
1934 4522 2057 4563 nam

483 4610 628 4666 saepe
661 4598 731 4652 ita
760 4597 1013 4666 loquitur.

557 4684 658 4761 [lb.
686 4702 725 4741 ι
744 4726 759 4751 ,
791 4686 905 4760 17.]
935 4687 1001 4741 Et
1029 4688 1310 4742 nuntiatum
1334 4697 1407 4743 est
1436 4688 1561 4743 Jesu
1589 4689 1826 4754 dicentes,
1858 4688 2059 4745 Inventi

482 4788 599 4833 sunt
622 4779 839 4849 quinque
862 4795 1001 4850 reges
1028 4778 1303 4834 absconditi
1325 4780 1379 4834 in
1402 4779 1641 4852 spelunca
1668 4796 1688 4836 :
1715 4796 1809 4852 pro
1830 4797 1897 4837 eo
1918 4782 2057 4852 quod

481 4879 584 4933 est,
617 4869 989 4925 nuntiaverunt
1022 4871 1281 4927 dicentes.

553 4957 653 5031 [lb.
676 4958 791 5032 25.]
815 4958 897 5013 Ita
924 4961 1072 5026 faciet
1100 4960 1348 5016 Dominus
1377 4962 1602 5016 omnibus
1627 4963 1841 5019 inimicis
1863 4966 2057 5033 vestris,

481 5063 607 5118 quos
635 5064 722 5104 vos
749 5049 1056 5104 debellabitis
1081 5068 1164 5105 eos
1195 5066 1214 5106 :
1240 5052 1371 5106 nihil
1415 5053 1589 5108 minus
1612 5064 1756 5110 esset
1781 5054 1901 5111 huic
1930 5069 2054 5111 sen-

485 5139 693 5206 tentiae,
719 5141 818 5195 etsi
846 5156 950 5196 non
980 5141 1233 5207 haberet,
1262 5159 1369 5200 eos.

559 5226 660 5302 [lb.
690 5245 746 5285 ιι
766 5271 783 5297 ,
811 5230 877 5286 19
905 5230 1078 5305 et20.]
1112 5232 1175 5286 Et
1216 5249 1386 5287 onmes
1414 5235 1543 5306 cepit
1573 5234 1627 5288 in
1652 5233 1801 5300 bello,
1826 5236 1945 5305 quia
1973 5254 2062 5306 per

486 5315 764 5374 Dominum
792 5323 982 5391 factum
1017 5330 1089 5375 est
1113 5324 1388 5395 confortari
1424 5340 1513 5378 cor
1535 5340 1707 5379 eorum
1729 5366 1744 5390 ,
1781 5335 1833 5379 ut
1869 5327 2061 5381 obviam

483 5409 617 5464 irent
642 5411 712 5465 ad
738 5411 919 5467 bellum
945 5412 1013 5467 ad
1036 5411 1201 5468 Israel
1218 5454 1235 5481 ,
1267 5423 1322 5469 ut
1349 5417 1794 5471 exterminarentur
1823 5434 1843 5473 :
1876 5427 2065 5473 notan-

483 5498 615 5556 dum
640 5509 756 5570 est,
798 5503 1073 5574 confortari
1099 5521 1215 5575 cor,
1259 5521 1364 5561 non
1407 5521 1622 5579 semper
1654 5508 1708 5563 in
1746 5509 1889 5566 bono
1924 5512 2064 5566 acci-

484 5596 759 5667 piendum.

484 5719 509 5760 ι
560 5684 660 5763 [lb.
680 5704 794 5757 xiv,
826 5689 907 5763 6.]
932 5691 1011 5748 Tu
1037 5692 1134 5749 scis
1162 5691 1382 5751 verbum.
1407 5693 1541 5764 quod
1565 5693 1761 5749 locutus
1780 5704 1850 5751 est
1882 5694 2060 5752 Domi-

1296 305 1735 369 LOCUTIONUM
1772 306 1832 364 S.
1864 300 2231 365 AUGUSTINI
2269 300 2336 359 IN
2368 302 2928 362 'llEPTATEUCHUM

2183 430 2279 471 nus
2302 415 2370 470 ad
2395 414 2604 487 Moysen
2626 415 2878 471 hominem
2920 414 3021 472 Dei
3052 414 3117 471 de
3150 432 3228 472 me
3253 427 3300 473 et
3330 427 3377 474 te
3406 434 3426 473 .'
3450 434 3558 475 non
3584 421 3753 494 dixit,

2180 503 2450 561 hominem
2476 521 2653 563 suum.
3630 552 3638 565 .

2251 594 2351 671 [lb.
2389 612 2525 660 xvtt,
2558 594 2671 672 16.]
2701 596 2767 652 Et
2803 597 3037 654 dixerunt
3062 598 3161 669 ﬁlii
3184 597 3399 671 Ioseph,
3432 600 3554 657 Non
3576 605 3759 675 suﬁcit

2177 688 2320 743 nobis
2346 706 2489 744 mons
2507 697 2556 745 et
2574 705 2728 760 equus
2744 689 2948 757 electus,
2968 700 3015 745 et
3039 694 3232 762 ferrum
3250 691 3538 749 Chananteo
3555 697 3642 761 qui
3665 697 3733 750 Ita
3745 728 3762 739 -

2175 779 2300 836 bitat
2327 780 2381 836 in
2407 780 2628 837 Bethsan
2656 796 2679 837 :
2699 798 2879 851 equum
2902 782 3111 838 electum
3136 782 3289 848 dixit,
3318 799 3414 855 pro
3438 786 3588 856 equis
3614 788 3758 843 elec-

2176 870 2265 937 tis,
2291 870 2431 941 quod
2468 872 2719 925 usitatum
2751 872 2803 926 in
2847 881 3030 927 nostro
3052 886 3306 930 sermone
3333 890 3438 929 non
3462 884 3581 943 est;
3615 877 3757 934 unde

2174 960 2415 1015 nonnulli
2441 961 2588 1015 latini
2624 961 2942 1031 interpretes
2967 961 3256 1019 noluerunt
3280 980 3463 1036 equum
3491 966 3756 1037 interpre-

2173 1050 2295 1115 tari,
2321 1050 2415 1106 sed
2441 1051 2737 1122 equitatum.
2764 1050 2853 1107 Sic
2878 1059 3055 1107 autem
3081 1051 3281 1108 dictum
3306 1063 3409 1121 est,
3441 1072 3595 1127 equus
3623 1057 3757 1110 elec-

2171 1148 2271 1217 tus,
2301 1156 2396 1210 pro
2423 1142 2608 1212 equis,
2656 1140 2795 1197 sicut
2834 1141 2891 1197 in
2929 1149 3110 1198 nostra
3150 1144 3534 1201 consuetudine
3561 1146 3757 1202 dicitur

2171 1230 2346 1295 miles,
2379 1246 2472 1300 pro
2503 1232 2779 1287 militibus.

2243 1316 2341 1392 [lb.
2365 1336 2475 1385 xtx,
2494 1321 2563 1374 55
2580 1330 2625 1374 et
2646 1317 2760 1395 54.]
2783 1318 2849 1374 Et
2864 1320 2987 1394 facti
3010 1331 3126 1377 sunt
3151 1324 3316 1378 exitus
3339 1321 3542 1379 illorum
3555 1324 3759 1380 Iorda-

2168 1408 2248 1462 nis
2270 1449 2287 1473 ,
2343 1418 2390 1463 et
2436 1418 2739 1464 revertentur
2768 1411 2893 1479 ﬁnes
2912 1412 2981 1465 ad
3007 1428 3145 1466 mare
3167 1429 3188 1467 :
3218 1430 3322 1469 non
3348 1413 3516 1483 dixit,
3546 1418 3751 1472 reversi

2166 1508 2311 1564 sunt,
2341 1510 2431 1555 aut
2456 1502 2641 1556 saltem
2662 1542 2677 1566 ,
2704 1512 3063 1571 revertuntur,
3093 1504 3232 1560 sicut
3272 1506 3410 1562 solet
3448 1507 3518 1563 de
3559 1508 3756 1566 finibus

2166 1590 2308 1658 dici;
2335 1592 2468 1658 sed,
2517 1603 2840 1659 revertentur,
2892 1602 3142 1663 tanquam
3180 1595 3353 1651 adhuc
3397 1595 3629 1653 futurum
3660 1600 3755 1665 sit,

2165 1696 2287 1736 cum
2306 1682 2692 1751 prmteritorum
2713 1683 2779 1737 sit
2802 1683 2899 1738 ista
2925 1686 3192 1739 narratio:
3224 1694 3278 1741 et
3297 1687 3348 1740 in
3374 1688 3618 1741 omnibus
3638 1687 3755 1744 fere

2166 1771 2296 1841 ipsis
2313 1780 2571 1827 terrarum
2588 1771 2955 1839 divisionibus,
2977 1790 3071 1844 per
3082 1774 3313 1844 singulas
3329 1791 3563 1847 quasque
3581 1776 3759 1834 trihus

2164 1863 2236 1918 ita
2258 1863 2489 1934 loquitur
2508 1863 2800 1935 Scriptura,
2827 1875 2883 1920 ut
2904 1864 3063 1921 futuri
3082 1866 3336 1937 temporis
3355 1868 3532 1924 verbis
3549 1878 3751 1924 utatur.

2237 1950 2341 2028 [lb.
2374 1970 2464 2021 xx,
2499 1952 2578 2027 9.]
2626 1953 2879 2027 Refugere
2918 1956 3039 2009 illuc
3063 1956 3148 2026 qui
3192 1958 3489 2027 percusserit
3524 1959 3755 2013 animam

2164 2048 2340 2101 nolens
2362 2062 2384 2101 :
2414 2046 2499 2101 hic
2548 2048 2779 2101 animam
2800 2089 2815 2113 ,
2848 2046 2932 2102 vel
2964 2047 3233 2102 hominem
3262 2048 3555 2120 intelligere
3582 2049 3749 2105 debe-

2164 2155 2302 2206 mus,
2336 2141 2422 2196 vel
2450 2141 2611 2195 vitatn
2634 2141 2811 2195 carnis
2838 2155 2955 2211 qum
2994 2139 3055 2194 ﬁt
3080 2156 3175 2210 per
3197 2141 3449 2204 animam;
3476 2156 3576 2211 qua
3600 2142 3749 2197 locu-

2164 2232 2309 2289 tione
2327 2242 2381 2287 et
2406 2232 2535 2288 illud
2565 2232 2763 2287 dictum
2793 2243 2875 2287 est
2894 2248 2922 2285 a
2953 2231 3204 2286 fratribus
3227 2231 3448 2303 Joseph,
3481 2229 3603 2287 Non
3628 2249 3750 2302 per-

2163 2325 2413 2380 cutiamus
2440 2326 2549 2397 ejus
2578 2326 2800 2378 animam
2838 2322 2987 2395 (Gen.
3011 2340 3213 2387 xxxv",
3238 2324 3330 2394 22)
3350 2365 3365 2391 ,
3415 2324 3464 2387 id
3491 2332 3612 2389 est,
3640 2340 3753 2380 non

2163 2430 2286 2471 eum
2315 2416 2639 2471 occidamus.
2670 2414 2800 2469 Nam
2832 2416 2876 2468 si
2904 2416 3077 2468 anima
3107 2423 3284 2484 posset
3302 2414 3370 2469 ab
3402 2413 3750 2487 interfectore

2164 2508 2405 2576 percuti,
2440 2523 2544 2561 non
2574 2507 2774 2562 diceret
2816 2506 3099 2568 Dominus,
3130 2504 3306 2559 Nolite
3325 2507 3497 2561 timere
3530 2523 3617 2562 eos
3661 2508 3751 2575 qui

2162 2612 2343 2668 corpus
2382 2598 2637 2664 occidunt,
2684 2598 2903 2651 animam
2935 2606 3103 2651 autem
3144 2596 3372 2652 occidere
3411 2613 3511 2659 non
3537 2607 3749 2669 possunt

2164 2686 2376 2759 (Matth.
2400 2705 2452 2751 ι.
2474 2689 2587 2758 28).

2233 2776 2335 2852 [11).
2356 2795 2473 2844 xxi,
2503 2777 2583 2851 2.]
2608 2778 2870 2833 Mandavit
2894 2776 3141 2833 Dominus
3160 2779 3212 2833 in
3240 2796 3396 2833 manu
3425 2778 3595 2851 Moysi
3618 2796 3639 2835 :
3666 2780 3747 2834 lo-

2160 2870 2305 2925 cutio
2333 2870 2739 2925 familiarissima
2766 2871 3085 2940 Scripturis;
3118 2870 3188 2925 ita
3215 2870 3356 2925 enim
3377 2870 3588 2936 dicitur,
3616 2871 3751 2927 Ver-

2161 2959 2285 3016 bum
2327 2960 2469 3032 quod
2498 2961 2691 3017 factum
2720 2971 2803 3017 est
2832 2962 2884 3016 in
2928 2977 3088 3016 manu
3131 2962 3272 3016 illius
3313 2961 3398 3016 vel
3444 2961 3584 3016 illius
3622 2977 3750 3033 pso-

2159 3052 2354 3124 phette,
2389 3053 2489 3107 hoc
2518 3062 2600 3109 est
2625 3053 2675 3107 in
2707 3062 2969 3122 potestate
2997 3052 3206 3108 dicendi
3234 3053 3436 3108 datum.

2234 3141 2336 3219 [lb.
2360 3142 2431 3200 40
2449 3141 2577 3218 (a)
2602 3141 2671 3200 Et
2691 3144 2883 3216 accepit
2908 3142 3058 3199 Jesus
3078 3145 3267 3198 cultros
3296 3145 3540 3215 petrinos,
3561 3144 3613 3198 iu
3633 3146 3750 3214 qui-

2159 3234 2251 3290 bus
2276 3234 2655 3290 circumcideret
2680 3235 2815 3304 ﬁlios
2841 3232 3007 3289 Israel
3038 3250 3059 3289 :
3091 3249 3196 3290 non
3224 3234 3392 3301 dixit,
3423 3234 3612 3306 quibus
3635 3234 3749 3289 cir-

2157 3325 2484 3382 cumciderat
2497 3366 2512 3390 ,
2542 3324 2635 3379 sed
2663 3325 2714 3377 in
2729 3323 2925 3395 quibus.

2231 3415 2330 3491 [lb.
2353 3432 2483 3484 xxn,
2515 3413 2594 3490 7.]
2618 3414 2685 3470 Et
2715 3415 2797 3469 ubi
2823 3416 3011 3471 dimisit
3039 3432 3123 3472 eos
3144 3414 3295 3471 Iesus
3322 3416 3373 3469 in
3397 3415 3584 3479 domos,
3599 3433 3745 3481 suas,

2155 3514 2208 3562 et
2249 3507 2499 3562 benedixit
2541 3523 2625 3561 eos
2661 3506 2832 3560 dicens
2856 3523 2875 3561 :
2904 3506 3020 3573 plus
3060 3506 3267 3562 videtur
3310 3506 3397 3562 hic
3444 3507 3744 3576 copulativa

2157 3599 2483 3668 coniunctio,
2513 3598 2564 3652 id
2614 3610 2718 3665 est,
2750 3608 2830 3663 et;
2860 3614 2981 3652 nam
3013 3598 3081 3651 ita
3105 3598 3208 3651 dici
3238 3604 3439 3666 posset,
3472 3596 3536 3651 Et
3557 3597 3641 3652 ubi
3661 3598 3746 3650 di-

2158 3692 2293 3746 misit
2309 3708 2393 3745 eos
2414 3693 2466 3745 in
2497 3690 2672 3745 domos
2698 3707 2839 3757 suas,
2870 3689 3117 3744 benedixit
3138 3706 3219 3744 eos
3249 3690 3439 3743 dicens.

2232 3779 2331 3855 [lb.
2355 3777 2434 3854 8.]
2464 3781 2593 3835 ltem
2639 3779 2744 3835 alia
2790 3780 2986 3835 locutio
3028 3780 3258 3835 notanda
3301 3788 3414 3844 est,
3445 3778 3586 3850 quod
3615 3793 3739 3834 eum

2163 3871 2385 3928 dixisset
2408 3870 2703 3941 Scriptura,
2732 3871 2795 3925 Et
2828 3870 3077 3925 benedixit
3100 3888 3182 3925 eos
3201 3869 3353 3926 Iesus
3373 3870 3560 3933 dicens,
3586 3878 3748 3939 atque

2163 3964 2249 4019 his
2276 3961 2452 4019 verbis
2479 3961 2713 4018 intentos
2746 3961 2959 4018 fecisset
2996 3962 3180 4016 audire
3222 3960 3349 4031 quid
3378 3959 3746 4016 benedicendo

2161 4052 2298 4109 dixit
2315 4052 2490 4118 Jesus;
2515 4050 2617 4107 hoc
2646 4051 2817 4106 solum
2844 4051 3088 4120 subjecit,
3117 4049 3183 4104 In
3204 4051 3389 4105 divitiis
3413 4050 3581 4103 multis
3606 4050 3750 4103 abie-

2159 4154 2275 4199 runt
2294 4144 2346 4198 in
2372 4141 2548 4198 domos
2566 4158 2686 4197 suas
2703 4182 2721 4209 ,
2747 4150 2798 4196 et
2823 4157 3002 4213 pecora
3024 4142 3182 4195 multa
3206 4141 3371 4207 valde,
3411 4151 3458 4194 et
3480 4150 3747 4211 argentum

2160 4242 2206 4289 et
2231 4250 2416 4288 aurum
2443 4241 2493 4287 et
2519 4240 2702 4287 vestem
2742 4232 2951 4286 multant
2984 4230 3163 4295 valde,
3195 4232 3469 4284 diviserunt
3514 4230 3747 4301 prtedam

2157 4325 2474 4380 inimicorum
2501 4339 2710 4379 suorum
2751 4338 2865 4376 cum
2906 4321 3148 4393 fratribus
3198 4323 3305 4376 suis
3338 4322 3521 4392 :quod
3574 4322 3747 4391 magis

2159 4430 2278 4472 esse
2306 4416 2568 4470 narrantis
2587 4429 2744 4484 quam
2766 4413 3127 4469 benedicentis
3150 4420 3389 4482 apparet.

2232 4503 2331 4579 [lb.
2368 4502 2479 4577 10.]
2497 4503 2903 4573 Ediﬁcaverunt
2954 4502 3023 4556 ibi
3067 4519 3210 4556 aram
3250 4519 3402 4573 super
3427 4499 3745 4567 Iordanem,

2157 4612 2302 4650 aram
2323 4612 2560 4667 magnam
2593 4595 2759 4649 videre
2802 4608 2823 4648 :
2857 4593 2956 4648 ista
2987 4592 3186 4648 locutio
3228 4592 3387 4649 etiam
3416 4591 3470 4646 in
3496 4606 3746 4646 sermone

2159 4685 2324 4742 latino
2345 4695 2471 4742 nota
2493 4693 2595 4742 est.

2232 4777 2330 4854 [lb.
2354 4774 2466 4851 1L]
2492 4776 2556 4831 Et
2577 4775 2843 4830 audierunt
2868 4774 2965 4846 ﬁlii
2991 4772 3153 4830 Israel
3168 4774 3441 4829 dicentium
3462 4789 3483 4830 :
3510 4788 3615 4829 non
3644 4773 3745 4841 ait,

2159 4869 2445 4932 dicentem,
2474 4868 2559 4923 vel
2585 4867 2843 4923 dicentes.

2232 4959 2334 5035 [lb.
2365 4955 2481 5032 27.]
2510 4958 2712 5014 Servire
2737 4958 3027 5013 servitutem
3073 4956 3281 5011 Domini
3316 4973 3338 5014 :
3380 4957 3434 5011 in
3462 4971 3564 5026 qua
3590 4957 3746 5011 locu-

2162 5053 2309 5109 tione
2335 5050 2443 5107 duo
2483 5049 2715 5105 notanda
2741 5060 2898 5115 sunt,
2954 5061 3009 5105 et
3055 5050 3239 5104 servire
3274 5050 3558 5103 servitutem
3578 5089 3593 5113 ,
3625 5064 3747 5115 qua:

2161 5142 2321 5198 etiam
2363 5140 2526 5197 latina
2556 5140 2753 5195 locutio
2780 5141 3079 5208 reperitur;
3113 5148 3168 5195 et
3194 5139 3477 5193 servitutem
3513 5136 3745 5202 Domini,

2163 5232 2215 5289 id
2240 5240 2323 5287 est
2348 5247 2468 5301 quae
2492 5230 2719 5287 debetur
2736 5232 2820 5287 vel
2840 5230 3122 5288 exhibetur
3147 5229 3388 5285 Domino.

2235 5323 2339 5399 [lb.
2485 5322 2549 5378 Et
2564 5324 2822 5378 audientes
2843 5320 3063 5379 Phinees
3088 5322 3323 5378 sacerdos
3344 5330 3392 5377 et
3416 5336 3587 5375 omnes
3606 5320 3743 5390 prin.

2162 5417 2297 5488 cipes
2310 5430 2586 5488 synagoga:
2603 5416 2691 5486 qui
2712 5425 2855 5470 erant
2874 5431 2991 5469 cum
3005 5415 3116 5479 illo,
3142 5413 3291 5469 verba
3311 5429 3425 5486 quis
3448 5412 3603 5468 locuti
3627 5419 3751 5466 sunt

2165 5508 2261 5578 ﬁlii
2285 5504 2463 5562 Ruben
2482 5515 2529 5562 et
2558 5507 2655 5577 ﬁlii
2680 5504 2794 5562 God
2822 5516 2867 5561 et
2886 5506 3153 5561 dimidium
3185 5505 3343 5559 tribus
3385 5503 3670 5570 Manasses,
3698 5510 3749 5559 et

2166 5597 2461 5669 placuerunt
2482 5597 2584 5653 illis
2610 5612 2631 5654 .'
2653 5598 2911 5654 audientes
2932 5610 3028 5669 pro
3056 5594 3338 5653 audierunt
3360 5595 3591 5667 positum
3622 5600 3748 5660 est;

2228 5707 2304 5771 (a)
2324 5707 2457 5773 Apud
2476 5715 2605 5760 Lxx.
2638 5754 2643 5757 ,
