4094 6470
312 364 415 423 αι

312 487 408 533 aut
428 477 549 547 plus
574 482 657 530 est
673 471 781 538 hic,
807 480 891 535 et;
916 482 1041 525 nam
1068 466 1256 538 plenus
1284 470 1368 522 est
1388 476 1578 520 sensus
1602 504 1619 531 ,
1640 462 1901 517 audientes

308 568 464 624 verba
501 568 637 630 hac,
690 563 987 633 placuerunt
1012 559 1115 614 illis
1143 572 1283 614 :nec
1308 566 1486 612 tamen
1514 555 1630 610 sine
1654 554 1902 609 inconse-

308 658 567 729 quentia;
592 654 737 725 quia,
765 667 887 707 eum
913 651 1187 705 audissent
1205 690 1222 716 ,
1250 646 1535 703 dicendum
1565 643 1685 700 fuit.

387 747 487 821 [lb.
508 761 668 812 xxtn,
696 741 775 819 1.]
801 741 869 797 Et
890 741 1043 798 Iesus
1067 741 1235 796 senior
1262 747 1521 811 provectus
1548 736 1721 791 diebus
1756 750 1776 791 :
1802 735 1905 791 hoc

305 838 384 893 de
405 836 675 892 Abraham
698 834 896 890 dictum
920 832 1222 888 notavimus
1241 871 1256 896 ,
1287 830 1561 886 seniorem
1583 827 1638 882 in
1663 826 1905 897 Scriptu-

307 930 391 984 ris
418 944 523 983 non
551 928 722 984 solum
748 928 894 983 illum
918 924 1173 996 appellari
1203 922 1295 995 qui
1314 930 1398 978 est
1426 919 1561 977 infra
1586 927 1798 976 aetatem
1818 932 1908 975 se-

309 1022 440 1085 nis,
484 1019 578 1075 sed
627 1019 786 1075 etiam
815 1016 967 1073 valde
1006 1030 1212 1071 senem.
1267 1012 1420 1069 Unde
1465 1027 1571 1068 non
1605 1009 1781 1065 omnis
1818 1024 1904 1065 se-

1656 344 1861 402 LIBER
1898 343 2254 402 SEPTIMUS.

3485 344 3593 401 5'49.

2005 460 2125 516 nior
2148 474 2342 526 senex,
2381 459 2557 515 omnis
2599 469 2774 516 autem
2811 474 2974 516 senex
3014 458 3194 516 senior
3239 458 3346 516 dici
3391 469 3592 532 potest.

2078 550 2178 624 [lb.
2209 567 2356 619 xxiv,
2381 550 2460 623 7.]
2493 549 2559 604 Et
2586 551 2786 605 incitavit
2821 568 2971 622 super
2989 551 3105 605 illos
3127 565 3296 619 mare,
3324 559 3372 604 et
3398 553 3597 621 operuit

2005 660 2157 715 super
2177 644 2293 699 illos
2316 658 2337 699 :
2355 658 2459 699 non
2477 644 2568 709 ait,
2591 645 2801 714 operuit
2821 643 2958 708 illos,
2981 643 3222 713 quamvis
3241 641 3485 698 nonnulli
3508 642 3562 695 in

2007 744 2268 806 terpretes
2295 734 2398 790 hoc
2422 735 2723 791 maluerunt
2744 734 2944 791 dicere.

2081 822 2179 897 [lb.
2213 821 2325 898 17.]
2367 821 2434 879 In
2468 825 2696 880 omnibus
2722 825 2950 897 gentibus
2980 839 3107 897 quas
3142 822 3462 878 transivimus
3507 840 3596 893 per

2007 914 2147 986 ipsas
2173 929 2195 970 :
2211 915 2420 970 usitatae
2447 914 2500 970 in
2525 915 2813 985 Scripturis
2833 923 2957 969 sunt
2981 916 3095 969 istae
3121 915 3415 970 locutiones
3435 955 3449 978 ,
3489 929 3589 967 nec

2008 1019 2115 1065 tam
2138 1010 2331 1066 crebro
2357 1010 2602 1065 notandce
2626 1026 2783 1081 quam
2811 1009 3001 1064 crebro
3038 1009 3414 1064 intercurrunt.

310 1138 3587 1168 MM

1244 1192 1735 1304 LIBER
1803 1191 2422 1299 SEPTIJVI
2440 1194 2641 1301 US.

1614 1376 1901 1427 mentiones
1918 1373 1983 1423 de
2004 1373 2267 1424 Judicibus.

1759 1509 2134 1566 MM

387 1643 529 1719 [lum
552 1660 669 1714 cap.
686 1641 791 1713 1,1
815 1638 891 1713 1.]
917 1638 985 1693 Et
1018 1641 1211 1711 factum
1249 1641 1323 1690 est
1351 1639 1614 1709 postquam
1637 1627 1906 1699 defunctus

313 1744 391 1791 est
420 1733 595 1801 Iesus,
639 1732 1014 1803 interrogabant
1043 1728 1139 1799 ﬁlii
1178 1724 1341 1781 Israel
1380 1724 1433 1777 in
1462 1720 1685 1776 Domino
1734 1732 1755 1773 :
1796 1730 1903 1772 non

313 1829 426 1894 ait,
474 1824 755 1881 Dominum
777 1866 793 1890 ,
842 1822 986 1895 quod
1031 1819 1298 1877 sermonis
1350 1813 1521 1873 nostri
1571 1808 1906 1870 consuetudo

313 1918 593 1988 poscebat.

391 2006 492 2080 [lb.
521 2004 600 2079 3.]
627 2005 695 2061 Et
714 2003 952 2060 bellemus
974 2002 1031 2059 in
1050 2000 1339 2058 Chananao
1362 2014 1383 2055 :
1400 2012 1508 2055 non
1528 1995 1683 2061 dixit,
1711 1992 1905 2048 adver-

315 2111 411 2153 sus
433 2096 812 2160 Chananzeum,
835 2102 925 2148 aut
947 2100 1131 2149 contra
1156 2090 1545 2153 Chananaaum,
1568 2093 1661 2140 aut
1688 2082 1901 2147 saltem,

318 2190 373 2244 in
392 2190 771 2245 Chananmum.

390 2277 491 2351 [lb.
516 2294 590 2345 ιι,
635 2274 715 2349 8.]
745 2275 812 2331 Et
835 2282 1061 2330 mortuus
1100 2281 1174 2328 est
1199 2271 1351 2326 Iesus
1377 2268 1515 2340 ﬁlius
1552 2264 1701 2322 Nave
1736 2279 1907 2319 servus

317 2370 566 2437 Domini,
588 2368 728 2438 ﬁlius
774 2377 975 2423 centum
994 2365 1164 2419 decem
1206 2376 1474 2416 annorum.
1520 2358 1621 2413 Ista
1661 2354 1906 2426 repetitio

320 2460 466 2529 quod
510 2475 632 2514 cum
672 2458 895 2513 dixisset
933 2456 1071 2525 ﬁlius
1108 2452 1287 2520 Nave,
1333 2450 1580 2521 repetivit
1624 2448 1798 2517 ﬁlius,
1853 2452 1909 2502 et

316 2550 513 2607 deinde
550 2549 777 2616 addidit,
793 2556 992 2603 centum
1015 2546 1186 2600 decem
1211 2558 1479 2606 annorum,
1508 2539 1761 2594 inusitata
1785 2543 1904 2602 est;

322 2650 377 2694 ut
406 2641 582 2709 potius
610 2641 749 2708 ﬁlius
790 2647 988 2693 centum
1026 2637 1193 2690 decem
1218 2649 1468 2687 annorum
1495 2630 1718 2695 diceret,
1748 2642 1906 2699 quam

322 2729 483 2785 homo
524 2737 740 2785 centum
785 2728 972 2785 decem
1011 2740 1317 2783 annorum:
1358 2723 1455 2780 sed
1483 2731 1662 2777 tamen
1690 2729 1746 2776 et
1783 2719 1910 2775 alibi

320 2822 609 2891 reperitur.

390 2912 494 2986 [lb.
515 2910 631 2985 10.]
672 2912 741 2966 Et
774 2911 938 2967 omnis
966 2909 1221 2983 generatio
1263 2905 1484 2979 appositi
1507 2910 1627 2959 sunt
1649 2900 1719 2956 ad
1744 2908 1910 2971 patres

320 3021 438 3061 suos
462 3020 481 3059 :
510 3004 740 3058 notanda
772 3002 971 3058 locutio
995 3008 1099 3068 est,
1128 2998 1272 3071 quod
1300 3012 1407 3053 non
1432 2996 1529 3064 ait,
1550 2993 1790 3064 apposita
1806 2999 1909 3057 est,

320 3095 455 3166 quia
486 3096 666 3165 plures
692 3101 865 3148 erant.

390 3185 495 3260 [lb.
538 3183 651 3258 ιι]
672 3184 902 3238 Tradidit
941 3198 1026 3237 eos
1074 3181 1129 3235 in
1175 3195 1329 3233 manu
1370 3175 1705 3250 praedantium
1740 3188 1762 3227 :
1804 3186 1911 3226 non

320 3280 484 3348 dixit,
530 3279 585 3334 in
624 3292 880 3342 manum;
924 3272 1070 3345 quod
1110 3272 1318 3327 videtur
1359 3269 1524 3325 latina
1561 3264 1759 3322 locutio
1784 3277 1911 3333 pos.

321 3373 512 3428 tulare.

396 3462 503 3533 [lb.
539 3460 652 3534 18.]
684 3460 891 3515 Etcum
926 3453 1181 3512 suscitavit
1210 3449 1459 3506 Dominus
1494 3448 1567 3502 eis
1601 3444 1839 3516 judices,
1866 3448 1914 3497 et

320 3563 432 3608 erat
470 3551 724 3605 Dominus
767 3564 884 3603 eum
906 3546 1083 3619 judice
1108 3561 1128 3600 :
1165 3543 1322 3597 solita
1360 3539 1630 3595 locutione
1674 3536 1791 3606 plus
1829 3538 1916 3590 est

321 3646 429 3711 hic,
457 3654 543 3710 et;
572 3659 694 3698 nam
714 3642 930 3712 plenum
948 3644 1119 3704 esset,
1150 3635 1355 3690 Etcum
1379 3630 1640 3687 suscitavit
1664 3627 1913 3681 Dominus

322 3739 394 3793 eis
422 3738 661 3808 judices,
710 3742 817 3791 erat
844 3730 1094 3786 Dominus
1133 3743 1250 3781 cum
1266 3724 1463 3797 judice.
1502 3719 1802 3777 Notandum
1832 3725 1916 3773 est

325 3829 491 3882 etiam
522 3826 627 3880 hoc
646 3866 661 3890 ,
689 3821 831 3893 quod
870 3836 901 3875 a
930 3817 1123 3891 plurali
1166 3816 1233 3871 ad
1265 3814 1586 3884 singularem
1625 3809 1909 3875 transiens,

258 3934 277 3984 ξ
322 3932 434 3971 non
457 3917 562 3982 ait,
593 3930 717 3971 cum
738 3912 1007 3984 iudicibus
1027 3951 1053 3979 ι
1071 3909 1187 3977 sed,
1203 3923 1321 3963 cum
1340 3906 1539 3979 judice,
1567 3903 1621 3960 id
1648 3912 1731 3960 est
1748 3944 1765 3971 ,
1789 3917 1914 3963 cum

238 4006 281 4080 gi
325 4024 651 4080 unoquoque
670 4007 870 4079 judice.

394 4077 497 4174 [lb.
669 4077 732 4152 Et
759 4101 949 4168 factum
977 4102 1070 4158 est,
1094 4107 1207 4145 cum
1232 4097 1507 4143 moreretur
1522 4084 1721 4157 judez,
1752 4092 1800 4139 ει
1828 4099 1913 4139 τε-

247 4173 266 4211 λ’
322 4173 669 4255 vertebantur,
712 4201 759 4245 et
799 4190 979 4243 iterum
1003 4182 1389 4255 corrumpebant
1414 4194 1567 4248 super
1586 4185 1752 4249 patres
1774 4191 1912 4230 suos.

326 4288 493 4342 Recta
523 4284 721 4339 locutio
760 4276 881 4337 esse
922 4278 996 4334 ita
1048 4282 1255 4348 poterat
1281 4271 1574 4329 secundum
1626 4278 1914 4325 consuetu-

324 4378 507 4432 dinem
536 4372 806 4430 sermonis
830 4369 1034 4433 nostri,
1064 4366 1133 4421 Et
1162 4363 1320 4419 ﬁebat
1357 4377 1478 4418 cum
1510 4366 1809 4415 moreretur
1831 4357 1919 4427 ju-

325 4469 449 4532 dex,
476 4474 535 4522 et
564 4463 989 4524 revertebantur,
1019 4466 1075 4513 et
1094 4457 1284 4512 iterum
1323 4450 1737 4520 corrumpebant
1757 4462 1918 4518 super

324 4566 507 4629 patres
548 4570 692 4610 suos.
720 4554 809 4621 Si,
838 4561 905 4617 et,
932 4565 1039 4605 non
1066 4547 1325 4611 haberet,
1355 4545 1570 4614 plenum
1593 4548 1777 4606 esset,
1800 4555 1917 4592 cum

325 4657 608 4704 moreretur
619 4646 803 4720 judea,
830 4643 1222 4703 revertebantur,
1246 4647 1293 4692 et
1321 4638 1502 4691 iterum
1532 4630 1916 4703 corrumpebant

327 4756 483 4810 super
514 4749 683 4809 patres
706 4752 824 4791 suos
841 4776 859 4801 ,
885 4734 939 4790 id
960 4741 1043 4789 est
1070 4732 1347 4807 plusquam
1378 4736 1556 4797 patres
1583 4740 1791 4781 eorum.
1856 4763 1876 4783 .

406 4829 507 4903 [lb.
524 4827 640 4901 20.]
657 4827 874 4897 Propter
893 4825 1029 4896 quod
1044 4831 1182 4877 tanta
1206 4820 1465 4888 dereliquit
1485 4834 1605 4889 gens
1625 4818 1732 4871 lucc
1757 4822 1917 4871 testa-

328 4930 552 4975 mentum
578 4934 742 4974 meum
771 4932 791 4971 :
816 4924 956 4971 tanta
994 4913 1160 4979 dixit,
1202 4926 1301 4981 pro
1327 4919 1527 4963 tantum
1549 4949 1566 4975 ,
1598 4908 1650 4961 id
1680 4914 1763 4962 est
1808 4915 1917 4960 tam

330 5012 561 5067 multum
595 5024 789 5065 nomen
831 5022 930 5078 pro
956 5003 1246 5068 adverbio.
1286 4992 1427 5072 quod
1468 5000 1627 5055 etiam
1655 4999 1710 5054 in
1738 4998 1920 5055 latinis

332 5101 691 5164 locationibus
713 5098 946 5153 maxime
975 5094 1198 5165 poeticis
1225 5092 1511 5148 invenitur.

402 5189 642 5267 [b.2411
656 5189 726 5244 Et
749 5206 853 5245 non
881 5186 1215 5243 obaudierunt
1237 5184 1371 5239 vocis
1394 5196 1522 5238 mea:
1546 5196 1567 5238 :
1597 5196 1772 5252 grzeca
1800 5196 1918 5236 ma-

331 5288 412 5357 gis
437 5284 640 5340 locutio
660 5289 763 5338 est.

402 5375 505 5449 [lb.
530 5390 612 5442 ιιι,
638 5369 752 5445 10.]
774 5368 968 5426 Factus
992 5376 1065 5424 est
1101 5381 1251 5437 super
1272 5380 1401 5420 eum
1424 5364 1649 5436 Spiritus
1681 5361 1921 5417 Domini:

332 5481 456 5522 cum
479 5463 711 5534 Spiritus
740 5460 948 5517 Domini
974 5458 1161 5529 utique
1184 5454 1356 5511 factus
1378 5470 1485 5510 non
1511 5456 1618 5520 sit;
1656 5453 1751 5509 sed
1770 5468 1923 5523 super

333 5574 448 5614 eum
478 5558 646 5629 factus
669 5561 776 5620 est,
802 5551 878 5607 ita
905 5550 1104 5606 dictum
1127 5555 1211 5604 est
1237 5561 1301 5603 ac
1327 5547 1373 5602 si
1410 5545 1696 5611 diceretur,
1725 5543 1921 5599 factum

333 5658 417 5704 est
440 5657 501 5704 ut
521 5654 667 5703 esset
690 5658 853 5714 super
878 5655 1021 5698 eum.
1053 5639 1131 5695 Ex
1158 5652 1262 5709 qua
1288 5635 1557 5692 locutione
1579 5643 1635 5691 et
1659 5636 1712 5690 in
1743 5635 1921 5689 Evan-

334 5741 475 5812 gelio
496 5738 711 5797 leaimr.
738 5735 868 5792 Ante
890 5748 971 5790 me
995 5730 1159 5787 factus
1190 5736 1264 5785 est
1293 5726 1473 5802 (Joan.
1498 5743 1550 5798 ι,
1569 5725 1704 5800 27);
1732 5724 1786 5783 id
1815 5733 1918 5793 est,

2009 1621 2207 1680 factum
2229 1634 2310 1681 est
2339 1633 2400 1681 ut
2419 1635 2563 1685 esset
2585 1637 2711 1687 ante
2740 1644 2826 1686 me
2857 1647 2872 1685 :
2900 1630 3039 1701 quod
3068 1629 3173 1686 alio
3196 1630 3354 1687 modo
3377 1630 3591 1687 dicere-

2009 1723 2115 1783 tur,
2141 1718 2386 1787 praelatus
2413 1729 2495 1775 est
2519 1720 2674 1775 mihi.

2082 1809 2181 1882 [lb.
2204 1810 2321 1884 2L]
2348 1810 2418 1866 Et
2443 1814 2657 1881 sumpsit
2696 1815 2843 1869 Aioth
2869 1814 3095 1884 gladium
3135 1813 3199 1868 de
3233 1830 3383 1885 super
3405 1818 3594 1885 femore

2008 1917 2102 1955 suo
2128 1902 2304 1957 dextro
2327 1918 2346 1958 :
2366 1904 2443 1959 sic
2464 1905 2798 1975 interpretari
2821 1906 2987 1976 potuit
3014 1906 3153 1976 quod
3181 1920 3385 1977 graecus
3406 1905 3588 1962 habet:

2008 1997 2107 2048 ἀπὸ
2125 1999 2311 2061 ἄνωθεν,
2342 2009 2465 2049 nam
2488 1994 2687 2051 locutio
2706 1995 2883 2050 minus
2904 1995 3063 2050 latina
3091 2003 3193 2050 est.

2082 2081 2182 2155 [lb.
2213 2082 2323 2157 17.]
2349 2084 2473 2138 Erat
2492 2093 2658 2140 autem
2683 2084 2865 2158 Eglom
2893 2087 2968 2140 vir
2991 2087 3135 2141 exilis
3149 2086 3294 2140 valde
3316 2101 3335 2141 :
3359 2085 3463 2140 hoc
3481 2086 3588 2141 κατ’

2009 2176 2284 2245 ἀντίφρασιν
2311 2174 2540 2239 dictum,
2580 2176 2631 2231 id
2661 2184 2744 2232 est
2767 2176 3030 2231 locutione
3052 2177 3334 2241 contraria,
3365 2190 3593 2245 sequen-

2010 2265 2085 2320 tia
2114 2265 2380 2331 indicant;
2408 2265 2620 2336 quando
2662 2267 2803 2321 enim
2843 2281 3125 2336 percussus
3151 2275 3251 2331 est,
3282 2265 3482 2322 dictum
3513 2260 3595 2320 est

2011 2355 2152 2426 quod
2190 2355 2564 2412 concluscrunt
2600 2357 2781 2427 adipes
2806 2357 3026 2423 vulnus,
3059 2358 3181 2427 quia
3220 2370 3329 2410 non
3372 2355 3593 2412 eductus

2011 2453 2095 2501 est
2119 2447 2325 2517 gladius
2345 2448 2411 2503 de
2438 2457 2623 2503 ventre
2647 2448 2783 2517 ejus.

2085 2537 2181 2611 [lb.
2218 2537 2333 2612 5L]
2372 2538 2440 2592 Et
2468 2538 2709 2610 percussit
2730 2538 3035 2609 alienigenas
3060 2538 3113 2591 in
3138 2544 3393 2592 sescentos
3416 2537 3547 2590 viros
3577 2552 3596 2590 :

2012 2644 2118 2683 non
2139 2629 2231 2692 ait,
2259 2630 2675 2699 alienigenarum
2700 2637 2981 2686 sexcentos
3004 2629 3163 2698 viros,
3190 2636 3280 2683 aut
3300 2636 3444 2683 certe
3464 2627 3589 2681 alic-

2014 2719 2162 2789 nigas
2189 2720 2241 2772 in
2272 2721 2539 2774 sexcentis
2560 2720 2707 2775 viris.

2086 2807 2186 2883 [lb.
2213 2824 2292 2875 Iv,
2314 2807 2393 2882 6.]
2421 2808 2607 2864 Nonne
2628 2810 2860 2879 prwcepit
2881 2809 3124 2864 Dominus
3143 2808 3284 2866 Deus
3303 2807 3467 2864 Israel
3486 2807 3596 2873 tibi,

2014 2910 2061 2954 et
2088 2916 2261 2970 perges
2287 2900 2341 2953 in
2366 2909 2583 2954 montem
2609 2900 2850 2956 Tltabor?
2874 2900 2988 2955 Non
3014 2901 3104 2965 ait,
3136 2910 3192 2955 ut
3216 2914 3425 2970 pergas,
3457 2899 3596 2969 quod

2017 2991 2226 3046 videtur
2274 3006 2395 3046 esse
2437 3006 2809 3061 consequens;
2854 2991 2949 3045 sed
3005 2991 3253 3045 inusitata
3308 2982 3594 3055 locutione,

2017 3080 2206 3136 Nonne
2227 3081 2465 3154 praecepit
2489 3082 2596 3147 tibi,
2617 3092 2663 3135 et
2684 3099 2876 3153 perges,
2894 3090 2952 3135 ut
2979 3081 3356 3135 subaudiamus
3376 3079 3599 3135 verbum

2017 3174 2158 3244 quod
2186 3189 2347 3244 supra
2388 3174 2615 3243 positum
2638 3184 2721 3230 est
2743 3216 2759 3241 ,
2786 3183 2841 3228 et
2867 3175 2964 3240 sit,
3009 3172 3196 3227 Nonne
3240 3171 3471 3242 perges?
3507 3179 3600 3225 aut

2016 3264 2173 3319 solita
2205 3264 2474 3319 locutione
2499 3265 2617 3336 plus
2645 3265 2823 3331 habet,
2849 3275 2933 3328 et;
2959 3280 3080 3318 nam
3109 3264 3205 3317 ista
3226 3262 3600 3333 conjunctione

2016 3355 2253 3411 detracta
2281 3371 2469 3411 sensus
2492 3355 2678 3423 currit,
2704 3354 2888 3409 Nonne
2912 3355 3166 3407 mandavit
3190 3353 3436 3407 Dominus
3462 3340 3600 3406 Deus

2017 3443 2184 3499 Israel
2200 3446 2304 3512 tibi,
2329 3445 2518 3517 Perges
2534 3447 2586 3499 in
2614 3456 2832 3499 montem
2860 3444 3081 3511 Tltabor,
3112 3454 3159 3499 et
3184 3444 3399 3516 accipies
3429 3452 3590 3497 tecum

2017 3536 2187 3591 decem
2210 3537 2371 3591 millia
2390 3538 2647 3591 virorum?
2669 3546 2772 3591 etc.

2085 3624 2184 3699 [lb.
2199 3624 2278 3698 8.]
2296 3626 2543 3691 Quoniam
2560 3626 2726 3680 nescio
2743 3625 2872 3678 diem
2892 3626 2944 3677 in
2965 3641 3061 3695 quo
3076 3623 3324 3677 Dominus
3340 3632 3603 3693 prosperat

2018 3715 2254 3787 angelum
2295 3732 2489 3770 mecum
2526 3732 2547 3772 :
2576 3724 2750 3770 utrum
2779 3722 3057 3784 prosperat
3094 3723 3245 3768 actus
3286 3713 3455 3782 angeli
3486 3712 3604 3781 ejus

2018 3808 2108 3879 qui
2138 3823 2345 3863 mecum
2376 3808 2493 3862 est?
2518 3823 2584 3861 an
2614 3821 2866 3876 prospera
2894 3806 3021 3859 mihi
3046 3804 3169 3859 facit
3197 3820 3295 3876 per
3313 3804 3602 3873 angelum?

2092 3896 2193 3971 [11).
2217 3896 2328 3970 15.]
2354 3897 2539 3951 Omnes
2559 3914 2738 3950 currus
2753 3912 2889 3963 suos,
2912 3906 3187 3965 nongentos
3202 3911 3380 3947 currus
3392 3899 3601 3964 ferreos.

2018 3988 2257 4044 Ubilibet
2275 3987 2648 4056 distinguatur,
2673 3986 2890 4056 elegans
2918 3986 3163 4055 repetitio
3188 4004 3202 4040 :
3232 3993 3406 4037 utrum
3433 4000 3607 4037 omnes

2020 4095 2198 4133 currus
2220 4095 2363 4144 suos,
2389 4087 2443 4133 et
2469 4078 2662 4132 deinde
2687 4086 2940 4147 sequatur
2961 4084 3239 4147 nongentos
3268 4091 3448 4128 currus
3495 4081 3606 4144 fera

2020 4186 2168 4233 reos;
2205 4184 2273 4223 an
2313 4186 2484 4223 omnes
2522 4186 2700 4224 currus
2739 4184 2857 4224 suos
2886 4173 3183 4238 nongentcs,
3214 4176 3270 4222 et
3295 4167 3487 4222 deinde
3517 4168 3601 4222 ina

2021 4259 2221 4314 feratur
2249 4276 2426 4314 currus
2455 4260 2661 4329 ferreos.

2094 4348 2193 4423 [lb.
2225 4348 2338 4423 15.]
2379 4349 2446 4403 Et
2492 4349 2732 4422 pavefecit
2769 4348 3020 4402 Dominus
3055 4347 3304 4413 Sisaram,
3345 4357 3391 4401 et
3433 4364 3608 4404 omnes

2022 4456 2199 4494 currus
2227 4440 2364 4510 ejus,
2391 4447 2437 4493 et
2467 4440 2635 4493 omnia
2660 4448 2826 4492 castra
2854 4440 2963 4507 ejus
2982 4478 2995 4501 ,
3028 4438 3079 4491 in
3106 4453 3191 4490 ore
3215 4438 3371 4508 gladii
3401 4439 3453 4490 in
3478 4454 3603 4510 con:-

2021 4539 2195 4600 spectu
2233 4530 2455 4583 Barach.
2481 4528 2759 4596 Quomodo
2800 4528 3060 4596 pavefecit
3101 4542 3320 4593 currus,
3367 4527 3467 4580 nisi
3511 4504 3609 4582 eos

2024 4622 2288 4691 intelligas
2316 4620 2405 4691 qui
2435 4629 2589 4674 erant
2617 4620 2667 4673 in
2690 4619 2973 4673 curribus?
3000 4618 3069 4673 Et
3095 4619 3334 4689 pavefcrit
3360 4619 3605 4673 Dominus

2025 4717 2276 4780 Sisaram,
2299 4722 2345 4768 et
2375 4730 2546 4768 omnes
2572 4729 2750 4766 currus
2779 4713 2908 4783 ejus,
2932 4721 2975 4765 et
3000 4713 3168 4764 omnia
3193 4721 3358 4764 castra
3382 4713 3520 4782 ejus,
3550 4711 3605 4764 in

2016 4824 2111 4885 ore
2136 4805 2295 4877 gladii
2322 4805 2377 4858 in
2403 4812 2669 4874 conspectu
2693 4801 2913 4855 Barach.
2940 4800 3195 4872 Pavefecit
3228 4803 3281 4855 in
3316 4818 3402 4855 ore
3424 4800 3601 4871 gladii,

2005 4912 2087 4952 .ae
2113 4897 2157 4951 si
2184 4897 2423 4962 diceret,
2458 4893 2725 4949 interfecit
2753 4893 2810 4947 in
2837 4908 2931 4948 ore
2954 4892 3111 4964 gladii
3137 4911 3150 4946 :
3179 4893 3419 4964 pavefecit
3453 4906 3603 4960 ergo,

2025 5007 2146 5048 cum
2175 4988 2507 5043 mederentur
2535 4986 2729 5057 gladio.

2098 5083 2199 5157 [lb.
2232 5079 2347 5154 16.]
2373 5080 2439 5134 Et
2464 5079 2715 5134 descendit
2749 5077 2929 5134 Sisara
2951 5077 3163 5147 desuper
3198 5091 3348 5128 curru
3377 5088 3470 5127 suo
3493 5088 3512 5125 :
3536 5072 3605 5126 ita

2025 5178 2129 5233 dici
2159 5176 2321 5230 latine
2352 5173 2540 5243 potuit,
2568 5170 2708 5242 quod
2732 5179 2813 5225 est
2841 5184 3014 5240 graece
3037 5171 3134 5222 ἀπὸ
3157 5172 3343 5221 ἄνωθεν.

2090 5264 2309 5343 [lb.19.]
2327 5264 2390 5319 Et
2404 5264 2656 5335 cooperuit
2675 5279 2787 5316 eum
2802 5262 2853 5314 in
2871 5259 3001 5331 pelle
3011 5275 3103 5313 sua
3119 5273 3137 5311 :
3158 5272 3262 5311 non
3279 5254 3430 5319 dixit,
3446 5254 3605 5325 pelle,

2025 5368 2118 5416 aut
2141 5359 2209 5414 de
2236 5356 2407 5427 pelle;
2434 5356 2511 5409 sic
2537 5354 2678 5408 enim
2708 5352 2868 5406 habet
2886 5364 3088 5420 gmcus
3112 5353 3159 5404 ιν
3186 5363 3244 5422 τῇ
3269 5351 3415 5417 sese“
3434 5349 3603 5405 αὗτῆς.

2099 5448 2197 5522 [11).
2228 5444 2343 5517 20.]
2370 5444 2434 5499 Et
2460 5444 2551 5498 erit
2568 5485 2582 5507 ,
2610 5444 2654 5498 si
2680 5444 2790 5513 quis
2815 5441 3001 5496 venerit
3026 5438 3095 5494 ad
3124 5448 3189 5506 te,
3216 5448 3263 5492 et
3283 5436 3486 5502 dixerit,
3512 5434 3606 5488 Est

2030 5540 2110 5594 hic
2134 5538 2246 5593 vir?
2269 5545 2316 5591 et
2337 5535 2491 5600 dices,
2518 5532 2639 5587 Non
2663 5541 2758 5588 est.
2786 5533 3032 5605 Detracta
3070 5526 3446 5599 conjunctione
3482 5542 3608 5582 con-

2028 5636 2339 5701 sequentem
2386 5624 2545 5679 habet
2586 5637 2828 5689 sensum,
2864 5620 2928 5677 Si
2962 5620 3076 5694 quis
3111 5618 3298 5677 venerit
3344 5618 3415 5675 ad
3456 5625 3525 5688 te,
3563 5627 3610 5674 et

2031 5720 2235 5790 dixerit,
2255 5717 2348 5774 Est
2368 5716 2450 5772 hic
2475 5715 2592 5772 viri
2612 5713 2770 5784 dices,
2795 5710 2917 5769 Non
2943 5720 3036 5769 est.
