4094 6458
514 291 619 347 545

581 403 683 475 [11).
706 403 822 479 24]
850 406 918 464 Et
941 410 1177 482 pergebat
1202 427 1380 467 ntanus
1408 414 1629 483 ﬁliorum
1653 415 1820 471 Israel
1838 433 2048 488 pergens
2078 435 2098 473 :

512 497 665 550 solita
692 506 746 552 et
773 498 1100 568 frequentata
1131 503 1328 560 locutio
1355 514 1457 561 est.

587 585 685 658 [lb.
714 586 829 661 24.]
860 589 926 644 Et
968 592 1297 647 indurabatur
1323 595 1375 648 in
1412 594 1567 650 Jabin
1611 612 1776 667 regem
1810 595 2051 653 Chanaan
2075 614 2096 654 :

513 691 653 732 novo
682 679 841 734 modo
869 683 1096 751 positum
1119 692 1201 738 est
1220 683 1320 739 hoc
1350 686 1592 752 verbum,
1620 686 1969 758 indurabatur,
1993 705 2090 760 pro

513 783 580 825 eo
606 772 747 840 quod
772 782 873 839 est,
903 772 1057 829 fortis
1082 774 1408 832 efﬁciebatur
1426 786 1480 832 et
1507 778 1840 846 praevalidus.

583 859 743 932 [lb.v,
765 862 879 935 26.]
906 863 1189 934 Perforavit
1213 876 1362 937 caput
1384 869 1510 938 ejus,
1534 879 1581 923 et
1603 872 1844 940 percussit
1868 886 1887 925 :
1911 870 1961 927 id
1984 880 2086 942 est,

506 952 769 1019 percussit
793 963 950 1023 caput
976 955 1110 1024 ejus,
1138 967 1191 1011 et
1216 956 1524 1026 perforavit.

580 1039 679 1111 [lb.
702 1040 816 1114 51]
847 1044 937 1098 Sic
975 1054 1181 1114 pereant
1205 1063 1373 1101 omnes
1410 1048 1602 1103 inimici
1638 1050 1730 1113 tui,
1761 1049 2013 1118 Domine;
2040 1040 2089 1113 et

507 1130 768 1201 diligentes
804 1149 916 1186 eum
960 1135 1086 1189 sicut
1124 1146 1261 1192 ortus
1298 1138 1420 1192 solis
1458 1139 1511 1193 in
1546 1141 1767 1210 potentia
1795 1142 1903 1212 ejus
1932 1157 1951 1196 :
1979 1158 2085 1197 non

504 1219 670 1287 dixit,
702 1222 980 1293 diligentes
1019 1233 1106 1293 te,
1148 1242 1270 1283 cum
1310 1229 1490 1301 utique
1515 1229 1581 1286 de
1610 1230 1835 1287 Domino
1864 1233 2085 1305 intelligi

503 1312 679 1365 vellet.

577 1398 675 1471 [lb.
697 1416 769 1465 γι,
789 1401 867 1475 5.]
882 1403 949 1457 Et
965 1406 1155 1473 factum
1170 1416 1263 1473 est,
1286 1410 1487 1479 quando
1511 1411 1772 1465 seminavit
1790 1413 1865 1466 vir
1884 1411 2049 1469 Israel
2064 1430 2083 1469 .'

501 1506 609 1545 non
636 1508 797 1546 unum
828 1494 1094 1550 hominem
1120 1498 1400 1567 signiﬁcat,
1429 1501 1521 1556 sed
1548 1501 1715 1570 ipsam
1743 1512 1972 1573 gentem.

573 1578 672 1652 [lb.
701 1580 779 1655 5.]
807 1584 1115 1641 Ascendebat
1143 1587 1357 1642 Madian
1372 1598 1418 1643 et
1439 1588 1681 1644 Amalech
1705 1600 1750 1645 et
1773 1592 1870 1661 ﬁlii
1898 1592 2083 1648 Orien-

502 1669 596 1733 tis,
628 1678 675 1723 et
702 1671 998 1749 ascendebat
1023 1691 1174 1745 super
1199 1692 1354 1731 eum:
1380 1677 1479 1731 ista
1513 1680 1761 1748 repetitio
1790 1680 1939 1735 verbi
1973 1696 2079 1737 non

500 1757 710 1813 videtur
734 1761 927 1817 habere
955 1764 1164 1819 solitam
1190 1765 1503 1836 elegantiam
1528 1769 1611 1823 vel
1632 1769 1900 1824 aﬁ'ectum.

575 1847 672 1922 [lb.
690 1848 767 1921 9.]
786 1850 852 1904 Et
865 1852 1069 1907 liberavi
1088 1871 1173 1909 vos
1196 1856 1258 1909 de
1272 1873 1425 1909 manu
1440 1855 1661 1928 {Egypti
1683 1874 1701 1911 :
1721 1873 1816 1927 per
1838 1874 2074 1928 manum,

498 1949 815 2011 potestatem
841 1944 1134 2013 signiﬁcat;
1160 1963 1256 2016 per
1274 1947 1583 2020 1Egyptum,
1614 1948 1913 2020 Egyptios.

572 2030 669 2103 [lb.
694 2032 806 2105 15]
826 2033 897 2086 Et
920 2035 1045 2089 dixit
1065 2037 1134 2089 ad
1154 2052 1267 2091 eum
1284 2036 1506 2105 Gedeon,
1537 2037 1602 2092 In
1622 2056 1718 2105 me,
1739 2039 1955 2094 Domine
1971 2041 2077 2096 mi:

496 2119 926 2191 subintelligitur,
964 2124 1196 2192 intende,
1234 2126 1337 2181 hoc
1375 2135 1475 2193 est,
1508 2127 1565 2182 In
1606 2143 1691 2183 me
1732 2129 1982 2197 intende;
2021 2138 2077 2186 et

497 2216 581 2264 est
608 2210 707 2265 ista
733 2211 929 2266 locutio
950 2212 1235 2283 Scripturis
1260 2213 1691 2271 familiarissima.

569 2299 668 2372 [11).
690 2299 800 2374 15]
825 2301 889 2355 Ει
913 2303 958 2357 si
979 2314 1051 2357 est
1072 2304 1317 2359 Dominus
1343 2305 1619 2372 nobiscum,
1652 2315 1699 2360 et
1727 2306 1906 2377 utquid
1933 2305 2073 2362 inve-

496 2401 677 2445 nerunt
698 2409 788 2446 nos
808 2394 977 2448 omnia
998 2395 1133 2449 mala
1150 2396 1284 2451 ista?
1299 2395 1426 2451 Plus
1447 2396 1605 2452 habet
1620 2397 2071 2467 conjunctionem,

494 2490 563 2549 et,
602 2482 738 2538 sicut
779 2485 917 2541 solet
964 2485 1109 2556 loqui
1152 2486 1446 2557 Scriptura,
1491 2502 1609 2558 qua:
1654 2489 1700 2543 si
1742 2488 2069 2555 detrahatur,

494 2573 651 2642 plena
686 2577 950 2631 sententia
993 2586 1102 2641 est,
1131 2578 1199 2633 Et
1227 2581 1271 2633 si
1298 2589 1369 2634 est
1398 2579 1644 2634 Dominus
1673 2580 1959 2650 nobiscum,
1989 2590 2071 2635 ut-

494 2665 617 2734 quid
640 2666 932 2723 invenerunt
952 2686 1043 2724 nos
1064 2672 1233 2725 omnia
1258 2672 1394 2725 mala
1416 2671 1549 2725 ista?
1567 2672 1816 2738 Quamvis
1839 2682 1893 2728 et
1917 2688 2075 2743 supea

492 2757 605 2813 rior
628 2758 931 2829 conjunctio
956 2762 1126 2831 possit
1152 2762 1296 2817 salva
1322 2763 1587 2818 sententia
1611 2763 1837 2831 detrahi,
1865 2773 1921 2818 ut
1949 2780 2070 2819 cum

493 2846 735 2916 dixisset,
766 2847 835 2903 In
861 2866 971 2916 me,
1002 2849 1218 2905 Domine
1252 2851 1356 2918 mi;
1385 2851 1583 2907 deinde
1624 2852 1999 2923 subsequatur,
2027 2854 2072 2908 si

494 2925 568 2991 est
587 2934 837 2992 Dominus
883 2939 1169 3007 nobiscum,
1209 2940 1385 3010 utquid
1430 2942 1720 2996 invenerunt
1765 2959 1858 2996 nos
1903 2944 2071 2996 omnia

494 3030 632 3084 mala
669 3032 803 3085 ista:
835 3032 1002 3104 magis
1038 3033 1181 3088 enim
1222 3033 1325 3089 hoc
1357 3034 1518 3104 exigit
1553 3043 1753 3089 nostra:
1790 3035 2070 3091 locutionis

491 3121 841 3178 consuetudo.
2041 3114 2056 3123 ’

568 3209 666 3287 [11).
682 3209 795 3283 25.]
817 3211 886 3266 Et
902 3213 1111 3267 vitulum
1131 3230 1378 3268 annorum
1396 3222 1603 3285 septem.
1622 3214 1717 3270 Hic
1736 3215 2068 3271 manifestum

492 3308 578 3355 est
622 3300 890 3371 quomodo
932 3302 1127 3358 vitulos
1172 3303 1404 3373 appellet
1443 3304 1715 3374 Scriptura
1745 3323 1759 3358 :
1785 3304 1883 3359 bos
1925 3305 2068 3361 enim

490 3404 754 3447 annorum
774 3399 1000 3461 septem,
1022 3392 1309 3447 secundum
1331 3394 1767 3449 consuetudinem
1788 3386 2069 3450 locutionis

489 3489 713 3548 nostrae,
742 3497 848 3537 non
876 3491 956 3537 est
988 3483 1169 3555 utique
1195 3483 1411 3537 vitulus.
1441 3482 1740 3539 Secundum
1766 3483 1903 3538 hanc
1938 3499 2069 3553 ergo

489 3570 812 3627 locutionem
851 3572 1047 3627 dictum
1086 3584 1167 3628 est
1204 3572 1271 3629 de
1306 3572 1559 3644 Samegar
1582 3575 1622 3641 ί,
1650 3575 1789 3644 quod
1816 3574 2071 3630 occiderit

488 3672 748 3716 sexcentos
776 3664 906 3717 viros
927 3672 1108 3733 prazter
1136 3661 1315 3718 vitulos
1362 3664 1511 3718 boum
1554 3662 1705 3734 (Jud.
1733 3680 1808 3731 ιιι,
1831 3663 1944 3737 51),
1968 3665 2069 3721 hoc

487 3760 571 3809 est
595 3762 788 3824 praeter
816 3754 998 3809 boves.

564 3842 663 3915 [lb.
683 3844 795 3917 54]
817 3844 884 3898 Et
908 3846 1083 3899 cecinit
1108 3846 1161 3900 in
1178 3862 1359 3900 cornea
1380 3861 1400 3899 :
1419 3844 1729 3900 subauditur
1755 3844 1909 3911 tuba;
1932 3860 2069 3916 grat-

486 3948 585 3991 cus
610 3935 751 3990 enim
784 3951 886 3989 non
912 3936 1090 4001 habet,
1119 3936 1264 4002 tuba,
1287 3936 1383 3991 sed
1413 3944 1616 3991 tantum
1637 3951 1852 3991 cornea.

562 4023 660 4098 [lb.
688 4025 1166 4097 vu,12.]Camelis
1209 4044 1377 4081 eorum
1420 4043 1520 4080 non
1562 4035 1668 4081 erat
1714 4043 1979 4093 numerus,
2020 4036 2067 4082 et

489 4125 632 4171 erant
660 4117 788 4170 sicut
814 4133 967 4171 arena
999 4133 1110 4187 quae
1143 4127 1215 4171 est
1240 4120 1307 4169 ad
1336 4118 1519 4171 labium
1543 4117 1716 4170 maris.
1742 4116 1796 4170 lu
1824 4117 2063 4171 multitu-

486 4206 610 4262 dine
635 4216 842 4262 constat
864 4214 1171 4279 ὒπερὸολικώς
1191 4209 1408 4263 dictum.
1430 4209 1554 4263 llaec
1570 4218 1745 4263 autem
1769 4209 2060 4275 translatio,

486 4297 577 4353 ubi
620 4298 806 4353 labium
850 4299 1005 4352 maris
1052 4300 1225 4369 posuit
1267 4314 1361 4368 pro
1407 4298 1604 4365 littore,
1640 4298 1851 4353 assidua
1892 4307 1973 4354 est
2010 4301 2063 4354 in

485 4385 793 4456 Scripturis,
824 4386 917 4442 sed
946 4402 1063 4441 rara
1087 4396 1164 4442 e5!
1197 4387 1247 4441 in
1275 4387 1451 4440 latinis
1477 4386 1769 4453 codicibus,
1798 4387 1918 4456 quia
1948 4388 2064 4457 ple-

484 4479 636 4549 rique
665 4479 811 4533 littus
850 4479 1179 4549 interpretati
1218 4486 1373 4545 sunt,
1402 4478 1570 4548 magis
1594 4478 1717 4547 quid
1744 4479 2065 4548 signiﬁcaret

483 4570 680 4624 labium
703 4571 940 4626 volentes
964 4586 1179 4640 ponere,
1204 4586 1361 4641 quam
1388 4571 1559 4640 ipsum
1582 4570 1799 4625 labium.
1822 4572 1953 4625 Nam
1976 4570 2064 4626 lit-

483 4668 570 4715 tus
611 4661 658 4716 si
697 4661 894 4716 vellent
933 4661 1273 4732 Septuaginta
1326 4662 1645 4731 interpretes
1696 4662 1908 4729 dicere,
1951 4678 2060 4718 non

482 4750 696 4807 deesset
722 4752 911 4822 linguae
934 4768 1122 4823 graeca:
1146 4752 1286 4824 quod
1305 4752 1563 4809 dicerent.

555 4840 653 4915 [lb.
676 4840 789 4916 16.]
819 4841 888 4896 Et
908 4844 1073 4897 divisit
1102 4852 1343 4899 trecentos
1366 4844 1498 4899 viros
1524 4861 1614 4915 per
1639 4845 1735 4899 tria
1764 4845 2012 4917 principia
2039 4860 2061 4901 :

480 4947 580 5005 pro
606 4935 840 5004 partibus
866 4935 1114 5006 principia
1140 4934 1331 5004 posuit.

552 5024 651 5098 [lb.
677 5041 789 5093 vnt,
808 5025 884 5098 1.]
906 5026 973 5080 Et
1007 5026 1237 5081 dixerunt
1265 5028 1332 5081 ad
1353 5026 1551 5082 Gedeon
1581 5027 1675 5083 viri
1698 5026 1939 5099 Ephra'm
1961 5044 1980 5083 :
2005 5028 2058 5084 id

479 5128 563 5174 est
591 5118 685 5172 viri
713 5118 780 5173 de
812 5119 949 5173 tribu
975 5119 1240 5188 Ephrmm.

550 5208 649 5281 [lb.
680 5207 756 5281 1.]
780 5207 917 5274 Quid
942 5210 1144 5263 verbum
1164 5208 1257 5262 hoc
1275 5208 1434 5279 fecisti
1462 5206 1622 5273 nobis,
1649 5215 1704 5260 ut
1729 5224 1829 5261 non
1857 5224 2057 5263 vocares

477 5318 568 5355 nos
593 5318 707 5355 cum
742 5302 901 5356 exires
937 5317 1163 5373 pugnare
1192 5301 1245 5353 in
1282 5299 1531 5355 Madian?
1551 5298 1767 5355 verbum
1793 5315 1889 5369 pro
1919 5299 2056 5355 facto

474 5393 673 5461 posuit.

550 5479 731 5553 [lb.tx,
758 5477 839 5552 4.]
863 5479 930 5533 Et
956 5479 1199 5534 dederunt
1226 5478 1539 5551 septuaginta
1565 5477 2058 5549 argenti:subaudi-

472 5582 589 5639 tur,
615 5572 809 5641 pondo,
831 5572 917 5627 vel
946 5572 1050 5626 tale
1074 5571 1271 5641 aliquid
1296 5590 1310 5626 :
1334 5571 1696 5645 interpretatio
1720 5586 1784 5626 ex
1814 5569 2050 5637 liebrzco,

473 5666 792 5737 septuaginta
818 5664 984 5735 pondo
1011 5663 1192 5720 habet.

464 5804 471 5811 ,
537 5758 558 5791 ³
581 5763 631 5807 ω
648 5763 778 5818 uss,
802 5766 1045 5818 Sagcntar.

1232 270 1243 274 ἲ
1286 296 1723 357 LOCUTIONUM
1760 299 1819 358 S.
1849 301 2217 363 AUGUSTINI
2269 306 2337 365 IN
2371 309 2933 375 HEPTATEUCHUM

2277 423 2375 496 [lb.
2393 426 2544 499 4.]Et
2573 433 2814 487 conduxit
2836 435 2891 489 in
2917 435 3041 506 ipsis
3066 436 3350 496 Abimeleclt
3373 444 3505 501 viros
3529 463 3548 501 :
3566 448 3619 505 in
3646 452 3777 520 ipsis

2198 515 2351 613 dixit,
2374 534 2470 613 pro
2490 536 2556 577 ex
2584 523 2732 592 ipsis,
2754 526 2808 580 id
2830 536 2996 584 estex
3021 533 3222 600 argenti
3243 535 3421 604 pondo
3445 515 3775 613 septuaginta

2196 608 2450 665 conduxit
2472 613 2633 667 viros.

2379 699 2457 774 4.]
2484 700 2631 757 Viros
2654 705 2826 762 inanes
2845 716 2891 762 et
2905 711 3217 779 perturbatos
3238 731 3253 767 :
3278 714 3460 773 inanes
3484 722 3659 788 posuit
3675 738 3771 793 pro

2194 787 2428 856 levibus,
2460 794 2648 863 quibus
2689 806 2811 850 sunt
2850 803 3101 855 contrarii
3140 820 3355 873 graves;
3389 787 3529 865 unde
3554 787 3764 881 dicit—ur,

2192 878 2260 934 In
2283 884 2471 951 populo
2490 887 2631 956 gravi
2655 887 2872 943 laudabo
2898 900 2947 945 te
2976 892 3144 961 (Psal.
3171 911 3353 964 xxxiv,
3384 900 3494 970 18).

2263 990 2362 1064 [lb.
2384 992 2463 1066 5.]
2489 994 2556 1048 Et
2582 998 2784 1053 intravit
2810 1001 2862 1055 in
2882 1002 3086 1058 domum
3116 1008 3276 1075 patris
3304 1011 3385 1063 sui
3405 1012 3459 1065 in
3477 1012 3760 1083 Ephrat/ta,

2189 1091 2235 1135 et
2272 1084 2517 1155 interfecit
2550 1088 2707 1157 [rates
2739 1108 2858 1147 suos
2883 1094 3017 1161 ﬁlios
3035 1095 3274 1154 Jerobaal
3294 1106 3610 1174 septuaginta
3632 1110 3763 1162 viros

2187 1187 2337 1266 super
2372 1174 2593 1266 lapidem
2621 1195 2777 1234 unum
2812 1196 2832 1237 :
2866 1184 2988 1252 quia
3024 1184 3133 1255 jam
3164 1189 3403 1258 superius
3431 1197 3760 1266 septuaginta

2186 1259 2392 1317 dixerat
2440 1264 2577 1320 ﬁlios
2612 1268 2889 1339 Jerobaal,
2925 1272 2977 1327 id
3016 1284 3097 1330 est
3123 1276 3375 1346 Gedeon;
3406 1291 3459 1336 et
3494 1259 3644 1339 nunc
3666 1302 3760 1343 eos

2185 1354 2514 1424 septuaginta
2548 1356 2675 1412 dicit
2706 1360 2914 1416 occisos
2938 1380 2951 1416 :
2975 1367 3213 1432 quamvis
3240 1368 3415 1424 minus
3443 1373 3604 1427 occisi
3643 1374 3759 1429 fue-

2183 1443 2293 1499 rint
2318 1444 2459 1511 duo;
2492 1447 2543 1502 id
2572 1457 2682 1516 est,
2720 1451 2833 1520 ipse
2869 1454 2956 1523 qui
2994 1456 3205 1521 occidit,
3230 1468 3284 1513 et
3302 1459 3542 1515 Joatham
3576 1464 3760 1532 junior

2182 1535 2271 1603 qui
2296 1537 2468 1601 latuit,
2488 1539 2555 1595 de
2574 1556 2680 1610 quo
2700 1543 2994 1614 adjungeus
3017 1547 3163 1615 dicit,
3191 1560 3236 1603 et
3262 1554 3497 1607 remansit
3515 1554 3758 1610 Joatlwm

2181 1624 2320 1693 ﬁlius
2342 1626 2585 1684 Jerobaal
2599 1632 2797 1701 junior,
2824 1636 3059 1704 quoniam
3080 1638 3337 1694 abscondit
3352 1658 3406 1696 se
3426 1658 3446 1697 :
3462 1658 3525 1697 ac
3540 1660 3635 1714 per
3655 1626 3758 1702 hoc

2180 1719 2482 1775 universum
2504 1737 2780 1779 numerum
2810 1728 2982 1796 posuit
3010 1744 3104 1797 pro
3128 1745 3264 1799 pene
3288 1734 3562 1789 universo.

2252 1806 2350 1881 [1b.
2372 1808 2487 1883 25.]
2510 1811 2576 1865 Et
2600 1825 2892 1883 spreverunt
2906 1818 2999 1871 viri
3020 1817 3364 1875 Sichimorum
3388 1824 3440 1877 in
3460 1825 3608 1880 domo
3629 1826 3756 1881 Abi-

2177 1898 2367 1953 meleclt
2389 1916 2409 1955 :
2428 1917 2532 1957 non
2563 1903 2712 1971 dixit,
2743 1918 3058 1975 spreverunt
3081 1910 3296 1967 domum
3324 1914 3653 1973 Abimelech.

2251 1986 2349 2060 [lb.
2376 1989 2490 2063 54]
2530 1992 2598 2046 Et
2620 1995 2848 2050 insidiati
2875 2008 2992 2052 sunt
3033 2016 3184 2073 super
3219 2002 3499 2059 Sic/timum
3536 2018 3753 2078 quatuor

2177 2078 2424 2151 principia
2451 2096 2471 2136 :
2494 2083 2547 2137 id
2573 2093 2674 2149 est,
2702 2097 2926 2156 quatuor
2955 2100 3131 2158 partes
3158 2109 3172 2146 :
3193 2091 3305 2162 jam
3335 2094 3488 2150 istam
3524 2097 3752 2153 locutio-

2175 2182 2299 2223 nem
2328 2173 2571 2240 superius
2595 2175 2754 2230 etiam
2779 2179 3095 2236 notavimus.

2164 2272 2168 2276 '
2248 2261 2347 2335 [lb.
2369 2261 2482 2335 45]
2511 2264 2576 2318 Et
2600 2268 2791 2335 accepit
2827 2271 3090 2339 populum,
3136 2282 3183 2327 et
3219 2274 3383 2329 divisit
3406 2294 3519 2331 eum
3554 2279 3605 2332 in
3648 2280 3749 2334 tria

2176 2353 2710 2425 principiamccepit,
2752 2357 2883 2413 dixit
2916 2360 2983 2416 de
3024 2362 3112 2417 illo
3146 2366 3337 2434 populo
3365 2368 3452 2437 qui
3492 2383 3611 2423 cum
3652 2372 3745 2425 illo

2174 2454 2321 2511 erat;
2349 2454 2403 2501 et
2429 2446 2517 2501 hic
2540 2449 2637 2502 tria
2665 2450 2914 2521 principia
2949 2468 3047 2523 pro
3076 2455 3245 2513 tribus
3278 2460 3514 2527 partibus
3549 2464 3743 2530 posuit.

2247 2536 2345 2610 [lb.
2373 2537 2487 2611 55.]
2514 2540 2580 2595 Et
2606 2542 2832 2597 abierunt
2860 2545 2953 2599 viri
2974 2546 3135 2601 locum
3159 2564 3307 2603 suum
3330 2567 3344 2581 ο
3370 2552 3420 2605 id
3442 2562 3552 2618 est,
3578 2569 3745 2608 unus-

2173 2642 2414 2699 quisque.

2245 2717 2343 2793 [lb.
2358 2735 2432 2787 xi,
2452 2720 2530 2793 8.]
2549 2721 2617 2775 Et
2635 2724 2732 2777 eris
2752 2724 2892 2780 nobis
2911 2726 2965 2781 in
2984 2735 3135 2797 caput
3156 2729 3386 2785 omnibus
3409 2731 3745 2789 habitantibus

2174 2807 2376 2863 Galaad
2399 2826 2543 2866 :non
2577 2814 2740 2880 dixit,
2776 2816 2882 2871 eris
2921 2818 3072 2872 nobis
3108 2830 3294 2888 caput;
3326 2822 3402 2876 sic
3429 2825 3569 2876 enim
3608 2825 3747 2879 solet

2173 2900 2319 2972 loqui
2340 2902 2610 2973 Scriptura
2634 2923 2647 2959 :
2671 2907 2810 2961 unde
2836 2917 2934 2975 est,
2960 2908 3084 2963 Esto
3105 2911 3228 2963 mihi
3252 2912 3304 2965 in
3323 2911 3483 2967 Deum
3504 2925 3747 2984 protecto-

2171 3009 2278 3046 rem
2323 3002 2370 3048 et
2410 2995 2465 3047 in
2502 2996 2705 3050 domum
2746 3000 2929 3069 refugii
2977 2998 3169 3071 (Psal.
3198 3017 3322 3069 xxx,
3352 3002 3454 3074 5),
3489 3014 3543 3059 et
3580 3006 3744 3060 multa

2172 3081 2513 3153 huiusmodi;
3572 3089 3576 3092 ’

2244 3173 2344 3247 [11).
2372 3175 2485 3247 54]
2512 3176 2578 3230 Et
2606 3177 2713 3232 huic
2736 3180 2885 3231 unica
2913 3180 2979 3247 ei,
3002 3189 3049 3234 et
3073 3197 3170 3235 non
3192 3190 3265 3236 est
3280 3193 3461 3252 printer
3483 3184 3647 3253 ipsam
3674 3187 3743 3254 fi-

2170 3265 2270 3320 lius
2296 3276 2382 3319 aut
2405 3268 2515 3335 ﬁlia
2538 3284 2557 3321 :
2578 3268 2679 3323 hoc
2705 3277 2787 3325 est
2808 3271 2949 3339 quod
2976 3271 3174 3326 dictum
3199 3281 3315 3341 est,
3353 3276 3499 3328 unica
3536 3277 3618 3341 ei;
3646 3277 3743 3332 sed

2171 3364 2387 3425 propter
2415 3357 2660 3412 allectum
2690 3360 2914 3427 repetita
2955 3362 3215 3417 sententia
3244 3370 3346 3418 est.
3379 3364 3442 3417 Et
3472 3382 3571 3419 non
3601 3376 3671 3420 est
3698 3367 3747 3421 ei

2172 3456 2354 3517 praua
2378 3448 2542 3518 ipsam
2560 3447 2697 3517 ﬁlius
2716 3457 2805 3502 aut
2824 3451 2934 3517 ﬁlia
2956 3465 2976 3504 :
2996 3466 3095 3505 non
3121 3461 3194 3505 est
3215 3452 3281 3518 ei,
3303 3468 3402 3523 pro
3429 3469 3535 3510 non
3559 3464 3675 3510 erat
3694 3457 3745 3512 ei

2170 3536 2368 3593 dictum
2389 3546 2501 3605 est;
2530 3541 2798 3608 praeterita
2826 3540 3020 3610 quippe
3040 3552 3341 3598 narrantur.

2242 3628 2343 3702 [lb.
2368 3645 2484 3697 xui,
2507 3629 2586 3703 2.]
2614 3631 2682 3684 Et
2708 3647 2836 3685 uxor
2870 3633 2979 3703 ejus
3017 3633 3220 3699 sterilis,
3264 3643 3313 3689 et
3336 3651 3437 3689 non
3479 3636 3704 3706 pariebat
3725 3651 3747 3692 :

2170 3735 2290 3776 cum
2313 3721 2573 3791 potuisset
2596 3721 2842 3777 sufﬁcere
2860 3722 2999 3792 quod
3026 3722 3225 3778 dictum
3251 3733 3350 3790 est,
3376 3727 3577 3779 sterilis.

2242 3810 2338 3883 [lb.
2358 3808 2436 3882 8.]
2462 3810 2530 3863 Et
2557 3820 2785 3880 precatus
2812 3821 2884 3865 est
2909 3811 3098 3867 Manus
3124 3812 3397 3868 Dominum
3426 3824 3472 3869 et
3499 3816 3645 3883 dixit,
3675 3814 3746 3871 In

2168 3917 2267 3967 me,
2290 3900 2543 3965 Domine;
2569 3902 2716 3955 homo
2741 3900 2839 3955 Dei
2868 3918 3013 3971 quem
3047 3903 3243 3970 misisti,
3279 3905 3442 3958 veniat
3479 3922 3613 3959 nunc
3645 3907 3743 3959 ite-

2167 4009 2281 4047 rum
2309 3994 2376 4046 ad
2395 4008 2486 4047 nos
2510 4007 2530 4047 :
2550 3991 2615 4046 In
2644 4009 2722 4047 me
2743 3993 2812 4046 ita
2840 3992 3038 4047 dictum
3067 4002 3149 4049 est
3178 4003 3234 4049 ut
3260 3994 3622 4063 subaudiatur,
3655 3997 3743 4051 in-

2168 4083 2345 4140 tende.

2239 4174 2339 4248 [lb.
2358 4191 2446 4242 xv,
2465 4174 2541 4247 8.]
2564 4174 2631 4228 Et
2659 4176 2897 4245 percussit
2917 4191 3001 4229 eos
3020 4175 3191 4229 tibiam
3214 4192 3364 4247 super
3393 4179 3555 4248 femur
3579 4192 3600 4231 :
3624 4176 3743 4233 hac

2167 4268 2363 4323 locutio
2392 4267 2640 4321 inusitata
2669 4275 2771 4335 est,
2810 4276 2986 4322 tamen
3030 4268 3225 4322 locutio
3258 4276 3369 4332 est,
3405 4283 3508 4321 non
3547 4268 3743 4338 aliquis

2167 4360 2221 4414 in
2248 4374 2474 4430 corpore
2503 4359 2736 4413 vulneris
2779 4358 2947 4422 locus,
2980 4358 3118 4413 sicut
3145 4358 3197 4412 in
3219 4358 3611 4425 Qumstionibus
3638 4373 3739 4413 ex-

2167 4451 2350 4521 posui;
2392 4451 2493 4505 hoc
2534 4458 2647 4513 est,
2686 4449 2946 4518 percussit
2978 4463 3071 4503 eos
3098 4448 3165 4502 ad
3198 4448 3600 4521 admirationem
3621 4488 3637 4516 ,
3666 4447 3737 4503 ad

2164 4552 2435 4612 stuporem
2466 4541 2679 4613 (Quazst.
2703 4542 2755 4594 in
2777 4540 2902 4593 Jud.
2922 4551 3095 4606 qutest.
3116 4541 3231 4609 55).

2236 4632 2334 4707 [11).
2356 4632 2464 4705 10]
2480 4632 2543 4686 Et
2564 4633 2796 4686 dixerunt
2818 4632 2895 4685 vir
2912 4630 3069 4697 Iuda,
3090 4631 3259 4696 Quare
3280 4632 3742 4712 ascendistisiupir

2164 4701 2258 4781 nos
2279 4741 2297 4780 :
2316 4701 2638 4796 singularem
2667 4725 2842 4794 posuit
2861 4739 2957 4794 pro
2976 4724 3187 4795 plurali,
3205 4701 3740 4780 dixeruntr'ém

2162 4816 2317 4886 Juda,
2347 4834 2451 4873 non
2478 4832 2612 4872 unus
2635 4817 2736 4871 vir.

2234 4907 2459 4980 [lb.12.]
2490 4907 2571 4961 Ne
2600 4911 2728 4981 forte
2751 4908 3023 4962 occurratis
3048 4907 3101 4961 in
3131 4924 3209 4962 me
3234 4923 3320 4962 vos
3343 4923 3363 4962 :
3382 4923 3481 4978 pro
3505 4923 3571 4963 eo
3595 4909 3739 4978 quod

2162 5012 2263 5070 est,
2292 5001 2545 5057 occidatis
2570 5017 2687 5065 me;
2714 5009 2768 5055 et
2796 5000 2910 5054 haec
2932 4999 3129 5055 locutio
3155 5000 3205 5055 iu
3231 5000 3621 5067 Quaastionibus
3641 5016 3739 5055 ex-

2161 5096 2331 5164 posita
2359 5103 2439 5148 est
2467 5092 2576 5163 (Id.
2605 5100 2781 5163 quiest.
2810 5092 2924 5159 56).

2235 5186 2332 5259 [lb.
2367 5183 2477 5255 15]
2500 5184 2569 5237 Et
2596 5184 2914 5247 reduxerunt,
2935 5199 3045 5236 eum
3067 5182 3129 5236 de
3166 5191 3326 5252 petra,
3357 5192 3402 5236 et
3426 5182 3555 5236 venit
3582 5198 3743 5252 usque

2160 5279 2229 5332 ad
2255 5278 2525 5333 Maxillam
2551 5291 2571 5329 :
2594 5276 2742 5330 locus
2779 5282 2863 5328 est
2900 5274 2977 5329 sic
3017 5274 3309 5343 appellatus
3347 5281 3531 5341 postea
3568 5287 3634 5327 ex
3673 5286 3742 5325 eo

2160 5369 2302 5425 facto
2343 5367 2485 5439 quod
2528 5365 2601 5421 ibi
2642 5364 2806 5435 gessit
2844 5364 2957 5434 ipse
2991 5362 3236 5428 Samson,
3275 5361 3485 5431 quando
3528 5360 3740 5414 maxilla

2160 5463 2295 5518 asini
2336 5474 2595 5531 pugnans,
2634 5456 2780 5511 mille
2822 5455 3140 5525 prostravit:
3169 5452 3271 5508 hoc
3307 5467 3436 5523 ergo
3474 5467 3570 5522 per
3612 5468 3742 5520 pro-

2160 5552 2349 5623 lepsim
2378 5551 2576 5604 dictum
2606 5557 2707 5612 est,
2747 5548 2868 5617 quia
2911 5554 3030 5616 post
3067 5546 3154 5599 illa
3194 5546 3370 5599 omnia
3411 5552 3587 5614 gesta,
3625 5543 3742 5599 haec

2161 5644 2380 5700 historia
2410 5640 2710 5709 conscripta
2739 5646 2840 5693 est.
3118 5694 3125 5703 ο

2232 5732 2447 5808 [11).14.]
2468 5733 2611 5790 Sicut
2633 5741 2782 5803 stupa
2799 5746 2913 5785 cum
2932 5727 3182 5786 olet‘ecerit
3206 5727 3409 5800 ignem:
3428 5725 3737 5797 metaphora
