4094 6470
327 356 435 413 545

324 645 509 717 ignem
544 646 804 712 senserit;
832 646 1074 715 quamvis
1111 656 1165 701 et
1196 646 1298 702 hoc
1324 646 1464 717 quod
1494 646 1631 713 dixi,
1657 649 1908 715 senserit,

323 733 395 789 ad
415 735 659 790 eamdem
685 736 1051 806 metaphoram
1077 737 1358 806 pertineat,
1376 736 1469 792 sed
1489 736 1555 792 ad
1580 737 1907 794 celeritatem

325 826 728 897 intelligendam
759 828 984 897 pertinet
1010 828 1152 898 quod
1174 828 1372 883 dictum
1402 836 1500 893 est,
1532 828 1801 900 olefecerit.

397 914 499 987 [Ib.
532 914 642 987 15.]
668 915 737 969 Et
769 917 991 971 extendit
1022 933 1227 970 manum
1264 933 1430 984 suam,
1459 926 1504 971 et
1536 920 1727 989 accepit
1761 935 1870 972 eam
1890 935 1910 975 :

319 1007 426 1059 etsi
455 1020 560 1059 non
590 1006 791 1061 diceret
813 1007 1037 1061 extendit
1063 1024 1271 1061 manum
1292 1024 1466 1075 suam,
1490 1008 1667 1079 utique
1696 1018 1907 1065 extenta

319 1113 485 1152 manu
517 1107 785 1167 acceptam
816 1098 1249 1169 inlelligeremus.
1881 1115 1889 1121 ·

394 1186 503 1260 [11).
538 1203 650 1253 xvr,
674 1186 753 1261 2.]
776 1187 843 1241 Et
863 1190 1145 1243 nuntiatum
1174 1198 1245 1243 est
1266 1187 1483 1257 Gazceis,
1507 1189 1726 1245 dicentes
1754 1208 1769 1246 :
1800 1206 1905 1246 non

318 1281 418 1344 ait,
443 1278 819 1334 nuntiaverunt
842 1280 1099 1349 dicentes,
1129 1288 1218 1335 aut
1246 1281 1543 1337 nuntiatum
1570 1291 1651 1337 est
1677 1296 1707 1335 a
1734 1282 1906 1338 dicen-

319 1368 486 1422 tibus.

390 1456 493 1530 [lb.
529 1456 607 1530 7.]
631 1457 692 1512 Si
732 1459 996 1531 ligaverint
1040 1476 1119 1514 me
1155 1460 1209 1515 in
1246 1468 1436 1531 septem
1478 1461 1641 1516 nervis
1686 1461 1905 1517 humidis

317 1548 547 1601 nondum
572 1548 769 1603 siccatis
794 1564 813 1603 :
833 1564 937 1604 non
957 1551 1051 1616 ait,
1073 1558 1276 1623 septem
1299 1552 1495 1617 nervis,
1525 1550 1619 1606 sed
1647 1552 1699 1605 in
1716 1562 1905 1621 septem

316 1640 505 1693 uernis.

392 1728 491 1801 [Ib.
530 1728 609 1802 7.]
640 1730 701 1784 Si
747 1729 1008 1801 ligaverint
1051 1749 1129 1786 me
1164 1733 1215 1787 in
1240 1741 1427 1803 septem
1471 1733 1634 1788 nervis
1681 1734 1903 1789 humidis

314 1821 545 1874 nondum
599 1822 820 1887 siccatis,
852 1832 899 1877 et
949 1824 1243 1894 inﬁrmabor
1276 1840 1296 1879 :
1330 1826 1543 1896 plenum
1590 1837 1764 1895 esset,
1801 1829 1902 1883 etsi

314 1925 425 1966 non
460 1911 698 1977 haberet,
723 1922 791 1968 et.

1013 354 1103 413 DE
1140 354 1608 427 SUBSEQUENTI
1643 355 2105 428 QUIESTIONUM
2143 359 2372 419 OPEllE
2411 363 2470 421 S.
2508 363 2896 424 AUGUSTINI.

323 466 396 523 ab
421 464 640 521 animali
668 464 735 521 ad
762 465 1080 532 inanimale;
1104 482 1207 522 non
1234 469 1376 523 enim
1402 476 1553 539 stupa
1576 483 1791 525 sensum
1818 469 1914 523 ha-

326 554 421 610 bet
445 555 670 611 olfactus
700 573 713 610 :
740 556 833 611 sed
862 557 932 610 ita
960 555 1159 611 dictum
1188 566 1289 623 est,
1318 572 1382 613 ac
1410 558 1454 611 si
1481 558 1766 623 diceretur,
1789 573 1911 614 cum

3485 378 3592 438 διδ

2015 472 2143 528 nulli
2170 474 2495 544 interpretati
2519 486 2665 545 sunt,
2691 478 3000 545 obsidebant,
3027 480 3119 535 sed
3144 496 3347 551 grazcus
3366 492 3590 554 ικὰθητο.

2015 561 2115 617 hoc
2143 576 2226 618 est
2249 564 2486 630 sedebat,
2518 568 2639 637 quia
2666 568 2870 623 insidize
2892 569 3143 641 singulari
3176 590 3396 630 numero
3415 593 3592 648 graeco

2012 652 2280 718 dicuntur,
2314 670 2413 710 nec
2454 665 2629 725 potest
2668 658 2828 714 latine
2869 660 2972 714 dici
3012 660 3201 716 insidia
3231 680 3242 715 :
3275 664 3472 721 locutio
3499 684 3594 724 au-

2012 751 2118 798 tem
2153 746 2381 800 notanda
2410 756 2551 813 erat,
2581 749 2701 818 quia
2732 749 2929 804 dictum
2959 762 3071 819 est,
3101 752 3301 807 insidite
3326 756 3589 827 sedebant,

2011 848 2108 905 pro
2133 835 2197 891 iis
2224 837 2313 904 qui
2342 837 2763 903 insidiabantur;
2796 840 2894 909 ipsi
2923 841 3064 894 enim
3094 841 3374 898 sedebant.

2082 925 2182 998 [Ib.
2210 925 2319 998 10.]
2362 926 2516 981 Nunc
2560 946 2676 1001 ergo
2706 931 2873 985 indica
2919 933 3042 985 mihi
3084 934 3135 987 in
3175 951 3275 1005 quo
3311 935 3543 1007 ligaberis
3569 954 3591 995 :

2010 1032 2115 1070 non
2146 1016 2239 1083 ait,
2264 1034 2369 1087 quo
2401 1008 2666 1088 ligaberis,
2689 1030 2778 1075 aut
2800 1021 2939 1075 unde
2963 1023 3229 1092 ligaberis.

2082 1108 2180 1182 [Ib.
2202 1110 2313 1183 11.]
2338 1110 2398 1166 Si
2422 1112 2685 1183 ligaverint
2710 1129 2789 1167 me
2814 1114 2867 1167 in
2891 1115 3094 1186 funibus
3121 1116 3409 1172 novis:non
3430 1118 3586 1187 dixit,

2008 1199 2239 1257 funibus.

2081 1289 2178 1363 [Ib.
2208 1290 2320 1364 11.]
2352 1291 2503 1359 Item,
2533 1291 2594 1347 Si
2620 1292 2882 1363 ligaverint
2911 1312 2989 1348 me
3014 1296 3065 1349 in
3092 1296 3330 1365 funiculis
3346 1300 3502 1365 novis,
3531 1300 3586 1355 in

2005 1379 2183 1448 quibus
2209 1398 2309 1435 non
2335 1390 2408 1436 est
2436 1372 2627 1453 factum
2654 1400 2800 1452 opus,
2828 1394 2874 1437 et
2899 1384 3193 1455 inﬁrmabor
3213 1403 3231 1441 :
3249 1388 3465 1458 plenum
3491 1404 3585 1446 es-

2007 1480 2108 1535 set,
2137 1471 2237 1528 etsi
2271 1486 2372 1527 non
2400 1484 2818 1543 przeponeretur,
2846 1484 2912 1529 et.

2079 1561 2177 1633 [Ib.
2201 1560 2313 1636 15.]
2336 1563 2401 1617 Et
2426 1566 2519 1617 hoc
2544 1565 2742 1617 tertium
2771 1564 2996 1636 fefellisti
3023 1568 3373 1635 menmium,
3404 1570 3584 1639 posuit

2006 1666 2102 1721 pro
2148 1652 2331 1719 tertio,
2376 1653 2489 1708 sive
2535 1661 2633 1721 ter,
2684 1668 2875 1708 nomen
2918 1655 3119 1710 scilicet
3169 1671 3267 1727 pro
3307 1657 3581 1723 adverbio,

2006 1742 2144 1813 quod
2171 1752 2223 1797 et
2253 1743 2303 1797 in
2332 1743 2508 1798 latinis
2535 1744 2888 1799 locutiouibus
2914 1746 3183 1816 eleganter
3210 1747 3321 1802 ﬁeri
3352 1749 3507 1804 solet.

2078 1830 2175 1903 [Ib.
2192 1832 2305 1905 26.]
2325 1832 2531 1888 Dimitte
2558 1850 2655 1901 me,
2679 1843 2724 1887 et
2744 1836 2958 1905 palpabo
2980 1838 3255 1905 columnas,
3281 1855 3431 1911 super
3454 1856 3580 1912 quas

2005 1922 2183 1977 domus
2212 1922 2506 1993 conﬁrmata
2534 1932 2604 1979 est
2633 1941 2781 1995 super
2806 1941 2909 1979 eas.

390 2000 489 2074 [Ib.
514 2001 591 2075 9.]
615 2002 682 2058 Et
707 2004 904 2059 insidia
921 2007 968 2061 ei
986 2006 1217 2061 sedebant
1245 2007 1299 2061 in
1322 2009 1551 2063 cubiculo
1568 2008 1739 2079 :qttod
1763 2025 1899 2065 non-

827 2280 970 2349 DE
1023 2280 1778 2370 SUBSEQUENTI
1839 2285 2609 2370 QU/BSTIONUM
2672 2287 3071 2359 OPERE.

1770 2439 2137 2496 ιθςοοοθοοω

1472 2577 1597 2620 LIB.
1642 2577 1714 2619 Π.
1751 2576 2065 2619 RETRACT.
2100 2578 2303 2622 CAPUT
2342 2580 2442 2625 LV.

383 2704 436 2757 1.
480 2701 671 2757 Eodem
700 2710 919 2773 tempore
958 2702 1033 2776 (a)
1060 2704 1242 2773 scripsi
1263 2705 1415 2758 etiam
1444 2703 1595 2757 libros
1626 2701 1971 2767 Quaestionum
2001 2702 2064 2755 de
2091 2702 2253 2756 Libris
2282 2704 2467 2757 eisdem
2492 2704 2674 2757 divinis
2700 2714 2904 2776 septem,
2930 2722 3053 2775 quos
3080 2705 3193 2761 ideo
3217 2708 3476 2778 appellare
3498 2726 3576 2765 sic

302 2794 465 2859 colui,
502 2796 621 2864 quia
647 2810 707 2849 ea
729 2810 841 2864 qua:
875 2795 941 2850 ibi
969 2796 1311 2865 disputantur,
1354 2797 1511 2865 magis
1542 2795 1812 2865 quaerenda
1841 2795 2101 2865 proposui,
2131 2812 2281 2863 quam
2309 2797 2517 2864 quasita
2545 2796 2789 2862 dissolvi;
2818 2797 3043 2866 quamvis
3069 2797 3225 2852 multo
3242 2799 3400 2869 plura
3426 2801 3480 2855 in
3509 2802 3582 2856 eis

303 2886 433 2940 mihi
462 2889 725 2941 videantur
751 2890 822 2942 ita
854 2898 1176 2960 pertractata,
1208 2898 1263 2942 ut
1290 2890 1479 2958 possint
1506 2889 1656 2942 etiam
1690 2887 1859 2943 soluta
1895 2898 1940 2942 et
1968 2889 2194 2958 exposita
2224 2906 2323 2943 non
2348 2890 2596 2943 immerito
2615 2889 2859 2959 judicari.
2891 2888 3180 2960 Regnorum
3205 2907 3397 2962 quoque
3424 2894 3578 2949 libros

303 2979 485 3033 eodem
515 2980 663 3031 modo
677 2980 793 3049 jam
816 2980 1133 3035 considerare
1156 2996 1461 3050 coeperamus
1482 2994 1502 3042 ;
1529 2981 1615 3035 sed
1642 2996 1742 3033 non
1766 2980 1981 3033 multum
2008 2982 2274 3050 progressi,
2304 2981 2357 3033 in
2381 2982 2484 3034 alia
2507 2997 2620 3049 qua:
2640 2982 2798 3051 magis
2823 2983 3086 3052 urgebant,
3112 2984 3334 3037 animum
3357 2986 3580 3040 intendi-

304 3084 439 3122 ntus.
472 3068 541 3122 In
582 3070 744 3138 primo
771 3080 937 3124 autem
968 3070 1113 3135 libro,
1153 3070 1237 3123 ubi
1263 3071 1431 3140 agitur
1458 3070 1519 3122 de
1546 3070 1696 3140 virgis
1720 3070 1946 3135 variatis,
1976 3085 2101 3139 quas
2134 3069 2345 3140 ponebat
2371 3068 2533 3123 Jacob
2562 3070 2615 3122 in
2640 3087 2789 3139 aqua,
2818 3081 2874 3123 ut
2901 3072 2955 3124 in
2982 3082 3222 3143 conceptu
3260 3076 3439 3145 posin
3463 3092 3577 3130 oves

304 3177 394 3215 eas
422 3162 643 3216 viderent
685 3178 795 3216 cum
826 3162 1062 3230 biberent,
1093 3172 1139 3217 et
1164 3164 1328 3217 varios
1356 3164 1486 3232 fetus
1516 3173 1746 3232 parerent
1773 3163 1986 3231 (Quaest.
2017 3163 2110 3235 95)
2135 3180 2150 3228 ;
2192 3181 2293 3218 ηοη
2334 3165 2455 3218 bene
2483 3180 2514 3217 a
2543 3164 2683 3219 nobis
2722 3167 2950 3234 ecposita
2978 3177 3051 3221 est
3078 3184 3249 3234 causa,
3278 3185 3367 3222 cur
3393 3170 3576 3222 iterum

304 3257 702 3325 concipientibus
728 3275 825 3311 non
854 3258 1088 3327 ponebat,
1119 3258 1173 3310 id
1198 3266 1269 3311 est
1294 3273 1409 3311 cum
1433 3256 1561 3311 alios
1586 3261 1717 3328 fetus
1743 3256 2078 3323 conciperent,
2105 3256 2192 3310 sed
2218 3257 2270 3309 in
2296 3257 2463 3326 priore
2486 3266 2745 3327 conceptu.
2780 3256 2920 3311 Nam
2947 3260 3232 3327 quaestionis
3262 3261 3469 3315 alterius
3492 3276 3581 3313 exc

304 3348 489 3414 positio
513 3347 620 3418 (Id.
650 3348 762 3419 95),
786 3349 867 3402 ubi
895 3349 1135 3419 quwritur
1160 3364 1249 3401 cur
1278 3348 1458 3402 dixerit
1483 3364 1653 3401 socero
1680 3364 1770 3401 suo
1796 3345 1976 3411 Iacob,
2015 3365 2033 3399 ι
2069 3346 2137 3399 Ει
2162 3347 2398 3416 decepisti
2424 3348 2697 3400 mercedem
2723 3364 2883 3402 meam
2910 3348 3081 3404 decem
3108 3350 3332 3421 agnabus
3362 3370 3380 3404 )
3414 3350 3575 3421 (Gen.

301 3454 464 3507 xxn,
494 3440 608 3510 41),
639 3442 761 3494 satis
802 3443 1038 3495 ueraciter
1065 3441 1299 3505 enodata,
1329 3442 1635 3495 demonstrat
1664 3441 1815 3493 istam
1844 3439 1970 3493 sicut
1999 3439 2124 3493 solvi
2164 3439 2331 3492 debuit
2359 3456 2460 3493 non
2488 3441 2723 3493 solutam.

376 3531 431 3584 2.
476 3529 540 3585 In
566 3532 711 3586 tertio
734 3548 925 3601 quoque
954 3532 1078 3587 libro
1104 3532 1187 3585 ubi
1217 3531 1278 3585 de
1303 3548 1496 3585 summa
1520 3531 1685 3601 agitur
1708 3530 1985 3594 sacerdote,
2010 3530 2258 3600 quomodo
2285 3530 2481 3583 creabat
2512 3530 2669 3598 ﬁlios,
2701 3547 2813 3583 cum
2839 3531 3039 3586 haberet
3063 3534 3399 3588 necessitatem
3423 3534 3496 3588 bis
3520 3535 3575 3589 in

302 3626 387 3678 die
423 3626 618 3695 ingredi
641 3627 695 3679 in
717 3626 909 3681 Sancta
932 3635 1238 3691 sanctorum,
1269 3625 1352 3678 ubi
1382 3634 1487 3678 erat
1517 3625 1677 3677 altare
1701 3623 1908 3687 incensi,
1940 3624 2007 3676 ad
2032 3623 2344 3690 offerendum
2373 3624 2630 3676 incensum
2659 3640 2803 3676 mane
2826 3632 2873 3677 et
2901 3640 3103 3692 vespera
3132 3624 3324 3697 (Exod.
3352 3642 3486 3690 xxx,
3521 3627 3577 3690 7,
3666 3628 3677 3641 '

303 3718 385 3788 8),
428 3736 525 3790 quo
550 3736 648 3773 non
680 3728 863 3789 posset,
895 3720 1021 3773 sicut
1050 3717 1158 3773 Lea:
1201 3719 1342 3785 dicit,
1373 3717 1664 3771 immundus
1692 3716 1922 3781 intrare;
1951 3726 1997 3770 et
2026 3716 2200 3769 eadem
2226 3714 2336 3769 Lex
2360 3717 2513 3781 dicat,
2554 3716 2865 3769 immundum
2909 3720 3015 3786 fieri
3044 3718 3292 3773 hominem
3334 3720 3480 3772 etiam
3510 3736 3572 3773 ea:

304 3808 571 3862 concubitu
596 3810 872 3879 conjugali,
903 3825 1046 3878 quem
1065 3808 1208 3878 jubet
1248 3808 1448 3875 quidem
1488 3807 1647 3860 lavari
1672 3822 1823 3873 aqua,
1853 3805 1941 3859 sed
1969 3815 2013 3858 et
2045 3803 2201 3859 lotum
2229 3805 2349 3858 dicit
2390 3806 2705 3859 immundum
2745 3823 2851 3859 esse
2878 3824 3031 3875 usque
3054 3808 3121 3861 ad
3165 3825 3417 3879 vesperam
3449 3809 3575 3880 (Le-

303 3900 394 3951 rit.
423 3914 518 3961 xv,
550 3898 675 3968 16);
708 3899 840 3952 unde
866 3898 995 3962 dixi,
1018 3917 1037 3949 ‹
1067 3898 1379 3969 Consequens
1405 3899 1578 3968 fuisse,
1609 3905 1663 3949 ut
1688 3906 1775 3949 aut
1800 3896 2058 3949 continens
2087 3904 2230 3954 esset.
2261 3905 2345 3948 aut
2368 3895 2540 3950 diebus
2564 3896 2811 3971 aliquibus
2832 3898 3238 3953 intermitteretur
3262 3900 3518 3955 incensum
3550 3920 3570 3953 ι

306 3992 529 4060 (Quaest.
560 3990 651 4060 82)
684 4009 697 4044 :
729 4007 829 4044 non
854 3990 957 4043 vidi
981 4006 1081 4044 non
1106 3990 1260 4059 fuisse
1306 4004 1627 4058 consequens.
1662 3985 1837 4040 Potest
1863 3986 1992 4039 enim
2019 3985 2092 4039 sic
2112 3984 2326 4055 intelligi
2348 3985 2481 4054 quod
2520 3987 2762 4056 scriptum
2789 3996 2879 4051 est,
2909 4005 2927 4037 ι
2956 3985 3258 4042 Immundas
3286 3991 3379 4042 erit
3419 4007 3579 4061 usque

303 4080 375 4132 ad
399 4096 677 4150 vesperam,
706 4098 723 4131 ι
759 4090 813 4133 ut
853 4096 940 4149 per
964 4079 1127 4149 ipsam
1155 4095 1409 4148 vesperam
1436 4081 1539 4143 iant
1559 4094 1659 4131 non
1689 4087 1812 4130 esset
1839 4077 2147 4140 immundus,
2190 4076 2278 4128 sed
2316 4093 2474 4147 usque
2500 4077 2567 4129 ad
2596 4077 2778 4147 ipsam,
2811 4086 2862 4130 ut
2906 4079 3183 4141 vespertino
3217 4080 3331 4148 jam
3359 4091 3583 4150 tempore

304 4174 566 4237 incensum
608 4174 826 4226 mundus
854 4170 1079 4238 offerret,
1120 4189 1234 4225 cum
1264 4181 1465 4241 prapter
1490 4169 1735 4225 creandos
1760 4169 1895 4237 ﬁlios
1925 4178 2037 4237 post
2065 4169 2365 4221 matutinum
2390 4170 2647 4222 incensum
2688 4169 2871 4222 mixtus
2897 4177 3021 4221 esset
3046 4172 3209 4222 uxori.
3244 4169 3471 4242 Itemque
3499 4172 3582 4226 ubi

303 4262 569 4331 quesitum
596 4271 687 4328 est,
714 4261 963 4331 quomodo
985 4262 1266 4331 prohibitus
1294 4271 1418 4315 esset
1444 4276 1594 4328 super
1616 4261 1773 4329 funus
1800 4259 1959 4328 patris
1988 4258 2221 4311 sacerdos
2246 4276 2467 4312 summus
2495 4260 2684 4313 intrare
2708 4258 2888 4329 (Leuit.
2920 4276 3028 4322 ιιι,
3062 4262 3171 4329 11),
3194 4278 3307 4315 cum
3332 4278 3447 4317 eum
3469 4266 3583 4332 ﬁeri

303 4354 615 4407 sacerdotem
642 4354 864 4425 (quando
890 4370 1018 4407 unus
1039 4352 1169 4421 erat)
1196 4353 1292 4406 nisi
1318 4362 1429 4421 post
1455 4360 1664 4404 mortem
1689 4349 1961 4402 sacerdotis
1983 4349 2141 4417 patris
2166 4364 2265 4401 non
2289 4359 2535 4418 aporteret
2558 4364 2575 4412 ;
2603 4350 2729 4413 dixi,
2760 4369 2777 4399 ι
2822 4350 3036 4419 Propter
3055 4351 3148 4403 hoc
3175 4367 3370 4406 necesse
3394 4354 3567 4421 fuisse,

305 4448 535 4498 nondum
558 4446 751 4515 sepulto
775 4456 916 4517 patre
942 4444 1108 4498 statim
1136 4452 1248 4514 post
1274 4444 1380 4513 ejus
1405 4451 1633 4505 mortem,
1668 4441 1829 4502 ﬁlium
1854 4441 1960 4509 ejus
1982 4439 2236 4504 constitui,
2273 4440 2358 4507 qui
2380 4440 2660 4493 succederet
2690 4440 2821 4509 patri
2841 4456 2860 4503 ;
2890 4449 3091 4508 propter
3120 4441 3269 4493 etiam
3308 4444 3577 4496 continua-

301 4538 459 4591 tionis
487 4538 763 4601 incensum,
790 4536 922 4605 quod
949 4536 1023 4589 bis
1064 4535 1114 4587 in
1141 4535 1223 4587 die
1250 4549 1444 4587 necesse
1467 4540 1575 4585 erat
1602 4529 1775 4596 offerri
1804 4549 1822 4581 )
1850 4530 2063 4599 (Qua’st.
2093 4529 2183 4598 8'5)
2210 4546 2226 4591 ;
2251 4529 2333 4599 qui
2360 4529 2593 4581 sacerdos
2615 4545 2765 4597 super
2790 4536 2996 4580 mortem
3026 4528 3247 4582 nondum
3274 4532 3458 4599 sepulti
3485 4550 3581 4602 pa-

303 4631 396 4684 tris
426 4629 717 4698 prohibetur
739 4630 945 4682 intrare.
980 4626 1084 4681 Sed
1114 4642 1294 4695 parum
1319 4624 1527 4690 attendi,
1571 4624 1788 4692 potuisse
1810 4622 1905 4675 hoc
1934 4620 2141 4690 praecipi
2163 4620 2321 4689 magis
2352 4630 2553 4688 propter
2578 4619 2715 4683 illos,
2750 4619 2833 4688 qui
2864 4619 3021 4688 futuri
3052 4622 3250 4688 fuerant
3279 4625 3462 4677 summi
3486 4642 3577 4678 sa-

302 4721 531 4775 cerdotes
552 4737 650 4774 non
676 4719 901 4791 patribus
921 4720 1128 4773 summis
1155 4716 1493 4772 sacerdotibus
1513 4713 1848 4777 succedentes,
1877 4712 1965 4766 sed
1992 4721 2155 4763 tamen
2174 4726 2236 4762 ex
2260 4709 2401 4777 ﬁliis,
2424 4708 2478 4761 id
2505 4717 2577 4761 est
2603 4723 2665 4760 ea:
2690 4709 2896 4776 posteris
2917 4708 3107 4773 Aaron,
3136 4710 3177 4761 si
3199 4714 3329 4781 forte
3348 4729 3572 4770 summus

304 4811 562 4873 sacerdos,
594 4818 682 4861 aut
711 4810 843 4875 ﬁlios
869 4824 966 4861 non
995 4808 1215 4871 haberet,
1258 4815 1344 4857 aut
1373 4806 1444 4858 ita
1486 4802 1722 4871 reprobos
1751 4803 1949 4855 haberet
1994 4810 2048 4852 ut
2080 4800 2250 4852 nullus
2292 4814 2463 4851 eorum
2494 4799 2626 4867 patri
2653 4798 2847 4851 deberet
2871 4800 3133 4853 succedere
3164 4816 3181 4854 :
3207 4803 3334 4856 sicut
3366 4805 3577 4861 Samuel

304 4917 502 4955 summa
523 4900 770 4953 sacerdoti
796 4898 915 4953 Heli
939 4898 1170 4953 successit
1200 4896 1249 4969 (Ι
1278 4896 1403 4967 Reg.
1430 4894 1479 4965 ι)
1503 4912 1517 4961 ;
1548 4910 1659 4947 cum
1678 4892 1950 4947 sacerdotis
1975 4892 2111 4959 ﬁlius
2131 4892 2236 4960 ipse
2260 4907 2359 4943 non
2385 4898 2506 4943 esset
2534 4890 2623 4943 sed
2648 4899 2812 4942 tanien
2833 4906 2893 4942 ea:
2915 4891 3056 4957 ﬁliis,
3090 4890 3183 4944 hoc
3210 4903 3301 4955 est,
3330 4910 3392 4948 ex
3418 4908 3581 4962 poste-

304 5010 376 5046 ris
403 5001 527 5046 esset
551 4991 741 5044 Aaron.

380 5086 433 5139 5.
475 5083 555 5137 De
583 5084 776 5137 latrone
804 5082 952 5136 etiam
978 5083 1059 5135 cui
1087 5081 1272 5134 dictum
1298 5087 1389 5141 est,
1428 5096 1445 5128 ι
1477 5076 1643 5131 Hodie
1669 5092 1859 5129 mecum
1883 5075 1978 5129 eris
2006 5075 2059 5127 in
2088 5075 2320 5138 paradiso
2353 5093 2371 5126 )
2409 5072 2556 5146 (Luc.
2589 5090 2741 5137 xxnt,
2772 5072 2884 5145 45),
2914 5074 3047 5143 quod
3076 5091 3174 5129 non
3202 5076 3350 5144 fuerit
3378 5080 3581 5135 visibilio

306 5183 383 5226 ter
412 5174 714 5244 baptizatus,
746 5173 888 5242 quasi
913 5182 1101 5225 certum
1127 5172 1269 5241 posui
1298 5169 1511 5241 (Quwst.
1540 5170 1653 5239 84),
1683 5185 1795 5222 cum
1822 5168 1884 5222 sit
1914 5167 2177 5227 incertum,
2208 5166 2463 5237 magisque
2486 5167 2630 5218 illum
2660 5165 2966 5230 baptizatum
2990 5166 3143 5234 fuisse
3168 5167 3468 5223 credendum
3496 5174 3580 5237 sit,

305 5266 438 5319 sicut
462 5281 554 5334 ego
579 5280 774 5333 quoque
799 5263 919 5315 alibi
949 5272 1119 5333 postea
1143 5262 1411 5330 disputavi.
1440 5261 1467 5314 1
1478 5273 1571 5314 tem
1596 5262 1730 5331 quod
1751 5262 1802 5313 in
1828 5259 2002 5329 quinto
2029 5258 2154 5311 libro
2175 5258 2302 5322 dixi,
2332 5257 2414 5309 ubi
2433 5266 2881 5309 commemorantur
2905 5267 3086 5309 matres
3105 5258 3157 5309 in
3184 5262 3583 5327 generationibus

311 5355 631 5425 euangelicis,
665 5373 684 5405 ‹
718 5371 817 5407 ηοη
846 5370 929 5407 eas
972 5353 1159 5423 positas
1198 5352 1293 5405 nisi
1322 5368 1436 5405 cum
1466 5353 1691 5421 patribus
1731 5370 1748 5402 )
1787 5348 1895 5423 (Id.
1924 5348 2038 5419 46),
2070 5364 2241 5402 verum
2281 5356 2353 5401 est
2381 5347 2602 5417 quidem,
2631 5346 2718 5397 sed
2746 5350 2813 5398 ad
2839 5363 2941 5399 rem
2970 5347 3031 5400 de
3072 5364 3169 5417 qua
3195 5348 3435 5417 agebatur
3480 5370 3580 5407 non

372 5489 444 5551 (a)
468 5496 571 5553 Quo
608 5490 1089 5553 nimirumtempore
1126 5487 1432 5553 superiorem
1474 5488 1782 5553 Locutionum
1817 5484 2171 5553 collectionem,
2196 5498 2306 5553 qua;
2332 5485 2378 5533 in
2404 5483 2547 5553 lih._l_l
2571 5487 3183 5553 Retractationum_cap._54
3218 5492 3463 5553 recensita
3480 5500 3574 5553 est,

311 5548 618 5611 comparabat
641 5550 817 5598 eodem
838 5550 941 5611 ipso
963 5556 1007 5611 s.
1032 5554 1203 5597 Doctor
1217 5549 1587 5611 subsequentes
1603 5549 1925 5605 Quaestionum
1947 5550 1996 5596 in
2018 5548 2418 5611 Heptateuchum,
2436 5549 2505 5597 uti
2526 5549 2576 5611 in
2599 5549 2810 5611 antiquis
2831 5549 3073 5611 codicibus
3096 5549 3441 5611 inscribuntur,
3456 5548 3581 5602 libro

373 5606 517 5661 raecit
541 5624 553 5659 :
578 5612 671 5673 nisi
694 5611 821 5673 quod
837 5606 1134 5673 Quaestiones
1156 5606 1581 5673 primani—deinde
1606 5616 1706 5673 tum
1718 5610 2011 5673 locutiones
2028 5606 2104 5673 de'
2120 5610 2289 5673 iisdem
2311 5609 2483 5673 divinis
2506 5609 2653 5673 Libris
2670 5606 2881 5673 dictasse
2903 5606 3190 5673 intelligitur
3215 5626 3275 5660 ex
3316 5606 3578 5663 locutioni-

420 5674 485 5721 de
510 5672 691 5730 Exodo,
712 5669 820 5734 cap.
842 5670 984 5734 12,_v.
1002 5672 1050 5734 7,
1071 5677 1123 5734 et
1142 5669 1477 5734 Locutionibus
1498 5670 1837 5734 de_Judieil)us,
1864 5683 1967 5730 cap.
1997 5672 2071 5734 15,
2096 5685 2193 5729 vv.,
2218 5670 2248 5717 8
2273 5676 2323 5718 et
2350 5669 2432 5729 1‘2;
2459 5671 2647 5734 tametsi
2663 5669 2715 5734 in
2734 5669 3157 5734 detractationibus
3180 5674 3389 5733 priorem
3423 5674 3580 5729 locum

308 5734 502 5783 dederit
520 5729 826 5783 wcutiOnuin
847 5729 1137 5794 eollectiOni,
1164 5732 1286 5782 forte
1304 5732 1416 5795 quia
1442 5744 1546 5780 eam
1570 5731 1659 5781 hoc
1676 5732 1845 5781 ordine
1861 5729 1963 5782 Sive
1987 5732 2167 5782 dictare
2189 5738 2420 5793 cmperat,
2445 5732 2550 5780 sive
2576 5729 2675 5795 legi
2699 5732 2910 5783 volebat.
