4094 6462
534 337 637 393 sn
1308 336 1775 414 QUESTIONUM
1810 336 1870 397 s.
1910 332 2106 395 aueo:

2211 332 2273 390 Nl
2312 328 2377 389 IN
2414 326 2969 387 aerumnam:
3702 333 3810 393 543

526 466 760 538 pertinet.
801 458 1053 533 Agebatur
1076 464 1241 512 autem
1264 455 1329 510 de
1361 454 1425 509 iis
1450 452 1537 526 qui
1573 450 1818 507 ducebant
1860 447 2080 520 fratrum
2101 444 2193 538 feel
2221 444 2615 518 prapinquorum
2655 442 2912 538 conjuges,
2950 457 3121 538 eorum
3165 442 3253 515 qui
3286 443 3395 498 sine
3420 443 3545 514 ﬁliis
3579 444 3811 517 defuncti

529 533 712 620 essent,
755 562 957 623 propter
984 550 1112 605 duos
1140 558 1305 621 patres
1345 544 1560 614 Ioseph,
1601 558 1816 613 quorum
1843 540 2055 594 alterum
2082 537 2356 593 Mattheus
2384 544 2759 599 commemorat,
2807 535 3021 589 alterum
3062 533 3246 590 Lucas.
3294 535 3367 590 De
3390 554 3491 608 qua
3528 541 3804 608 quastione

531 646 795 714 diligenter
817 646 869 697 in
900 644 994 697 hoc
1019 658 1167 711 opere
1191 638 1424 703 disserui,
1453 652 1567 690 cum
1596 642 1977 687 retractaremus
2004 646 2131 700 Opus
2159 637 2383 684 nostrum
2411 638 2586 683 contra
2614 625 2862 681 Faustum
2889 625 3249 682 Manicheum.
3283 628 3394 683 Hoc
3417 646 3543 701 opus
3568 632 3642 685 sic
3668 630 3804 686 inei-

529 737 605 804 pit
634 750 652 789 :
678 752 698 785 ‹
731 733 859 789 Cum
884 732 1174 802 Scripturas
1204 736 1420 791 sanctas,
1452 740 1564 794 quae
1589 722 1914 793 appellantur
1935 720 2211 775 canonice.
2244 737 2266 772 ι

1642 841 1841 849 ——.——-—

1221 846 1467 854 Μ.

1474 848 1505 853 ν.»
1550 844 1625 851 ———

1502 881 1619 891 ...ι-ι-

1642 880 1896 890 --.--

1258 883 1495 894 ._.——-~

1078 886 1253 897 ..ν-..σι-

902 888 1074 899 ﬂ-..—

1051 978 1209 1123 S.

546 891 887 905 ῥ--ι-

1861 838 2301 849 σι--ο--υ--α-
2320 837 2518 849 ς--η-

3308 840 3763 851 -ι------λ.-η

1320 877 3308 1118 ΧῦᾗῇιΠέ-Αυρῦὦῇ

1510 1206 2277 1284 HIPPONENSIS
2330 1208 2834 1281 EPISCOPI

1100 1394 3237 1691 QU/ESTIONUM

1498 1755 1696 1904 3n
1757 1754 2787 1933 illeptateudtum

1402 2003 1907 2118 LIBRI
1977 1999 2690 2115 SEPTEM
2743 1987 2873 2113 (³).

1886 2190 2454 2269 Μυκη...-

990 2416 1011 2448 .
1521 2333 1999 2447 LIBER
2075 2330 2714 2441 PRIMUS.

1839 2494 2141 2551 Qumstiones
2163 2494 2213 2543 in
2236 2494 2475 2543 ceuesim.

1977 2603 2346 2659 6W3:

1151 2724 1463 2768 ιιῐιοοειιιυιί.

597 2809 731 2865 Cum
749 2805 1049 2877 Scripturas
1065 2814 1295 2866 sanctas,
1319 2816 1438 2871 qua:
1459 2796 1795 2868 appellantur
1810 2794 2109 2857 canonicm,

528 2897 755 2969 legendo
780 2904 835 2952 et
865 2910 987 2950 cum
1012 2894 1131 2947 aliis
1155 2890 1428 2947 codicibus
1458 2887 1748 2944 secundum
1770 2885 2111 2957 Septuaginta

530 2990 1023 3060 interpretationem
1069 2984 1393 3041 conferendo
1440 2994 1893 3052 percurrcremus,
1918 2977 2114 3048 placuit

531 3095 623 3133 eas
638 3080 980 3150 quaestiones,
1004 3093 1120 3147 qua:
1141 3078 1191 3130 in
1214 3084 1445 3129 mentem
1465 3074 1724 3135 venirent,
1746 3072 1857 3125 sive
1883 3069 2113 3124 breviter

529 3169 1014 3232 cmumemorando,
1048 3168 1129 3222 vel
1160 3168 1318 3222 etiam
1348 3162 1720 3235 pertractando
1742 3159 2110 3215 tantummodo

528 3269 969 3332 proponerentur,
998 3259 1109 3313 sive
1129 3258 1287 3312 etiam
1318 3254 1774 3326 qualitercumque
1802 3261 2051 3322 tanquam
2076 3265 2107 3305 a

530 3352 896 3406 festinantibus
915 3351 1264 3413 solverentur,
1296 3346 1415 3401 stilo
1452 3344 1692 3414 alligare,
1720 3358 1787 3398 ne
1807 3342 1875 3397 de
1903 3354 2108 3395 memo-

526 3445 603 3499 ria
634 3443 893 3515 fugerent.
940 3442 1056 3497 Non
1088 3450 1144 3495 ut
1189 3454 1280 3495 eas
1309 3439 1437 3494 satis
1476 3437 1884 3507 erplicarcmus,
1929 3435 2021 3489 sed
2054 3441 2111 3488 ut

525 3553 646 3593 eum
674 3552 807 3608 opus
833 3545 995 3602 esset,
1020 3550 1296 3606 possemus
1320 3535 1615 3604 inspicere;
1645 3533 1757 3588 sive
1782 3541 1838 3587 ut
1856 3532 2110 3587 admone-

526 3646 706 3685 remur
734 3630 858 3700 quid
902 3629 1074 3683 adhuc
1102 3638 1244 3682 esset
1272 3626 1672 3696 requirendum,
1704 3625 1818 3681 sive
1852 3634 1911 3678 ut
1949 3639 2013 3677 ex
2043 3636 2108 3678 eo

526 3721 667 3791 quod
692 3722 799 3790 iam
815 3720 1090 3773 videbatur
1109 3720 1401 3782 inventum,
1431 3725 1489 3771 ut
1513 3725 1838 3786 poteramus,
1865 3728 2106 3768 essemus

526 3820 582 3864 et
610 3809 675 3863 ad
702 3809 1033 3879 cogitandum
1079 3809 1341 3873 instructi,
1372 3816 1425 3861 et
1452 3806 1517 3861 ad
1554 3804 1983 3876 respondendum
2011 3820 2107 3874 pa-

526 3899 645 3953 rati.
675 3898 730 3952 Si
770 3900 888 3968 quis
930 3898 1087 3968 igitur
1127 3897 1242 3952 haec
1278 3896 1457 3967 legere
1501 3904 1717 3965 propter
1761 3893 2017 3950 incultum
2050 3894 2101 3948 in

526 3998 707 4042 nostra
739 3988 1072 4043 festinatione
1111 4001 1410 4041 sermonem
1444 4001 1549 4039 non
1579 3983 1877 4051 fastidierit,
1906 3984 1950 4038 si
1976 3997 2109 4052 quas

522 4079 845 4147 qumstiones
874 4078 1171 4147 propositas
1198 4077 1458 4131 invenerit
1479 4091 1575 4130 nec
1604 4075 1825 4140 solutas,
1849 4089 1959 4129 non
1984 4073 2106 4128 ideo

524 4170 623 4224 sibi
649 4168 780 4223 nihil
806 4168 1055 4223 collatum
1100 4175 1266 4237 putet.
1295 4165 1560 4222 Nonnulla
1585 4167 1727 4221 enim
1754 4180 1877 4235 pars
1915 4165 2105 4219 inven-

524 4259 683 4313 tionis
709 4268 810 4325 eSt,
834 4272 988 4313 nosse
1015 4256 1139 4328 quid
1168 4271 1393 4326 qumras.
1425 4256 1659 4323 Quarum
1705 4263 1883 4308 autem
1912 4253 2106 4307 solutio

523 4348 801 4416 placuerit,
835 4363 940 4402 non
991 4345 1061 4399 ibi
1104 4346 1209 4400 vile
1238 4352 1545 4399 contemnat
1572 4341 1862 4412 eloquium,
1904 4340 1997 4396 sed
2038 4341 2105 4396 de

520 4440 693 4508 aliqua
721 4437 1123 4506 participatione
1148 4435 1404 4491 doctrina:
1437 4434 1614 4502 potius
1644 4432 1956 4502 gratuletur.
1988 4431 2103 4486 Non

521 4531 662 4583 enim
692 4528 979 4598 disputatio
1008 4528 1249 4592 veritate,
1280 4526 1373 4580 sed
1408 4526 1603 4579 veritas
1632 4522 1986 4594 disputatione
2015 4536 2105 4578 re-

521 4620 764 4689 quiritur.
797 4620 1042 4689 Exceptis
1070 4634 1197 4689 ergo
1224 4619 1288 4672 iis
1316 4632 1435 4688 quae
1461 4632 1489 4670 a
1536 4616 1815 4688 principio,
1846 4615 1932 4671 ubi
1963 4615 2104 4669 Deus

520 4711 713 4765 malum
744 4718 798 4765 et
823 4719 1015 4765 terram
1044 4710 1231 4765 fecisse
1258 4717 1525 4773 narratur,
1552 4723 1719 4779 usque
1744 4707 1811 4763 ad
1833 4705 2103 4763 dimissio-

520 4816 643 4855 nem
682 4801 906 4855 duorum
955 4803 1245 4870 primorum
1278 4800 1549 4855 hominum
1580 4800 1647 4855 de
1693 4800 1955 4870 paradiso,
1989 4808 2102 4853 tra-

520 4891 653 4945 ctari
682 4890 1041 4961 multipliciter
1082 4898 1325 4961 possunt,
1354 4890 1420 4946 de
1447 4890 1638 4962 quibus
1665 4891 1816 4956 alias,
1846 4896 2099 4959 quantum

2218 2702 2521 2772 potuimus,
2563 2702 2914 2761 disseruimus
2958 2704 3062 2780 (In
3104 2708 3244 2764 libris
3287 2710 3351 2765 de
3379 2710 3639 2787 Genesi);
3677 2717 3796 2777 ba:

2217 2799 2341 2844 sunt
2368 2807 2487 2860 quae
2507 2792 2802 2862 legentibus
2830 2796 2984 2851 nobis
3011 2801 3343 2856 occurrentia
3369 2802 3633 2863 voluimus
3652 2808 3796 2865 litte-

2216 2881 2291 2936 ris
2315 2882 2527 2938 attineri
2556 2884 2574 2915 ¹
2605 2922 2620 2937 .

2286 2974 2505 3040 ρυεετ.
2539 2972 2580 3029 l.
2614 2973 2770 3048 [Gem
2792 2992 2906 3048 cap.
2936 2992 3010 3046 tv,
3030 2979 3065 3050 ᾖ
3111 2980 3221 3055 l7.]
3242 2982 3517 3050 Quomodo
3540 2987 3668 3044 Cain
3697 3006 3793 3060 po-

2215 3067 2373 3121 tuerit
2416 3066 2647 3123 condere
2688 3068 2976 3138 civitatem,
3028 3085 3149 3127 cum
3192 3075 3378 3131 civitas
3423 3078 3579 3134 alicui
3611 3081 3794 3152 utique

2212 3158 2561 3212 constituatur
2588 3158 2859 3215 hominum
2893 3161 3234 3229 multitudini,
3267 3165 3338 3221 illi
3367 3178 3541 3224 autem
3573 3170 3680 3227 duo
3701 3188 3795 3241 pa-

2214 3258 2392 3303 rentes
2430 3257 2483 3304 et
2520 3248 2626 3304 duo
2654 3250 2745 3305 ﬁlii
2773 3250 2939 3309 fuisse
2963 3253 3282 3323 referantur,
3313 3273 3534 3330 quorum
3562 3260 3790 3318 ﬁliorum

2212 3339 2280 3394 ab
2304 3340 2472 3395 altero
2492 3341 2625 3397 alter
2649 3343 2856 3399 occisus
2882 3356 2985 3412 est,
3015 3346 3066 3400 in
3091 3347 3246 3417 cujus
3270 3350 3431 3405 occisi
3456 3351 3629 3408 locum
3656 3355 3792 3410 alius

2214 3438 2367 3485 natus
2396 3445 2514 3486 esse
2553 3441 2819 3489 narratur.
2866 3436 2948 3490 An
2978 3436 3097 3492 ideo
3134 3442 3360 3509 quaestio
3398 3452 3496 3510 est,
3541 3446 3791 3514 quoniam

2212 3522 2300 3590 qui
2331 3521 2531 3591 legunt,
2562 3533 2745 3591 putant
2766 3525 2909 3581 solos
2934 3534 3060 3582 tunc
3088 3527 3252 3585 fuisse
3278 3529 3520 3587 homines
3542 3549 3678 3603 quos
3701 3536 3786 3590 di-

2213 3610 2336 3665 vina
2379 3611 2651 3682 Scriptura
2690 3627 3090 3684 commemorat,
3132 3634 3233 3676 nec
3273 3622 3553 3678 advertunt
3578 3640 3675 3682 eos
3702 3630 3791 3695 qui

2210 3700 2359 3772 prius
2378 3703 2713 3761 suntconditi
2740 3705 2895 3772 duos,
2913 3708 2998 3764 vel
3018 3724 3111 3765 eos
3135 3711 3293 3766 etiam
3314 3728 3447 3784 quos
3469 3728 3785 3785 genuerunt,

2213 3801 2322 3848 tam
2350 3794 2439 3849 diu
2475 3796 2690 3860 vixisse,
2735 3806 2794 3852 ut
2837 3800 3033 3855 multos
3075 3802 3385 3873 gignerent?
3412 3805 3526 3862 Non
3557 3809 3699 3865 enim
3737 3821 3793 3867 et

2210 3884 2379 3940 Adam
2403 3886 2515 3955 ipse
2531 3902 2625 3942 eos
2650 3889 2794 3943 solos
2811 3891 3014 3960 genuit,
3036 3908 3259 3962 quorum
3280 3898 3494 3953 nomina
3522 3900 3787 3971 leguntur,

2209 3992 2329 4034 cum
2358 3979 2425 4034 de
2450 3981 2542 4035 illo
2565 3981 2834 4052 Scriptura
2863 3984 3085 4056 loquens
3113 3988 3181 4042 ita
3212 3991 3510 4059 concludat,
3534 3994 3674 4064 quod
3701 4012 3793 4065 ge.

2210 4072 2384 4127 nuerit
2410 4072 2547 4127 tilias
2588 4082 2641 4128 et
2669 4074 2802 4130 tilias
2831 4074 2983 4148 (Gen.
3011 4094 3064 4144 ν,
3096 4080 3173 4152 4).
3220 4081 3448 4138 Proinde
3474 4101 3594 4140 cum
3624 4087 3791 4142 multo

2209 4162 2450 4230 pluribus
2479 4163 2555 4217 illi
2590 4165 2819 4220 vixerint
2859 4170 3030 4233 annis,
3060 4184 3218 4240 quam
3247 4170 3496 4229 Israelita?
3532 4176 3585 4230 in
3615 4174 3787 4248 4Egy-

2210 4260 2299 4321 pto
2341 4251 2574 4319 fuerunt,
2620 4256 2738 4325 quis
2769 4272 2872 4311 non
2920 4259 3098 4315 videat
3137 4276 3298 4332 quam
3343 4265 3493 4320 multi
3542 4265 3793 4324 homines

2210 4344 2351 4397 nasci
2380 4353 2682 4412 potuerunt,
2720 4349 2859 4402 unde
2900 4350 2987 4404 illa
3022 4352 3206 4409 civitas
3246 4354 3571 4426 impleretur,
3592 4359 3639 4413 si
3680 4360 3793 4414 He-

2208 4434 2335 4489 braei
2374 4436 2542 4492 multo
2587 4439 2795 4493 minore
2834 4448 3075 4512 tempore
3120 4444 3192 4500 ita
3223 4440 3563 4517 multiplicari
3599 4458 3792 4521 potue-

2210 4527 2376 4580 runt?

2278 4618 2343 4672 ll.
2375 4617 2474 4690 [lh.
2507 4635 2560 4685 v,
2589 4618 2704 4692 25.]
2742 4620 2918 4688 Quazri
2960 4623 3097 4679 solet
3137 4626 3404 4695 quomodo
3444 4628 3790 4685 Mathusalam

2207 4708 2496 4763 secundum
2523 4725 2781 4766 annorum
2812 4715 3258 4783 computationem
3291 4718 3467 4775 vivere
3506 4728 3625 4790 post
3646 4721 3791 4776 dilu-

2209 4798 2355 4852 vium
2397 4802 2646 4868 potuerit,
2674 4816 2794 4856 cum
2824 4818 3031 4871 omnes,
3079 4818 3273 4876 praeter
3293 4823 3386 4864 eos
3411 4811 3498 4880 qui
3528 4812 3582 4866 in
3606 4828 3787 4867 arcam

2207 4887 2431 4958 ingressi
2450 4900 2592 4956 sunt,
2616 4893 2837 4961 periisse
2856 4893 3115 4951 dicantur.
3150 4897 3257 4953 Sed
3283 4900 3417 4955 hanc
3438 4903 3789 4971 quaestionem

1702 4994 1983 5036 ADIONITIO
2018 4994 2098 5032 I‘P.
2127 4993 2607 5035 BENEDICTISOBUH.

580 5070 821 5143 necesse!
841 5068 1202 5143 ειιιξὶίιιῌίδνί)
1221 5068 1280 5119 ad
1301 5069 1580 5143 tis-mdia
1603 5070 1749 5143 ‘Latic-
1771 5066 2369 5143 du%.t‘9¥ees.i§991lssii
2387 5070 2807 5143 antarheosatas
2826 5087 3000 5137 unum.
3016 5076 3407 5143 *ἀβρτῠρηεοιιηι
3426 5080 3655 5143 smmum
3676 5091 3793 5134 ante

518 5144 672 5182 annos
690 5133 885 5201 circiter
906 5128 1016 5191 400,
1036 5128 1330 5201 peeee'nsetp
1348 5133 1431 5195 qui
1447 5144 1598 5201 annos
1617 5131 1709 5201 690
1728 5130 1945 5201 praefert,
1964 5128 2024 5201 ad
2050 5128 2399 5201 ejusdemtere
2418 5128 2578 5201 'zetatis
2602 5136 2947 5201 Remigianum,
2969 5128 3020 5188 et
3041 5128 3405 5201 Michaelinum,
3428 5128 3490 5190 ad
3510 5128 3794 5195 intibam

520 5201 572 5265 et
589 5194 950 5265 Benignianum,
1079 5201 1193 5265 ante
1337 5190 1488 5265 annos
1508 5192 1674 5255 scripti
1695 5190 1937 5264 videntur,
1957 5190 2033 5265 ad.
2044 5190 2425 5265 vetustissimum
2444 5194 2655 5265 omnium
2680 5190 2944 5265 etjoptimaé
2967 5206 3094 5249 noue
3121 5190 3496 5265 corheiensem:
3521 5190 3794 5255 asinis;

519 5261 599 5304 tes
619 5248 857 5304 lectiones
878 5248 1238 5303 Lova'niensium
1253 5248 1619 5315 Theologorum'
1631 5266 1693 5302 ex
1720 5248 1937 5325 quinque
1957 5249 2159 5312 Belgicis
2178 5248 2439 5322 decer'ptas
2462 5267 2475 5301 :
2500 5254 2619 5303 item
2640 5256 2699 5304 ad
2724 5248 2954 5321 Excerpta
2974 5266 3038 5309 Eu
3105 5248 3174 5323 pii
3189 5248 3381 5313 abbatis
3396 5248 3786 5316 indue—bustis;

519 5323 775 5370 contenta.
789 5322 841 5365 et
860 5316 916 5363 ad
939 5314 1059 5364 Flori
1081 5314 1417 5365 collectionem
1435 5327 1575 5363 manu
1590 5314 1895 5370 descriptam.
1917 5318 2159 5362 Postremo
2180 5310 2337 5361 collati
2374 5313 2569 5364 fuerunt
2589 5316 2649 5365 ad
2672 5319 2969 5370 antiquiores
3122 5337 3227 5370 vnes
3251 5326 3357 5370 ead.
3382 5334 3472 5370 seu
3498 5333 3617 5370 ML.
3643 5327 3688 5370 id
3713 5336 3786 5370 ma

518 5323 775 5375 contenta,
789 5322 841 5365 et
860 5316 923 5382 ad
939 5314 1059 5382 Flori
1081 5314 1417 5382 collectionem
1435 5310 1575 5382 manu
1590 5310 1900 5382 descriptam.
1917 5310 2569 5382 Ppstrejnoeollati'ufuerunt
2589 5316 2649 5382 ad
2672 5310 2969 5382 antiquiores

3072 5324 3106 5371 ti
3122 5337 3227 5372 ﬁnes
3251 5326 3357 5372 Bad.
3382 5334 3472 5373 seu
3498 5333 3617 5385 nat.,
3642 5327 3688 5375 id
3713 5336 3792 5378 est

516 5389 628 5449 qua:
648 5389 712 5425 ex
726 5372 1729 5449 augustinisatisponensis.-‘ecognitione,
1751 5372 2039 5449 curarJodoci
2067 5372 2190 5421 Badii
2222 5373 2395 5436 prodiit
2426 5378 2671 5440 Lugduni,
2704 5372 2958 5442 an.'1497,
2982 5382 3042 5431 ad
3064 5372 3581 5449 Anterbacb‘ianam,ad
3603 5372 3793 5438 iisti;

518 5436 711 5488 dianam
726 5436 921 5497 Era'snn,
946 5442 1000 5487 et
1017 5436 1079 5486 ad
1094 5436 1460 5487 Levaniensium
1479 5436 1902 5499 Kntuerpiensem.

516 5519 1029 5601 Comparavimus
1050 5526 1354 5601 praeterea
1384 5536 1485 5580 eas
1517 5537 1719 5581 omnes
1746 5517 2046 5582 editiones
2072 5512 2257 5577 initio
2287 5517 2457 5579 Retr.
2482 5527 2544 5580 et
2563 5521 2873 5597 Confess.,
2895 5532 2939 5585 t.
2963 5525 3020 5597 1,
3050 5536 3434 5590 memoratas.
3562 5531 3648 5591 Μ.

579 5678 657 5743 (a)
683 5680 848 5743 Scripti
868 5679 1063 5731 circiter
1079 5679 1251 5731 Christi
1270 5692 1448 5731 annum
1471 5679 1579 5731 419.

2269 5617 2285 5649 ⁸
2312 5626 2411 5667 Am.
2439 5625 2511 5669 Er.
2539 5627 2591 5670 et
2612 5628 2720 5671 Lov.
2738 5659 2751 5683 ,
2779 5622 3027 5735 atthigere.
3050 5634 3169 5676 Wes
3190 5628 3491 5691 antiquiores
3509 5635 3615 5681 lss.
3636 5665 3653 5694 ,
3677 5630 3784 5684 atti-

2269 5693 2335 5732 re.
2361 5688 2450 5731 Nos
2472 5695 2580 5731 cum
2604 5690 2701 5734 ttat.
2723 5691 2773 5735 et
2794 5685 2890 5735 duo
2925 5699 2983 5735 us
3003 5694 3131 5735 Mss.
3155 5688 3364 5735 attineri.

2204 5692 2335 5732 nere.
2361 5688 2450 5731 Nos
2472 5695 2580 5731 cum
2604 5690 2701 5734 ttat.
2723 5691 2773 5735 et
2794 5685 2983 5735 duobus
3003 5694 3131 5750 Mss,
3155 5685 3364 5742 attineri.
