4094 6474
280 419 396 476 53'!

288 531 523 602 plurium
561 526 808 584 codicum
833 519 1157 579 mendositas
1185 515 1389 589 peperit
1419 512 1519 588 (α).
1560 512 1677 569 Non
1704 511 1877 567 solum

288 622 492 690 quippe
527 619 581 673 in
621 614 861 672 Hebraeis
900 612 1059 668 aliter
1100 609 1394 672 invenitur;
1420 619 1607 660 verum
1634 602 1795 659 etiam
1824 602 1876 655 in

282 711 645 783 Septuaginta
668 705 1125 777 interpretatione,
1153 699 1502 758 Mathusalam
1528 698 1580 754 in
1608 695 1877 751 codicibus

290 802 654 874 paucioribus,
700 797 796 855 sed
822 795 1201 859 veracioribus,
1242 806 1337 848 sex
1361 804 1532 846 annos
1572 797 1694 843 ante
1728 786 1875 871 .dilu-

296 896 437 947 vium
467 890 731 958 reperitur
758 887 920 943 fuisse
946 885 1249 942 defunctus.

370 982 457 1038 lll.
490 981 590 1055 [lb.
619 997 696 1047 vt,
726 976 805 1052 4.]
843 980 973 1033 Item
1015 975 1272 1047 quaeritur
1314 968 1758 1044 quemadmodum
1785 984 1881 1039 po-

289 1074 500 1129 tuerint
548 1070 720 1143 angeli
762 1084 881 1123 cum
913 1066 1117 1123 ﬁliabus
1161 1063 1436 1119 hominum
1480 1059 1875 1121 concumbere,

289 1164 438 1218 unde
457 1164 696 1233 gigantes
718 1160 825 1215 nati
842 1173 960 1214 esse
980 1156 1357 1227 perhibentur:
1375 1153 1615 1223 quamvis
1636 1149 1879 1205 nonnulli

289 1266 350 1310 et
378 1256 522 1309 latini
566 1253 803 1324 etgrzeci
841 1250 1055 1307 codices
1082 1263 1189 1303 non
1234 1247 1451 1314 angelos
1493 1245 1739 1309 habeant,
1783 1242 1877 1299 sed

289 1346 435 1402 ﬁlios
464 1346 595 1409 Dei;
620 1359 755 1414 quos
776 1341 990 1413 quidam
1016 1341 1082 1395 ad
1112 1339 1421 1394 solvendam
1450 1339 1603 1392 istam
1629 1336 1879 1406 quaestio-

290 1452 442 1502 nem,
460 1436 634 1506 justus
656 1434 899 1489 homines
919 1430 1082 1487 fuisse
1101 1429 1459 1493 crediderunt,
1483 1428 1574 1497 qui
1593 1435 1878 1497 potuerunt

286 1528 455 1582 etiam
493 1525 801 1595 angelorum
828 1523 1041 1578 nomine
1068 1519 1382 1590 nuncupari.
1414 1518 1546 1573 Nam
1573 1518 1639 1572 de
1663 1518 1878 1573 homine

290 1617 503 1673 Joanne
544 1615 798 1684 scriptum
825 1622 927 1680 est,
976 1610 1106 1664 Ecce
1145 1626 1235 1680 ego
1263 1610 1406 1662 mitto
1447 1609 1684 1679 angelum
1714 1624 1878 1661 meum

290 1717 410 1761 ante
423 1707 605 1778 [aciem
626 1714 783 1769 tuam,
799 1702 885 1772 qui
905 1698 1207 1773 praparabit
1222 1700 1353 1753 uiam
1367 1707 1505 1751 tuam
1528 1695 1777 1768 (Malaclt.
1798 1711 1875 1763 ιιι,

297 1799 376 1870 1).
408 1797 515 1852 Sed
542 1798 643 1851 hoc
687 1803 886 1859 movet,
933 1778 1199 1863 quemodo
1234 1789 1318 1842 vel
1359 1804 1422 1843 ex
1455 1787 1726 1841 hominum
1750 1801 1878 1841 con-

295 1889 474 1944 cubitu
505 1888 611 1941 nati
641 1894 765 1939 sunt
804 1883 1064 1954 gigantes,
1096 1881 1179 1934 vel
1213 1879 1420 1933 feminis
1447 1878 1671 1932 miscere
1694 1891 1754 1931 se
1778 1891 1879 1945 po-

295 1986 532 2043 tuerunt,
564 1977 608 2032 si
636 1990 743 2030 non
789 1975 1050 2037 homines,
1079 1971 1173 2027 sed
1197 1970 1369 2039 angeli
1403 1965 1654 2023 fuerunt?
1681 1964 1786 2023 Sed
1812 1965 1878 2021 dc

296 2068 617 2140 gigantibus,
649 2067 701 2122 id
736 2074 838 2131 est,
879 2065 1099 2119 nimium
1124 2062 1415 2133 grandibus
1444 2069 1601 2130 atque
1628 2057 1875 2124 fortibus,

299 2167 426 2226 puto
467 2171 575 2210 non
617 2169 735 2209 esse
778 2152 1075 2207 mirandum
1118 2149 1258 2220 quod
1286 2164 1352 2203 ex
1398 2147 1703 2202 hominibus
1732 2147 1876 2200 nasci

298 2253 620 2316 potuerunt;
648 2243 768 2313 quia
792 2252 848 2298 et
874 2250 993 2311 post
1020 2239 1274 2296 diluvium
1304 2236 1519 2308 quidam
1550 2236 1683 2291 tales
1718 2235 1878 2291 fuisse

297 2334 674 2405 reperiuntur;
704 2340 758 2386 et
784 2330 1024 2401 quaedam
1063 2342 1284 2397 corpora
1315 2326 1587 2380 hominum
1621 2326 1672 2379 in
1705 2326 1879 2379 incre-

296 2426 513 2481 dibilem
543 2423 757 2479 modum
800 2420 1053 2490 ingentia,
1086 2421 1279 2474 nostris
1308 2430 1519 2488 quoque
1551 2415 1879 2485 temporibus

296 2515 633 2579 exstiterunt,
664 2527 767 2566 non
797 2511 970 2565 solum
998 2508 1254 2571 virorum,
1301 2521 1485 2561 verum
1514 2507 1673 2560 etiam
1720 2503 1877 2559 femi-

298 2622 505 2660 narum.
537 2604 689 2661 Unde
703 2602 1007 2658 credibilius
1027 2608 1108 2656 est
1131 2599 1373 2654 homines
1390 2599 1565 2666 justos
1584 2596 1879 2667 appellatos

298 2696 377 2750 vel
403 2696 642 2766 angelos,
671 2694 754 2748 vel
785 2693 921 2747 filios
946 2691 1066 2758 Dei,
1090 2688 1520 2759 concupiscentia
1545 2687 1722 2756 lapsos
1754 2702 1878 2755 pec-

296 2802 447 2842 casse
471 2802 593 2841 cum
621 2785 849 2851 feminis,
878 2798 1034 2853 quam
1060 2782 1277 2851 angelos
1302 2795 1516 2834 carnem
1542 2794 1647 2833 non
1676 2778 1875 2833 haben-

299 2890 377 2934 tes
423 2893 593 2948 usque
634 2876 704 2931 ad
750 2875 877 2930 illud
922 2882 1196 2944 peccatum
1243 2869 1570 2927 descendere
1599 2871 1873 2940 potuisse:

296 2970 539 3039 quamvis
578 2967 646 3022 de
669 2965 981 3037 quibusdam
1008 2963 1360 3026 dtemonibus,
1405 2961 1493 3031 qui
1520 2961 1627 3015 sint
1651 2959 1875 3029 improbi

297 3059 630 3122 mulieribus,
670 3072 700 3110 a
726 3056 903 3109 multis
932 3063 1039 3108 tam
1082 3053 1245 3107 multa
1272 3051 1532 3115 dicantur,
1565 3058 1623 3104 ut
1657 3065 1762 3105 non
1797 3049 1876 3103 fa-

294 3151 397 3206 cile
431 3150 501 3204 sit
525 3148 590 3203 de
618 3148 714 3201 hac
738 3162 795 3200 re
821 3143 1117 3200 deﬁnienda
1145 3142 1428 3198 sententia.

362 3242 454 3298 IV.
488 3240 591 3313 [lb.
632 3255 707 3305 vt,
740 3235 850 3309 15.]
880 3238 955 3291 De
993 3250 1117 3290 arca
1160 3234 1271 3289 Noe
1318 3232 1481 3303 quarri
1523 3230 1659 3287 solet
1703 3239 1877 3285 utrum

296 3341 440 3387 tanta
470 3330 763 3401 capacitate
798 3335 993 3398 quanta
1024 3324 1362 3387 describitur,
1406 3322 1653 3377 animalia
1700 3322 1875 3375 omnia

296 3438 414 3493 qua:
450 3423 502 3476 in
535 3436 650 3475 eam
678 3418 912 3489 ingressa
940 3415 1206 3480 dicuntur,
1236 3420 1292 3467 et
1330 3426 1481 3466 escas
1522 3427 1705 3465 eorum
1738 3410 1876 3475 ferre

295 3514 547 3584 potuerit.
577 3511 743 3580 Quam
770 3508 1113 3578 quaestionem
1146 3504 1322 3559 cubito
1361 3502 1683 3572 geometrico
1721 3502 1878 3555 solvit

296 3604 589 3672 Origenes,
635 3613 880 3655 asserens
922 3612 1026 3651 non
1071 3596 1263 3650 frustra
1310 3592 1637 3661 Seripluram
1679 3590 1878 3645 dixisse

297 3694 439 3764 quod
467 3692 678 3761 Moyses
719 3688 861 3742 omni
888 3686 1143 3756 sapientia
1170 3683 1542 3754 Egyptiorum
1577 3680 1731 3734 fuerit
1756 3695 1877 3733 cru-

297 3785 437 3838 ditus
471 3782 606 3853 (Act.
638 3794 730 3845 vn,
760 3778 875 3847 '22),
904 3792 989 3845 qui
1016 3774 1389 3844 geometricam
1418 3771 1736 3825 dilexerunt.
1768 3767 1876 3823 Cu-

297 3876 464 3928 bitum
496 3881 674 3925 autem
700 3868 1075 3938 geometricum
1099 3863 1224 3918 dicit
1267 3871 1466 3916 tantum
1507 3860 1680 3914 valere
1706 3875 1875 3928 quan-

298 3975 409 4020 tum
438 3973 622 4018 nostra
645 3961 819 4017 cubita
845 3974 939 4013 sex
977 3958 1171 4011 valent.
1202 3955 1259 4011 Si
1284 3970 1409 4023 ergo
1438 3962 1541 4006 tam
1570 3966 1753 4020 magna
1782 3969 1876 4005 cu-

294 4057 403 4109 bita
436 4054 811 4122 intelligamus,
840 4050 980 4103 nulla
1010 4046 1229 4117 quazstio
1256 4052 1353 4108 est,
1390 4053 1546 4097 tantm
1575 4041 1878 4110 capacitatis

292 4159 480 4199 arcam
522 4142 706 4206 fuisse,
734 4150 790 4193 ut
817 4145 997 4207 posset
1024 4136 1108 4188 illa
1134 4134 1308 4189 omnia
1337 4132 1629 4186 continere.

374 4232 439 4286 V.
473 4230 573 4304 [lb.
603 4245 678 4294 vr,
707 4225 819 4299 15.]
842 4227 969 4281 item
1001 4224 1254 4293 quaeritur
1282 4230 1454 4274 utrum
1480 4233 1600 4273 arca
1630 4227 1735 4272 tam
1763 4232 1877 4271 ma-

292 4338 400 4393 gna
438 4330 654 4377 centum
682 4318 833 4374 annis
863 4316 1093 4387 potuerit
1118 4312 1362 4368 fabricari
1390 4326 1418 4364 a
1448 4318 1674 4381 quatuor
1698 4308 1875 4363 homi-

294 4417 478 4481 nibus,
525 4413 579 4467 id
622 4421 724 4478 est,
764 4409 877 4465 Noe
902 4417 958 4464 et
1004 4407 1168 4462 tribus
1205 4405 1326 4458 filiis
1368 4403 1502 4472 ejus.
1548 4401 1653 4456 Sed
1696 4401 1742 4455 si
1772 4413 1877 4455 non

301 4506 493 4576 potuit,
517 4520 625 4559 non
642 4510 755 4557 erat
775 4515 1019 4570 magnum
1042 4497 1218 4552 fabros
1242 4496 1375 4551 alios
1387 4494 1638 4550 adhibere
1660 4511 1672 4545 :
1693 4507 1876 4562 quam-

301 4600 382 4651 vis
407 4596 589 4665 operis
614 4594 695 4649 sui
720 4591 961 4647 mercede
987 4596 1200 4657 accepta
1226 4601 1332 4640 non
1357 4584 1677 4645 curaverint,
1703 4590 1876 4635 utrum

301 4702 420 4742 eam
446 4678 561 4739 Nee
601 4683 883 4752 sapienter,
913 4694 979 4733 an
1005 4691 1133 4732 vero
1160 4676 1384 4729 inaniter
1410 4672 1795 4735 fabricaretur;
1828 4677 1881 4721 et

305 4778 424 4832 ideo
447 4789 556 4830 non
578 4774 629 4827 in
650 4787 768 4828 eam
785 4768 1114 4834 intraverint,
1132 4767 1252 4837 quia
1273 4779 1378 4819 non
1396 4760 1715 4817 crediderint
1738 4758 1878 4828 quod

304 4868 392 4924 ille
421 4865 742 4920 crediderat.

374 4956 464 5012 Vl.
500 4954 601 5028 [lb.
627 4969 703 5016 vt,
730 4947 842 5024 l6.]
881 4946 1015 5017 Quid
1057 4954 1138 5000 est
1180 4941 1319 5014 quod
1349 4942 1440 5005 ait,
1485 4954 1604 4995 cum
1634 4938 1703 4993 de
1744 4953 1882 4992 arcte

307 5048 655 5102 fabricatione
693 5044 1016 5112 loqueretur,
1049 5036 1302 5106 Inferiora
1330 5034 1629 5086 bicamcrata
1657 5040 1702 5083 et
1729 5030 1880 5082 trica-

307 5145 501 5192 nterata
530 5135 683 5207 facies
708 5148 818 5187 eam
845 5132 861 5162 ¹
884 5131 907 5185 τ
935 5128 1049 5183 Νοιι
1077 5126 1216 5182 enim
1254 5121 1505 5177 inferiora
1531 5119 1703 5173 futura
1732 5126 1884 5173 erant

308 5228 628 5281 bieamerata
665 5229 720 5276 et
746 5220 1103 5274 tricamerata.
1152 5212 1259 5269 Sed
1306 5212 1359 5265 in
1408 5211 1505 5264 hac
1544 5209 1884 5264 distinctione

306 5326 473 5373 totam
520 5316 895 5370 instructuram
919 5307 1075 5377 ’ejus
1116 5302 1334 5375 intelligi
1373 5301 1555 5367 voluit,
1584 5309 1641 5355 ut
1668 5298 1887 5353 haberet

368 5513 388 5545 ι
413 5508 556 5570 ιωίιι,
575 5518 672 5569 ea;
693 5518 782 5571 pro
800 5516 899 5570 quo
918 5510 1049 5564 Mss,
1071 5513 1196 5563 eam,
1213 5500 1354 5564 juxta
1373 5504 1502 5559 Lxx,
1526 5495 1667 5548 auten
1690 5508 1710 5547 :
1727 5494 1886 5546 refer-

311 5572 467 5625 tzn‘ad
492 5581 670 5620 arcam.

373 5617 893 5693 ὶὲἶιιῖἰξῖιῖπιιιτωιι
925 5636 1049 5689 ejus.
1080 5631 1137 5675 At
1164 5634 1335 5675 omnes
1363 5621 1512 5673 nostri
1544 5626 1652 5671 uss.
1671 5653 1686 5682 ,
1708 5617 1888 5670 instru-

311 5699 518 5749 “anan.

372 5796 447 5860 (α)
469 5792 642 5845 Ocnfer
664 5790 747 5843 lib.
776 5792 833 5843 15
846 5793 911 5842 de
928 5789 1060 5841 Civit.
1085 5788 1186 5851 Dei,
1212 5799 1314 5849 cap.
1344 5785 1415 5835 ll.

1668 398 1880 457 LIBER
1914 396 2190 459 PRIMUS.

3457 409 3564 467 550

1980 511 2250 582 inferiora,
2295 513 2515 573 haberet
2533 526 2589 572 et
2614 516 2888 587 superiora
2913 515 3224 575 inferiorum
3253 520 3267 552 ¹
3294 534 3416 593 qua:
3454 536 3559 591 ap-

1977 604 2242 675 pellantur
2273 606 2630 675 hicamerata;
2663 608 2881 664 haberet
2923 619 2977 665 et
3003 611 3275 680 superiora
3304 614 3550 684 superio-

1979 708 2122 760 rum,
2168 712 2287 766 qua)
2329 698 2612 768 appellavit
2654 686 3100 757 tricamcrata.ln
3138 702 3308 773 prima
3348 704 3547 776 quippe

1979 780 2320 850 habitatione,
2360 787 2413 841 id
2461 796 2543 842 est
2584 789 2636 842 in
2677 789 3036 858 inferioribus,
3075 792 3242 847 semel
3282 804 3551 850 camerata

1978 884 2093 927 erat
2116 889 2239 929 arca
2264 893 2279 941 ;
2311 876 2362 931 in
2387 879 2618 933 secunda
2646 894 2772 934 vero
2802 879 3125 937 habitatione
3148 896 3307 953 supra
3335 882 3555 938 inferio-

1979 977 2093 1018 rem
2114 963 2223 1032 jam
2252 965 2569 1023 hicamcrata
2595 979 2724 1034 erat,
2757 983 2820 1025 ac
2848 985 2941 1040 per
2966 970 3067 1026 hoc
3096 971 3150 1025 in
3190 973 3346 1029 tertia
3387 986 3550 1044 supra

1980 1055 2265 1110 secundam
2296 1056 2411 1113 sine
2447 1058 2609 1114 dubio
2634 1061 2966 1117 tricamerata
2993 1072 3126 1118 erat.

2054 1144 2161 1201 VII.
2195 1145 2292 1219 [lb.
2323 1163 2395 1213 vt,
2425 1147 2539 1223 ει]
2577 1150 2834 1218 Quoniam
2864 1168 2971 1207 non
3014 1153 3184 1207 solum
3225 1155 3422 1222 vivere,
3458 1155 3553 1213 sed

1981 1236 2138 1290 etiam
2168 1239 2312 1308 pasci
2351 1239 2404 1293 in
2442 1255 2562 1295 arca
2587 1243 2831 1297 animalia
2859 1244 3000 1298 Deus
3040 1244 3190 1309 dixit,
3218 1254 3274 1302 et
3307 1246 3467 1317 jussit
3494 1258 3553 1304 ut

1978 1326 2092 1383 Noe
2131 1330 2199 1385 ab
2227 1331 2475 1387 omnibus
2503 1334 2638 1389 escis
2666 1344 2902 1390 sumeret
2939 1336 3037 1390 sibi
3066 1345 3121 1391 et
3162 1337 3283 1402 illis,
3332 1354 3451 1409 quae
3482 1341 3550 1395 ad

1982 1417 2130 1473 illum
2156 1419 2359 1476 fuerant
2382 1424 2680 1493 ingressum
2701 1440 2714 1478 :
2735 1426 2987 1495 quaeritur
3003 1428 3266 1496 quomodo
3280 1428 3349 1483 ibi
3364 1429 3551 1486 leones

1980 1511 2063 1564 vel
2089 1513 2298 1581 aquibe,
2328 1530 2445 1583 qua:
2472 1526 2861 1571 consueverunt
2897 1519 3145 1574 carnibus
3176 1521 3373 1586 vivere,
3410 1500 3557 1591 pasci

1982 1603 2285 1669 potuerint;
2317 1613 2493 1658 utrum
2526 1616 2579 1660 et
2602 1606 2849 1661 animalia
2880 1617 3073 1678 praeter
3100 1609 3247 1664 illum
3276 1626 3553 1665 numerum

1981 1701 2197 1762 prepter
2222 1694 2445 1750 aliorum
2470 1711 2647 1753 escam
2676 1697 2871 1753 fuerint
2911 1698 3236 1766 intromissa,
3266 1715 3331 1754 an
3376 1702 3553 1772 aliqua

1981 1795 2171 1854 przeter
2194 1802 2380 1842 carnes
2408 1788 2571 1857 (quod
2598 1789 2764 1859 magis
2788 1789 3109 1845 credendum
3137 1790 3238 1860 εει)
3264 1806 3293 1844 a
3321 1791 3435 1846 viro
3461 1806 3553 1846 sa-

1980 1877 2177 1945 piente,
2202 1877 2281 1930 vel
2307 1878 2413 1933 Deo
2429 1879 2823 1934 demonstrante
2848 1881 3055 1948 provisa
3078 1880 3203 1946 sint,
3229 1894 3347 1950 qua:
3367 1880 3551 1937 talium

1979 1983 2189 2038 quoque
2212 1969 2559 2022 animantium
2603 1971 2740 2024 escis
2768 1970 3154 2025 convenirent?

2050 2059 2184 2113 V’Ill.
2215 2059 2314 2131 [lb.
2342 2075 2435 2120 vu,
2464 2060 2517 2125 8,
2546 2058 2625 2130 9.]
2664 2060 2815 2126 Quod
2842 2060 3093 2129 scriptum
3123 2068 3225 2122 est,
3258 2058 3321 2113 Et
3351 2075 3386 2113 α
3411 2060 3554 2114 eola-

1979 2150 2150 2203 tilibus
2180 2150 2379 2202 mundis
2407 2160 2451 2203 et
2479 2166 2509 2202 α
2534 2148 2816 2204 volatilibus
2837 2137 3126 2215 immundis,
3169 2158 3217 2203 et
3242 2166 3274 2201 a
3298 2150 3556 2220 pecoribus

1977 2240 2179 2293 mundis
2206 2248 2254 2293 et
2278 2256 2309 2291 a
2335 2240 2589 2309 pecoribus
2614 2240 2902 2303 immundis,
2931 2248 2979 2293 et
3004 2237 3066 2292 ab
3094 2239 3322 2294 omnibus
3344 2256 3553 2309 serpen-

1980 2329 2108 2382 tibus
2135 2329 2189 2382 in
2226 2340 2400 2394 terra;
2438 2329 2579 2399 quod
2607 2329 2798 2384 deinde
2824 2344 2933 2384 non
2969 2328 3197 2393 additur,
3244 2330 3557 2385 subauditur

1978 2418 2187 2473 mundis
2213 2427 2268 2473 et
2294 2418 2578 2473 immundis
2606 2433 2621 2483 ;
2646 2427 2701 2473 et
2723 2418 3042 2488 adjungitur,
3071 2418 3187 2472 Duo
3216 2419 3317 2473 duo
3348 2421 3368 2451 ’
3393 2419 3555 2473 intra-

1978 2517 2149 2563 verunt
2169 2508 2237 2561 ad
2266 2507 2378 2561 Noe
2403 2507 2453 2560 in
2480 2524 2670 2571 arcam,
2698 2509 2952 2561 masculus
2976 2518 3021 2561 et
3048 2509 3256 2577 fenuina.
3287 2508 3552 2573 Quaeritur

1978 2598 2244 2669 quomodo
2286 2598 2528 2666 superius
2553 2596 2853 2651 distinxerit
2884 2596 2988 2649 duo
3016 2596 3122 2649 duo
3146 2596 3214 2650 ab
3244 2595 3550 2661 immundis,

1978 2704 2118 2744 nunc
2142 2696 2316 2742 autem
2347 2688 2459 2741 sive
2479 2702 2507 2739 a
2533 2685 2745 2740 mundis
2768 2686 2881 2740 sive
2906 2685 2975 2740 ab
3004 2686 3287 2741 immundis
3313 2685 3418 2740 duo
3441 2685 3549 2740 duo

1978 2781 2118 2835 dicat
2161 2780 2404 2833 intrasse.
2438 2778 2542 2832 Sed
2588 2777 2689 2831 hoc
2738 2778 2969 2832 refertur
3012 2791 3117 2830 non
3160 2776 3227 2831 ad
3273 2792 3550 2831 numerum

1979 2870 2294 2925 mundorum
2324 2869 2406 2922 vel
2433 2867 2820 2921 immundorum
2847 2867 3171 2930 animalium,
3199 2866 3292 2921 sed
3331 2865 3397 2919 ad
3440 2880 3556 2919 ma-

1978 2962 2181 3016 sculum
2202 2969 2256 3013 et
2274 2957 2523 3013 feminam
2549 2975 2564 3023 ;
2594 2958 2714 3027 quia
2737 2957 2788 3011 in
2814 2956 3059 3010 omnibus
3080 2955 3190 3008 sive
3208 2954 3418 3009 mundis
3437 2955 3552 3009 sive

1979 3055 2263 3112 immundis
2286 3057 2392 3111 duo
2424 3063 2568 3117 sunt,
2598 3053 2863 3107 masculus
2887 3061 2942 3106 et
2966 3051 3183 3106 femina.

2052 3149 2141 3202 IX.
2182 3147 2279 3221 [lb.
2307 3164 2402 3213 vn,
2440 3145 2547 3218 15.]
2571 3145 2866 3200 Notandum
2891 3144 3031 3212 quod
3068 3144 3323 3212 scriptum
3352 3150 3453 3207 est,
3484 3140 3554 3195 In

1976 3258 2075 3313 quo
2116 3250 2186 3295 est
2218 3241 2424 3311 spiritus
2468 3240 2601 3301 vita,
2634 3253 2738 3291 non
2782 3237 2951 3291 solum
2992 3234 3059 3291 de
3099 3234 3417 3299 hominibus,
3458 3234 3552 3288 sed

1978 3332 2135 3385 etiam
2155 3330 2221 3383 de
2244 3329 2523 3399 pecoribus
2550 3328 2768 3391 dictum,
2791 3335 3007 3394 propter
3034 3325 3158 3379 illud
3180 3324 3320 3393 quod
3340 3324 3551 3393 quidam

1978 3421 2043 3474 de
2068 3419 2264 3488 Spiritu
2291 3429 2474 3473 sancto
2505 3418 2689 3471 volunt
2715 3415 3030 3484 intelligere,
3057 3413 3144 3467 ubi
3172 3413 3426 3481 scriptum
3449 3424 3547 3476 est,

1979 3507 2044 3563 Et
2066 3509 2327 3578 insufﬂauit
2350 3507 2484 3561 Deus
2510 3507 2562 3559 in
2587 3508 2767 3577 faciem
2785 3506 2892 3572 ejus
2916 3504 3148 3573 spiritum
3174 3503 3287 3555 vita:
3309 3500 3461 3571 (Gen.
3491 3517 3551 3568 ιι,

1979 3601 2032 3670 7)
2055 3618 2068 3655 :
2092 3601 2230 3670 quod
2254 3600 2441 3655 melius
2459 3598 2671 3667 quidam
2698 3597 2907 3652 codices
2929 3596 3140 3658 habent,
3163 3596 3343 3663 [latum
3362 3594 3495 3647 vita.

2048 3693 2117 3749 Χ.
2160 3692 2257 3765 [lb.
2298 3708 2402 3753 vu,
2433 3688 2548 3762 20.]
2595 3691 2668 3744 De
2717 3688 2971 3742 montium
3033 3686 3307 3741 altitudine
3334 3726 3349 3752 ,
3395 3700 3552 3753 quam

1984 3799 2197 3839 omnem
2252 3782 2504 3851 scriptum
2557 3787 2639 3835 est
2689 3776 3073 3833 transcendisse
3121 3790 3309 3844 aquam
3363 3774 3555 3829 cubitis

1979 3872 2297 3944 quindecim,
2334 3869 2587 3940 quatritur
2635 3874 2848 3937 propter
2880 3864 3088 3935 Olympi
3136 3862 3332 3917 montis
3386 3862 3555 3917 histo-

1980 3968 2135 4020 riam.
2165 3963 2220 4017 Si
2240 3961 2380 4015 cnim
2410 3969 2479 4014 tet
2495 3974 2550 4012 ra
2574 3956 2820 4011 invadere
2836 3954 3009 4026 potuit
3032 3953 3261 4021 spatium
3288 3951 3552 4019 tranquilli

1980 4055 2122 4110 illius
2153 4052 2315 4118 aeris,
2359 4051 2447 4103 ubi
2475 4048 2666 4103 dicitur
2706 4059 2803 4099 nec
2830 4043 2996 4097 nubes
3021 4041 3209 4108 videri,
3244 4054 3343 4095 nec
3369 4048 3554 4093 ventos

1979 4144 2184 4209 sentiri,
2211 4159 2306 4197 cur
2332 4157 2433 4195 non
2461 4147 2514 4193 et
2540 4152 2672 4207 aqua
2702 4133 3026 4190 crescendo?

2051 4236 2142 4292 ιιι.
2183 4235 2283 4309 [lb.
2314 4250 2410 4301 vn,
2436 4231 2550 4304 24.]
2587 4230 2738 4298 Quod
2776 4230 3028 4300 scriptum
3059 4235 3160 4290 est,
3206 4224 3445 4279 Exaltata
3484 4231 3557 4276 est

1979 4345 2111 4400 aqua
2135 4342 2284 4397 super
2312 4335 2496 4378 terram
2513 4332 2710 4376 centum
2746 4318 3108 4389 quinquaginta
3132 4315 3275 4377 dies;
3304 4314 3557 4383 quaeritur

1981 4429 2157 4475 utrum
2183 4432 2348 4486 usque
2375 4413 2440 4470 ad
2471 4416 2612 4468 hunc
2638 4413 2779 4467 diem
2821 4409 3071 4472 creverit,
3102 4422 3168 4460 an
3198 4420 3294 4474 per
3332 4414 3405 4458 tot
3443 4404 3557 4456 dies

1982 4510 2034 4564 in
2059 4507 2335 4563 altitudine
2364 4519 2463 4575 qua
2490 4492 2729 4557 creverat
2755 4498 3009 4552 manserit
3034 4513 3046 4548 :
3079 4494 3326 4561 quoniam
3356 4492 3443 4545 alii
3473 4491 3557 4544 in-

1984 4606 2239 4667 terpretes
2282 4594 2490 4663 planius
2523 4590 2769 4644 videntur
2804 4588 2904 4641 hoc
2953 4586 3149 4639 dicere.
3193 4582 3323 4637 Nam
3367 4581 3557 4651 Aquila

1981 4687 2137 4750 dixit,
2191 4684 2417 4738 Obtinuit
2457 4697 2476 4735 :
2519 4678 2889 4752 Symmachus,
2938 4676 3341 4741 Prwvalucrunt,
3387 4672 3440 4727 id
3478 4682 3561 4727 est

1982 4791 2131 4844 aqum
2148 4772 2189 4827 ³.

2052 4866 2168 4923 Xll.
2210 4865 2307 4938 [lb.
2333 4878 2447 4926 vtu,
2472 4860 2547 4933 l.]
2585 4858 2733 4927 Quod
2764 4858 3016 4927 scriptum
3044 4852 3182 4921 est‘,
3207 4862 3325 4923 post
3349 4862 3558 4908 centum

1984 4958 2360 5031 quinquaginta
2386 4953 2500 5007 dies
2524 4950 2804 5005 adductum
2840 4962 2959 5003 esse
2983 4946 3225 5016 Spiritum
3256 4958 3416 5013 super
3442 4951 3556 4997 ter-

1986 5064 2120 5115 ram,
2145 5057 2200 5104 et
2224 5046 2445 5102 desiisse
2469 5056 2678 5114 aquam,
2708 5049 2763 5095 et
2789 5038 3064 5093 conclusos
3084 5035 3257 5090 fontes
3284 5032 3483 5103 abyssi,
3506 5042 3560 5085 et

2050 5223 2067 5257 ι
2092 5220 2165 5271 sic
2179 5218 2345 5282 plures
2362 5224 2414 5267 et
2429 5214 2799 5282 meliorisnotze
2814 5218 2919 5282 Mss.
2944 5204 3565 5282 Atie’xeusifeiehaptnaft

1986 5261 2654 5354 ζιαὺξιῖξιῗῖίθῆᾳῖνξιξὶιῶεῆι
2669 5271 2829 5324 media
2845 5277 2891 5322 et
2907 5266 3172 5333 superiora,
3193 5276 3304 5329 qua
3314 5261 3564 5327 appellan-

2629 5528 2801 5581 aquaa;
2819 5513 2995 5565 omisso
3010 5546 3027 5574 ,
3047 5508 3102 5562 id
3122 5512 3211 5570 est,
3234 5505 3364 5571 quod
3384 5504 3567 5554 habent

1988 5593 2138 5641 nostri
2161 5598 2332 5636 omnes
2350 5593 2456 5634 Mss.

2052 5654 2074 5684 δ
2090 5650 2208 5715 εάίιί
2225 5661 2238 5696 =
2265 5646 2396 5715 0qu
2409 5643 2642 5715 κνέριιιπι
2660 5644 2732 5715 ρει

1992 5686 2455 5772 ιιιηιυῆιὲῖιῇιῖἇῇῖιιῖ
2466 5686 2679 5772 ἇῖξξει
2690 5686 2971 5772 ⁷ἰιᾷἀιιξιιιιιι
2993 5707 3094 5772 esse
3107 5686 3565 5772 interra-

1993 5755 2221 5840 ἇᾶἱὶιῧὲῦἐ
2230 5755 2425 5832 sapient
2454 5755 2666 5817 melioris
2686 5769 2812 5811 uotae
2834 5766 2938 5809 Μεδ-
2963 5768 3087 5821 (ιυοθ
3107 5755 3184 5804 δίο
3198 5755 3464 5815 sequium“
