4094 6460
558 318 657 378 551

558 439 851 491 cataractas
875 429 1017 497 caeli,
1056 436 1110 487 et
1136 428 1402 487 detentum
1430 429 1659 499 pluviam
1686 426 1754 482 de
1779 425 1949 490 coelo;
1981 437 2130 493 qua:-

558 526 694 581 ritur
721 532 895 581 utrum
923 532 1044 595 post
1079 532 1288 579 centum
1317 520 1688 591 quinquaginta
1717 517 1832 573 dies
1855 515 1970 570 haec
1995 514 2130 569 facta

557 615 683 683 sint,
724 630 790 670 an
834 630 932 685 per
972 613 1460 685 recapitulationem
1504 610 1680 666 omnia
1718 619 2130 664 commemorem

557 710 685 775 sint,
733 725 849 780 qua:
878 719 996 780 post
1037 708 1379 779 quadraginta
1419 706 1534 761 dies
1563 704 1753 776 pluviae
1792 702 1905 757 fieri
1954 714 2132 769 caepe-

556 809 680 854 runt
708 816 722 853 :
750 799 934 857 1111100
958 799 1125 853 solum
1147 796 1213 851 ad
1238 805 1449 852 centum
1476 794 1847 864 quinquaginta
1872 790 1987 845 dies
2013 803 2134 859 per-

558 889 744 954 tineat,
769 888 910 959 quod
937 902 1103 957 usque
1130 885 1197 940 ad
1227 885 1369 955 ipsos
1395 898 1529 953 aqua
1558 883 1785 938 exaltata
1811 891 1914 946 est,
1947 887 2038 933 aut
2064 877 2130 933 de

556 977 790 1034 fontibus
816 977 993 1048 abyssi
1016 983 1259 1031 cessante
1279 975 1389 1045 jam
1428 972 1624 1044 pluvia,
1655 979 1749 1026 aut
1786 971 1904 1041 quia
1937 967 2132 1023 mansit

556 1068 610 1122 in
634 1067 908 1123 altitudine
942 1081 1056 1133 sua,
1089 1065 1214 1120 dum
1245 1064 1392 1119 nullo
1412 1064 1632 1134 Spiritu‘
1670 1062 1991 1125 siccaretur;
2019 1072 2128 1113 ete-

554 1166 666 1213 tera
690 1172 815 1212 vero
840 1172 956 1227 qua:
993 1156 1130 1210 dicta
1169 1163 1310 1219 sunt,
1344 1168 1448 1209 non
1475 1162 1593 1223 post
1630 1162 1841 1207 centum
1866 1150 2129 1219 quinqua-

552 1248 697 1319 ginta
722 1248 837 1303 dies
877 1247 1054 1302 omnia
1098 1246 1231 1302 facta
1261 1246 1388 1311 sint,
1431 1245 1525 1300 sed
1563 1249 1973 1299 commemorata
2023 1238 2130 1294 sint

552 1338 749 1405 omnia,
781 1352 900 1408 qua:
938 1352 1004 1393 ex
1036 1336 1139 1392 line
1171 1335 1515 1407 quadraginta
1554 1334 1759 1389 dierum
1802 1330 1912 1387 11011
1942 1341 2126 1399 cmpe-

553 1437 697 1484 runt.

620 1518 758 1573 XIII.
800 1516 899 1591 [Ib.
932 1533 1048 1583 1111,
1077 1514 1222 1588 6—9.]
1251 1515 1403 1584 Quod
1440 1514 1695 1584 scriptum
1717 1520 1819 1577 est,
1849 1509 2125 1566 dimissum

551 1622 672 1665 esse
697 1623 932 1673 corvum,
963 1622 1061 1662 nec
1083 1606 1306 1662 rediisse
1328 1622 1343 1671 ;
1366 1612 1422 1660 et
1439 1604 1709 1658 dimissam
1741 1609 1860 1671 post
1887 1614 2008 1655 eum
2036 1612 2128 1655 co-

551 1696 806 1763 lumbam,
852 1704 905 1750 et
931 1696 1099 1765 ipsam
1134 1694 1375 1759 rediisse,
1417 1690 1559 1762 quod
1589 1705 1693 1745 non
1724 1688 2013 1743 invenisset
2040 1700 2127 1741 10-

550 1785 726 1855 quiem
782 1783 1003 1854 pedibus
1049 1783 1199 1838 suis:
1227 1782 1451 1852 quaestio
1496 1781 1632 1835 solet
1669 1778 1889 1844 aboriri,
1946 1785 2124 1831 utrum

548 1888 741 1929 corvus
767 1883 1004 1928 mortuus
1036 1872 1125 1939 sit,
1156 1887 1222 1926 an
1248 1872 1429 1941 aliquo
1465 1870 1625 1925 modo
1652 1869 1831 1923 vivere
1858 1865 2125 1937 potuerit?

548 1967 671 2036 quia
697 1966 875 2036 utique
904 1965 947 2020 si
978 1963 1076 2018 fuit
1117 1974 1254 2019 terra
1284 1964 1373 2018 ubi
1416 1962 1792 2031 requiesceret,
1835 1961 1995 2015 etiam
2035 1972 2127 2013 co-

549 2058 729 2115 lumba
766 2058 1002 2129 requiem
1038 2057 1209 2127 potuit
1256 2055 1493 2109 invenire
1538 2053 1760 2123 pedibus
1803 2052 1935 2106 suis.
1973 2050 2126 2106 Unde

547 2148 827 2218 conjicitur
852 2162 881 2201 a
912 2147 1094 2201 multis
1118 2145 1259 2216 quod
1296 2144 1541 2199 cadaveri
1568 2143 1800 2212 potuerit
1826 2154 2018 2197 corvus
2043 2140 2126 2196 in-

549 2238 746 2304 sidere,
777 2236 917 2309 quod
942 2235 1186 2291 columba
1214 2234 1523 2289 naturaliter
1548 2231 1761 2302 refugit.

619 2329 760 2384 XIV.
784 2327 883 2401 [Ib.
917 2343 1030 2393 vtn,
1060 2325 1139 2397 9.]
1179 2325 1305 2380 Item
1344 2325 1565 2395 quaestio
1601 2332 1687 2378 est
1725 2320 1991 2393 quomodo
2025 2334 2121 2379 co-

547 2418 727 2473 lnmba
760 2431 867 2473 non
892 2416 1153 2470 invenerit
1176 2414 1265 2468 ubi
1291 2413 1572 2479 resideret,
1602 2413 1647 2466 si
1673 2412 1804 2483 jam,
1833 2412 1971 2467 sicut
1999 2426 2126 2466 nar—

546 2507 767 2563 rationis
816 2506 949 2562 ordo
991 2505 1309 2570 contexitur,
1356 2502 1549 2557 nudata
1596 2501 1806 2556 fuerant
1848 2501 2123 2555 cacumina

546 2598 823 2652 montium.
849 2596 979 2664 Quae
1007 2596 1215 2650 videtur
1242 2594 1464 2664 quaestio
1491 2602 1580 2646 aut
1608 2608 1704 2663 per
1726 2592 2122 2661 recapitulatio-

546 2702 667 2742 nem
703 2700 860 2756 posse
900 2686 1141 2752 dissolvi,
1188 2693 1244 2738 ut
1283 2699 1345 2738 ea
1375 2682 1636 2753 posterius
1677 2690 1890 2735 narrata
1925 2682 2123 2738 intelli-

543 2783 753 2845 gantur,
776 2789 894 2844 qua:
913 2774 1060 2843 prius
1084 2772 1219 2828 facta
1244 2779 1399 2839 sunt;
1428 2778 1518 2825 aut
1542 2771 1716 2841 potius
1741 2769 1860 2839 quia
1888 2770 2121 2825 nondum

545 2866 741 2922 siccata
772 2865 997 2919 fuerant.

615 2957 731 3013 XV.
765 2956 863 3029 [Ib.
898 2971 1008 3023 vm,
1036 2953 1153 3027 21.]
1168 2954 1301 3021 Quid
1331 2954 1429 3008 sibi
1455 2953 1565 3008 vult
1593 2951 1734 3023 quod
1760 2951 2015 3006 Dominus
2038 2951 2121 3005 di-

544 3048 637 3113 cit,
669 3047 789 3101 Non
825 3047 1066 3117 adjiciam
1096 3046 1260 3099 adhuc
1284 3045 1582 3098 maledicere
1606 3060 1758 3113 super
1791 3053 1978 3096 terram
2003 3059 2124 3113 pro-

546 3147 655 3208 pter
673 3152 827 3207 opera
853 3137 1140 3200 hominum;
1163 3136 1282 3208 quia
1304 3136 1535 3205 apposita
1560 3144 1631 3188 est
1655 3150 1791 3189 mens
1816 3135 2030 3189 hominis
2054 3134 2122 3188 ad

545 3228 766 3299 maligna
790 3243 821 3280 a
837 3227 1152 3298 juventute’.
1190 3225 1310 3278 Non
1335 3226 1573 3293 adjiciam
1605 3241 1720 3295 ergo
1748 3225 1916 3279 adhuc
1944 3241 2122 3295 percu-

544 3329 646 3373 tere
682 3326 892 3372 omnem
942 3332 1143 3370 carnem
1194 3317 1373 3382 vivam,
1422 3316 1841 3385 quemadmodum
1885 3316 2017 3385 feci;
2067 3325 2122 3373 et

542 3407 733 3463 deinde
771 3406 1005 3477 adjungit
1041 3421 1159 3475 quae
1201 3405 1490 3460 secundum
1530 3405 1826 3475 largitatem
1868 3406 2121 3463 bonitatis

542 3514 652 3553 suae
676 3497 837 3551 donat
866 3495 1442 3566 hominibusindignis?
1469 3495 1651 3550 Utrum
1685 3497 1768 3550 hic
1791 3496 2117 3551 Testamenti

540 3589 675 3645 Novi
700 3588 1022 3658 indulgentia
1047 3589 1263 3656 Iigurata
1287 3588 1375 3653 sit,
1404 3595 1458 3641 et
1482 3588 1745 3656 praeterita
1774 3588 1901 3642 ultio
1931 3588 1995 3642 ad
2020 3588 2122 3644 Ve-

541 3689 627 3737 tus
655 3683 916 3751 pertineat
949 3680 1345 3735 Testamentum
1379 3697 1392 3732 :
1424 3680 1526 3733 hoc
1563 3686 1664 3744 est,
1698 3679 1825 3733 illud
1866 3679 1933 3733 ad
1964 3679 2119 3750 Legis

542 3774 900 3836 severitatem,
932 3770 1032 3825 hoc
1059 3769 1123 3823 ad
1145 3769 1325 3838 gratia:
1347 3768 1633 3823 bonitatem
1649 3769 1705 3823 'i

612 3862 750 3917 XVI.
793 3862 892 3932 [Ib.
934 3878 1013 3927 tx,
1046 3860 1124 3934 5.]
1162 3859 1297 3925 Quid
1338 3870 1441 3925 est,
1485 3860 1550 3913 Et
1594 3861 1656 3913 de
1700 3877 1852 3913 manu
1902 3860 2117 3916 hominis

541 3958 713 4028 fratris
734 3957 989 4026 exquiram
1009 3956 1229 4008 animam
1250 3954 1503 4008 hominis?
1521 3955 1598 4007 An
1616 3968 1825 4009 omnem
1847 3953 2115 4010 hominem

541 4049 754 4103 fratrem
801 4047 975 4102 omnis
1017 4044 1282 4101 hominis‘
1329 4044 1549 4115 intelligi
1601 4046 1784 4114 voluit,
1824 4048 2114 4103 secundum

538 4141 906 4210 cognationem
937 4155 999 4193 ex
1023 4153 1129 4192 uno
1154 4138 1405 4193 ductam?

610 4229 772 4285 XVII.
799 4230 900 4302 [Ib.
933 4245 1006 4295 tx,
1035 4227 1151 4300 25.]
1191 4228 1364 4296 Quare
1400 4243 1625 4298 peccans
1662 4226 1826 4283 Cham
1857 4231 1909 4284 111
1950 4229 2114 4299 patris

537 4321 757 4385 oll'ensa,
785 4336 890 4374 non
922 4320 973 4373 in
1014 4321 1209 4388 seipso,
1241 4318 1333 4374 sed
1366 4320 1416 4373 in
1450 4319 1556 4374 ﬁlio
1585 4335 1681 4374 suo
1717 4320 1964 4376 Chanaan
2002 4339 2115 4377 ma-

536 4410 809 4475 ledicitnr;
864 4412 964 4465 nisi
1007 4410 1130 4479 quia
1178 4409 1551 4479 prophetatum
1595 4420 1677 4464 est
1723 4412 2113 4480 quodammodo

537 4512 732 4557 terram
756 4500 1022 4565 Chanaan,
1048 4502 1234 4570 ejectis
1258 4500 1379 4555 inde
1405 4500 1719 4555 Cbananmis
1739 4510 1791 4557 et
1810 4503 2109 4573 debellatis,

535 4601 846 4661 accepturos
869 4591 1029 4647 fuisse
1061 4592 1197 4647 Iilios
1224 4590 1407 4657 Israel,
1434 4592 1523 4661 qui
1552 4592 1793 4648 venirent
1815 4594 1881 4649 de
1909 4597 2112 4652 semine

516 4682 699 4754 ‘Scm?

607 4770 791 4828 XVIII.
835 4770 933 4844 [Ib.
958 4788 1015 4840 x,
1034 4771 1113 4844 8.]
1150 4772 1415 4839 Qumritur
1440 4773 1705 4843 quomodo
1728 4775 1927 4831 dictum
1959 4778 2024 4831 sit
2044 4777 2111 4832 de

533 4862 845 4927 Nembroth,
897 4861 992 4915 Hic
1037 4863 1183 4932 coepit
1214 4878 1318 4916 esse
1359 4863 1500 4934 gigas
1541 4880 1691 4935 super
1732 4876 1950 4929 terram;
1988 4882 2109 4922 cum

534 4958 771 5027 gigantes
811 4965 862 5009 et
897 4963 1049 5008 antea
1092 4964 1245 5008 natos
1280 4953 1552 5025 Scriptura
1589 4968 1994 5014 commemoret.
2027 4961 2107 5014 An

532 5049 669 5104 forte
694 5050 814 5119 quia
842 5058 959 5118 post
979 5046 1232 5103 diluvium
1260 5049 1463 5102 novitas
1481 5050 1694 5119 generis
1722 5050 1935 5104 humani
1957 5066 2109 5121 repa-

531 5139 684 5194 randi
715 5139 890 5195 denuo
916 5148 1385 5203 commemoratur,
1416 5138 1469 5193 in
1497 5154 1600 5210 qua
1626 5140 1857 5195 novitate
1887 5140 1972 5196 hic
1998 5156 2108 5198 caa-

530 5235 606 5302 pit
628 5247 747 5287 esse
776 5230 921 5301 gigas
947 5246 1105 5299 super
1137 5230 1367 5284 terram?

592 5342 610 5373 ί
636 5348 736 5405 Am.
759 5346 834 5388 Er.
861 5345 921 5405 et.
950 5345 1088 5405 Inv,
1100 5339 1217 5389 dum
1250 5338 1301 5390 in
1322 5337 1405 5391 illo
1419 5338 1606 5405 spiritu.
1632 5347 1688 5391 At
1721 5346 1820 5390 Rat.
1863 5347 1915 5391 et
1935 5354 2106 5395 omnes

527 5408 653 5459 1158.,
683 5400 798 5463 dum
818 5398 948 5463 nullo
969 5399 1158 5463 spiritu.

592 5466 611 5494 ί
636 5462 785 5535 101111,
830 5461 895 5511 ad
1193 5461 1497 5535 ajuveruut'.
1524 5470 1581 5535 At_
1596 5472 1699 5535 gss.
1722 5464 2026 5535 porbeiensis
2054 5471 2107 5516 et

527 5524 718 5585 Eugypii
741 5523 854 5581 duo,
879 5522 943 5572 ad
966 5522 1176 5587 maligna
1200 5522 1373 5595 :juxta
1394 5537 1540 5595 graec.
1566 5532 1693 5587 LXX,
1719 5531 1770 5575 ta
1791 5525 1985 5590 ponéra.

592 5590 611 5616 ³
639 5590 783 5632 Vetus
803 5583 959 5633 codex
981 5586 1297 5636 Corbeiensrs.
1322 5591 1581 5636 veritatem.

590 5646 619 5709 ξ
635 5618 783 5709 sint:
1648 5646 1834 5700 nomine
1850 5683 1864 5709 ,
1890 5660 1917 5697 a
1938 5655 2044 5699 Mss.
2072 5662 2101 5699 e

528 5707 702 5767 quibus
721 5705 816 5757 duo
839 5706 946 5768 ejus
966 5706 1071 5757 loco
1093 5708 1291 5769 habent,
1311 5705 1622 5759 vel

1367 308 1824 381 QUAESTIONUM
1861 309 1918 366 S.
1958 304 2318 365 AUGUSTINI
2355 303 2421 362 IN
2460 304 3021 366 HEPTATEUCHUM

3714 311 3825 369 552

2308 421 2451 476 XIX.
2480 420 2579 493 [Ib.
2611 438 2671 487 x,
2699 421 2815 493 25.]
2852 421 3115 488 Quaeritur
3138 421 3264 491 quid
3297 421 3386 492 sit,
3414 422 3493 493 Et
3519 423 3681 480 Heber
3708 430 3821 483 nati

2235 520 2353 566 sunt
2392 512 2488 580 ﬁlii
2536 512 2676 577 duo;
2725 528 2906 565 nomen
2944 513 3093 565 unius
3144 511 3390 579 Phalech,
3437 516 3556 585 quia
3602 516 3659 570 in
3703 519 3789 574 die

2238 605 2327 658 bus
2345 604 2455 674 ejus
2481 603 2640 657 divisa
2663 612 2735 658 est
2762 613 2893 658 terra
2921 619 2940 659 :
2966 604 3067 658 nisi
3097 604 3233 660 forte
3273 605 3323 659 in
3348 606 3537 662 diebus
3562 608 3680 678 ejus
3704 608 3815 665 lini:

2235 708 2456 764 gnarum
2487 695 2576 749 illa
2601 695 2881 751 diversitas
2909 695 3189 763 exstiterit,
3218 710 3314 767 per
3331 711 3491 767 quam
3516 699 3712 755 factum
3733 710 3818 757 est

2236 794 2294 839 ut
2319 792 2504 855 gentes
2531 785 2912 841 dividerentur.
3255 774 3297 839 ’ζ
3678 784 3821 855 1ίέ

2306 874 2426 930 XX.
2469 875 2569 947 [Ib.
2608 892 2682 940 ιι,
2706 875 2783 948 1.]
2822 876 2891 930 Et
2914 884 3021 930 erat
3054 877 3215 931 omnis
3239 885 3371 931 terra
3400 879 3588 934 (obium
3616 897 3774 935 unum
3793 897 3815 937 :

2235 966 2501 1036 quomodo
2523 966 2625 1021 boc
2645 974 2820 1036 potest
2844 967 3081 1037 intelligi,
3105 968 3314 1037 quando
3343 971 3585 1039 superius
3609 971 3812 1029 dictum

2234 1064 2317 1111 est
2348 1055 2487 1125 quod
2522 1057 2615 1110 lilii
2653 1056 2785 1123 Noe,
2816 1057 2897 1112 vel
2936 1050 3165 1112 ﬁliorum
3194 1058 3310 1128 ejus
3342 1059 3606 1115 distributi
3630 1071 3815 1118 essent

2234 1160 2332 1216 per
2361 1155 2556 1202 terram
2585 1149 2875 1204 secundum
2902 1149 3069 1204 tribus
3106 1157 3160 1205 et
3200 1151 3488 1205 secundum
3514 1162 3723 1223 gentes,
3759 1164 3817 1211 et

2234 1235 2524 1291 secundum
2550 1237 2754 1308 linguas
2794 1253 2940 1305 suas,
2987 1239 3089 1293 nisi
3128 1240 3250 1309 quia
3278 1255 3375 1310 per
3409 1243 3811 1312 recapitulatio-

2234 1342 2355 1381 nem
2372 1338 2555 1398 postea
2583 1339 2964 1385 commemorat
2990 1331 3129 1401 quod
3157 1333 3301 1401 prius
3326 1335 3477 1388 erat?
3499 1335 3591 1390 sed
3617 1336 3814 1392 obscu-

2236 1417 2445 1473 ritatem
2479 1419 2602 1475 facit
2625 1421 2765 1490 quod
2794 1435 2858 1475 eo
2882 1436 3075 1491 genere
3104 1422 3383 1479 locutionis
3412 1424 3511 1479 ista
3546 1428 3809 1496 contexit,

2232 1508 2383 1578 quasi
2426 1510 2657 1565 narratio
2694 1510 2761 1565 de
2798 1511 2861 1565 iis
2900 1526 3019 1581 quae
3048 1520 3229 1582 postea
3257 1512 3393 1568 facta
3428 1524 3571 1583 sunt,
3613 1530 3810 1573 conse-

2232 1609 2441 1671 quatur.

2302 1689 2443 1744 XXI.
2473 1690 2573 1763 [Ib.
2602 1708 2677 1759 xt,
2708 1691 2785 1765 4.]
2832 1693 3002 1749 Venite
3035 1695 3340 1765 a'di/icemus
3369 1697 3510 1753 nobis
3537 1699 3810 1768 civitatem,

2232 1787 2277 1833 et
2315 1781 2493 1833 turrim
2527 1783 2671 1851 cujus
2709 1792 2859 1854 caput
2886 1785 2981 1837 erit
3023 1801 3177 1856 usque
3212 1788 3265 1840 in
3290 1788 3488 1841 coelum.
3531 1789 3587 1844 Si
3618 1790 3721 1847 hoc
3749 1807 3812 1848 se

2231 1882 2389 1938 posse
2418 1870 2777 1938 crediderunt,
2806 1873 3026 1927 nimium
3056 1876 3215 1929 stulta
3240 1877 3457 1933 audacia
3482 1889 3537 1933 01
3560 1879 3810 1949 impietas

2230 1958 2661 2029 deprehenditur.
2687 1962 2753 2016 Et
2777 1962 2896 2033 quia
2919 1964 2987 2018 ob
3008 1966 3109 2019 hoc
3130 1966 3220 2021 Dei
3242 1968 3472 2022 vindicta
3497 1980 3677 2025 secuta
3700 1979 3808 2035 est,

2230 2059 2289 2105 ut
2307 2066 2491 2106 eorum
2517 2052 2709 2123 linguae
2736 2053 3116 2122 dividerentur,
3150 2071 3254 2112 non
3279 2058 3509 2114 absurde
3535 2059 3638 2116 1100
3663 2062 3813 2132 cogi-
3862 2126 3867 2129 _

2230 2150 2370 2198 tasse
2388 2143 2696 2198 creduntur.

2310 2231 2479 2289 XXII.
2521 2232 2619 2305 [Ib.
2646 2250 2726 2302 x1,
2755 2232 2833 2307 7.]
2845 2234 3019 2291 Venite
3041 2235 3421 2306 descendamus,
3445 2248 3493 2295 et
3518 2242 3829 2312 confunda-

2228 2337 2339 2377 mus
2364 2323 2434 2377 ibi
2459 2322 2685 2395 linguam
2707 2327 2934 2393 eorum‘,
2961 2343 3025 2381 ne
3054 2328 3230 2382 audiat
3265 2332 3599 2401 unusquisque
3633 2349 3807 2388 vocem

2229 2414 2450 2483 proximi
2477 2430 2496 2469 :
2524 2424 2701 2471 utrum
2729 2417 2795 2471 ad
2823 2418 3052 2488 Angelos
3084 2420 3339 2476 Dominus
3366 2421 3468 2477 hoc
3492 2423 3692 2479 dixisse
3727 2425 3812 2479 in—

2231 2502 2518 2573 telligitur?
2555 2519 2621 2559 an
2649 2506 2939 2561 secundum
2970 2507 3095 2562 illud
3124 2509 3483 2578 accipiendum
3522 2519 3624 2579 est,
3666 2513 3811 2582 quod

2228 2589 2282 2646 in
2311 2593 2532 2648 exordio
2557 2594 2677 2649 libri
2705 2596 2917 2665 legitur,
2947 2594 3221 2654 Faciamus
3256 2600 3507 2655 hominem
3534 2602 3603 2655 ad
3624 2603 3814 2674 imagi-

2228 2696 2342 2735 nem
2377 2690 2425 2735 et
2460 2684 2836 2739 similitudinem
2879 2697 3101 2742 nostram
3147 2687 3299 2761 (Gen.
3334 2705 3373 2757 1,
3405 2691 3496 2760 26)
3526 2692 3551 2745 ?
3578 2692 3712 2747 Nam
3753 2702 3810 2748 et

2228 2773 2492 2842 quomodo
2517 2786 2697 2844 postea
2716 2777 2909 2833 dicitur
2924 2779 3175 2850 singulari
3200 2796 3441 2847 numero,
3464 2785 3581 2854 quia
3600 2785 3669 2838 ibi
3687 2802 3813 2839 con-

2228 2867 2359 2938 fudit
2382 2866 2623 2921 Dominus
2644 2869 2775 2922 labia
2796 2880 2940 2925 terra:
2954 2872 3063 2927 :sic
3087 2881 3141 2927 et
3159 2873 3266 2927 illic
3284 2889 3404 2929 cum
3424 2875 3620 2931 dictum
3642 2888 3807 2945 esset,

2228 2954 2499 3011 Faciamus
2518 2958 2587 3011 ad
2604 2958 2870 3030 imaginem
2895 2971 3151 3027 nostram;
3178 2962 3230 3017 in
3255 2966 3703 3034 consequentibus
3732 2977 3811 3021 ta-

2227 3060 2350 3101 men
2372 3060 2477 3101 non
2504 3047 2704 3103 dictum
2721 3058 2823 3115 est,
2840 3049 3126 3119 Fecerunt,
3154 3052 3269 3121 sed,
3305 3053 3446 3108 Fecit
3470 3055 3632 3110 Deus.

2296 3134 2485 3191 XXIII.
2506 3136 2609 3208 [Ib.
2636 3154 2713 3206 xt,
2738 3139 2827 3205 12,
2857 3139 2969 3214 13.]
3007 3140 3159 3207 Quod
3184 3144 3436 3214 scriptum
3464 3154 3565 3211 est,
3599 3146 3664 3200 Et
3701 3156 3809 3202 erat

2224 3225 2504 3297 Arphaxad
2522 3245 2771 3283 annorum
2795 3240 2993 3285 centum
3013 3233 3217 3304 triginta
3235 3236 3471 3306 quinque,
3500 3253 3614 3290 cum
3636 3241 3809 3308 genuit

2225 3315 2494 3385 Chainan;
2536 3329 2582 3373 et
2620 3320 2743 3375 vixit
2769 3320 3050 3391 Arphaxad
3076 3334 3341 3395 postquam
3376 3328 3545 3396 genuit
3573 3327 3807 3384 Chainan

2224 3425 2385 3464 annos
2416 3410 2829 3483 quadringentos,
2866 3414 2969 3478 vel,
3008 3414 3144 3469 sicut
3185 3416 3234 3469 in
3270 3431 3445 3487 grteco
3484 3418 3805 3484 invenimus,

2223 3514 2385 3554 annos
2424 3510 2699 3567 trecentos;
2733 3502 2986 3572 quaeritur
3026 3506 3290 3574 quomodo
3327 3506 3521 3562 dixerit
3557 3509 3698 3564 Deus
3738 3510 3805 3565 ad

2222 3589 2357 3656 Noe,
2399 3590 2565 3645 Erunt
2603 3594 2723 3646 anni
2748 3593 2861 3647 vita:
2889 3610 3061 3648 eorum
3092 3604 3287 3650 centum
3326 3598 3517 3669 viginti.
3557 3598 3805 3654 Nondum

2223 3680 2367 3733 enim
2412 3689 2565 3735 natus
2606 3691 2720 3736 erat
2762 3682 3046 3754 Arphaxad
3074 3685 3288 3754 quando
3328 3687 3461 3741 dixit
3502 3688 3603 3743 hoc
3642 3690 3800 3756 Deus,

2222 3786 2321 3826 nec
2350 3771 2449 3826 fuit
2478 3773 2529 3826 in
2565 3788 2688 3827 arca
2717 3788 2836 3827 cum
2863 3776 3170 3845 parentibus
3195 3777 3304 3832 suis
3334 3795 3347 3831 :
3380 3779 3647 3847 quomodo
3674 3795 3803 3850 ergo

2222 3861 2584 3933 intelliguntur
2602 3863 2857 3935 deinceps
2876 3866 3001 3921 anni
3019 3866 3137 3921 111.εο
3160 3866 3403 3922 humana:
3426 3869 3662 3939 praedicti
3678 3886 3803 3925 0011ο

2223 3960 2331 4007 tum
2366 3953 2571 4023 viginti,
2620 3969 2740 4009 cum
2786 3956 3086 4011 inveniatur
3137 3957 3296 4011 homo
3335 3959 3529 4014 vixisse
3572 3961 3801 4029 amplius

2220 4045 2617 4116 quadringentis
2655 4046 2847 4102 annis?
2890 4047 3000 4103 Nisi
3042 4049 3164 4119 quia
3205 4050 3536 4121 intelligitur,
3570 4062 3694 4106 ante
3722 4056 3803 4119 vi-

2218 4138 2351 4207 ginti
2389 4152 2557 4193 annos
2596 4153 2755 4209 quam
2795 4139 3049 4209 inciperet
3090 4154 3214 4193 arca
3256 4139 3389 4207 ﬁeri,
3435 4157 3554 4210 quae
3583 4153 3799 4196 centum

2218 4230 2371 4284 annis
2397 4230 2531 4285 facta
2558 4230 2851 4300 reperitur,
2875 4230 2978 4286 hoc
3004 4231 3168 4286 Deum
3201 4231 3400 4287 dixisse
3424 4233 3489 4287 ad
3512 4233 3646 4299 Noe,
3674 4248 3797 4289 cum

2213 4320 2324 4390 jam
2352 4320 2732 4389 przenuntiaret
2757 4320 3019 4376 facturum
3059 4336 3118 4376 se
3145 4336 3265 4377 esse
3290 4322 3567 4388 diluvium,
3594 4338 3696 4378 nec
3718 4325 3799 4378 vi-

2219 4421 2285 4467 ta:
2309 4412 2553 4468 humanae
2577 4413 2829 4485 deinceps
2854 4413 3044 4470 futura:
3088 4416 3141 4470 in
3181 4416 3246 4470 iis
3271 4416 3358 4485 qui
3390 4425 3508 4485 post
3535 4416 3797 4473 diluvium

2218 4512 2566 4559 nascerentur
2604 4504 2830 4573 spatium
2870 4505 3202 4573 praedixisse,
3246 4505 3341 4561 sed
3368 4506 3488 4561 vita:
3516 4506 3795 4563 hominum

2216 4609 2349 4665 quos
2378 4592 2550 4649 fuerat
2578 4594 2778 4649 diluvio
2802 4594 3092 4649 deleturus.

2286 4682 2475 4737 XXIV.
2500 4682 2597 4755 [Ib.
2615 4682 2793 4756 x,21.]
2830 4684 3095 4751 Qumritur
3113 4699 3272 4754 quare
3292 4685 3541 4756 scriptum
3560 4687 3648 4755 sit,
3675 4686 3795 4743 Sem

2216 4784 2321 4828 erat
2346 4783 2485 4844 pater
2506 4775 2728 4829 omnium
2756 4775 2977 4844 ﬁliorum
3006 4774 3174 4829 Heber
3196 4790 3215 4839 ,'
3237 4791 3355 4831 cum
3380 4778 3674 4833 inveniatur
3701 4780 3797 4834 Ile-

2216 4866 2311 4920 ber
2326 4867 2539 4935 quintus
2554 4880 2582 4918 a
2609 4864 2733 4920 Sem
2756 4865 2863 4919 lilio
2883 4865 3025 4921 Noe:
3048 4874 3222 4920 utrum
3242 4868 3361 4936 quia
3380 4883 3441 4921 ex
3473 4869 3563 4923 illo
3586 4870 3790 4925 11011111ιί

2214 4956 2460 5013 (1101101111
2498 4959 2779 5028 appellati?
2803 4974 2896 5028 per
2933 4960 3078 5013 illum
3118 4961 3258 5014 enim
3285 4963 3554 5030 generatio
3584 4965 3796 5017 transiit

2213 5049 2280 5103 ad
2312 5048 2598 5102 Abraham.
2631 5048 2767 5115 Quid
2793 5065 2918 5119 ergo
2940 5050 3261 5119 probabilius
3281 5053 3365 5116 sit,
3401 5052 3652 5106 Hebrmos
3681 5063 3795 5106 tau-

2212 5156 2369 5209 quam
2397 5139 2680 5194 Ileberteos
2700 5140 2888 5208 dictos,
2911 5156 2976 5195 an
2995 5150 3244 5212 tanquam
3266 5143 3575 5210 Abrahzeos,
3604 5146 3794 5199 merito

2210 5231 2463 5301 qumritur
2484 5230 2578 5304 (a).

2275 5382 2292 5413 ί
2317 5381 2452 5440 aditi,
2473 5380 2854 5447 linguaseorum.
2870 5390 2924 5433 Et
2936 5383 3078 5446 paulo
3098 5383 3237 5445 infra,
3256 5384 3467 5447 confudit
3487 5387 3716 5439 Dominus
3726 5389 3797 5438 la-

2362 5440 2639 5509 terraefNos
2655 5446 2794 5505 juxta
2816 5440 3064 5509 grmeum,
3081 5440 3244 5509 primo
3267 5448 3325 5495 ad
3343 5440 3688 5498 'Corbeiensem
3710 5463 3794 5499 eo-

2209 5505 2367 5572 dicem
2389 5506 2690 5572 reponimus,
2711 5505 3053 5572 confundantur
3070 5505 3140 5572 ibi
3158 5508 3370 5572 linguam
3392 5521 3555 5559 eorum
3572 5523 3591 5572 ;
3613 5512 3794 5560 deinde

2209 5567 2269 5616 ad
2290 5566 2408 5616 alios
2430 5566 2538 5616 cum
2561 5567 2733 5616 eodem
2748 5566 2956 5630 septem,
2982 5568 3108 5619 labia
3129 5566 3291 5621 territa.

2209 5648 2466 5760 “(amita
2503 5648 2586 5697 lib.
2608 5648 2665 5698 16
2699 5649 2762 5699 de
2785 5650 2917 5699 civit.
2946 5652 3045 5711 Dei,
3070 5664 3174 5713 cap.
3206 5651 3260 5715 '5;
3288 5660 3332 5702 et
3377 5650 3457 5702 lib.
3494 5650 3524 5700 ἓ
3560 5657 3789 5712 item,

2269 5724 2315 5758 n.
2408 5745 2418 5757 .

2269 5724 2315 5758 1).
2343 5724 2418 5758 ιυ.
