4094 6516
389 579 562 639 XXV.
604 580 706 654 [lb.
733 595 809 648 xl,
840 578 957 653 26.]
999 579 1048 634 Ι.
1091 578 1369 648 Quomodo
1407 578 1768 650 accipiendum
1807 580 1900 648 sit,

315 672 463 745 quod
494 688 617 729 cum
645 683 788 729 esset
824 672 1028 727 Tharra
1049 674 1064 704 ¹
1096 683 1243 742 pater
1268 673 1494 727 Abralue
1518 687 1777 726 annorum
1818 687 1905 728 se-

314 768 613 839 ptuaginta,
635 767 818 838 genuit
846 765 1135 834 Abraham,
1168 774 1222 820 et
1248 773 1430 834 postea
1456 780 1576 820 cum
1603 765 1713 820 suis
1737 766 1908 820 omni-

313 862 418 916 bus
449 863 646 916 mansit
665 861 718 914 in
745 859 1006 924 Charran,
1044 866 1100 914 et
1123 858 1251 913 vixit
1273 870 1445 913 annos
1466 857 1724 913 ducentos
1749 858 1907 928 quin-

313 969 425 1024 quc
454 953 506 1007 in
535 952 795 1018 Charran,
823 962 877 1008 et
903 961 1141 1007 mortuus
1169 960 1251 1007 est
1278 966 1295 1008 :
1325 959 1382 1007 et
1407 949 1539 1007 dixit
1567 951 1822 1007 Dominus
1840 951 1907 1006 ad

312 1044 590 1101 Abraham
613 1055 671 1101 ut
696 1045 868 1101 exiret
894 1043 963 1100 de
989 1043 1252 1112 Charran,
1278 1054 1332 1100 et
1346 1045 1474 1101 exiit
1497 1044 1643 1114 inde,
1670 1059 1791 1100 cum
1819 1059 1907 1100 es-

314 1144 404 1192 set
450 1134 594 1190 idetu
644 1135 912 1190 Abraham
955 1134 1287 1206 septuaginta
1326 1135 1560 1206 quinque
1610 1133 1908 1190 annorum?

313 1225 432 1282 Nisi
459 1227 583 1297 quia
607 1241 702 1298 per
725 1226 1211 1297 recapitulationem
1231 1227 1546 1293 ostenditur,
1569 1227 1690 1282 vivo
1705 1226 1909 1284 Tharra

313 1318 557 1374 locutum
579 1331 701 1374 esse
727 1317 1041 1385 Dominum;
1086 1326 1142 1373 et
1168 1317 1435 1374 Abraham
1477 1317 1596 1374 vivo
1621 1327 1772 1390 patre
1811 1333 1910 1375 suo

312 1409 612 1466 secundum
659 1418 982 1481 praeceptum
1025 1410 1259 1480 Domini,
1303 1412 1503 1469 exiisse
1543 1411 1610 1468 de
1646 1411 1906 1480 Charran,

312 1517 438 1560 cum
483 1511 630 1560 esset
655 1504 986 1575 septuaginta
1023 1503 1256 1574 quinque
1288 1518 1570 1571 annorum,
1617 1504 1909 1561 centesimo

313 1603 375 1652 et
394 1594 803 1667 quadragesimo
830 1596 1016 1667 quinto
1055 1611 1198 1652 anno
1234 1597 1356 1652 vita:
1385 1597 1549 1668 patris
1588 1598 1692 1665 sui,
1724 1598 1770 1653 si
1794 1597 1910 1653 dies

313 1689 441 1746 vita:
466 1690 635 1760 patris
658 1688 740 1745 sui
768 1689 894 1744 anni
919 1689 1131 1746 ducenti
1156 1691 1389 1761 quinque
1425 1689 1639 1746 fuerunt
1666 1708 1680 1746 :
1707 1701 1764 1746 ut
1788 1689 1910 1745 ideo

314 1781 578 1852 scriptum
619 1781 711 1850 sit,
735 1780 966 1836 Fuerunt
989 1783 1112 1837 anni
1137 1783 1252 1837 uiue
1285 1781 1498 1837 Thame
1532 1783 1733 1836 ducenti
1757 1783 1909 1851 quin-

315 1889 414 1942 que
431 1874 486 1926 in
508 1872 762 1941 Charran,
785 1873 910 1944 quia
931 1873 1000 1928 ibi
1023 1873 1307 1944 complevit
1332 1888 1520 1929 omnes
1542 1888 1721 1939 annos
1750 1874 1911 1928 totius

316 1965 446 2019 vita:
470 1978 603 2019 sum.
630 1964 860 2020 Solvitur
879 1979 1008 2036 ergo
1029 1963 1250 2034 quaestio
1279 1979 1377 2034 per
1396 1964 1907 2034 recapitulationem,

318 2071 442 2125 quae
465 2055 848 2111 indissolubilis
873 2067 1194 2124 remaneret,
1227 2057 1270 2110 si
1290 2066 1410 2127 post
1439 2067 1664 2112 mortem
1691 2056 1911 2112 Tharrae

316 2147 683 2217 acciperemus
708 2148 940 2203 locutum
971 2161 1091 2202 esse
1133 2147 1416 2202 Dominum
1453 2148 1520 2203 ad
1557 2147 1823 2204 Abraham
1856 2155 1914 2202 ut

321 2237 495 2292 exiret
517 2237 586 2292 de
613 2236 877 2305 Charran,
907 2238 1031 2307 quia
1073 2254 1180 2294 non
1209 2247 1418 2308 poterat
1453 2253 1575 2295 esse
1603 2239 1775 2294 adhuc
1811 2255 1912 2294 an-

317 2346 510 2386 norum
547 2331 878 2401 septuaginta
909 2331 1141 2402 quinque
1169 2347 1288 2387 cum
1319 2342 1467 2401 pater
1487 2332 1602 2402 ejus
1623 2333 1734 2403 jam
1763 2347 1911 2387 mor-

319 2432 442 2478 tuus
479 2431 646 2490 esset,
687 2425 778 2494 qui
815 2439 938 2478 eum
977 2426 1369 2495 septuagesimo
1405 2427 1576 2481 aetatis
1619 2441 1730 2481 suae
1771 2440 1912 2481 anno

316 2525 608 2585 genuerat;
645 2521 704 2568 ut
724 2513 993 2570 Abraham
1023 2524 1142 2584 post
1168 2524 1397 2570 mortem
1425 2517 1589 2586 patris
1629 2517 1712 2571 sui
1739 2532 1910 2571 anno-

319 2619 438 2658 rum
465 2613 609 2658 esset
628 2610 843 2659 centum
865 2603 1078 2675 triginta
1105 2605 1357 2676 quinque,
1385 2607 1430 2660 si
1454 2620 1641 2662 omnes
1666 2607 1789 2660 anni
1818 2622 1913 2676 pa-

321 2694 416 2749 tris
441 2693 560 2763 ejus
577 2693 791 2749 ducenti
811 2695 1044 2765 quinque
1067 2694 1300 2751 fuerunt.
1325 2697 1709 2766 Recapitulatio
1736 2699 1914 2768 itaque

320 2784 444 2852 ista,
489 2785 538 2840 si
576 2783 882 2840 advertatur
918 2785 973 2841 in
1015 2785 1324 2858 Scripturis,
1367 2789 1559 2844 multas
1593 2791 1914 2861 quaestiones

323 2876 504 2940 solvit,
551 2891 672 2945 quae
712 2875 1106 2933 indissolubiles
1149 2888 1371 2948 possunt
1413 2878 1583 2935 videri
1624 2883 1913 2938 secundum

321 2965 483 3019 etiam
503 2965 840 3035 superiorum
858 2968 1210 3038 quaestionum
1228 2968 1635 3038 expositionem,
1659 2986 1754 3042 per
1772 2987 1918 3027 eam-

322 3055 446 3110 dem
473 3057 965 3126 recapitulationem
987 3059 1202 3115 tactam.

391 3146 450 3199 2.
490 3147 804 3218 Quanquam
845 3157 900 3204 et
939 3149 1094 3205 aliter
1136 3151 1236 3206 ista
1277 3154 1502 3223 quaestio
1541 3168 1574 3209 a
1603 3155 1916 3224 quibusdam

325 3239 589 3306 solvatur,
619 3254 686 3294 ex
714 3239 806 3295 illo
830 3243 1126 3311 computari
1166 3257 1337 3299 annos
1368 3246 1544 3302 artatis
1571 3245 1821 3312 Abralue,
1851 3264 1917 3304 ex

323 3345 432 3400 quo
459 3329 718 3385 liberatus
745 3339 829 3386 est
855 3331 924 3388 de
953 3331 1074 3404 igne
1097 3330 1494 3406 Chaldaeorum,
1521 3337 1577 3393 in
1601 3353 1760 3409 quem
1791 3339 1920 3395 mis-

330 3433 423 3473 sus
483 3427 544 3473 ut
589 3420 822 3483 arderet,
871 3422 992 3492 quia
1041 3423 1288 3480 eumdem
1329 3426 1505 3496 ignem
1543 3429 1920 3498 superstitione

324 3509 700 3565 Chaldaeorum
747 3513 925 3569 colere
972 3515 1158 3582 noluit,
1208 3517 1464 3574 liberatus
1517 3519 1662 3586 inde,
1715 3522 1814 3576 etsi
1865 3522 1920 3577 in

323 3598 617 3671 Scripturis
643 3618 749 3657 non
771 3604 984 3674 legitur,
1016 3605 1236 3664 Judaica
1269 3619 1446 3665 tamen
1475 3611 1783 3668 narratione
1810 3624 1920 3667 tra-

326 3691 492 3746 ditur.
548 3693 730 3748 Potest
767 3704 823 3750 et
867 3697 946 3750 sic
987 3698 1140 3765 solvi,
1188 3699 1438 3769 quoniam
1491 3701 1762 3772 Scriptura
1803 3720 1921 3774 quae

327 3783 480 3849 dixit,
515 3783 644 3840 Cum
687 3795 813 3840 esset
851 3786 1054 3843 Tharra
1095 3808 1345 3845 annorum
1380 3795 1718 3866 septuaginta,
1751 3799 1922 3868 genuit

329 3877 591 3930 Abraham
612 3887 660 3930 et
685 3877 896 3934 Nachor
925 3890 972 3934 et
991 3881 1196 3948 Arran;
1228 3898 1334 3938 non
1363 3885 1544 3956 utique
1569 3886 1670 3943 hoc
1696 3889 1923 3960 intelligi

327 3965 519 4033 voluit,
563 3967 686 4037 quia
735 3968 926 4025 eodem
968 3986 1110 4027 anno
1160 3975 1552 4046 septuagesimo
1602 3981 1773 4034 relatis
1812 3996 1922 4036 sum

327 4074 519 4115 omnes
549 4069 658 4115 tres
694 4063 898 4132 genuit,
928 4063 1023 4119 sed
1057 4079 1126 4120 ex
1159 4081 1265 4136 quo
1290 4081 1430 4124 anno
1454 4084 1713 4139 generare
1737 4075 1922 4144 erepit,

328 4164 455 4207 eum
501 4165 704 4207 annum
746 4157 1185 4212 commemoravit
1221 4157 1515 4228 Scriptura.
1557 4161 1699 4218 Fieri
1743 4175 1922 4222 autem

329 4251 508 4314 potest
533 4253 591 4298 ut
610 4247 871 4314 posterior
889 4247 959 4302 sit
985 4256 1270 4317 generatus
1292 4250 1585 4320 Abraham,
1613 4255 1708 4310 sed
1732 4259 1924 4314 merito

328 4336 686 4404 excellentiae,
726 4353 831 4408 qua
873 4339 927 4394 in
973 4339 1267 4412 Scripturis
1305 4345 1460 4401 valde
1497 4349 1920 4418 commendatur,

329 4428 478 4497 prior
516 4429 679 4485 fuerit
706 4431 1009 4488 nominatus
1038 4451 1053 4488 :
1085 4436 1224 4491 sicut
1253 4439 1512 4509 propheta
1552 4443 1782 4511 priorem
1825 4459 1925 4500 no-

329 4520 556 4577 minavit
577 4524 862 4594 minorem,
889 4523 1050 4581 Iacob
1072 4526 1249 4596 dilexi,
1274 4527 1419 4584 Esau
1442 4541 1610 4587 autem
1633 4534 1751 4588 odio
1772 4533 1926 4591 habui

332 4611 590 4681 (Malach.
621 4629 657 4681 r,
685 4613 742 4682 2,
775 4613 866 4687 5);
895 4626 951 4672 et
969 4617 1022 4671 in
1052 4617 1492 4689 Paralipomenon
1517 4638 1639 4679 cum
1664 4625 1733 4680 sit
1763 4641 1926 4696 quar-

332 4709 418 4756 tus
447 4703 703 4759 nascendi
730 4705 919 4762 ordine
955 4706 1141 4777 Judas,
1180 4709 1326 4779 prior
1360 4723 1443 4766 est
1477 4725 1925 4772 commemoratus

333 4790 377 4865 (l
403 4791 588 4849 Paret.
617 4810 689 4863 iv,
717 4795 794 4869 l),
817 4812 847 4851 a
878 4813 984 4868 quo
1008 4798 1242 4856 Judaicm
1269 4802 1416 4871 genti
1438 4818 1633 4861 nomen
1673 4816 1777 4873 est,
1804 4824 1928 4876 pro-

335 4895 453 4955 pter
478 4885 678 4941 tribum
711 4889 930 4958 regiam.
958 4889 1304 4948 Commodius
1330 4903 1508 4950 autcm
1537 4895 1716 4964 plures
1753 4899 1924 4955 exitus

334 4975 701 5044 inveniuntur,
728 4979 918 5048 quibus
937 4980 1256 5051 quaestiones
1279 4983 1520 5040 difﬁciles
1546 4986 1922 5045 dissolvantur.

404 5067 460 5121 5.
481 5065 886 5126 Consideranda
902 5081 986 5126 est
1028 5087 1158 5128 sane
1185 5075 1421 5130 narratio
1451 5075 1706 5147 Stephani
1731 5080 1798 5136 de
1829 5082 1928 5139 hac

336 5172 416 5224 re,
438 5159 526 5214 cui
555 5159 727 5230 magis
762 5161 950 5216 harum
971 5163 1365 5232 expositionum
1413 5183 1517 5222 non
1547 5181 1828 5241 repugnet.
1860 5173 1928 5228 Et

338 5252 468 5308 illud
496 5252 715 5322 quidem
741 5255 882 5324 cogit
903 5265 958 5310 ut
987 5272 1092 5310 non
1120 5258 1255 5313 sicut
1281 5262 1484 5316 narrari
1507 5262 1715 5320 videtur
1741 5267 1792 5320 in
1819 5267 1927 5324 Ge-

338 5344 487 5415 nesi(
514 5342 645 5398 Gen.
696 5360 789 5412 xu,
821 5347 846 5400 1
875 5346 918 5416 ),
947 5355 1064 5416 post
1110 5359 1336 5404 mortem
1365 5350 1584 5408 Tharra:
1631 5356 1838 5412 locutus
1861 5359 1930 5413 sit

339 5434 478 5490 Dens
507 5435 576 5490 ad
609 5436 898 5504 Abraham,
917 5423 985 5491 ~ut
1027 5440 1197 5494 exiret
1225 5440 1292 5495 de
1316 5445 1630 5512 cognatione
1657 5465 1752 5503 sua
1781 5460 1834 5504 et
1861 5451 1929 5507 de

339 5525 498 5582 domo
527 5529 692 5596 patris
713 5528 796 5583 sui
823 5543 840 5594 ;
865 5528 961 5584 sed
981 5544 1102 5584 cum
1117 5542 1258 5585 esset
1282 5533 1333 5586 in
1352 5533 1729 5604 Mesopotamia
1754 5541 1927 5608 prius-

339 5634 497 5687 quam
529 5618 796 5674 habitaret
821 5619 874 5673 in
905 5619 1164 5689 Charran,
1188 5623 1298 5692 jam
1350 5626 1529 5694 utique
1573 5643 1820 5698 egressus
1861 5633 1929 5690 de

340 5721 482 5768 terra
504 5710 899 5780 Chaldaeorum,
929 5721 986 5766 ut
1009 5713 1059 5766 in
1093 5713 1396 5771 illoitinere
1426 5718 1752 5790 intelligatur
1775 5725 1825 5777 ei
1850 5724 1930 5780 lo-

401 5879 418 5958 _‘
444 5885 496 5958 In
521 5879 761 5958 excusisﬁ
778 5879 948 5958 share:
959 5886 1028 5958 At
1061 5880 1113 5930 in
1146 5886 1255 5932 Iss.
1289 5893 1566 5941 constanter
1580 5922 1598 5954 ,
1637 5890 1792 5944 Thura
1806 5927 1822 5958 ,
1847 5892 1927 5946 vel

345 5939 564 6004 Iharra;
587 5948 640 5990 et
658 5942 731 5991 sic
750 5941 798 5990 in
821 5954 999 6006 graeco.

618 6023 850 6089 Ssucr.
892 6026 1174 6116 Accusr.
1217 6028 1326 6095 lll.

1677 462 1880 519 LIBER
1919 462 2190 520 PRIMUS.

3496 476 3599 532 554

2017 585 2173 634 cutus
2204 578 2368 634 Deus.
2415 579 2517 636 Sed
2545 581 2683 652 quod
2731 579 3034 654 Stephanus
3071 593 3253 655 postea
3283 587 3361 644 sic
3391 601 3590 658 narrat,

2013 667 2158 724 Tunc
2185 669 2442 725 Abraham
2466 688 2692 742 egressus
2721 673 2785 729 de
2819 684 2952 729 terra
2979 676 3329 733 Chaldarorum
3357 680 3596 737 habitavit

2011 763 2065 817 in
2093 763 2358 829 Charran;
2387 774 2431 818 ct
2460 765 2596 832 inde,
2624 776 2890 837 postquam
2937 779 3163 825 mortuus
3195 779 3267 826 est
3297 781 3442 843 pater
3469 774 3596 843 ejus,

2013 853 2273 908 collocavit
2316 870 2430 909 eum
2457 856 2510 909 in
2555 865 2688 910 terra
2713 857 2842 929 hac(
2866 859 2980 912 Act.
3020 875 3115 927 vu,
3141 861 3175 915 4
3203 861 3382 931 );non
3411 878 3599 934 parvas

2013 945 2165 1000 aliert
2192 947 2461 1016 angustias
2491 947 2613 1003 huic
2650 949 3000 1020 expositioni,
3038 967 3157 1021 qua:
3185 951 3242 1006 ﬁt
3267 968 3364 1022 per
3389 957 3598 1025 recapi-

2016 1037 2344 1093 tulationem.
2372 1037 2592 1095 Videtur
2609 1041 2753 1095 enim
2777 1041 3027 1098 habuisse
3053 1043 3337 1114 imperium
3365 1046 3597 1114 Domini,

2014 1142 2120 1197 quo
2145 1128 2196 1183 ei
2220 1127 2393 1184 fuerat
2415 1129 2626 1187 locutus
2654 1131 2710 1186 in
2737 1131 2925 1188 itinere
2952 1133 3364 1205 Mesopotamite,
3381 1153 3599 1209 egresso

2014 1218 2083 1275 de
2139 1229 2280 1276 terra
2306 1220 2697 1290 Chaldaeorum,
2726 1233 2780 1279 et
2808 1226 2954 1280 eunti
3006 1225 3058 1280 in
3089 1225 3348 1296 Charran,
3399 1239 3454 1286 et
3496 1230 3599 1286 hoc

2014 1310 2292 1381 imperium
2314 1322 2434 1383 post
2454 1323 2679 1370 mortem
2703 1316 2865 1385 patris
2885 1320 2967 1370 sui
2993 1317 3303 1374 obcdienler
3324 1319 3595 1391 implesse,

2013 1417 2134 1458 cum
2164 1403 2374 1472 dicitur,
2405 1403 2472 1458 Et
2492 1405 2729 1460 habitavit
2755 1406 2808 1460 in
2827 1405 3092 1472 Charran;
3111 1416 3159 1462 et
3173 1408 3310 1477 inde,
3334 1421 3597 1484 postquam

2014 1502 2240 1548 mortuus
2269 1502 2340 1550 est
2360 1503 2503 1565 pater
2527 1496 2656 1566 ejus,
2689 1496 2947 1550 collocavit
2966 1496 3113 1550 illaut
3138 1497 3192 1552 in
3218 1507 3351 1554 terra
3373 1500 3488 1555 hac.
3520 1502 3599 1556 Ac

2015 1601 2109 1656 per
2129 1587 2232 1642 hoc
2257 1596 2438 1646 manet
2458 1587 2703 1658 quaestio,
2734 1588 2778 1643 si
2799 1590 3129 1660 septuaginta
3155 1591 3389 1664 quinque
3430 1608 3598 1650 anno-

2014 1675 2169 1747 rum(
2196 1677 2332 1732 sicut
2378 1677 2653 1734 evidenter
2697 1678 2968 1750 Scriptura
3007 1678 3279 1738 Geneseos
3325 1684 3597 1758 loquitur)

2015 1766 2134 1836 fuit,
2174 1768 2386 1838 quando
2413 1783 2661 1840 egressus
2693 1779 2776 1826 est
2803 1770 2873 1827 de
2898 1770 3161 1840 Charran,
3189 1775 3455 1844 quomodo
3481 1790 3601 1832 esse

2016 1862 2186 1931 possit
2203 1861 2306 1918 hoc
2324 1877 2528 1929 verum,
2559 1863 2662 1918 nisi
2688 1862 2829 1919 forte
2848 1864 2989 1935 quod
3001 1865 3076 1920 ait
3098 1863 3422 1936 Stephanus,
3454 1866 3598 1922 Tunc

2015 1954 2271 2009 Abraham
2291 1972 2515 2026 egressus
2534 1965 2608 2010 est
2635 1956 2698 2010 de
2725 1966 2859 2011 terra
2887 1954 3242 2012 Chaldaeorum
3270 1969 3316 2013 ct
3358 1958 3599 2013 habitavit

2014 2046 2068 2100 in
2083 2043 2336 2116 Charran,
2355 2061 2464 2103 non
2483 2050 2562 2103 sic
2587 2047 2900 2117 accipiatur,
2923 2047 3074 2104 Tunc
3089 2064 3332 2120 egressus
3351 2059 3434 2104 est
3454 2059 3602 2120 post-

2013 2153 2239 2210 eaquam
2286 2139 2336 2194 ei
2387 2140 2600 2195 loeutus
2651 2150 2735 2195 est
2782 2139 3072 2206 Dominus;
3096 2139 3207 2211 jam
3233 2141 3373 2196 enim
3401 2142 3597 2196 eratin

2014 2233 2414 2303 Mesopotamia,
2439 2233 2577 2287 sicut
2593 2247 2752 2302 supra
2775 2231 2974 2287 dictum
2995 2241 3102 2299 est,
3124 2233 3336 2303 quando
3353 2233 3482 2288 illud
3504 2249 3599 2289 au-

2015 2322 2193 2378 divita
2221 2323 2446 2378 Domino
2478 2341 2490 2376 :
2524 2321 2620 2379 sed
2648 2323 2761 2393 ipsa
2789 2324 2968 2394 regula
2996 2324 3451 2396 recapitulationis
3473 2340 3604 2380 con-

2018 2423 2204 2470 texere
2226 2414 2393 2470 voluit
2410 2414 2734 2484 Stephanus,
2758 2424 2812 2469 et
2827 2414 2986 2469 simul
3016 2415 3216 2482 dicere,
3257 2415 3396 2471 unde
3422 2432 3602 2488 egres-

2015 2521 2130 2572 sus,
2161 2505 2248 2560 ubi
2276 2505 2613 2572 habitaverit,
2641 2521 2767 2560 cum
2791 2506 2884 2573 ait,
2914 2505 3054 2561 Tunc
3097 2508 3352 2561 Abraham
3377 2525 3604 2578 egressus

2015 2605 2090 2650 est
2116 2595 2180 2650 de
2210 2595 2366 2650 Terra
2390 2594 2766 2664 Chaldteorunt,
2797 2605 2844 2651 et
2872 2596 3114 2651 habitauit
3159 2598 3212 2652 in
3254 2598 3501 2653 Charran.
3543 2600 3601 2654 ln

2016 2687 2194 2742 medio
2210 2696 2408 2755 autem,
2427 2686 2480 2742 id
2490 2695 2594 2755 est,
2618 2687 2757 2743 inter
2776 2702 3046 2758 egressura
3075 2688 3143 2744 de
3159 2698 3300 2745 terra
3324 2690 3606 2746 Chaldaeo-

2019 2793 2161 2844 rum,
2183 2788 2240 2834 et
2278 2777 2664 2834 habitationem
2687 2780 2740 2834 in
2761 2778 3024 2850 Charran,
3048 2779 3253 2836 locutus
3268 2789 3352 2836 est
3368 2781 3418 2836 ei
3437 2762 3600 2838 Deus.

2017 2871 2211 2928 Postea
2243 2887 2370 2926 vero
2399 2871 2541 2942 quod
2571 2872 2811 2943 adjungit
2853 2870 3175 2942 Stephanus,
3208 2865 3274 2927 Et
3299 2875 3437 2943 inde,
3461 2886 3604 2946 post-

2017 2979 2169 3033 quam
2191 2973 2418 3017 mortuus
2451 2971 2523 3017 est
2574 2971 2715 3034 pater
2754 2964 2884 3034 ejus,
2911 2961 3174 3018 collocauit
3200 2964 3345 3018 illum
3381 2964 3434 3019 in
3471 2974 3606 3020 terra

2019 3053 2154 3120 hac;
2183 3055 2495 3111 intuendum
2515 3064 2617 3122 est,
2640 3054 2764 3126 quia
2789 3071 2895 3111 non
2910 3055 3064 3123 dixit,
3084 3056 3149 3110 Et
3170 3067 3446 3127 postquam
3467 3072 3610 3114 mor-

2020 3153 2144 3200 tuus
2171 3154 2254 3201 est
2299 3154 2454 3217 pater
2478 3147 2612 3216 ejus,
2648 3160 2894 3217 egressus
2939 3155 3025 3202 est
3069 3147 3136 3202 de
3177 3147 3449 3215 Cbarran;
3481 3150 3599 3217 sed,

2021 3235 2048 3291 1
2056 3239 2153 3292 nde
2181 3239 2444 3294 collocavit
2467 3255 2582 3293 eum
2599 3237 2739 3293 Deus
2755 3239 2809 3294 in
2833 3240 3080 3313 terra/tae
3107 3255 3126 3294 :
3155 3248 3211 3295 ut
3246 3248 3367 3312 post
3396 3240 3606 3297 habita-

2024 3329 2222 3383 tionem
2237 3329 2293 3384 in
2311 3328 2552 3384 Charran
2567 3329 2923 3385 collocaretur
2947 3331 3002 3385 in
3025 3340 3167 3386 terra
3201 3329 3474 3398 Chanaan,
3502 3347 3612 3391 non

2023 3429 2146 3489 post
2165 3428 2395 3476 mortem
2425 3421 2592 3491 patris
2619 3435 2889 3491 egressus,
2920 3422 3013 3477 sed
3043 3433 3164 3492 post
3189 3432 3414 3480 mortem
3443 3425 3612 3494 patris

2023 3510 2315 3566 collocatus
2358 3512 2412 3565 in
2441 3519 2584 3567 terra
2612 3511 2888 3579 Chanaan,
2929 3520 2988 3567 ut
3025 3513 3163 3568 ordo
3194 3515 3472 3570 verborum
3517 3517 3608 3586 sit,

2025 3602 2290 3658 Habitavit
2317 3603 2371 3658 in
2402 3602 2660 3670 Charran,
2689 3613 2742 3659 et
2773 3604 2896 3660 inde
2921 3604 3198 3661 collocavit
3216 3605 3365 3661 illum
3391 3607 3612 3663 interra

2025 3691 2145 3761 hac,
2177 3703 2456 3764 postquam
2476 3703 2716 3750 mortuus
2733 3704 2814 3749 est
2842 3706 2986 3765 pater
3013 3695 3160 3766 ejus;
3190 3707 3246 3752 ut
3266 3707 3391 3755 tunc
3409 3699 3609 3756 intelli-

2023 3797 2211 3854 gamus
2254 3784 2573 3841 collocatum
2597 3786 2683 3841 vel
2707 3787 3052 3842 constitutum
3093 3788 3362 3845 Abraham
3387 3790 3440 3846 in
3470 3800 3610 3846 terra

2025 3875 2300 3945 Chanaan,
2331 3865 2544 3948 quando
2564 3879 2671 3934 illic
2721 3894 2842 3934 eum
2884 3888 3131 3950 nepotem
3177 3883 3430 3953 suscepit,
3460 3882 3612 3953 cujus

2027 3969 2330 4024 universum
2356 3985 2539 4026 semen
2569 3969 2678 4027 illic
2700 3969 2872 4026 fuerat
2892 3980 3267 4042 regnaturum,
3288 3987 3351 4028 ex
3381 3974 3611 4044 promis-

2027 4076 2088 4116 so
2117 4062 2215 4118 Dei
2258 4061 2566 4119 hrereditate
2589 4063 2804 4119 donata.
2827 4063 2959 4119 Nam
2988 4081 3054 4120 ex
3083 4065 3198 4134 ipso
3226 4065 3493 4121 Abraham
3515 4081 3610 4122 ria-

2029 4161 2112 4210 tus
2124 4163 2206 4210 est
2228 4153 2418 4210 lsmael
2445 4155 2512 4212 de
2533 4155 2696 4227 Agar,
2719 4157 2829 4212 nati
2849 4165 2905 4212 et
2922 4157 3010 4212 alii
3026 4172 3091 4212 ex
3115 4157 3365 4225 Cethura,
3391 4158 3458 4214 ad
3480 4174 3616 4230 quos

2027 4246 2168 4302 illius
2199 4257 2352 4302 terra:
2378 4264 2484 4303 non
2516 4249 2810 4319 pertineret
2839 4249 3140 4306 hacreditas.
3160 4251 3225 4307 Et
3249 4267 3315 4306 ex
3344 4252 3488 4307 Isaac
3513 4269 3606 4308 na-

2028 4346 2116 4394 tus
2133 4348 2217 4394 est
2235 4338 2397 4407 Esau,
2425 4341 2515 4409 qui
2541 4341 2787 4396 similiter
2805 4341 2873 4397 ab
2910 4343 2999 4397 illa
3021 4344 3331 4400 haereditate
3351 4345 3612 4402 alienatus

2028 4438 2130 4485 est.
2149 4429 2232 4484 Ex
2245 4429 2410 4486 Jacob
2434 4441 2610 4486 autem
2633 4433 2742 4486 lilio
2762 4431 2928 4498 lsaac,
2943 4443 3202 4503 quotquot
3217 4435 3309 4488 ﬁlii
3329 4436 3434 4490 nati
3457 4445 3605 4504 sunt,

2030 4519 2082 4574 id
2125 4530 2208 4576 est
2238 4521 2548 4576 universum
2577 4537 2760 4578 semen
2796 4523 2929 4592 ejus,
2975 4525 3040 4578 ad
3073 4525 3212 4580 illam
3247 4526 3612 4586 haereditatem

2030 4610 2300 4680 pertinuit.
2330 4611 2419 4665 Sic
2442 4626 2570 4680 ergo
2595 4611 2885 4667 collocatus
2909 4623 2962 4669 et
2985 4616 3301 4672 constitutus
3317 4617 3369 4672 in
3394 4618 3483 4672 illa
3503 4628 3615 4674 ter—

2030 4714 2089 4754 ra
2116 4699 2404 4765 Abraham,
2430 4700 2680 4770 quoniam
2721 4701 2851 4756 vixit
2883 4719 3050 4774 usque
3070 4705 3136 4761 ad
3165 4708 3491 4763 nativitatem
3521 4709 3614 4766 Ja-

2029 4791 2151 4856 cob,
2179 4792 2224 4845 si
2251 4801 2396 4846 recte
2421 4792 2760 4862 intelligitur;
2787 4794 2961 4850 soluta
2977 4799 3201 4866 quaestio
3219 4809 3301 4856 est
3321 4801 3612 4857 secundum

2031 4882 2318 4953 recapitula
2327 4884 2524 4938 tionem
2548 4899 2562 4949 ;
2589 4885 2829 4954 quamvis
2850 4895 2902 4942 et
2926 4887 3044 4943 aliae
3063 4888 3355 4948 solutiones
3370 4907 3477 4948 non
3492 4902 3616 4949 sunt

2029 4974 2452 5029 contemnendae.

2104 5067 2293 5124 XXVI.
2321 5069 2418 5142 [1b.
2452 5085 2546 5134 xu,
2594 5071 2676 5136 12,
2713 5069 2844 5144 14.]
2877 5071 2988 5126 Erit
3013 5089 3133 5145 ergo
3160 5092 3273 5128 cum
3315 5085 3362 5129 te
3403 5077 3616 5134 uiderint

2032 5160 2292 5233 AEgyptii,
2321 5163 2484 5216 dicent
2509 5164 2628 5232 quia
2656 5179 2783 5218 uxor
2797 5164 2934 5218 illius
2960 5166 3085 5220 hac.
3115 5165 3333 5222 Factum
3357 5178 3429 5222 est
3451 5181 3615 5225 autem

2032 5257 2201 5309 statim
2227 5267 2281 5309 ut
2303 5257 2502 5309 intravit
2523 5257 2777 5309 Abraham
2797 5257 2848 5310 in
2869 5256 3177 5329 zEgyptum,
3199 5259 3418 5314 videntes
3445 5259 3611 5333 (Egy—

2035 5347 2126 5420 ptii
2143 5349 2401 5401 mulierem
2442 5348 2559 5415 quia
2590 5349 2813 5416 speciosa
2838 5360 2943 5403 erat
2976 5351 3140 5405 valde.
3169 5351 3446 5418 Quomodo
3472 5359 3612 5408 acci-

2033 5441 2225 5512 piatur,
2253 5441 2393 5509 quod
2420 5441 2685 5496 Abraham
2708 5444 2991 5497 veniensin
3015 5444 3303 5516 :Egyptum
3327 5449 3497 5502 celare
3525 5466 3612 5503 νος

2033 5532 2130 5588 luit
2155 5547 2370 5586 uxorem
2400 5549 2549 5587 suam
2571 5550 2690 5590 esse
2715 5534 2903 5590 Suram
2926 5537 2964 5600 ¹,
2989 5537 3281 5592 secundum
3303 5540 3478 5596 omnia
3501 5557 3612 5612 qua:

2031 5624 2100 5680 de
2127 5624 2228 5680 hac
2274 5642 2333 5680 re
2361 5628 2554 5696 scripta
2603 5638 2748 5694 sunt,
2795 5638 2970 5682 utrum
3029 5629 3130 5684 hoc
3172 5634 3479 5687 convenerit
3513 5645 3613 5688 tam

2031 5728 2216 5773 sancto
2266 5717 2398 5782 viro,
2449 5733 2516 5772 an
2553 5719 2915 5775 subdefectio'
2942 5719 3064 5775 tidei
3100 5721 3214 5791 ejus
3269 5723 3613 5795 intelligatur,

2097 5835 2114 5899 ξ
2141 5838 2247 5899 Mss.
2271 5839 2548 5899 constanter
2568 5844 2678 5899 cum
2701 5825 2897 5899 gemina
2918 5847 2993 5895 rr,
3011 5836 3081 5884 uti
3103 5836 3230 5899 apud
3252 5841 3615 5898 Lxx,Sarram.

2095 5894 2269 5965 "ﬁniti,
2291 5893 2375 5962 sub
2403 5894 2663 5965 defectirme
2690 5893 2823 5958 ﬁdei.
2850 5893 3416 5965 t_._egc_ndum'cnm_atss.,
3439 5901 3614 5952 subde~

2031 5955 2174 6021 lectio
2187 5953 2342 6023 ﬁdei;
2363 5957 2432 6008 uti
2452 5953 2643 6006 rursum
2666 5953 2834 6021 postea
2854 5953 2942 6009 lib:
2961 5961 3008 6018 6,
3033 5969 3202 6023 quulst.
3223 5962 3302 6011 30.

2924 6043 3318 6114 (Diae-hall.)
