4094 6524
450 369 552 426 ⁸155

467 488 610 538 sicut
631 478 869 537 nonnulli
897 476 1136 534 arbitrati
1158 483 1282 531 sunt
1309 488 1324 539 ;
1348 473 1459 544 jam
1489 469 1702 541 quidem
1748 475 1805 524 et
1845 473 2034 523 contra

453 580 708 636 Faustum
757 576 824 632 de
855 575 959 631 hac
997 590 1056 628 re
1099 569 1363 642 disputavi
1391 564 1614 638 (Contra
1638 561 1912 627 Faustum,
1940 559 2031 616 lib.

449 671 544 739 Ξῖ,
566 687 680 742 cap.
712 670 784 726 5'5
809 676 853 722 et
873 667 944 724 54
967 667 1020 738 );
1049 674 1104 722 et
1130 662 1437 734 diligentius
1454 675 1484 714 a
1506 656 1820 730 presbytero
1845 653 2034 708 Hiero-

451 777 615 838 nymo
630 761 930 834 expositum
951 769 1053 825 est,
1073 771 1238 828 quare
1261 768 1366 812 non
1384 752 1453 808 sit
1476 761 1811 819 consequens
1835 753 1892 801 ut
1911 759 2034 800 cum

450 837 659 930 aliquot
679 855 794 912 dies
821 853 959 924 apud
1011 865 1191 920 regem
1217 844 1434 918 [Egypti
1463 843 1597 901 Sara
1625 840 1781 897 fuerit
1812 880 1830 906 ,
1875 837 2038 895 etiam

450 949 568 1021 ejus
611 947 899 1004 concubitu
947 941 1196 999 credatur
1239 953 1362 998 esse
1409 936 1608 1008 polluta
1637 932 1896 1006 (Hieron.
1944 931 2036 990 lib.

455 1039 802 1106 Quwstionum
828 1037 882 1090 in
925 1031 1052 1088 Gen.
1080 1031 1134 1105 );
1163 1029 1413 1102 quoniam
1436 1041 1557 1084 mos
1583 1032 1700 1083 erat
1729 1028 1933 1093 regius,
1953 1021 2036 1078 vi~

450 1133 606 1188 cibus
629 1131 696 1186 ad
717 1144 776 1185 se
799 1126 1081 1182 admittere
1099 1122 1349 1179 mulieres
1365 1135 1510 1185 suas,
1542 1127 1597 1176 et
1615 1117 1719 1174 nisi
1743 1115 1992 1172 Iomcntis
2018 1112 2034 1144 ¹
2085 1139 2089 1143 ~

450 1233 504 1278 ct
526 1221 810 1293 unguentis
829 1219 920 1274 diu
943 1216 1087 1286 prius
1111 1222 1360 1271 accurato
1375 1226 1619 1282 corpore,
1644 1207 1788 1266 nulla
1811 1204 2041 1262 intrabat

450 1315 515 1370 ad
539 1328 741 1384 regem.
771 1312 900 1378 Quae
922 1310 1050 1364 dum
1071 1307 1280 1372 ﬁerent,
1299 1304 1524 1362 alllictus
1546 1313 1628 1360 est
1646 1301 1852 1358 Pharao
1874 1312 2034 1352 manu

451 1406 567 1473 Dei,
598 1415 656 1460 ut
697 1401 814 1458 viro
840 1401 1150 1458 redhiberet
1176 1399 1449 1464 intactam,
1481 1410 1639 1466 quam
1665 1393 1767 1464 ipsi
1791 1392 1902 1448 Deo
1926 1403 2038 1446 ma-

451 1497 582 1552 ritus
635 1495 1007 1560 commiserat,
1061 1501 1244 1548 tacens
1272 1489 1414 1561 quod
1446 1503 1578 1544 uxor
1604 1495 1766 1552 esset,
1798 1483 1892 1540 scd
1931 1497 2039 1538 non

450 1593 716 1650 mentiens
744 1589 884 1662 quod
926 1603 1080 1643 soror
1108 1579 1251 1642 esset
1275 1603 1289 1639 :
1320 1592 1377 1638 ut
1402 1589 1616 1640 caveret
1640 1578 1782 1651 quod
1809 1583 2037 1648 poterat,

451 1695 704 1758 quantum
728 1684 890 1738 homo
911 1689 1140 1753 poterat,
1164 1689 1219 1736 et
1244 1679 1356 1736 Deo
1375 1675 1776 1732 commendaret
1790 1671 1932 1743 quod
1952 1685 2042 1726 ca-

451 1795 576 1835 vere
601 1792 706 1832 non
736 1784 973 1847 poterat;
1005 1789 1074 1828 ne
1103 1772 1148 1828 si
1187 1781 1242 1828 et
1279 1771 1366 1826 illa
1397 1785 1515 1840 quae
1537 1769 1558 1800 ¹
1587 1781 1778 1824 cavere
1809 1772 2038 1835 poterat,

456 1871 570 1926 Deo
619 1877 824 1924 tantum
865 1867 1182 1929 dimitteret,
1237 1877 1344 1918 non
1375 1861 1430 1916 in
1461 1861 1628 1915 Deum
1655 1855 1895 1920 credere,
1947 1853 2043 1910 sed

453 1964 620 2019 Deum
647 1971 850 2016 tentare
867 1959 1041 2030 potius
1067 1956 1411 2012 inveniretur.

530 2054 738 2111 XXVII.
772 2053 872 2128 [Ib.
897 2067 1018 2116 xm,
1051 2048 1171 2121 I0.]
1195 2047 1347 2116 Quod
1398 2055 1537 2102 terra
1584 2042 1942 2100 Sodomorum
1988 2047 2045 2095 et

455 2145 797 2212 Gomorrhne,
827 2151 1113 2213 antequam
1138 2139 1432 2204 deleretur,
1462 2141 1802 2205 comparatur
1828 2130 2041 2203 paradi-

457 2253 522 2292 so
547 2237 658 2301 Dei,
689 2250 755 2290 eo
783 2233 922 2305 quod
953 2240 1069 2288 erat
1092 2232 1310 2302 irrigua,
1335 2237 1388 2284 et
1414 2236 1573 2283 terra:
1593 2221 1850 2297 Egypti'
1881 2237 2046 2294 quam

454 2327 607 2383 Nilus
641 2327 865 2396 irrigat;
909 2325 1059 2390 satis,
1086 2334 1145 2378 ut
1174 2323 1385 2393 opinor,
1438 2317 1740 2374 ostenditur
1776 2312 2047 2385 quomodo

457 2415 682 2486 intelligi
723 2415 918 2471 debeat
945 2415 1032 2469 ille.
1060 2412 1337 2484 paradisus
1364 2425 1524 2481 quem
1573 2406 1828 2479 plantavit
1874 2405 2038 2470 Deus,

458 2509 548 2564 ubi
575 2507 851 2564 constituit
880 2507 1073 2562 Adam.
1100 2506 1233 2574 Quis
1246 2505 1390 2561 enim
1415 2503 1553 2560 alius
1597 2501 1922 2572 intelligatur
1948 2513 2046 2570 pa-

458 2599 670 2655 radisus
697 2598 812 2665 Dei,
838 2614 947 2654 non
976 2598 1150 2652 video.
1181 2596 1250 2651 Et
1277 2596 1462 2666 utique
1483 2594 1528 2650 si
1554 2592 1776 2648 arbores
1813 2589 2048 2645 fructife-

458 2712 535 2752 rae
555 2696 608 2749 in
634 2693 882 2765 paradiso
911 2692 1136 2748 virtutes
1162 2690 1324 2748 animi
1342 2685 1665 2758 accipiendae
1690 2691 1890 2750 essent,
1910 2682 2048 2737 sicut

463 2786 710 2843 nonnulli
725 2783 1053 2849 existimant,
1082 2783 1226 2838 nullo
1255 2780 1530 2851 corporali
1555 2780 1608 2836 in
1638 2788 1776 2834 terra
1801 2776 2047 2848 paradiso

459 2879 605 2934 veris
630 2877 892 2947 lignorum
935 2874 1223 2947 generibus
1263 2874 1523 2936 instituto,
1552 2885 1662 2928 non
1689 2870 1956 2925 diceretur
1983 2868 2054 2922 de

460 2970 560 3026 ista
588 2978 748 3034 terra,
780 2969 909 3023 sicut
930 2967 1194 3038 paradisus
1223 2965 1336 3020 Dei.

533 3059 773 3116 XXVIII.
803 3058 904 3132 [Ib.
936 3074 1052 3122 xm,
1083 3059 1170 3112 14.
1199 3056 1221 3130 ]
1249 3056 1542 3127 Respiciens
1567 3055 1731 3110 oculis
1773 3055 1893 3118 tuis,
1940 3053 2054 3107 vide

462 3170 497 3207 α
523 3151 635 3206 loco
659 3152 713 3206 in
735 3167 838 3222 quo
862 3166 996 3204 nunc
1025 3159 1078 3202 tu
1108 3166 1158 3204 es
1185 3152 1252 3203 ad
1293 3148 1593 3216 Aquilonem
1637 3156 1685 3201 et
1725 3146 1956 3218 Africum
1998 3153 2046 3198 et

468 3243 726 3299 Orientem
746 3245 792 3296 et
817 3257 977 3308 mare,
1007 3241 1127 3311 quia
1169 3255 1368 3294 onmem
1395 3249 1581 3292 ten-atus
1608 3252 1762 3306 quam
1799 3246 1855 3291 tu
1893 3235 2050 3301 vides,

465 3337 556 3393 tibi
581 3337 712 3392 dabo
739 3351 851 3391 eam
879 3343 928 3390 et
967 3334 1147 3391 semini
1172 3342 1257 3388 tuo
1285 3349 1443 3404 usque
1468 3333 1520 3386 in
1559 3329 1822 3386 saeclum.
1851 3329 2056 3398 Quaeri-

463 3439 551 3487 tur
572 3430 660 3487 hic
681 3428 950 3501 quomodo
971 3427 1296 3497 intelligatur
1315 3434 1522 3481 tantum
1544 3431 1704 3478 terras
1728 3422 2053 3493 promissum

465 3538 588 3582 esse
608 3523 839 3579 Abrahae
864 3529 918 3576 et
946 3518 1142 3576 semini
1184 3518 1322 3589 ejus,
1354 3524 1615 3589 quantum
1647 3522 1858 3586 poterat
1883 3514 2054 3569 oculis

463 3613 873 3684 circumspicere
892 3627 989 3683 per
1012 3620 1244 3682 quatuor
1269 3609 1516 3665 cardines
1545 3607 1749 3663 mundi.
1778 3606 2049 3674 Quantum

464 3716 548 3765 est
569 3707 710 3762 enim
732 3703 874 3777 quod
908 3703 974 3758 ad
1004 3711 1200 3758 terram
1225 3700 1656 3772 conspiciendam
1684 3701 1829 3756 acies
1866 3713 2056 3768 corpo-

465 3801 595 3858 ralis
618 3799 764 3854 visus
816 3796 988 3868 possit
1029 3795 1292 3866 attingm'e
1311 3792 1338 3847 ti
1361 3792 1468 3849 Sed
1511 3793 1656 3847 nulla
1687 3799 1774 3848 est
1804 3791 2054 3862 quaestio,

465 3893 512 3947 si
541 3891 882 3946 advertamus
909 3902 1016 3942 non
1047 3885 1152 3942 hoc
1177 3884 1351 3940 solum
1395 3899 1517 3940 esse
1543 3884 1867 3955 promissum
1901 3900 1916 3936 :
1945 3896 2052 3937 non

465 3983 612 4039 enim
654 3981 857 4038 dictum
893 3986 997 4045 est,
1029 3977 1259 4034 Tantum
1290 3985 1451 4032 terra
1492 3975 1632 4031 dabo
1661 3975 1756 4031 tibi
1797 3983 2054 4045 quantum

465 4074 646 4140 vides;
677 4071 793 4137 sed,
815 4069 930 4126 Tibi
950 4069 1080 4125 dabo
1102 4079 1288 4124 terram
1314 4083 1466 4139 quam
1484 4067 1641 4121 vides.
1669 4066 1802 4122 Cum
1834 4066 1974 4121 enim
2000 4073 2057 4121 et

467 4167 694 4224 ulterior
720 4164 952 4240 undique
975 4161 1223 4227 dabatur,
1253 4159 1494 4231 profecto
1517 4157 1632 4213 hmo
1652 4158 1918 4229 praeipue
1937 4170 2055 4228 quat

467 4259 748 4316 videbatur
795 4257 1040 4313 dabatur.
1088 4253 1292 4310 Deinde
1336 4252 1719 4308 attendendum
1777 4260 1860 4305 est
1912 4249 2056 4321 quod

469 4353 751 4426 sequitur;
781 4350 1032 4422 quoniam
1062 4363 1131 4404 ne
1181 4355 1394 4418 putaret
1439 4346 1598 4401 etiam
1646 4345 1757 4415 ipse
1784 4343 2056 4399 Abraham

469 4446 574 4502 hoc
611 4446 784 4501 solum
812 4442 1048 4514 promitti
1077 4449 1235 4498 terra:
1264 4440 1405 4511 quod
1447 4441 1686 4511 aspicere
1711 4439 1795 4494 vel
1823 4440 2055 4494 cireum-

467 4538 681 4608 spicere
707 4542 903 4606 posset,
949 4532 1135 4605 Surge,
1183 4532 1373 4602 inquit,
1406 4541 1450 4585 et
1478 4531 1770 4601 perambula
1794 4539 1978 4584 terram
2001 4531 2056 4585 in

470 4629 785 4701 longitudine
824 4629 934 4698 q'us
975 4635 1023 4681 et
1071 4624 1358 4690 latitudine,
1389 4624 1512 4697 quia
1558 4625 1647 4678 tibi
1675 4622 1806 4678 dabo
1833 4641 1942 4678 eam
1961 4638 1980 4678 :
2000 4632 2056 4679 ut

470 4717 890 4793 perambulando
917 4716 1222 4789 perveniret
1270 4716 1335 4770 ad
1379 4726 1518 4779 eoin,
1551 4731 1708 4784 quam
1753 4715 1920 4771 oculis
1948 4727 2057 4770 uno

471 4813 591 4869 loco
621 4819 770 4868 stans
796 4809 980 4866 videre
1017 4824 1122 4864 non
1166 4815 1367 4878 posset.
1393 4807 1740 4878 Sig-nilicatur
1785 4815 1962 4862 autem
1992 4819 2056 4861 ea

471 4911 614 4961 terra
635 4916 794 4976 quam
811 4903 957 4974 prius
973 4900 997 4934 δ
1010 4901 1235 4972 populus
1251 4901 1456 4969 accepit
1473 4900 1658 4966 Israel,
1684 4915 1865 4955 semen
1889 4900 2057 4955 Abra-

471 4998 556 5054 hae
581 4995 870 5053 secundum
895 5009 1148 5057 carnem;
1176 5007 1283 5047 non
1309 4992 1437 5047 illud
1471 4991 1629 5047 latius
1653 5006 1836 5047 semen
1861 5006 2056 5046 secun-

475 5093 602 5150 dum
636 5091 817 5157 fidem,
835 5088 976 5160 quod
1007 5103 1075 5144 ne
1101 5096 1391 5153 taceretur,
1417 5085 1618 5142 dictum
1638 5095 1720 5141 est
1743 5087 1792 5141 ei
1824 5085 2056 5141 futurum

475 5185 614 5241 sicut
655 5197 818 5239 arena
865 5180 1051 5248 maris,
1107 5179 1399 5235 secundum
1451 5177 1777 5250 hyperbolen
1819 5177 2054 5247 quidem,

474 5277 570 5334 sed
599 5283 781 5332 tamen
807 5281 1014 5330 tantum
1039 5270 1182 5343 quod
1209 5283 1492 5326 numerare
1520 5268 1695 5325 nullus
1711 5277 1913 5339 posset.

535 5422 556 5455 ³
578 5419 716 5485 miti.
978 5427 997 5468 ³
1017 5426 1226 5485 Ρῖρέἶυρ
1241 5419 1371 5485 MSS?!

535 5427 556 5516 ἒ
1016 5427 1746 5548 Lor.
1764 5487 1822 5526 ne
1904 5479 1959 5548 .eg
1973 5473 2060 5548 ea

471 5546 600 5612 quod
613 5581 628 5595 .
645 5552 700 5612 In
721 5546 936 5612 editione
958 5547 1123 5612 autem
1147 5546 1248 5612 nant;
1271 5537 1342 5601 (id
1358 5544 1650 5612 _est_qu:e_ei_t
1667 5537 1918 5612 Augustini
1936 5539 2058 5612 ῃξιίτ

470 5598 730 5734 mangonis
741 5603 1134 5667 recensionelan.
1157 5601 1269 5663 497,
1283 5598 1488 5664 vulgati
1511 5601 1608 5665 est)
1631 5598 1810 5664 legitur
1827 5634 1843 5662 ,
1870 5612 1930 5650 ne
1951 5599 1996 5652 si
2012 5604 2060 5652 et

539 5703 720 5792 ἱῖῖῖῖδξ
741 5733 794 5781 ut
813 5732 946 5780 terra
960 5722 1166 5793 Egypti.
1185 5730 1298 5776 lss.
1313 5735 1454 5784 vero,
1467 5727 1515 5774 et
1536 5729 1682 5777 terra:
1692 5731 1882 5790 Egypt:
1903 5737 1920 5777 :
1941 5737 2058 5790 sup-

472 5790 579 5860 ple,
601 5790 922 5856 comparatur.
1015 5790 1032 5793 ⁷
1051 5790 1086 5792 ἡ

532 5855 558 5890 ⁸
574 5863 724 5907 Vetus
742 5853 900 5906 codex
921 5847 1245 5910 oorbeiensls,
1267 5845 1472 5915 primus.

1193 353 1657 430 QUIESTIONUM
1697 353 1755 408 s.
1797 350 2166 407 AUGUSTINI
2203 345 2273 404 IN
2310 342 2875 403 HEPTATEUCHUM

3623 349 3730 406 550

2214 459 2408 519 XXIX.
2439 457 2551 536 [1b.
2581 475 2700 530 xrv,
2723 461 2812 517 15.
2832 456 2855 535 ]
2875 458 2945 516 Et
2961 459 3208 516 nuntiavit
3235 458 3456 518 Abrahae
3470 463 3731 534 transﬂu-

2143 555 2283 632 viali.
2305 553 2744 612 Translluvialem
2774 555 3043 614 Abraham
3065 555 3388 626 appellatum
3410 556 3572 613 etiam
3595 573 3707 632 με

2145 663 2206 703 ea
2247 647 2573 718 exemplaria
2619 647 2751 702 satis
2781 646 3016 702 indicant
3037 663 3053 702 :
3078 646 3177 703 sed
3199 663 3294 704 cur
3324 647 3394 704 ita
3419 650 3716 719 appellatus

2145 741 2237 811 sit,
2267 741 2384 796 haec
2403 739 2612 796 videtur
2629 753 2810 806 causa,
2829 738 2969 809 quod
2986 754 3053 794 ex
3078 738 3459 810 Mesopotamia
3480 742 3725 808 veniens,

2146 834 2374 890 transito
2402 831 2622 890 ﬂumine
2653 832 2947 902 Euphrate,
2999 831 3154 888 sedes
3185 832 3462 888 constituit
3505 832 3557 887 in
3588 842 3732 889 terra

2147 923 2421 994 Chanaan,
2441 934 2494 982 et
2519 923 2895 980 transiluvialis
2922 923 3218 994 appellatus
3236 934 3320 980 est
3343 941 3407 980 ex
3433 937 3499 983 ea
3520 925 3736 996 regione

2149 1018 2288 1086 unde
2314 1027 2551 1082 venerat.
2585 1017 2733 1078 Unde
2749 1017 2905 1073 Jesus
2923 1017 3071 1074 Nave
3089 1016 3221 1078 dicit
3235 1017 3486 1074 lsraelitis
3515 1037 3527 1072 :
3560 1017 3696 1088 Quid
3709 1019 3737 1073 ?

2147 1113 2298 1168 vultis
2323 1111 2508 1168 servire
2528 1110 2626 1166 diis
2663 1120 2869 1182 patrum
2893 1120 3172 1172 uestrorum
3198 1111 3284 1182 qui
3309 1119 3427 1166 sunt
3455 1124 3592 1167 trans
3630 1112 3734 1179 ﬂu-

2148 1203 2293 1276 ntan(
2319 1203 2479 1262 Josue
2506 1219 2660 1270 χχιιι,
2692 1204 2759 1260 15
2789 1203 2852 1274 )‘l

2222 1295 2393 1356 XXX.
2421 1295 2522 1370 [lb.
2557 1312 2645 1362 xv,
2669 1297 2755 1352 12.
2789 1295 2909 1369 ]De
2943 1310 3008 1354 eo
3035 1295 3180 1369 quod
3206 1295 3458 1367 scriptum
3489 1305 3592 1364 est,
3619 1296 3731 1353 Cir-

2149 1404 2212 1462 ca
2229 1387 2354 1446 solis
2368 1397 2539 1444 autem
2565 1403 2798 1444 occasum
2827 1404 2983 1462 pauor
3007 1387 3156 1444 irruit
3181 1404 3332 1462 super
3374 1388 3653 1452 Abraham.
3684 1399 3736 1444 et

2149 1495 2260 1536 ecce
2280 1480 2430 1534 timor
2445 1495 2658 1551 magnus
2678 1479 2855 1533 incidit
2879 1479 2924 1534 ci
2942 1493 2960 1543 ;
2981 1478 3251 1536 tractanda
3266 1487 3352 1538 est
3370 1479 3470 1534 ista
3489 1481 3736 1550 qumstio.

2149 1580 2368 1644 prepter
2395 1585 2490 1644 eos
2515 1572 2608 1643 qui
2651 1572 2982 1630 contendunt
3008 1572 3436 1646 perturbationes
3465 1574 3596 1636 istas:
3618 1590 3728 1636 non

2151 1663 2344 1720 cadere
2365 1664 2418 1720 in
2449 1664 2684 1720 animum
2705 1664 2965 1735 sapientis
2994 1681 3008 1718 :
3038 1673 3220 1720 utrum
3269 1665 3375 1720 tale
3421 1664 3620 1738 aliquid
3664 1667 3739 1728 sit

2154 1769 2256 1827 qua
2268 1757 2316 1811 lc
2341 1756 2611 1828 Ageliius’
2642 1766 3024 1814 commemorat
3052 1758 3106 1812 in
3137 1756 3287 1814 libris
3313 1756 3566 1816 Noctium
3595 1761 3738 1816 Atti-

2151 1865 2356 1918 carum,
2381 1850 2663 1922 quemdam
2697 1849 3069 1920 philosomium
3118 1850 3172 1906 iu
3199 1865 3388 1920 magna
3418 1850 3576 1908 maris
3605 1864 3743 1907 tem-

2151 1951 2357 2012 pestate
2387 1941 2676 2007 turbatum,
2705 1956 2827 1998 cum
2855 1941 3070 1997 essetin
3098 1943 3219 1996 navi
3234 1952 3287 1998 et
3311 1942 3742 2000 animadversum

2152 2049 2184 2088 a
2231 2035 2462 2106 quodam
2502 2035 2777 2091 luxurioso
2822 2034 3207 2102 adolescente;
3248 2035 3338 2107 qui
3387 2028 3508 2092 cum
3538 2038 3591 2093 ei
3619 2047 3744 2108 post

2154 2135 2482 2186 transactum
2521 2129 2816 2199 periculum
2861 2129 3160 2196 insultaret,
3205 2129 3347 2200 quod
3391 2130 3744 2202 philosophus

2153 2221 2261 2280 cito
2287 2219 2626 2290 perturbatus
2645 2227 2808 2287 esset,
2835 2235 2955 2276 cum
2977 2221 3090 2291 ipse
3115 2235 3288 2293 neque
3307 2222 3542 2280 timuerit
3567 2239 3744 2295 neque

2153 2311 2442 2384 palluerit;
2473 2310 2766 2382 respondit.
2822 2309 2944 2366 ideo
2984 2311 3136 2367 illum
3178 2327 3286 2367 non
3333 2313 3740 2384 perturbatum,

2155 2405 2279 2475 quia
2332 2405 2672 2475 nequissima:
2714 2405 2906 2461 anima:
2955 2420 3069 2464 sua:
3120 2404 3253 2460 nihil
3281 2407 3473 2470 timere
3499 2407 3741 2476 deberet,

2155 2497 2297 2568 quod
2319 2513 2419 2554 nec
2441 2497 2598 2569 digna
2616 2509 2757 2554 esset
2778 2514 2875 2568 pro
2894 2514 2998 2570 qua
3018 2499 3216 2569 aliquid
3242 2499 3521 2562 timeretur
3537 2502 3554 2573 (
3570 2503 3739 2572 Apoll.

2157 2589 2246 2644 lib.
2283 2589 2368 2656 I9,
2399 2606 2445 2643 ε.
2475 2592 2528 2645 1.
2551 2590 2628 2649 De
2653 2590 2800 2650 Civil.
2847 2591 2959 2658 Dei,
3007 2592 3092 2646 lib.
3126 2593 3180 2659 9,
3202 2610 3248 2650 ο.
3275 2594 3311 2650 4
3330 2593 3373 2664 ).
3405 2592 3625 2652 Certatis
3650 2611 3745 2651 au-

2159 2691 2267 2738 tem
2287 2682 2558 2750 studiosis,
2581 2684 2668 2756 qui
2694 2684 2748 2739 in
2770 2684 2890 2739 navi
2919 2685 3149 2752 fuerant,
3169 2687 3602 2756 exspectantibus
3622 2702 3745 2760 pro-

2159 2775 2279 2832 tulit
2327 2775 2518 2832 librum
2571 2776 2855 2846 quemdam
2887 2777 3111 2852 Epicteti
3139 2780 3316 2844 stoici,
3343 2781 3434 2836 ubi
3475 2781 3749 2852 legebatur

2161 2883 2268 2924 nou
2297 2870 2369 2924 ita
2411 2869 2673 2938 placuisse
2712 2870 2930 2938 Stoicis,
2962 2871 3165 2928 nullam
3208 2874 3368 2928 talem
3391 2875 3749 2943 perturbatio-

2160 2974 2283 3018 nem
2327 2960 2522 3018 cadere
2549 2961 2604 3018 in
2629 2961 2866 3018 animum
2897 2963 3176 3032 sapientis,
3203 2965 3356 3034 quasi
3397 2966 3529 3020 nihil
3557 2967 3666 3022 tale
3690 2966 3742 3022 in

2159 3065 2347 3105 eorum
2395 3060 2676 3121 appareret
2733 3051 3032 3121 affectibus,
3067 3053 3161 3108 sed
3188 3055 3644 3124 perturbationem
3671 3058 3740 3113 ab

2161 3143 2240 3204 eis
2267 3143 2498 3211 deﬁniri,
2526 3160 2647 3200 cum
2682 3145 2818 3202 ratio
2841 3147 3036 3202 talibus
3076 3149 3309 3204 motibus
3342 3136 3595 3216 cederet;
3625 3167 3746 3206 cum

2161 3247 2342 3296 autem
2390 3253 2498 3293 non
2546 3238 2781 3304 cederet,
2812 3256 2918 3294 non
2964 3239 3244 3296 dicendam
3275 3244 3746 3313 perturbationem.

2160 3325 2267 3386 Sed
2286 3327 2731 3392 considerandum
2748 3336 2836 3385 est
2849 3330 3305 3400 quemadmodum
3323 3332 3423 3388 hoc
3438 3334 3582 3390 dicat
3596 3336 3752 3406 Agel-

2161 3418 2284 3484 lius,
2309 3427 2367 3476 ct
2394 3419 2676 3490 diligenter
2697 3420 3043 3484 inserendum
3060 3426 3105 3478 '.

2233 3510 2430 3568 XXXI.
2465 3511 2566 3586 [ll].
2598 3529 2735 3579 xm,
2761 3513 2816 3570 8.
2839 3511 3022 3587 ]Dabo
3047 3516 3137 3571 tibi
3165 3525 3212 3572 et
3249 3517 3430 3573 semini
3453 3528 3539 3574 tuo
3566 3530 3677 3592 post
3705 3530 3753 3576 te

2159 3617 2348 3665 terrain
2369 3611 2424 3664 in
2447 3626 2548 3682 qua
2565 3609 2784 3676 habitas,
2807 3627 3006 3666 omni
3021 3621 3206 3667 terram
3227 3613 3416 3669 cultam
3436 3614 3456 3646 ⁸
3482 3616 3535 3668 in
3556 3631 3753 3687 posses—

2164 3701 2362 3757 sionem
2393 3711 2657 3758 internum.
2685 3703 2922 3770 Quaastio
2945 3712 3030 3760 est
3078 3707 3346 3777 quomodo
3369 3706 3567 3763 dixerit
3590 3718 3750 3765 aeter-

2162 3807 2312 3860 nam,
2342 3808 2469 3848 cum
2491 3793 2750 3850 Israelitis
2777 3795 3143 3866 temporaliter
3167 3796 3290 3853 data
3313 3798 3384 3853 sit
3413 3817 3428 3854 :
3457 3810 3634 3854 utrum
3663 3815 3748 3857 se-

2160 3885 2395 3948 cundum
2426 3885 2529 3941 hoc
2551 3886 2806 3942 szeculum
2825 3887 2964 3942 dicta
2990 3889 3060 3944 sit
3088 3899 3309 3958 aeterm,
3337 3900 3396 3947 ut
3421 3892 3488 3948 ab
3516 3906 3584 3947 eo
3606 3893 3748 3963 quod

2161 3987 2243 4035 est
2271 3984 2390 4034 «to»
2417 3994 2614 4052 grrece,
2642 3982 2784 4053 quod
2837 3984 3093 4038 saeculum
3139 3984 3420 4056 signiﬁcat,
3459 3985 3660 4042 dictum
3683 3987 3754 4042 sit

2164 4077 2355 4126 atomos
2383 4111 2399 4138 ,
2451 4082 2700 4142 tanquam
2747 4074 2792 4128 si
2843 4074 3009 4130 latine
3043 4074 3148 4132 dici
3196 4086 3378 4147 posset
3429 4078 3690 4133 sareulare
3733 4092 3750 4131 :

2151 4180 2233 4220 sn
2287 4180 2354 4220 ex
2401 4163 2504 4222 hoc
2551 4166 2749 4237 aliquid
2795 4167 3088 4224 secundum
3135 4169 3463 4240 spiritualem
3515 4171 3748 4242 promis-

2161 4256 2370 4312 sionem
2403 4256 2490 4312 hic
2516 4257 2811 4329 intelligere
2836 4274 3110 4330 cogamur,
3138 4271 3198 4317 ut
3233 4271 3495 4318 aeternum
3540 4263 3748 4320 dictum

2163 4348 2255 4416 sit,
2287 4347 2410 4404 ideo
2454 4349 2579 4420 quia
2605 4349 2731 4405 hinc
2753 4358 3012 4407 aeternum
3053 4352 3252 4424 aliquid
3291 4354 3656 4425 signiﬁcatur:
3684 4371 3754 4411 an

2164 4441 2345 4511 potius
2361 4441 2647 4500 locutionis
2667 4452 2753 4502 est
2773 4445 3192 4515 Scripturarum,
3212 4455 3268 4502 ut
3287 4455 3546 4504 aeternum
3567 4449 3755 4520 appel-

2162 4531 2292 4598 lent,
2319 4532 2472 4604 cujus
2501 4535 2578 4590 rei
2603 4535 2722 4590 linis
2739 4551 2847 4592 non
2864 4537 3239 4606 constituitur;
3265 4547 3360 4595 aut
3382 4553 3496 4597 non
3516 4541 3589 4597 ita
3615 4543 3670 4598 fit
3696 4550 3756 4600 ut

2162 4624 2414 4696 deinceps
2441 4641 2548 4682 non
2575 4627 2645 4684 sit
2664 4627 2986 4696 faciendum,
3015 4640 3271 4701 quantum
3297 4633 3528 4703 pertinet
3556 4632 3624 4688 ad
3653 4649 3755 4690 cu-

2161 4733 2277 4774 ram
2294 4719 2379 4775 vel
2399 4728 2714 4790 potestatem
2739 4721 2981 4777 facientis
3005 4739 3019 4788 ;
3052 4723 3191 4779 sicut
3215 4725 3289 4779 ait
3313 4725 3579 4792 Horatius,

2312 4831 2503 4885 serviet
2533 4838 2799 4898 sternam,
2820 4833 2904 4898 qui
2927 4845 3074 4898 parvo
3104 4833 3294 4898 nesciet
3319 4835 3412 4898 uti.

2777 4894 2988 4960 (suam,
3005 4894 3092 4947 ab.
3116 4897 3164 4959 ι,
3183 4894 3326 4962 φεμ.
3344 4897 3448 4962 io.)

2162 4997 2279 5054 Non
2303 4997 2445 5055 enim
2472 5007 2647 5070 potest
2668 4999 2722 5055 in
2747 5007 3005 5056 aeternum
3031 5001 3237 5058 servire
3255 5044 3270 5070 ,
3300 5003 3454 5073 cuius
3481 5002 3596 5073 ipsa
3619 5001 3749 5068 vita.
3778 4971 3783 4976 ⁵

2163 5105 2266 5162 qua
2303 5091 2500 5159 servit,
2541 5100 2740 5146 aeterna
2777 5106 2898 5148 esse
2939 5107 3044 5147 non
3091 5101 3287 5162 potest.
3328 5092 3479 5162 Quod
3512 5094 3753 5149 testimo-

2163 5181 2311 5236 nium
2340 5195 2445 5237 non
2471 5181 2799 5250 adhibercm,
2827 5181 2930 5239 nisi
2955 5182 3238 5240 locutionis
3261 5192 3424 5240 esset.
3457 5183 3750 5239 Verborum

2165 5274 2359 5345 quippe
2385 5275 2462 5330 illi
2491 5283 2613 5331 sunt
2652 5277 2808 5332 nobis
2834 5285 3078 5333 auctores
3098 5318 3112 5342 ,
3151 5292 3258 5332 non
3292 5293 3470 5333 rerum
3500 5277 3586 5333 vel
3623 5293 3752 5333 sen-

2163 5366 2470 5421 tentiarum.
2501 5366 2554 5423 Si
2578 5375 2752 5422 autem
2774 5367 3130 5424 defenduntur
3153 5367 3439 5437 Scriptura:
3457 5367 3751 5423 secundum

2229 5480 2321 5569 1'“
2330 5480 2558 5569 fime
2581 5478 3627 5569 ﬁﬁ‘ﬁffffi’fis‘hi..‘El‘ﬁﬂllliﬂ‘ﬁf‘fﬁ
3641 5479 3750 5530 “m'

2164 5541 2554 5677 αξιεςοέειεςεέέεντεε

2517 5665 2834 5719 miserandus.
2871 5665 2928 5719 At
2961 5674 3068 5719 uss.
3091 5666 3375 5729 duodecim,
3413 5672 3461 5719 et
3497 5665 3753 5730 diligenter

2228 5791 2250 5824 ³
2267 5792 2398 5862 Apud
2421 5799 2530 5862 LXX
2556 5798 2608 5843 et
2629 5792 2680 5843 in
2695 5789 2916 5857 Vulgata,
2932 5796 3115 5844 terram
3137 5789 3385 5844 Chanaan.
3411 5797 3459 5841 In
3480 5795 3567 5841 In.
3587 5789 3752 5850 σοι-1)..

2162 5856 2345 5906 terram
2363 5854 2609 5910 iaculum.
