4094 6474
349 423 464 485 857

349 537 651 599 locutiones
689 533 966 607 propn'as,
1004 545 1124 604 quae
1152 527 1406 586 idiomata
1431 535 1722 592 vocantur.
1752 532 1953 598 quanto

350 631 524 706 magis
549 628 843 687 secundum
869 641 962 683 eas
989 639 1121 698 quas
1145 638 1268 680 cum
1287 620 1410 677 aliis
1426 619 1622 692 linguis
1640 631 1954 675 communes

349 728 588 790 habent?

420 819 643 882 XXXII.
667 817 767 894 [Ib.
784 811 1069 889 xvm,16.]
1089 809 1356 882 Quaeritur
1375 805 1645 880 quomodo
1665 805 1863 861 dictum
1885 803 1955 860 sit

347 916 422 974 ad
465 912 736 972 Abraham
766 910 834 968 de
870 909 980 965 ﬁlio
1018 906 1168 979 ejus,
1201 902 1271 958 Et
1315 918 1457 975 reges
1496 899 1720 973 gentium
1759 914 1823 954 ex
1862 895 1954 952 illo

348 1016 504 1066 erunt
530 1022 549 1062 :
576 1015 757 1062 utrum
778 1002 901 1075 quia
926 1014 1034 1055 non
1055 991 1618 1069 provenitsecundum
1646 1005 1806 1064 regna
1842 998 1954 1046 ter-

347 1116 515 1169 rena,
546 1096 841 1155 secundum
871 1093 1165 1150 Ecclesiam
1192 1086 1363 1158 accipi
1387 1084 1612 1152 debeat;
1643 1098 1711 1138 an
1735 1091 1956 1154 propter

351 1195 499 1251 Esau
527 1194 688 1249 etiam
717 1189 785 1245 ad
817 1189 1048 1244 litteram
1069 1182 1310 1255 contigit.

426 1285 670 1342 XXXIII.
699 1281 800 1359 [Ib.
826 1295 978 1346 xvnt,
1003 1275 1087 1352 2.]
1117 1276 1185 1331 Et
1219 1274 1395 1331 uidens
1437 1270 1755 1348 procucurrit
1780 1271 1835 1324 in
1863 1268 1953 1323 ob-

349 1381 489 1436 viam
517 1378 620 1433 illis
655 1375 718 1431 ab
757 1375 885 1431 ostio
930 1367 1241 1427 tabernaculi
1284 1367 1401 1436 sui,
1445 1375 1491 1421 et
1533 1363 1762 1419 adorauit
1804 1378 1956 1433 super

351 1481 570 1539 unum,
600 1477 646 1525 et
671 1466 801 1524 dixit
828 1463 1125 1530 :Domine,
1169 1459 1216 1516 si
1256 1458 1423 1514 inueni
1464 1457 1681 1531 gratiam
1724 1461 1842 1510 ante
1885 1463 1952 1523 te,

351 1582 418 1621 ne
457 1573 727 1634 prwtereas
770 1574 965 1616 servum
1016 1565 1179 1611 tuum.
1229 1552 1496 1622 Quaeritur
1541 1563 1664 1605 cum
1708 1555 1817 1602 tres
1853 1544 1955 1600 viri

352 1667 541 1716 essent
595 1655 686 1727 qui
737 1653 788 1710 ei
839 1655 1229 1723 apparuerant,
1286 1641 1557 1716 quomodo
1618 1638 1957 1711 singulariter

353 1750 640 1806 Dominum
668 1744 930 1818 appellet,
961 1741 1178 1804 dicens,
1209 1737 1447 1804 Domine,
1475 1735 1518 1789 si
1546 1732 1713 1788 inveni
1737 1731 1956 1804 gratiam

354 1853 475 1899 ante
510 1850 606 1895 te:
635 1855 701 1894 an
733 1834 1063 1907 intelligebat
1101 1846 1266 1887 unum
1310 1843 1377 1884 ex
1421 1827 1500 1883 eis
1537 1825 1820 1881 Dominum
1843 1865 1858 1890 ,
1903 1829 1959 1878 et

353 1935 491 1991 alios
517 1931 735 2003 angelos
765 1949 778 1985 :
805 1944 872 1984 an
894 1927 1071 2000 potius
1094 1923 1150 1980 in
1170 1921 1372 1996 angelis
1393 1919 1673 1976 Dominum
1695 1915 1950 1981 sentiens,

359 2026 592 2082 Domino
619 2021 795 2095 potius
817 2035 975 2093 quam
1002 2016 1204 2090 angelis
1226 2014 1373 2085 loqui
1395 2011 1596 2082 elegit:
1620 2009 1742 2081 quia
1763 2022 1870 2063 uno
1891 2023 1953 2063 ex

354 2118 528 2174 tribus
574 2131 697 2171 cum
746 2115 864 2186 ipso
903 2108 1175 2166 Abraham
1224 2114 1408 2178 postea
1455 2108 1801 2166 remanente,
1847 2098 1957 2154 duo

352 2211 644 2268 mittuntur
671 2208 726 2262 in
750 2203 1070 2270 Sodomam,
1098 2207 1155 2258 et
1182 2198 1288 2255 illis
1316 2196 1395 2253 sic
1422 2195 1656 2267 loquitur
1677 2192 1813 2248 Loth
1841 2198 1957 2247 Ian-

354 2320 519 2378 quam
547 2301 792 2358 Domino.

425 2391 672 2452 XXXIV.
692 2389 794 2467 [Ib.
817 2404 968 2455 xvnl,
994 2382 1351 2460 4.].Sumatur
1375 2395 1530 2452 aqua,
1553 2385 1601 2434 et
1624 2377 1784 2433 lavem
1807 2375 1959 2449 pedes

354 2498 551 2545 uestros
570 2529 586 2556 ,
619 2494 667 2541 et
689 2483 986 2558 refrigerate
1012 2478 1105 2534 sub
1131 2476 1310 2532 arbore
1327 2517 1343 2543 ,
1374 2481 1421 2529 et
1447 2487 1645 2528 sumam
1670 2485 1882 2544 panem,
1909 2476 1960 2524 et

357 2579 684 2637 manducata.
716 2575 986 2645 Quaeritur
1013 2571 1060 2628 si
1091 2568 1310 2643 angelos
1334 2564 1696 2636 intelligebat,
1736 2576 1959 2633 quomo-

356 2673 429 2730 do
455 2669 687 2743 potuerit
723 2665 791 2723 ad
829 2667 970 2722 hanc
1007 2660 1391 2718 humanitatem
1414 2657 1674 2722 invitare;
1705 2653 1958 2725 quoniam

354 2765 579 2824 refectio
612 2761 823 2818 mortali
852 2757 1002 2816 carni
1021 2757 1040 2789 ί
1072 2752 1376 2812 necessaria
1400 2759 1512 2819 est,
1540 2764 1650 2829 non
1680 2747 1960 2803 immorta-

354 2858 492 2915 litati
521 2854 872 2928 Angelorum.

425 2968 649 3028 XXXV.
702 2966 803 3041 [Ib.
846 2979 1013 3029 xvxn,
1057 2958 1173 3035 1L]
1211 2959 1468 3014 Abraham
1512 2963 1682 3010 autem
1732 2961 1780 3009 et
1824 2951 1962 3009 Sara

353 3066 610 3129 seriores,
643 3056 899 3132 progressi
941 3056 998 3111 in
1039 3051 1214 3110 diebus
1244 3066 1262 3106 :
1298 3050 1589 3120 defecerant
1617 3053 1783 3100 autem
1813 3041 1963 3102 Sam

355 3156 470 3229 ﬁni
500 3152 794 3231 muliebria.
841 3149 1124 3206 Seuiorum
1162 3151 1294 3200 aetas
1338 3141 1515 3196 minor
1553 3145 1636 3194 est
1669 3151 1826 3208 quam
1870 3148 1960 3190 se—

354 3226 520 3318 num,
548 3245 792 3322 quamvis
817 3250 874 3299 et
906 3253 1066 3298 senes
1091 3235 1424 3308 appellentur
1453 3232 1714 3289 seniores.
1734 3226 1892 3285 Unde
1916 3227 1961 3282 si

355 3360 485 3409 vera
509 3349 636 3400 sunt
659 3355 779 3413 qua:
804 3353 837 3395 a
862 3331 1138 3393 nonnullis
1176 3328 1398 3386 medicis
1437 3333 1750 3382 asseruntur
1768 3362 1786 3390 ,
1830 3334 1964 3392 quo-

356 3437 506 3500 niam
533 3434 716 3491 senior
741 3429 824 3486 vir
850 3443 974 3485 cum
996 3424 1220 3500 muliere
1247 3419 1461 3479 seniore
1485 3417 1626 3472 ﬁlios
1656 3417 1832 3470 facere
1853 3427 1961 3468 non

356 3534 561 3600 potest,
587 3521 801 3582 etiamsi
825 3519 1004 3576 adhuc
1042 3515 1258 3584 feminae
1284 3509 1562 3567 muliebria
1590 3507 1834 3572 veniant;
1873 3519 1962 3560 sc-

356 3595 598 3678 eundum
627 3615 730 3671 hoc
755 3613 1077 3672 admiratum
1101 3604 1373 3664 Abraham
1401 3601 1470 3660 de
1494 3598 1847 3674 promissione
1866 3595 1964 3652 ﬁlii

361 3713 516 3786 (Gen.
548 3725 696 3776 xvn,
724 3708 850 3778 l7),
895 3712 952 3762 ct
986 3700 1303 3760 miraculum
1345 3695 1590 3768 posuisse
1625 3690 1962 3763 Apostolum,

360 3782 606 3880 accipere
628 3812 934 3872 possumus,
957 3795 1046 3852 ubi
1066 3792 1200 3858 dixit
1221 3799 1506 3858 emortuum
1529 3801 1714 3858 corpus
1735 3782 1964 3848 Abrahae

363 3874 550 3969 (Rom.
575 3910 651 3962 1v,
682 3891 798 3964 l9).
829 3889 1144 3946 Emortuum
1179 3882 1376 3960 quippe
1417 3893 1611 3950 corpus
1639 3891 1748 3934 non
1778 3875 1852 3930 ita
1881 3874 1964 3929 in-

362 3964 716 4059 telligendum
747 3990 864 4050 est,
893 3995 957 4038 ac
982 3981 1028 4036 si
1057 3976 1276 4033 omnino
1303 3972 1502 4038 nullam
1531 3970 1638 4026 vim
1678 3964 1963 4040 generandi

362 4056 568 4136 habere
593 4082 812 4150 posset,
839 4072 886 4128 si
915 4071 1108 4128 mulier
1131 4065 1382 4142 juvenilis
1405 4065 1427 4096 ³
1459 4061 1631 4117 aetatis
1656 4067 1830 4121 esset;
1872 4056 1968 4114 sed

361 4169 660 4230 secundum
704 4167 810 4224 hoc
847 4173 1184 4225 emortuum,
1216 4166 1275 4213 ut.
1316 4155 1474 4214 etiam
1522 4151 1588 4208 de
1619 4150 1968 4221 provectioris

363 4266 542 4322 etatis
578 4260 806 4318 muliere
833 4272 940 4314 non
971 4259 1171 4328 posset.
1213 4247 1346 4306 Nam
1377 4245 1497 4304 ideo
1525 4242 1592 4300 de
1618 4239 1846 4297 Cethura
1873 4253 1969 4310 po-

365 4357 503 4426 tuit,
546 4354 672 4428 quia
710 4359 765 4408 et
799 4345 1048 4422 juvenilis
1077 4343 1220 4398 illam
1248 4337 1451 4395 invenit
1474 4333 1667 4391 aetatis.
1698 4331 1788 4389 Sic
1825 4331 1968 4390 enim

366 4423 580 4505 medici
593 4443 832 4508 tradunt,
863 4437 1114 4512 quoniam
1143 4433 1294 4504 cujus
1322 4444 1516 4500 corpus
1548 4427 1648 4484 viri
1676 4423 1971 4482 secundum

367 4541 472 4597 hoc
499 4541 613 4612 jam
641 4534 861 4598 defecit,
907 4540 964 4586 ut
992 4544 1115 4586 cum
1149 4525 1348 4583 femina
1389 4518 1739 4594 provectioris
1775 4518 1968 4587 anatis,

367 4636 618 4705 quamvis
639 4635 914 4690 menstrua
941 4623 1118 4694 adhuc
1136 4619 1402 4698 μύλων,
1425 4627 1682 4685 generare
1710 4625 1818 4666 non
1844 4623 1969 4679 pos-

368 4701 475 4794 in,
508 4724 578 4780 de
611 4719 897 4793 juveucula
932 4721 1128 4787 potest.
1160 4712 1228 4771 Et
1264 4721 1453 4772 rursus
1492 4703 1685 4768 mulier
1718 4716 1837 4774 quas
1861 4701 1971 4770 jam

370 4789 642 4891 provecta:
666 4812 839 4870 aetatis
867 4817 983 4876 est,
1023 4803 1264 4879 quamvis
1289 4800 1464 4860 adhuc
1486 4803 1760 4852 menstrua
1783 4789 1970 4862 ﬂuant,

373 4888 433 4984 ut
459 4910 529 4966 de
565 4905 777 4970 seniore
815 4915 1004 4980 parere
1043 4913 1152 4960 non
1194 4894 1395 4967 possit,
1434 4889 1504 4946 de
1541 4888 1739 4960 juvene
1777 4889 1970 4956 potest.

374 4975 509 5060 illud
539 5003 720 5074 itaque
748 4975 867 5060 ideo
896 4991 1212 5070 miraculum
1253 4987 1385 5051 fuit,
1427 4983 1549 5053 quia
1592 4978 1887 5038 secundum
1920 4975 1974 5034 id

374 5099 521 5170 quod
545 5096 780 5164 diximus
797 5133 816 5159 ,
846 5097 1089 5152 emortuo
1116 5096 1340 5154 corpore
1368 5078 1503 5145 viri,
1530 5074 1727 5132 femina
1764 5086 1977 5144 quoque

377 5164 649 5263 provecta
671 5186 844 5258 aetatis
869 5181 987 5248 iuit,
1016 5187 1077 5240 ut
1103 5177 1152 5240 ei
1179 5173 1508 5239 destitissent
1534 5167 1648 5224 fieri
1675 5164 1976 5241 muliebria.

376 5255 512 5340 liam
538 5255 587 5338 si
609 5255 768 5350 ,quod
801 5276 875 5330 ait
904 5267 1192 5342 Apostolus
1214 5308 1232 5334 ,
1258 5280 1441 5336 corpus
1470 5268 1786 5323 emortuum,
1813 5255 1979 5350 verbo

377 5376 499 5450 quis
522 5380 754 5445 premat,
783 5368 908 5440 quia
932 5362 1067 5420 dixit
1105 5367 1421 5430 eniortuum;
1448 5353 1558 5424 jam
1587 5365 1716 5420 ergo
1745 5361 1841 5406 nec
1866 5343 1981 5418 aniv

378 5435 820 5532 mam—habuisse,
835 5457 930 5518 sed
949 5453 1176 5512 cadaver
1194 5448 1360 5506 fuisse
1381 5444 1602 5520 intelligi
1622 5441 1816 5532 debet;
1837 5435 1979 5532 quod

381 5530 778 5617 absurdissima:
821 5547 1067 5618 falsitatis
1107 5552 1208 5601 est.
1257 5541 1346 5600 Sic
1389 5543 1568 5607 itaque
1616 5531 1840 5590 solvitur
1881 5530 1980 5606 ista

383 5651 632 5728 qumstio.
661 5643 909 5717 Alioquin
936 5637 1129 5720 merito
1171 5640 1352 5690 movet
1387 5626 1654 5702 quomodo
1687 5638 1806 5680 cum
1841 5627 1982 5678 esset

387 5715 666 5808 Abraham
690 5715 858 5812 prope
877 5734 1069 5793 medim
1089 5716 1283 5795 aetatis,
1311 5722 1604 5782 secundum
1627 5733 1785 5791 quam
1811 5715 1984 5772 homi-

452 5885 471 5916 ⁸
496 5887 608 5932 lss.
631 5875 846 5926 melioris
867 5877 1014 5928 nota),
1039 5876 1150 5931 qua:
1168 5855 1417 5932 refectioni
1434 5850 1850 5932 rnortalisjcarmg.

453 5908 476 5980 ί
494 5908 1607 6003 Ιῗιω
1620 5908 1878 5976 juvenalt's.

1690 405 1898 466 LIBER
1935 405 2208 466 PRIMUS.

2060 540 2156 581 nes
2183 533 2308 581 tunc
2333 523 2604 592 vivebant,
2634 533 2687 582 et
2720 529 2902 597 postea
2934 523 3071 581 ﬁlios
3094 523 3164 582 de
3179 522 3411 582 Cethura
3440 524 3648 602 fecerit,

2058 617 2266 673 dicatur
2294 618 2361 671 ab
2389 618 2646 688 Apostolo
2664 660 2680 685 ,
2711 633 2940 690 corpore
2967 628 3212 675 emortuo
3229 660 3246 688 ,
3285 626 3339 675 et
3364 635 3461 691 pro
3485 621 3652 680 mira-

2057 711 2202 780 Culo,
2231 711 2351 782 quia
2380 712 2587 783 genuit,
2618 711 2973 784 prmdicetur?

2074 803 2076 805 ’
2129 801 2372 860 XXXVI.
2397 801 2495 876 [Ib.
2519 819 2679 869 mn,
2705 802 2817 876 13.]
2853 802 2921 858 Et
2958 803 3085 858 dixit
3125 802 3374 859 Dominus
3399 805 3468 859 ad
3490 804 3654 862 Abra-

2060 892 2214 962 ham,
2248 892 2416 960 Quare
2443 893 2555 948 risit
2585 893 2720 950 Sara
2753 893 2805 948 in
2834 894 3100 964 semetipsa
3127 893 3328 962 dicens,
3361 893 3500 968 Ergo
3542 912 3655 953 vere

2061 985 2259 1056 pariam
2282 985 2335 1040 ίῖ
2358 1003 2450 1057 ego
2487 995 2654 1040 autem
2691 986 2851 1040 senui.
2887 985 3154 1055 Quaeritur
3187 1001 3352 1057 quare
3378 987 3532 1042 istam
3561 1003 3650 1044 re-

2059 1078 2284 1150 darguat
2311 1079 2570 1135 Dominus
2590 1121 2605 1146 ,
2642 1095 2762 1135 cum
2790 1089 2843 1135 et
2863 1080 3129 1135 Abraham
3173 1079 3370 1147 riserit,
3401 1082 3503 1139 nisi
3530 1084 3653 1154 quia

2059 1171 2205 1226 illius
2229 1171 2370 1227 risus
2395 1171 2762 1226 admirationis
2800 1182 2854 1227 et
2879 1171 3078 1227 Imtitiaa
3116 1171 3244 1239 fuit,
3286 1172 3432 1230 Sara:
3474 1182 3652 1231 autem

2060 1263 2406 1320 dubitationis
2428 1282 2442 1329 ;
2475 1272 2526 1320 et
2548 1263 2615 1318 ab
2638 1263 2728 1318 illo
2745 1262 2845 1318 hoc
2863 1261 3144 1334 diiudicari
3165 1263 3353 1334 potuit,
3378 1266 3467 1337 qui
3491 1265 3654 1322 corda

2060 1354 2336 1411 hominum
2363 1355 2530 1410 novit.

2131 1445 2393 1501 XXXVII.
2419 1444 2518 1519 [Ib.
2542 1460 2674 1501 xvm
2693 1486 2709 1513 ,
2733 1442 2848 1518 15.]
2876 1441 3094 1518 Negavit
3131 1443 3267 1501 Sara
3296 1446 3466 1502 dicens
3486 1490 3500 1516 ,
3529 1446 3656 1503 Non

2058 1539 2150 1593 risi
2179 1553 2199 1594 :
2222 1538 2391 1592 timuit
2414 1539 2568 1593 enim.
2612 1535 2890 1606 Quomodo
2930 1535 3297 1608 intelligebant
3327 1539 3494 1594 Deum
3533 1553 3650 1596 esss

2059 1631 2150 1704 qui
2176 1631 2511 1704 loquebatur,
2537 1645 2659 1695 cum
2686 1629 2845 1684 etiam
2869 1643 3065 1702 negare
3091 1643 3219 1684 ausa
3249 1630 3320 1685 sit
3351 1629 3483 1686 Sara
3512 1629 3650 1702 quod

2060 1723 2266 1791 riserit,
2298 1735 2550 1794 tanquam
2577 1721 2680 1777 hoc
2709 1721 2801 1776 ille
2840 1729 3024 1790 posset
3052 1720 3298 1791 ignorare
3331 1737 3344 1774 :
3377 1721 3480 1777 nisi
3519 1721 3656 1777 forte

2059 1815 2192 1873 Sara
2240 1815 2487 1870 homines
2532 1828 2627 1870 eos
2683 1813 2929 1884 putabat,
2985 1812 3254 1867 Abraham
3307 1827 3436 1868 vero
3489 1812 3654 1868 Deum

2060 1907 2426 1980 intelligebat?
2463 1905 2569 1962 Sed
2613 1905 2774 1961 etiam
2821 1905 2934 1974 ipse
2977 1904 3065 1959 illa
3105 1903 3450 1958 humanitatis
3483 1903 3658 1958 ofﬁcia

2060 1998 2379 2070 praebendo,
2407 1997 2476 2053 de
2502 1997 2696 2070 quibus
2721 2011 2882 2066 supra
2909 1995 3017 2050 dixi
3037 2036 3052 2061 ,
3084 2011 3204 2065 quae
3230 1995 3528 2051 necessaria
3556 1993 3658 2050 nisi

2060 2089 2287 2146 inﬁrmae
2312 2089 2460 2145 carni
2489 2103 2609 2145 esse
2645 2104 2753 2144 non
2781 2097 3029 2159 possent,
3054 2088 3248 2142 mirum
3286 2087 3386 2142 nisi
3415 2087 3659 2144 homines

2059 2183 2208 2256 prius
2251 2197 2370 2239 esse
2421 2181 2708 2238 arbitratus
2764 2190 2847 2237 est
2883 2197 2896 2234 :
2934 2179 3028 2236 sed
3084 2179 3324 2235 fortassis
3367 2179 3422 2235 in
3467 2179 3659 2251 quibus

2061 2273 2230 2330 Deum
2255 2274 2399 2345 loqui
2439 2273 2728 2342 intellexit,
2768 2271 3085 2344 quibusdam
3127 2271 3322 2327 divina:
3365 2271 3660 2342 majestatis

2061 2367 2413 2424 existentibus
2439 2376 2493 2423 et
2517 2367 2896 2439 apparentibus
2917 2365 3104 2437 signis,
3124 2364 3261 2420 sicut
3281 2365 3334 2421 in
3354 2363 3659 2420 hominibus

2061 2465 2158 2522 Dei
2178 2467 2200 2498 '
2227 2482 2369 2538 saepe
2402 2465 2712 2537 apparuisse
2741 2464 3016 2534 Scriptura
3052 2469 3297 2518 testatur.
3333 2460 3440 2518 Sed
3475 2476 3661 2518 rursus

2061 2559 2337 2629 qumritur,
2367 2559 2410 2612 si
2439 2557 2511 2612 ita
2535 2565 2637 2622 est,
2671 2556 2814 2611 unde
2834 2554 3050 2626 angelos
3073 2552 3235 2608 fuisse
3258 2561 3443 2624 postea
3462 2567 3663 2624 cogno-

2063 2652 2236 2707 verint
2254 2692 2271 2718 ,
2305 2650 2404 2706 nisi
2431 2649 2567 2704 forte
2588 2665 2709 2704 cum
2730 2648 2809 2704 eis
2828 2646 3129 2703 videntibus
3153 2645 3206 2700 in
3233 2644 3425 2701 ccelum
3449 2645 3658 2700 iisseut.

2133 2743 2424 2800 XXXVIII.
2455 2742 2552 2816 [Ib.
2585 2757 2741 2807 XVIII,
2778 2739 2890 2813 19.]
2920 2740 3040 2795 Scio
3069 2739 3222 2806 enim,
3255 2738 3375 2814 quia
3393 2738 3664 2794 constituet

2063 2838 2186 2912 [iliis
2209 2838 2340 2904 suis,
2372 2847 2419 2892 et
2448 2837 2620 2892 domui
2649 2851 2756 2890 sua:
2785 2843 2896 2906 post
2926 2850 3006 2902 se,
3038 2841 3082 2886 et
3111 2833 3392 2886 custodient
3418 2835 3527 2886 uias
3552 2828 3664 2886 Do-

2063 2931 2206 2997 mini,
2240 2939 2285 2984 et
2313 2930 2480 3001 facere
2505 2929 2525 2960 ³
2558 2927 2812 3000 justitiam
2837 2934 2885 2980 et
2901 2924 3177 2994 judicium,
3210 2932 3267 2978 ut
3296 2922 3517 2978 adducat
3546 2922 3662 2977 Do-

2064 3022 2229 3077 minus
2270 3022 2322 3076 in
2364 3020 2622 3076 Abraham
2665 3017 2869 3084 omnia,
2908 3031 3020 3090 quae
3063 3016 3258 3070 locutus
3295 3023 3367 3069 est
3398 3014 3467 3069 ad
3492 3015 3661 3070 illum.

2063 3112 2202 3168 Ecce
2231 3113 2320 3168 ubi
2352 3112 2613 3184 promittit
2643 3109 2900 3166 Dominus
2926 3106 3156 3163 Abraha:
3184 3121 3290 3160 non
3320 3106 3490 3161 solum
3520 3121 3664 3177 pras-

2063 3205 2193 3272 mia,
2226 3205 2321 3264 sed
2351 3205 2511 3260 etiam
2541 3201 2898 3258 obedientiam
2921 3199 3141 3271 justitim
3168 3196 3397 3252 ﬁliorum
3427 3195 3577 3270 ejus,
3605 3205 3666 3256 ut

2064 3295 2206 3352 circa
2235 3311 2329 3350 eos
2359 3295 2519 3350 etiam
2545 3293 2763 3364 praemia
2790 3290 3052 3363 promissa
3079 3288 3463 3358 compleantur.

2136 3387 2379 3445 XXXIX.
2405 3386 2504 3460 [Ib.
2532 3401 2690 3451 xvut,
2721 3381 2840 3456 2L]
2887 3379 3208 3436 Descendens
3250 3397 3368 3452 ergo
3405 3379 3580 3436 videbo
3619 3381 3666 3438 si

2066 3480 2342 3536 secundum
2373 3479 2643 3532 clamorem
2681 3476 2909 3548 ipsorum
2937 3473 3212 3528 uenientem
3239 3472 3308 3526 ad
3332 3488 3412 3526 me
3433 3488 3666 3527 consum-

2068 3582 2305 3637 mantur,
2340 3571 2383 3624 si
2421 3578 2587 3623 autem
2631 3584 2767 3634 non,
2811 3572 2866 3620 ut
2899 3569 3078 3619 sciam.
3122 3561 3299 3618 Verba
3340 3561 3456 3618 haec
3483 3562 3532 3618 si
3558 3579 3667 3620 non

2068 3663 2360 3720 dubitantis
2385 3661 2514 3734 quid
2539 3659 2766 3715 duorum
2787 3658 2964 3730 potius
2984 3665 3300 3712 eventurum
3324 3655 3412 3720 sit,
3442 3655 3537 3712 sed
3562 3654 3669 3711 ira-

2067 3756 2266 3812 scentis
2309 3763 2362 3810 et
2403 3752 2656 3807 minantis
2699 3750 3059 3820 accipiamus,
3107 3747 3252 3801 nulla
3295 3747 3519 3818 quaestio
3560 3755 3665 3802 est.

2068 3850 2216 3905 More
2257 3849 2453 3920 quippe
2489 3845 2724 3901 humano
2758 3843 2897 3898 Deus
2925 3842 2978 3898 in
3009 3839 3298 3910 Scripturis
3326 3839 3393 3892 ad
3425 3838 3668 3920 homines

2069 3915 2430 4011 loquitur,_et
2471 3936 2586 4008 ejus
2631 3935 2765 3990 iram
2809 3940 3073 3987 noverunt
3111 3930 3228 3986 sine
3270 3915 3669 4001 perturbatione

2070 4033 2188 4102 ejus
2217 4029 2513 4100 intelligere
2534 4070 2549 4096 ,
2581 4026 2672 4100 qui
2701 4031 2984 4081 noverunt.
3021 4020 3270 4080 Solemus
3297 4029 3478 4077 autem
3507 4021 3668 4098 etiam

2071 4126 2150 4181 sic
2179 4123 2459 4180 minaciter
2488 4120 2673 4192 loqui,
2703 4117 2991 4174 Videamus
3018 4116 3064 4172 si
3093 4130 3201 4171 non
3231 4115 3326 4171 tibi
3354 4113 3490 4170 facio
3509 4155 3526 4182 ,
3555 4089 3668 4184 aut,

2077 4216 2364 4272 Videamus
2389 4214 2434 4269 si
2465 4227 2571 4268 non
2601 4211 2677 4266 illi
2706 4209 2886 4266 fecero
2905 4251 2921 4278 ,
2965 4217 3020 4264 et
3039 4249 3056 4277 ,
3085 4209 3129 4263 si
3160 4222 3266 4262 non
3307 4216 3532 4278 potuero
3573 4187 3671 4262 tibi

2072 4305 2283 4374 facere;
2316 4304 2435 4373 vel,
2482 4303 2696 4370 Sciam,
2738 4300 2791 4355 id
2835 4308 2952 4366 est,
2979 4289 3101 4353 hoc
3145 4298 3318 4369 ipsum
3363 4296 3668 4372 experibor,

2073 4406 2250 4452 utrum
2281 4410 2388 4449 non
2420 4392 2620 4464 possim
2651 4409 2665 4446 :
2692 4389 2836 4460 quod
2861 4404 2981 4442 cum
3006 4385 3259 4442 minando
3287 4400 3394 4440 non
3425 4386 3672 4456 ignoran-

2073 4487 2143 4542 do
2168 4486 2386 4552 dicitur,
2420 4484 2538 4540 irati
2560 4489 2780 4553 apparet
2802 4478 3056 4545 aﬁ'ectus;
3084 4478 3178 4532 sed
3208 4477 3534 4548 perturbatio
3561 4493 3671 4534 non

2075 4577 2216 4633 cadit
2250 4575 2303 4630 in
2335 4575 2526 4630 Deum.
2560 4572 2674 4628 Mos
2695 4580 2873 4628 autem
2902 4567 3148 4624 humanae
3175 4567 3455 4625 locutionis
3479 4577 3534 4624 et
3561 4568 3672 4625 usi-

2075 4678 2216 4726 tatus
2237 4677 2339 4736 est,
2382 4674 2442 4722 ut
2478 4666 2725 4721 humana:
2752 4663 3044 4719 inﬁrmitati
3062 4669 3320 4736 congruat
3341 4657 3385 4730 ‘,
3415 4657 3502 4717 cui
3529 4660 3672 4717 Deus

2076 4769 2287 4834 coaptat
2312 4761 2635 4816 locutionem
2663 4766 2834 4814 suam.
3657 4737 3660 4740 ’

2147 4855 2260 4912 XL.
2290 4853 2390 4930 [Ib.
2421 4869 2575 4921 xvnt,
2594 4849 2708 4924 32.]
2738 4850 2912 4918 Quaeri
2942 4848 3078 4905 solet
3101 4856 3278 4904 utrum
3307 4845 3451 4920 quod
3480 4846 3548 4902 de
3569 4845 3672 4903 So-

2080 4941 2256 5004 domis
2279 4945 2413 5000 dixit
2433 4945 2593 5010 Deus,
2624 4959 2729 4997 uon
2756 4957 2813 4997 se
2837 4940 3062 5014 perdere
3083 4941 3280 5006 locum,
3307 4939 3352 4992 si
3375 4937 3670 5006 inveniren-

2081 5045 2168 5095 tur
2201 5037 2307 5096 illic
2342 5037 2425 5092 vel
2464 5035 2652 5091 decem
2689 5033 2846 5104 justi,
2882 5031 3099 5102 Speciali
3129 5027 3355 5100 quadam
3385 5028 3673 5098 sententia,

2081 5133 2148 5190 de
2178 5133 2264 5189 illa
2292 5131 2525 5195 civitate,
2555 5144 2622 5182 an
2647 5127 2714 5182 de
2735 5125 2981 5180 omnibus
3001 5121 3400 5194 intelligendum
3427 5122 3495 5176 sit
3515 5137 3672 5194 gene-

2082 5225 2286 5291 raliter,
2321 5235 2541 5294 parcere
2567 5219 2734 5274 Deum
2763 5218 2903 5285 loco,
2934 5217 2989 5271 in
3014 5229 3350 5286 quocumque
3375 5211 3458 5267 vel
3489 5211 3674 5294 decem

2079 5318 2208 5394 justi
2235 5314 2450 5372 fuerint.
2475 5314 2531 5368 In
2554 5328 2656 5384 qua
2678 5283 2972 5382 quaestione
2991 5283 3096 5365 non
3119 5317 3201 5363 est
3221 5283 3434 5379 quidem
3455 5283 3676 5362 necesse

2087 5421 2145 5466 ut
2169 5411 2270 5465 hoc
2297 5408 2363 5463 de
2388 5406 2532 5462 omni
2571 5405 2691 5460 loco
2725 5402 2967 5471 accipere
2996 5399 3377 5470 compellamur
3412 5415 3425 5452 :
3458 5413 3678 5454 verum-

2089 5512 2267 5558 tamen
2291 5499 2358 5555 de
2382 5497 2627 5556 Sodomis
2653 5495 2823 5566 potuit
2846 5503 2898 5548 et
2921 5494 2998 5549 sic
3023 5490 3147 5557 dici,
3170 5489 3293 5562 quia
3315 5489 3514 5548 sciebat
3534 5489 3678 5546 Deus

2151 5657 2170 5689 ί
2194 5656 2270 5720 sic
2286 5660 2397 5720 Mss.
2417 5655 2556 5717 juxta
2577 5663 2808 5715 graecum.
2832 5647 2954 5720 editi
2967 5658 3105 5707 vero,
3123 5656 3212 5711 ego
3231 5655 3342 5696 vero
3361 5655 3570 5710 partam.

2151 5721 2174 5752 ³
2196 5719 2336 5779 aditi,
2361 5726 2532 5770 Deum.
2561 5722 2614 5765 Ai.
2635 5722 2766 5775 Mss,
2788 5719 2896 5764 Det.

2127 5843 2137 5852 _
2155 5783 2176 5814 ⁸
2198 5782 2270 5852 Sic
2296 5769 2552 5852 lisszrjua'tla
2581 5789 2727 5852 graec.
2750 5769 2879 5824 lxx.
2907 5779 2960 5823 At
2983 5770 3102 5822 editi
3123 5769 3325 5833 habent,
3343 5773 3394 5822 td

2090 5843 2191 5896 uias
2223 5833 2435 5899 nomini,"
2449 5846 2493 5889 cl
2510 5833 2707 5901 ﬁdunt.
3611 5849 3614 5851 -
3655 5833 3660 5842 ‘

2157 5908 2176 5936 δ
2203 5915 2328 5965 Mss,
2354 5906 2581 5969 congrua.
