4094 6460
486 423 591 479 563

490 536 665 591 iuuerit
704 549 792 589 vos
819 533 863 588 is
889 533 976 603 qui
1000 538 1155 587 tentat
1183 529 1245 604 (ι
1276 529 1452 587 Thess.
1486 544 1566 595 ιιι,
1599 527 1677 598 5).
1704 525 1835 581 Nam
1864 531 1919 580 et
1945 520 2072 587 alibi

490 624 744 698 scriptum
766 632 870 695 est,
894 610 1075 681 Tentat
1103 638 1187 680 vos
1212 616 1464 679 Dominus
1495 612 1634 676 Deus
1657 618 1847 689 uester,
1867 624 1925 673 ut
1948 616 2075 672 sciat

489 721 533 776 si
558 712 774 793 diligit“
795 716 909 776 eum
932 708 1115 790 (Deut.
1146 728 1266 785 xm,
1295 708 1351 789 δ)
1378 730 1399 773 :
1422 714 1588 791 etiam
1610 712 1716 769 hoc
1754 706 1950 785 genere
1987 708 2074 766 lo-

489 810 721 870 eutlbnis
739 854 757 883 ,
781 816 843 869 ut
861 808 1012 879 sciat,
1033 808 1232 867 dictum
1253 815 1365 883 est,
1383 823 1446 864 ac
1464 807 1510 864 si
1528 807 1826 877 diceretur,
1854 814 1913 860 ut
1935 798 2075 881 scire

486 904 591 961 ves
616 896 812 971 faciat;
850 902 1101 975 quoniam
1129 899 1271 957 vires
1311 896 1613 957 dilectionis
1648 911 1759 953 suae
1802 893 2073 951 hominem

486 996 690 1065 latent,
736 992 841 1053 nisi
881 988 1064 1053 divino
1107 990 1475 1067 experimento
1514 988 1675 1049 etiam
1720 986 1895 1046 eidem
1920 980 2075 1044 inno-

488 1092 715 1144 tescant.

562 1174 744 1234 Lvnt.
770 1174 874 1254 [lb.
897 1190 1035 1245 χιιι,
1066 1170 1181 1252 12.]
1201 1168 1323 1233 Vox
1349 1171 1523 1246 angeli
1548 1171 1614 1228 de
1647 1154 1786 1229 cosio
1810 1146 1876 1226 ad
1903 1158 2075 1226 Abra-

491 1268 652 1337 ham,
706 1265 791 1324 Ne
828 1268 1032 1341 injicias
1054 1272 1261 1323 manum
1283 1262 1339 1322 in
1368 1281 1608 1337 puerum,
1641 1279 1798 1336 neque
1840 1258 2076 1347 facias‘ei

487 1360 780 1432 quidquam.
825 1357 984 1415 Modo
1009 1354 1145 1415 enim
1180 1358 1419 1429 cognovi,
1444 1355 1679 1427 quoniam
1701 1354 1874 1407 timeas
1910 1351 2074 1406 Deum

491 1459 588 1517 tu;
617 1450 776 1505 etiam
807 1448 908 1506 ista
933 1449 1158 1525 quaestio
1186 1447 1346 1503 simili
1372 1445 1643 1504 locutione
1680 1442 1902 1499 solvitur
1929 1461 1943 1497 :
1972 1442 2075 1498 hoc

488 1549 573 1597 εει
587 1540 750 1608 enim,
768 1537 923 1595 Nunc
939 1536 1165 1613 cognovi,
1189 1539 1427 1612 quoniam
1447 1536 1623 1592 timeas
1644 1533 1809 1590 Deum
1833 1542 1907 1602 tu,
1930 1532 2073 1604 quod

491 1632 774 1704 significat,
807 1630 958 1691 Nunc
986 1640 1038 1689 te
1075 1624 1187 1688 γεεί
1214 1620 1558 1703 cognoscere.
1606 1624 1664 1683 in
1693 1623 2074 1697 consequenti-

489 1725 591 1782 bus
629 1731 810 1782 autem
839 1724 941 1781 hoc
987 1738 1157 1797 genus
1184 1722 1468 1781 locutionis
1513 1720 1789 1779 evidenter
1813 1725 2071 1791 apparet,

490 1816 580 1871 ubi
612 1815 826 1885 dicitur,
857 1814 927 1871 Et
950 1815 1143 1871 vocavit
1165 1813 1423 1871 Abraham
1449 1829 1629 1869 nomen
1658 1811 1757 1868 loci
1778 1811 1937 1877 illius,
1962 1809 2073 1865 Do-

489 1906 660 1962 minus
683 1905 844 1972 vidit;
873 1915 927 1961 ut
955 1906 1125 1962 dicant
1153 1905 1328 1974 hodie,
1361 1902 1428 1961 In
1451 1913 1618 1960 monte
1641 1901 1889 1959 Dominus
1913 1918 2076 1974 appa—

490 1998 614 2052 ruit.
651 1996 818 2062 Vidit,
847 2010 947 2068 pro
988 2012 1054 2053 eo
1085 1995 1226 2067 quod
1268 1986 1351 2052 est
1377 1994 1638 2067 apparuit,
1668 1993 1770 2050 hoc
1808 2002 1891 2049 est
1917 1988 2071 2062 vidit,

492 2103 592 2160 pro
619 2105 685 2146 eo
712 2089 855 2162 quod
878 2098 962 2146 est
999 2088 1173 2145 videri
1207 2088 1365 2155 fecit;
1392 2086 1692 2158 signiﬁcans
1716 2102 1813 2158 per
1834 2083 2075 2142 efﬁcien-

491 2192 602 2238 tem
626 2181 680 2239 id
704 2181 848 2254 quod
867 2179 1124 2252 efﬁcitur,
1155 2181 1290 2238 sicut
1312 2180 1476 2252 frigus
1500 2179 1706 2251 pigrum
1725 2176 1867 2250 quod
1896 2177 2075 2250 pigros

491 2273 639 2332 facit.

563 2365 702 2423 LIX.
730 2364 831 2443 [lb.
851 2380 991 2435 xxn,
1017 2361 1130 2440 12.]
1152 2362 1222 2420 Et
1239 2378 1339 2420 non
1360 2362 1622 2435 pepercisti
1647 2359 1757 2434 ﬁlio
1783 2368 1868 2415 tuo
1892 2356 2075 2415 dilecto

492 2466 699 2529 propter
723 2473 822 2512 me.
847 2454 1114 2528 Numquid
1141 2454 1409 2512 Abraham
1440 2462 1657 2526 propter
1683 2452 1943 2525 Angelum
1967 2468 2074 2508 non

489 2547 726 2619 pepercit
755 2547 863 2604 tilio
890 2562 1019 2613 suo,
1065 2556 1123 2604 et
1169 2561 1278 2603 non
1304 2554 1523 2617 propter
1564 2544 1771 2600 Deum?
1798 2544 1905 2600 Aut
1944 2558 2075 2616 ergo

462 2650 463 2653 ‘
488 2639 662 2711 angeli
690 2639 907 2695 nomine
927 2636 1192 2695 Dominus
1214 2636 1460 2695 Christus
1487 2635 1813 2709 signiﬁcatus
1836 2642 1918 2691 est
1937 2675 1954 2704 ,
1984 2635 2075 2707 qui

488 2731 604 2787 sine
644 2728 806 2787 dubio
838 2728 984 2787 Dens
1030 2738 1148 2798 est,
1193 2737 1247 2785 et
1284 2724 1565 2784 manifeste
1606 2741 1636 2782 a
1680 2725 1936 2797 propheta
1988 2722 2073 2797 di-

487 2829 605 2877 etus
623 2829 726 2889 est,
751 2820 923 2894 magni
933 2820 1130 2876 consilii
1154 2820 1375 2892 Angelus
1394 2814 1544 2893 (Isai.
1566 2832 1647 2886 ix,
1678 2814 1732 2886 6,
1754 2834 1852 2872 see.
1873 2810 2074 2888 LXX);

489 2920 580 2967 aut
601 2911 742 2982 quod
768 2912 910 2968 Deus
938 2920 1055 2967 erat
1096 2909 1151 2966 in
1178 2909 1399 2982 angelo,
1432 2919 1485 2966 et
1508 2923 1573 2965 ex
1603 2922 1830 2979 persona
1859 2907 1955 2962 Dei
1980 2922 2076 2961 an-

489 3002 640 3073 geius
683 3001 1031 3072 loquebatur,
1086 3000 1229 3057 sicut
1274 3001 1329 3054 in
1378 2997 1660 3069 Proplietis
1704 2997 1863 3051 etiam
1912 2995 2070 3051 solet.

488 3092 621 3148 Nam
659 3092 717 3147 in
739 3090 1192 3163 consequentibus
1217 3088 1324 3146 hoc
1354 3089 1525 3161 magis
1560 3089 1773 3144 videtur
1815 3103 2072 3159 apparere

486 3182 579 3239 ubi
607 3182 819 3255 legitur,
848 3182 915 3237 Et
934 3182 1124 3237 vocavit
1143 3180 1353 3254 angelus
1378 3177 1587 3235 Domini
1611 3177 1869 3234 Abraham
1892 3178 2072 3233 iterum

489 3277 554 3332 de
579 3276 705 3333 curto
727 3319 742 3342 ,
769 3274 969 3343 dicens,
1013 3273 1120 3329 Per
1144 3273 1490 3345 memetipsum
1516 3271 1710 3344 juraoi,
1740 3268 1861 3326 dicit
1890 3270 2071 3327 Domi-

486 3382 608 3423 nus.
637 3366 753 3423 Non
778 3366 935 3422 facile
960 3363 1102 3421 enim
1132 3362 1401 3420 invenitur
1418 3363 1676 3419 Dominus
1702 3361 1947 3419 Christus
1969 3360 2075 3418 Pa-

487 3468 625 3517 trem
651 3457 933 3515 Domlnum
962 3454 1142 3515 dicere
1174 3466 1428 3530 tanquam
1456 3470 1615 3515 suum
1643 3455 1947 3524 Dominum,
1980 3434 2073 3539 illo

468 3548 784 3623 praesertim
805 3559 1046 3628 tempore
1071 3557 1355 3621 antequam
1383 3555 1623 3606 sumeret
1646 3561 1885 3603 carnem.
1936 3544 2072 3603 Nam

486 3639 779 3698 secundum
810 3640 863 3696 id
888 3640 1028 3711 quod
1051 3639 1276 3696 formam
1300 3638 1441 3695 servi
1464 3637 1704 3711 accepit,
1741 3653 1847 3693 non
1884 3637 2071 3693 incon-

484 3737 741 3803 grnenter
763 3729 866 3787 hoc
901 3728 1009 3786 dici
1032 3729 1261 3786 videtur.
1303 3728 1438 3786 Nam
1462 3727 1756 3785 secundum
1800 3727 1959 3799 hujus
1993 3728 2072 3784 rei

490 3817 686 3877 future
710 3820 1041 3892 prophetiam
1063 3820 1193 3876 illud
1217 3828 1302 3878 est
1320 3820 1378 3876 in
1402 3819 1639 3887 Psalmo,
1666 3816 1919 3875 Dominus
1944 3818 2073 3876 dixit

489 3910 561 3966 ad
583 3926 664 3966 me
683 3953 699 3979 ,
736 3909 899 3966 Filius
919 3926 1062 3966 meus
1085 3926 1137 3966 es
1162 3919 1218 3965 tu
1240 3908 1410 3984 (Psat.
1441 3922 1510 3979 ιι,
1537 3908 1615 3982 7).
1644 3907 1775 3964 Nam
1816 3924 1991 3983 neque
2014 3909 2073 3966 in

472 4000 609 4073 ipso
636 4001 923 4073 Evangelia
948 3999 1103 4057 facile
1129 4000 1429 4057 invenimus
1471 4014 1504 4057 α
1530 3999 1744 4057 Christo
1771 4001 1938 4058 Deum
1966 3992 2075 4061 Pti-

490 4102 629 4149 trem
648 4093 930 4149 Dominum
953 4092 1273 4163 appellatum
1289 4134 1304 4159 ,
1325 4088 1469 4164 quod
1491 4090 1748 4149 Dominus
1767 4093 1883 4165 ejus
1897 4084 2069 4164 esset;

489 4184 735 4256 quamvis
755 4185 924 4242 Deum
950 4184 1282 4241 inveniamus
1304 4184 1359 4240 in
1378 4184 1482 4240 ‘illo
1508 4183 1650 4253 loco,
1678 4184 1768 4241 ubi
1793 4185 1891 4254 ait,
1928 4184 2072 4245 Vada

487 4274 562 4332 ad
584 4275 792 4332 Patrem
836 4293 1002 4333 meum
1025 4284 1074 4332 et
1101 4273 1310 4334 Patrem
1336 4286 1554 4332 oestrum
1572 4319 1588 4346 ,
1628 4275 1795 4333 Deum
1831 4294 1999 4334 meum
2024 4288 2073 4336 et

489 4366 658 4422 Deum
694 4377 908 4423 oestrum
934 4366 1115 4439 (Joan.
1140 4383 1211 4424 xx
1235 4408 1252 4435 ,
1283 4368 1398 4440 17).
1430 4368 1583 4436 Quod
1610 4376 1788 4425 autem
1813 4370 2071 4442 scriptum

487 4467 610 4528 est,
637 4456 785 4514 Dixit
823 4458 1075 4515 Dominus
1115 4455 1337 4515 Domino
1378 4477 1488 4515 meo
1515 4459 1703 4535 (Psai.
1731 4476 1850 4531 cxx,
1880 4462 1972 4535 1),
2003 4463 2073 4521 ad

486 4550 663 4621 ipsum
688 4550 778 4621 qui
807 4551 1119 4622 loquebatur
1144 4550 1401 4619 refertur,
1430 4551 1486 4608 id
1505 4560 1623 4623 est,
1648 4552 1797 4610 Dixit
1821 4553 2073 4613 Dominus

486 4639 712 4696 Domino
749 4656 859 4696 meo
877 4684 891 4708 ,
921 4641 1080 4698 Pater
1101 4642 1305 4700 scilicet
1329 4641 1467 4701 Filio
1495 4661 1509 4700 :
1538 4653 1619 4714 et,
1646 4643 1794 4702 Ptuit
1820 4644 2074 4705 Dominus

485 4748 521 4788 a
545 4732 798 4803 Domino,
827 4733 917 4804 qui
952 4733 1220 4790 scribebat
1246 4735 1378 4791 dixit
1407 4734 1559 4810 (Gen.
1589 4752 1702 4807 xix,
1725 4736 1855 4817 24);
1881 4749 1940 4797 ut
1961 4741 2070 4798 Do-

488 4825 669 4879 minus
694 4824 811 4895 eius
837 4840 869 4880 a
891 4824 1117 4883 Domino
1147 4826 1265 4897 ejus
1283 4868 1299 4896 ,
1329 4825 1384 4882 id
1413 4837 1525 4896 est,
1552 4829 1808 4888 Dominus
1836 4841 2021 4890 noster
2039 4848 2073 4891 a

486 4916 715 4974 Domino
747 4926 934 4976 nostro
962 4919 1163 4991 pluisse
1190 4920 1543 4993 intelligatur,
1570 4921 1737 4981 Filius
1757 4938 1789 4980 a
1812 4924 1996 4982 Patre.

556 5010 670 5068 LX.
702 5009 805 5088 [lb.
823 5014 970 5084 xiii,
991 5011 1108 5089 ει]
1137 5012 1290 5083 Quod
1320 5016 1375 5072 in
1400 5014 1488 5072 bis
1527 5030 1661 5088 quos
1695 5003 2072 5076 nuntiaverunt

484 5101 717 5162 Δίκαια
739 5115 895 5164 natos
917 5120 1039 5165 esse
1068 5108 1207 5164 ﬁlios
1233 5107 1457 5166 Meicbae
1473 5148 1491 5179 ,
1522 5107 1830 5166 nominatur
1857 5118 1911 5166 et
1930 5108 2073 5167 Cha-

484 5195 629 5253 muel
648 5203 801 5268 pater
815 5196 1093 5271 Syrorum,
1125 5214 1231 5256 non
1252 5198 1441 5272 utique
1462 5196 1537 5255 illi
1563 5200 1653 5271 qui
1674 5201 2068 5271 nuntiaverunt,

485 5287 734 5345 nuntiare
786 5295 992 5359 patrem
1040 5290 1302 5363 Syrorum
1365 5279 1656 5361 potuerunt
1697 5307 1712 5347 :
1753 5305 1821 5347 ex
1865 5292 2071 5363 origine

480 5378 682 5451 quippe
707 5379 847 5435 illius
864 5378 1120 5454 Syrorum
1136 5395 1313 5455 genus
1333 5381 1492 5454 longe
1512 5390 1697 5454 postea
1724 5392 2069 5456 propagatum

483 5478 586 5527 est.
621 5469 730 5528 Sed
776 5468 978 5528 dictum
1025 5481 1108 5528 est
1148 5486 1179 5527 a
1209 5486 1438 5543 persona
1465 5472 1786 5542 scribentis,
1830 5474 1923 5546 qui
1951 5483 2070 5547 post

481 5561 660 5617 omnia
690 5560 776 5617 illa
802 5569 1042 5635 tempora
1070 5562 1185 5621 haec
1211 5562 1496 5620 scribendo
1522 5563 1788 5631 narravit;
1816 5566 2071 5637 quemad-

482 5650 701 5706 modum
745 5664 908 5723 supra
955 5654 1187 5711 diximus
1232 5654 1299 5710 de
1342 5661 1502 5725 puteo
1548 5653 1833 5726 jurationis
1880 5657 2064 5732 (Sup.

482 5748 661 5813 quasi.
692 5742 810 5815 ss).

466 5856 475 5863 ·
552 5833 690 5892 ωιι.
719 5835 818 5911 μιν.
838 5853 994 5903 xxut,
1020 5836 1100 5898 7.l
1130 5834 1424 5912 Exsurgens
1454 5846 1624 5897 autem
1646 5840 1904 5900 Abraham
1940 5845 2068 5903 ado-

1251 411 1718 485 oums'nosuu
1753 411 1810 467 s.
1842 380 2210 469 aucus‘rnu
2247 403 2316 463 IN
2352 402 2915 463 nerrarsucuuu

2176 518 2304 574 raoit
2341 518 2585 590 populum
2604 526 2766 573 terras.
2799 516 3066 585 Quaeritur
3084 516 3355 589 quomodo
3375 518 3635 592 scriptum
3661 502 3764 590 sit,

2178 608 2453 666 Dominum
2477 609 2641 665 Deum
2661 606 2803 665 tuum
2818 602 3075 689 adorabis,
3091 617 3139 666 et
3162 608 3239 666 illi
3251 611 3350 667 soli
3373 612 3555 669 servies
3574 608 3759 686 (Deut.

2180 706 2257 773 vi,
2290 704 2392 771 15;
2418 720 2475 774 x,
2496 700 2627 776 20);
2675 714 2796 759 cum
2826 698 3094 760 Abraham
3122 698 3202 761 sic
3223 702 3566 762 honoraverit
3588 721 3765 781 pupu-

2176 795 2288 852 lum
2313 794 2597 868 quemdam
2619 797 2875 869 gentium,
2899 809 2957 853 ut
2982 796 3144 854 etiam
3164 796 3431 856 adoraret.
3458 796 3563 857 Sed
3588 802 3770 858 anim-

2177 884 2560 962 advertendum
2596 896 2681 945 est
2714 888 2770 943 in
2803 884 2993 962 eodem
3023 899 3324 962 prmcepto,
3368 905 3477 946 non
3519 889 3723 948 dictum
3746 933 3765 961 ,

2179 958 2464 1035 Dominum
2487 980 2657 1036 Deum
2693 985 2840 1035 tuum
2871 958 3046 1036 solum
3087 958 3340 1038 adorabis
3359 1023 3373 1046 ,
3404 982 3540 1038 sicut
3563 958 3768 1040 dictum

2109 1107 2113 1111 ι
2177 1078 2279 1137 εει,
2302 1060 2377 1125 'Et
2391 1069 2470 1125 illi
2486 1068 2584 1126 soli
2602 1070 2803 1138 servies,
2831 1066 2972 1142 qudd
2994 1076 3077 1127 est
3099 1086 3274 1143 graece
3299 1077 3591 1146 λατριῦσεις.
3612 1070 3769 1131 Talis

2178 1161 2323 1217 enim
2361 1161 2587 1217 servitus
2613 1156 2822 1218 nonnisi
2849 1160 2960 1217 Deo
2988 1158 3237 1218 debetur.
3267 1156 3421 1219 Unde
3441 1162 3770 1221 damnantur

2140 1246 2147 1247 7
2177 1248 2492 1318 idolo‘lalrse,
2507 1252 2559 1307 id
2577 1261 2677 1319 est,
2697 1250 2957 1323 ejusmodi
2977 1252 3286 1309 ‘seivitutem
3316 1242 3627 1310 exhibentes
3650 1253 3772 1312 ido-

2177 1342 2276 1410 lis,
2308 1358 2427 1415 quas
2465 1342 2689 1399 debetur
2709 1343 2839 1398 Deo.
2870 1342 2979 1399 Nec
3005 1352 3222 1399 moveat
3250 1343 3391 1415 quod
3419 1342 3527 1400 ailo’
3560 1345 3681 1401 loco
3706 1345 3768 1402 in

2140 1426 2149 1433 ”
2177 1433 2403 1505 quadam
2434 1424 2706 1504 Scriptura
2734 1432 2981 1505 prohibet
3007 1435 3225 1508 angelus
3244 1435 3513 1492 hominem
3540 1434 3770 1496 adorare

2177 1537 2273 1593 se,
2300 1530 2355 1579 e’t
2387 1522 2641 1580 admonet
2668 1532 2726 1580 ut
2761 1522 3023 1580 Dominus
3064 1527 3243 1596 potius
3287 1525 3537 1582 adoretur
3565 1526 3766 1602 (Apoc.

2178 1631 2292 1682 ιιι,
2324 1616 2435 1690 10).
2463 1612 2613 1674 Talis
2641 1614 2783 1673 enim
2823 1612 3140 1689 apparuerat
3163 1618 3383 1690 angelus
3408 1626 3467 1674 ut
3511 1633 3610 1690 pro
3652 1619 3771 1678 Deo

2175 1717 2355 1779 posset
2383 1704 2630 1775 adorari;
2659 1704 2713 1764 et
2740 1700 2862 1764 ideo
2888 1708 3059 1766 fuerat
3081 1708 3430 1780 corrigendus
3450 1706 3725 1777 adorator.

2247 1799 2402 1855 LXII.
2432 1798 2530 1874 [lb.
2546 1812 2706 1866 xxiv,
2725 1796 2805 1875 5.]
2825 1799 2978 1870 Quod
3004 1796 3269 1858 Abraham
3292 1800 3446 1871 jubet
3472 1808 3639 1871 puero
3665 1815 3770 1858 suo

2174 1900 2234 1948 ut
2276 1907 2489 1947 manum
2526 1906 2673 1947 suam
2704 1900 2868 1963 ponat
2904 1891 3003 1949 sub
3030 1891 3150 1964 ejus
3189 1890 3425 1959 femore,
3462 1890 3616 1950 etle
3638 1896 3771 1952 eum

2175 1982 2385 2053 adjurat
2410 1998 2504 2054 per
2532 1984 2809 2039 Dominum
2839 1983 3005 2040 Deum
3027 1982 3167 2050 C(Bil,
3192 1991 3247 2041 et
3265 1982 3547 2043 Dominum
3572 1983 3766 2057 terra,

2176 2076 2315 2131 solet
2361 2076 2636 2147 imperitos
2679 2090 2928 2142 movere;
2978 2091 3084 2131 non
3127 2075 3465 2133 attendentes
3514 2074 3768 2149 magnam

2175 2168 2332 2226 istam
2371 2169 2440 2226 de
2482 2170 2693 2225 Christo
2734 2168 3001 2226 exstitisse
3041 2164 3412 2241 prophetiam,
3460 2170 3603 2242 quod
3644 2170 3770 2243 ipse

2176 2258 2433 2316 Dominus
2458 2260 2597 2315 Deus
2615 2258 2734 2317 cmli
2762 2268 2815 2315 et
2836 2255 3092 2316 Dominus
3111 2266 3269 2317 terra:
3288 2259 3342 2315 in
3364 2273 3428 2317 ea
3452 2272 3615 2318 carne
3633 2272 3770 2319 ven-

2180 2360 2335 2408 turus
2359 2362 2537 2421 esset,
2567 2367 2685 2422 quae
2712 2351 2777 2407 de
2805 2350 2897 2406 illo
2924 2350 3129 2408 femore
3156 2361 3451 2424 prepagata
3478 2361 3583 2410 est.

2246 2440 2427 2500 LX111.
2454 2440 2555 2517 [lb.
2584 2456 2736 2510 xXIv,
2766 2438 3359 2516 12-14.]Quaarendum
3386 2456 3493 2515 quo
3516 2440 3770 2502 ditiorant

2175 2534 2549 2607 augurationes
2570 2532 2768 2589 illicitae
2783 2528 2851 2589 ab
2870 2533 2957 2589 illa
2983 2534 3242 2606 petitione
3261 2534 3429 2607 signi,
3452 2546 3555 2608 qua
3577 2533 3770 2607 petivit

2176 2640 2362 2685 servus
2389 2626 2619 2684 Abrahze
2647 2634 2705 2682 ut
2726 2625 2775 2681 ei
2799 2618 2940 2683 Deus
2962 2625 3276 2684 ostenderet
3313 2626 3482 2697 ipsam
3510 2636 3633 2685 esse
3669 2624 3767 2684 fu-

2174 2729 2349 2777 turam
2377 2734 2597 2776 uxorem
2615 2717 2817 2776 domini
2837 2719 2919 2775 sui
2942 2717 3093 2776 isaac
3117 2762 3135 2790 ,
3157 2734 3188 2776 a
3213 2734 3318 2793 qua
3342 2732 3467 2776 cum
3486 2719 3770 2793 petivisset

2175 2818 2233 2867 ut
2257 2811 2496 2880 biberet,
2534 2810 2804 2868 diceretur
2825 2806 2900 2866 illi
2921 2851 2938 2879 ,
2969 2810 3094 2868 Bibe
3118 2819 3166 2867 et
3196 2820 3273 2882 tu,
3305 2820 3356 2868 et
3378 2810 3645 2884 adaguabo
3670 2827 3766 2870 ca-

2177 2905 2331 2957 melos
2358 2911 2469 2957 tuos
2488 2901 2814 2973 quoadusque
2832 2902 2996 2957 bibere
3022 2902 3271 2958 desinent.
3300 2901 3459 2959 Aliud
3480 2904 3565 2961 est
3583 2903 3725 2960 enim
3743 2941 3764 2972 ,

2174 2992 2368 3047 mirum
2391 2990 2591 3062 aliquid
2613 2998 2799 3064 petere
2825 2990 2967 3063 quod
2988 2991 3107 3063 ipso
3135 2991 3396 3049 miraculo
3421 2991 3631 3065 signum
3654 2991 3763 3063 sit;

2172 3083 2317 3153 aliud
2338 3099 2401 3141 ea
2430 3084 2718 3140 observare
2740 3126 2756 3151 ,
2791 3096 2910 3156 qua:
2934 3085 3005 3139 ita
3035 3080 3172 3141 fiunt
3210 3090 3271 3141 ut
3313 3084 3446 3140 mira
3485 3099 3594 3141 non
3610 3083 3761 3153 'sint,

2173 3177 2269 3233 Sed
2297 3193 2325 3231 a
2352 3174 2747 3247 conjectoribus
2796 3175 3171 3247 superstitiosa
3221 3176 3453 3233 vanitate
3491 3178 3765 3249 interpre-

2172 3275 2379 3326 tentur.
2408 3264 2518 3325 Sed
2545 3267 2648 3324 boc
2675 3267 2848 3339 ipsum
2874 3269 3033 3324 etiam
3054 3268 3198 3341 quod
3223 3268 3416 3324 mirum
3441 3269 3640 3341 aliquid
3666 3280 3769 3341 po-

2175 3361 2402 3417 Slulatul'
2422 3403 2437 3429 ,
2484 3372 2590 3433 quo
2632 3360 2958 3434 signiﬁcetur
2985 3360 3129 3434 quod
3155 3363 3380 3434 quisque
3403 3363 3516 3419 vult
3557 3376 3722 3421 nosse
3743 3405 3764 3433 ,

2175 3456 2352 3508 utrum
2368 3451 2668 3509 audendum
2695 3452 2784 3522 sit,
2816 3464 2922 3509 non
2949 3448 3111 3525 parva
3133 3454 3359 3525 quaestio
3379 3463 3476 3511 est.
3510 3455 3587 3513 Eo
3608 3454 3768 3512 nam.

2174 3552 2278 3617 que
2292 3547 2541 3617 pertinet,
2563 3546 2705 3617 quod
2724 3538 2969 3602 dicuntur
2989 3545 3082 3618 qui
3111 3544 3218 3602 huc
3243 3552 3349 3602 non
3368 3554 3513 3604 recte
3537 3542 3763 3616 faciunt,

2172 3644 2382 3695 temare
2406 3636 2708 3694 Dominum.
2734 3637 2867 3694 Nam
2898 3636 3012 3709 ipse
3047 3639 3305 3695 Dominus
3329 3651 3450 3694 cum
3492 3653 3522 3694 a
3546 3630 3767 3695 diabolo

2174 3735 2473 3786 tentaretur
2491 3773 2504 3797 ,
2532 3728 2895 3786 testimOnium
2933 3729 3000 3786 de
3026 3728 3312 3800 Scripturis
3333 3728 3605 3798 adhibuit,
3636 3726 3767 3786 Non

2156 3821 2388 3879 'tentabis
2430 3813 2705 3879 Dominum
2734 3820 2896 3879 Deum
2922 3830 3062 3878 tuum
3090 3820 3109 3896 (
3136 3818 3289 3878 Deut.
3319 3838 3394 3891 vi,
3426 3818 3526 3890 l6;
3567 3818 3763 3877 latin.

2175 3931 2252 3983 tv,
2282 3915 2361 3987 7).
2390 3913 2795 3986 Suggerebatur’
2825 3913 2968 3970 enim
3016 3921 3266 3985 tanquam
3291 3910 3495 3970 hemini
3521 3918 3582 3968 ut
3608 3912 3768 3984 signo

2154 4006 2357 4080 'aliquo
2376 4007 2679 4080 exploraret
2697 4007 2810 4078 ipse
2829 4016 3056 4079 quantus
3080 4014 3241 4073 esset,
3259 4004 3312 4061 id
3329 4014 3432 4076 est,
3455 4020 3611 4077 quam
3625 4004 3769 4061 mul-

2160 4106 2290 4156 ‘tum
2310 4097 2450 4171 apud
2474 4096 2640 4154 Deum
2665 4090 2882 4169 posset;
2911 4096 3052 4169 quod
3085 4096 3275 4153 vitiose
3302 4096 3361 4153 ﬁt
3378 4139 3394 4166 ,
3421 4110 3541 4154 cum
3569 4096 3647 4153 iit.
3680 4092 3767 4152 Ab

2177 4191 2283 4248 hoc
2307 4198 2487 4246 autem
2511 4189 2831 4246 discernitur
2858 4190 2997 4260 quod
3023 4189 3241 4246 Cedeon
3278 4188 3405 4246 fecit
3431 4202 3620 4261 pugna:
3657 4190 3765 4244 int-

2175 4284 2417 4342 minente
2443 4279 2684 4355 periculo
2727 4276 2896 4354 (Iud.
2922 4298 2978 4338 vt
2998 4323 3014 4350 ,
3054 4282 3144 4354 17)
3177 4299 3193 4337 :
3222 4283 3539 4339 consultatio
3568 4282 3768 4354 quippe

2176 4375 2267 4434 illa
2290 4374 2460 4449 magis
2480 4388 2639 4447 quam
2664 4375 2885 4430 tentatio
2906 4373 3000 4431 Dei
3027 4374 3144 4430 fuit.
3169 4372 3323 4431 Unde
3347 4383 3401 4431 et
3419 4373 3597 4430 Acbaz
3617 4374 3764 4446 apud

2178 4467 2367 4524 lsaiam
2395 4469 2546 4525 timet
2577 4467 2786 4539 signum
2815 4475 3029 4538 petere,
3064 4476 3133 4523 ne
3155 4467 3319 4522 Deum
3351 4475 3557 4523 tentare
3582 4465 3770 4523 videa-

2175 4567 2297 4630 tur,
2339 4576 2463 4617 cum
2507 4560 2609 4617 hoc
2638 4575 2762 4617 eum
2813 4561 3071 4616 Dominus
3097 4560 3383 4616 admoneat
3409 4574 3503 4633 per
3529 4559 3769 4635 propine-

2177 4659 2289 4709 tam
2315 4651 2338 4725 (
2360 4649 2490 4709 Isai.
2527 4667 2613 4720 γι,
2643 4652 2705 4707 11
2736 4692 2750 4717 ,
2780 4649 2911 4724 12);
2939 4650 3102 4706 credo
3123 4691 3139 4717 ,
3184 4652 3495 4706 existimans
3524 4647 3666 4721 quod
3694 4650 3767 4707 ab

2156 4742 2296 4817 ipso
2333 4741 2595 4816 propheta
2638 4742 3005 4813 exploraretur
3030 4749 3208 4797 utrum
3262 4742 3513 4814 praecepti
3553 4752 3760 4799 memor

2154 4844 2351 4905 esset,
2373 4851 2479 4909 quo
2505 4844 2711 4893 tentare
2736 4836 2903 4890 Deum
2930 4835 3293 4906 prohibemur.
3605 4828 3609 4841 ’

2244 4926 2430 4985 LXIV.
2459 4926 2560 5003 [lb.
2580 4943 2728 4995 xxxv,
2753 4928 2845 4997 '57,
2884 4924 3002 5002 58.]
3042 4926 3245 4983 Servus
3284 4924 3512 4983 Abrahae
3535 4936 3765 4983 narrans

2175 5032 2294 5092 quae
2322 5017 2423 5073 sibi
2453 5018 2697 5075 mandata
2737 5018 2949 5075 fuerant
2977 5034 3007 5074 a
3037 5017 3260 5074 domino
3301 5030 3429 5083 suo,
3478 5016 3610 5074 dicit
3635 5030 3765 5075 eum

2174 5110 2277 5167 sibi
2321 5109 2555 5179 dixisse,
2611 5108 2735 5166 Non
2760 5127 2927 5167 sumes
2965 5127 3178 5166 uxorem
3218 5111 3328 5182 ﬁlio
3364 5126 3471 5166 meo
3497 5127 3530 5166 a
3557 5110 3766 5182 ﬁliabus

2174 5200 2613 5272 Chananteorum,
2661 5202 2792 5259 inter
2814 5220 2937 5276 quos
2971 5220 3062 5276 ego
3098 5203 3268 5259 habito
3294 5204 3347 5259 in
3389 5212 3523 5261 terra
3548 5204 3762 5272 eorum,

2173 5293 2264 5350 sed
2286 5295 2340 5349 in
2364 5294 2569 5350 domum
2598 5295 2757 5367 patris
2804 5295 2903 5351 mei
2924 5295 3019 5351 ibis
3040 5337 3056 5362 ,
3105 5303 3153 5351 et
3175 5296 3228 5351 in
3273 5294 3454 5351 tribum
3481 5306 3647 5352 meam
3666 5286 3695 5365 ,’
3716 5294 3766 5352 et

2172 5401 2339 5442 sumes
2364 5402 2574 5442 umorem
2609 5387 2720 5459 ﬁlio
2766 5403 2877 5443 meo
2903 5387 3022 5444 inde
3049 5403 3069 5444 :
3093 5394 3148 5445 et
3192 5397 3381 5445 caetera
3430 5389 3474 5445 si
3517 5389 3766 5460 legantur

2152 5476 2619 5549 quemadmodum
2659 5478 2734 5536 iiii
2764 5480 3019 5536 mandata
3066 5480 3208 5549 sint,
3263 5480 3526 5537 sententia
3570 5468 3763 5535 eadem

2170 5572 2471 5641 reperitur;
2520 5571 2680 5627 verba
2720 5586 2851 5626 vero
2893 5586 3003 5626 non
3037 5571 3247 5636 omnia,
3277 5573 3360 5627 vel
3387 5571 3532 5644 ipsa,
3574 5570 3658 5627 vel
3688 5569 3764 5626 ita

2170 5662 2314 5719 dicta
2342 5672 2481 5720 sunt.
2514 5660 2665 5732 Quod
2694 5661 3092 5719 admonendum
3124 5663 3301 5734 putavi
3327 5673 3545 5735 propter
3565 5660 3762 5719 stultos

2172 5762 2226 5809 ct
2247 5755 2486 5808 indoctos
2506 5752 2771 5822 homines,
2789 5754 2882 5824 qui
2912 5755 3266 5826 Evangelistis
3288 5755 3411 5810 hinc
3431 5754 3762 5812 calumnian-

2170 5851 2289 5913 tur,
2318 5843 2460 5918 quod
2483 5843 2539 5901 in
2563 5844 2828 5920 aliquibus
2854 5846 3035 5905 verbis
3060 5861 3175 5906 non
3204 5848 3350 5905 omni
3377 5847 3537 5906 modo
3558 5854 3760 5905 conve-
