4094 6466
456 394 561 451 567

457 519 574 576 est,
603 506 726 580 quia
753 505 898 560 venit
941 503 1268 573 interrogare
1310 497 1589 553 Dominum
1624 507 1745 548 eum
1784 488 2044 560 gestirent

459 602 738 673 puerperia
764 600 818 654 in
845 606 998 654 utero
1016 598 1154 667 ejus,
1181 593 1433 665 quzeritur
1458 604 1563 661 quo
1586 587 1727 643 ierit.
1752 584 1865 641 Non
1896 581 2039 637 enim

456 672 609 750 erant
643 704 766 748 tunc
790 690 1093 764 prophetae,
1124 694 1214 742 aut
1242 681 1547 740 sacerdotes
1583 676 1872 735 secundum
1898 672 2043 764 ordi-

458 799 580 841 nem
618 780 939 838 tabernaculi
984 778 1067 834 vel
1109 775 1286 846 templi
1316 772 1543 829 Domini.
1571 770 1689 840 Quo
1732 780 1860 839 ergo
1898 763 2037 829 ierit,

462 876 652 931 merito
674 881 870 940 movet,
902 869 1002 926 nisi
1031 869 1166 925 forte
1189 866 1255 921 ad
1285 866 1458 920 locum
1484 862 1572 917 ubi
1604 874 1749 915 aram
1778 856 2039 914 constitu-

458 977 572 1021 erat
590 965 876 1021 Abraham.
901 960 1007 1019 Sed
1037 961 1145 1015 illie
1172 956 1438 1028 quomodo
1471 967 1724 1025 responsa
1751 950 2037 1014 audierit‘,

460 1059 678 1113 omnino
706 1064 841 1111 tacet
875 1054 1179 1124 Scriptura;
1209 1059 1385 1105 utrum
1415 1063 1510 1118 per
1534 1046 1761 1115 aliquem
1789 1040 2040 1098 saeerdo—
2094 1110 2098 1114 Α

459 1159 588 1215 tem,
619 1147 760 1219 quod
789 1144 1097 1201 incredibile
1117 1148 1219 1208 est,
1250 1142 1293 1196 si
1324 1150 1455 1205 erat,
1481 1153 1587 1193 non
1610 1136 1769 1191 fuisse
1798 1132 2040 1189 nomina-

459 1252 591 1307 tum,
634 1250 689 1296 et
730 1237 931 1295 nullam
974 1237 1047 1291 ibi
1098 1234 1316 1291 omnino
1359 1231 1693 1287 sacerdotum
1741 1228 2037 1298 aliquorum

455 1334 643 1388 factam
671 1346 789 1387 esse
808 1330 1152 1385 mentionem.
1174 1328 1257 1383 An
1284 1326 1417 1381 forte
1444 1323 1514 1379 ibi
1534 1337 1656 1378 cum
1682 1320 1883 1376 orando
1904 1318 2037 1373 alle-

453 1431 668 1493 gassent
712 1420 972 1477 desideria
1014 1434 1130 1486 sua,
1178 1415 1513 1473 dormiebant
1554 1415 1607 1469 in
1648 1414 1788 1481 loco,
1835 1419 1893 1465 ut
1940 1424 2038 1479 per

452 1513 717 1568 somnium
761 1509 1142 1567 monerentur?
1179 1508 1261 1563 An
1304 1506 1475 1562 adhuc
1514 1504 1724 1559 vivebat
1758 1500 2037 1557 Melchise-

454 1602 611 1670 dech,
642 1602 797 1671 cujus
822 1608 967 1656 tanta
1004 1599 1104 1655 fuit
1129 1597 1462 1660 excellentia,
1499 1601 1613 1649 uta
1642 1592 1911 1648 nonnullis
1934 1589 2036 1645 du-

451 1695 683 1764 bitetur,
714 1704 895 1750 utrum
942 1694 1141 1761 homo,
1171 1708 1239 1747 an
1279 1690 1497 1763 angelus
1524 1687 1715 1743 fuerit?
1756 1688 1837 1742 An
1882 1693 2037 1741 erant

450 1789 607 1860 aliqui
637 1789 767 1845 tales
791 1788 949 1845 etiam
971 1786 1060 1841 illo
1081 1794 1319 1855 tempore
1347 1782 1590 1838 homines
1617 1780 1732 1845 Dei,
1764 1780 1817 1833 in
1846 1777 2036 1850 quibus

450 1888 630 1950 posset
658 1880 801 1936 Deus
844 1877 1195 1947 interrogari?
1230 1872 1493 1945 Quidquid
1536 1864 1733 1927 horum
1756 1879 1871 1939 est,
1908 1878 1961 1925 et
1989 1868 2035 1924 si

451 1971 577 2042 quid
604 1971 744 2025 aliud
779 1970 921 2041 quod
955 1985 1041 2024 me
1066 1970 1199 2023 forte
1220 2010 1232 2031 ,
1266 1983 1333 2021 ne
1359 1978 1833 2020 commemorarem
1854 2004 1868 2029 ,
1898 1977 2036 2032 prae-

452 2064 690 2130 terierit,
739 2064 948 2119 mentiri
996 2072 1174 2116 tamen
1217 2060 1487 2130 Scriptura
1530 2073 1634 2111 non
1662 2064 1875 2126 potest,
1918 2070 2035 2124 qua:

452 2156 586 2210 dixit
630 2156 922 2211 Rebeccam
971 2155 1096 2209 iisse
1137 2152 1202 2206 ad
1256 2149 1684 2220 interrogandum
1728 2146 2030 2212 Dominum,

449 2247 604 2318 eique
630 2248 907 2302 Dominum
930 2246 1285 2317 respondisse.
1502 2290 1505 2293 .

522 2341 750 2396 LXXIII.
783 2341 1022 2415 [Ib.xxv,
1044 2338 1158 2412 25.]
1188 2341 1239 2393 In
1268 2355 1333 2394 eo
1362 2337 1502 2407 quod
1533 2336 1787 2390 Dominus
1814 2349 2035 2404 respon-

450 2434 526 2486 dit
551 2434 806 2488 Rebecca:
825 2473 839 2498 ,
872 2432 1000 2487 Dure
1020 2441 1187 2503 gentes
1212 2432 1265 2485 in
1298 2439 1436 2484 utero
1462 2438 1547 2483 tuo
1566 2436 1704 2491 sunt,
1737 2436 1783 2480 et
1811 2426 1911 2480 duo
1938 2440 2031 2495 p0-

450 2528 556 2597 puli
597 2528 659 2581 de
700 2536 868 2580 ventre
908 2534 993 2579 tuo
1033 2525 1420 2595 separabantur,
1462 2530 1507 2575 ct
1545 2520 1760 2591 pOpulus
1790 2516 2035 2588 populum

448 2617 723 2685 superabit,
752 2625 797 2670 et
826 2617 990 2687 major
1016 2615 1190 2668 serviet
1223 2614 1426 2679 minori,
1458 2610 1715 2683 spirituali
1740 2609 2035 2679 intelligen-

448 2709 515 2761 tia
542 2709 781 2763 carnales
811 2709 862 2762 in
894 2708 1090 2779 populo
1132 2707 1225 2762 Dei
1260 2707 1624 2777 signiﬁcantur
1656 2719 1751 2774 per
1776 2703 2033 2773 majorem

450 2798 645 2865 ﬁlium,
678 2806 735 2854 et
761 2799 1063 2868 spirituales
1102 2813 1198 2868 per
1233 2798 1497 2851 minorem
1530 2814 1544 2852 :
1589 2796 1710 2866 quia
1739 2794 1883 2850 sicut
1905 2794 2037 2849 dicit

380 2869 389 2878 ’
448 2889 752 2957 Apostolus,
772 2888 893 2943 Non
910 2890 1050 2960 prius
1068 2888 1203 2960 quod
1223 2887 1503 2958 spirituale,
1524 2887 1612 2941 sed
1630 2886 1764 2956 quod
1785 2886 2033 2949 animale;

450 2990 622 3051 postea
640 3022 655 3047 ,
685 2982 948 3051 spirituale
975 2981 1016 3055 (l
1043 2980 1161 3037 Cor.
1188 2996 1279 3047 xv,
1312 2978 1423 3051 46).
1456 2978 1605 3034 Solet
1629 2988 1686 3033 et
1708 2979 1785 3032 sic
1810 2976 2033 3046 intelligi

449 3072 549 3125 hoc
573 3072 713 3141 quod
755 3070 953 3126 dictum
998 3079 1099 3137 est,
1140 3078 1199 3125 ut
1223 3070 1277 3125 in
1315 3070 1455 3124 Esau
1492 3068 1747 3139 ﬁguratus
1772 3069 1841 3122 sit
1867 3068 2035 3136 major

447 3164 675 3233 populus
709 3164 832 3229 Dei,
858 3162 961 3220 hoe
987 3172 1071 3220 est
1110 3162 1427 3218 lsraeliticus
1455 3161 1746 3217 secundum
1772 3176 1985 3215 carnem
2014 3178 2029 3215 :

447 3270 543 3323 per
569 3254 734 3310 Jacob
766 3264 944 3311 autem
988 3254 1241 3326 ﬁguratus
1269 3254 1338 3308 sit
1378 3253 1492 3324 ipse
1535 3252 1701 3308 Jacob
1739 3253 2033 3308 secundum

444 3346 771 3414 spiritualem
792 3347 1120 3417 progeniem.
1142 3343 1248 3401 Sed
1267 3345 1425 3400 etiam
1447 3343 1698 3400 historica
1712 3344 2035 3414 proprietate

446 3437 548 3493 hoe
576 3453 889 3509 responsum
918 3438 1186 3494 invenitur
1212 3452 1332 3495 esse
1355 3437 1672 3508 completum
1694 3477 1711 3504 ,
1742 3436 1832 3491 ubi
1860 3450 2031 3507 popu-

445 3530 524 3584 lus
555 3529 738 3597 Israel,
764 3529 865 3585 hoc
900 3539 982 3585 est
1009 3529 1175 3586 Jacob
1212 3530 1387 3585 minor
1412 3529 1569 3597 ﬁlius,
1600 3533 1867 3599 superavit
1908 3529 2032 3584 ldu-

443 3636 628 3686 maeos,
656 3622 756 3677 hoc
779 3634 861 3677 est
888 3632 1098 3694 gentem
1122 3637 1280 3693 quam
1305 3621 1619 3692 propagavit
1644 3622 1805 3687 Esau,
1833 3635 2032 3691 eosque

443 3712 566 3768 fecit
597 3714 900 3769 tributarios
926 3729 1021 3784 per
1051 3714 1217 3769 David
1245 3731 1258 3767 :
1288 3712 1429 3783 quod
1457 3713 1548 3768 diu
1580 3712 1790 3768 luerunt
1812 3752 1828 3779 ,
1864 3727 2032 3782 usque

442 3806 505 3858 ad
534 3821 709 3874 regem
741 3803 965 3878 [scilicet
990 3806 1170 3862 Joram
1191 3804 1236 3878 ³]
1259 3807 1359 3862 sub
1378 3821 1482 3875 quo
1504 3804 1717 3861 Idumaei
1740 3805 2034 3860 rebellave-

441 3907 584 3963 rnnt,
616 3904 670 3951 et
697 3897 881 3968 jugum
907 3896 1266 3953 Israelitarum
1286 3895 1504 3952 Idumaei
1530 3911 1559 3950 a
1584 3897 1789 3951 cervice
1815 3910 1909 3951 sua
1936 3895 2032 3950 de-

440 3999 755 4056 posuerunt,
787 3988 1077 4044 secundum
1105 3990 1435 4060 prophetiam
1468 3989 1632 4061 ipsius
1652 3989 1797 4044 Isaac
1815 3989 2029 4060 quando

441 4082 699 4136 minorem
734 4096 829 4152 pro
854 4082 1057 4152 majore
1082 4083 1385 4149 benedixit;
1409 4082 1511 4138 hoc
1531 4084 1671 4137 enim
1693 4083 1826 4137 dixit
1852 4082 2024 4137 eidem

442 4171 654 4240 majori,
685 4188 805 4227 cum
833 4182 885 4228 et
908 4173 1079 4243 ipsum
1107 4183 1292 4245 postea
1320 4174 1660 4230 benediceret
1682 4172 1830 4246 (Gen.
1855 4190 2025 4241 xxvu,

437 4260 552 4335 ιθ).

508 4352 742 4411 LXXIV.
768 4355 867 4430 [Ib.
894 4373 1018 4425 xxv,
1046 4356 1162 4431 27.]
1190 4357 1351 4413 Jacob
1380 4367 1545 4414 autem
1587 4370 1693 4414 erat
1722 4359 1870 4415 homo
1906 4361 2030 4416 sim-

437 4449 554 4518 plex
600 4448 829 4503 habitans
875 4450 1099 4504 domum.
1147 4450 1299 4517 Quod
1321 4466 1493 4521 grteee
1533 4451 1723 4507 dicitur
1763 4459 2022 4522 ἄπλαστος,

438 4537 540 4592 hoc
570 4538 719 4593 latini
746 4540 1039 4609 simplicem
1070 4541 1399 4610 interpretati
1424 4550 1566 4597 sunt.
1599 4543 1821 4612 Proprie
1846 4554 2023 4600 autem

438 4637 678 4692 ἄπλαστος
700 4646 808 4685 non
826 4632 978 4688 ﬁctus
998 4649 1013 4700 ;
1035 4632 1173 4689 unde
1188 4634 1348 4703 aliqui
1374 4635 1522 4689 latini
1544 4635 1880 4705 interpretes,
1908 4636 2025 4692 sine

436 4721 582 4789 dolo,
606 4721 937 4791 interpretati
967 4734 1110 4790 sunt,
1142 4724 1401 4791 dicentes,
1431 4725 1558 4779 Erat
1581 4725 1742 4781 Jacob
1770 4729 1879 4781 sine
1905 4727 2023 4782 dolo

439 4813 670 4868 habitans
694 4815 747 4867 in
767 4814 916 4868 domo
940 4830 958 4868 :
982 4823 1040 4869 ut
1058 4830 1248 4887 magna
1273 4818 1343 4871 sit
1363 4819 1605 4887 quaestio,
1634 4819 1902 4888 quomodo
1927 4835 2023 4891 per

437 4904 617 4960 dolum
639 4907 906 4976 acceperit
926 4907 1345 4963 benedictionem
1369 4911 1458 4980 qui
1483 4920 1599 4965 erat
1613 4912 1729 4967 sine
1747 4912 1891 4968 dolo.
1918 4913 2020 4969 Sed

435 4997 500 5050 ad
532 4998 933 5068 signiﬁcandum
961 5015 1206 5072 magnum
1236 5002 1433 5073 aliquid
1460 5003 1562 5059 hoc
1587 5004 1856 5075 Scriptura
1882 5022 2018 5077 pra:-

434 5090 642 5145 misit'.
676 5091 810 5146 Hinc
848 5093 989 5147 enim
1031 5095 1260 5150 maxime
1288 5096 1528 5166 cogimur
1565 5097 1632 5153 ad
1682 5099 2018 5169 intelligenda

436 5179 527 5236 illo
574 5181 692 5237 loco
730 5184 1054 5253 spiritualia,
1083 5186 1204 5255 quia
1248 5187 1362 5242 sine
1398 5187 1522 5243 dolo
1561 5197 1678 5243 erat
1712 5190 1804 5260 qui
1837 5190 2018 5246 dolum

431 5272 577 5329 fecit.
617 5274 769 5330 Unde
794 5277 919 5345 quid
950 5280 1267 5333 sentiremus
1286 5322 1302 5345 ,
1338 5280 1390 5334 in
1426 5294 1674 5337 sermone
1701 5282 1929 5352 quodam
1952 5285 2019 5340 ad

432 5366 685 5436 populum
713 5368 890 5424 habito
917 5371 1045 5429 satis
1064 5370 1295 5427 diximus
1322 5372 1513 5443 (Serm.
1540 5374 1593 5440 .i,
1629 5391 1681 5429 ιι.
1708 5374 1921 5449 16-24).

433 5524 614 5636 da‘u
631 5525 678 5575 in
700 5532 806 5577 Itss.
833 5529 1060 5578 Beccensl
1086 5534 1136 5578 ct
1157 5526 1454 5579 Michaelino.
1478 5536 1528 5578 tn
1556 5534 1768 5594 caeteris,
1792 5544 2020 5600 responsa

498 5647 928 5701 'Idabestauss.

496 5708 739 5782 famula.
762 5719 829 5782 _et
858 5720 997 5782 Loy.,
1031 5712 1216 5782 aliquid
1247 5713 1374 5778 quod
1405 5712 1653 5782 2scriptura
1689 5717 2014 5782 prmtermiait.

432 5772 773 5847 Eat_,.aiq3dd
800 5776 928 5839 quod
936 5772 1210 5847 .Script'ura
1244 5772 1492 5845 pra'misit.
1512 5772 1885 5846 'Longe'mclius
1904 5772 2013 5839 Mss.

427 5844 552 5901 quos
573 5833 789 5889 soc'two
808 5833 1078 5903 sequimur;

1252 375 1715 452 QUESTIONUM
1750 371 1810 433 S.
1850 368 2214 430 AUGUSTINI
2255 369 2322 428 IN
2358 368 2916 432 HEP’I‘ATEUCHUM

2219 485 2426 542 LXXV.
2451 486 2550 561 [Ib.
2570 505 2712 555 xxv1,
2741 485 2818 562 1.]
2843 488 2899 544 ln
2922 501 2988 545 eo
3006 486 3150 560 quod
3167 488 3420 562 scriptum
3435 500 3540 559 est,
3563 492 3730 548 Facta

2148 587 2219 632 est
2233 587 2397 632 autem
2409 579 2569 649 fames
2582 597 2735 652 super
2744 589 2945 647 terram,
2960 590 3142 653 prteter
3152 582 3584 655 famemqtuzante
3592 590 3732 657 facta

2145 678 2221 720 est
2240 668 2292 722 in
2313 678 2533 739 tempore
2545 668 2802 725 Abraham
2821 687 2841 726 :
2863 671 2985 727 abiit
3004 682 3170 727 autem
3192 671 3342 728 Isaac
3361 658 3429 728 ad
3439 674 3729 731 Abimeleclt

2144 773 2310 829 regem
2331 758 2719 815 Philistinorum
2736 762 2790 817 in
2807 760 3000 819 Geram
3013 780 3034 829 ;
3049 765 3301 836 quaeritur
3316 766 3417 821 hoc
3432 767 3646 838 quando
3662 768 3735 823 sit

2146 848 2339 903 factum
2358 860 2561 906 :utrum
2591 861 2936 925 posteaquam
2954 856 3094 911 Esau
3115 856 3347 911 vendidit
3360 856 3535 929 primo
3550 861 3732 930 genita

2144 958 2239 998 sua
2259 944 2379 1000 cibo
2399 944 2690 1013 lenticulae;
2718 957 2839 1018 post
2861 948 3003 1004 illam
3024 950 3222 1021 quippe
3242 951 3599 1006 narrationem
3626 951 3734 1007 hoc

2144 1037 2347 1090 narrari
2378 1037 2563 1107 incipit
2591 1054 2605 1091 :
2634 1054 2701 1095 an
2720 1081 2736 1107 ,
2764 1048 2823 1094 ut
2850 1041 2966 1096 ﬁeri
3010 1043 3182 1111 solet,
3214 1057 3311 1113 per
3335 1043 3777 1113 recapitulatio—E

2142 1139 2265 1180 nem
2296 1136 2541 1183 narrator
2563 1128 2630 1184 ad
2656 1144 2718 1185 ea
2746 1145 2994 1187 reversus
3019 1134 3123 1199 sit,
3158 1147 3279 1188 cum
3320 1148 3634 1205 progressus
3662 1135 3734 1192 de
3768 1115 3780 1140 ί

2144 1214 2264 1270 ﬁliis
2290 1216 2405 1285 ejus
2442 1217 2509 1272 ad
2545 1234 2667 1273 eum
2692 1219 2867 1275 locum
2897 1223 3247 1292 pervenisset,
3273 1226 3362 1294 qui
3389 1225 3458 1280 de
3484 1226 3735 1283 lenticula

2142 1319 2588 1366 commemoratus
2610 1320 2713 1367 est.
2741 1312 2918 1368 Movet
2941 1324 3139 1382 autem,
3171 1315 3291 1384 quia
3323 1316 3436 1387 ipse
3464 1317 3733 1375 invenitur

2141 1399 2449 1456 Abimelech
2476 1443 2494 1470 ,
2538 1403 2628 1473 qui
2668 1406 2827 1460 etiam
2874 1404 3059 1462 Saram
3101 1409 3521 1479 concupiverat:
3564 1411 3734 1482 ipsius

2140 1489 2283 1545 enim
2311 1492 2705 1563 paranymphus
2732 1504 2788 1551 et
2818 1497 3065 1567 princeps
3093 1498 3296 1555 militiae
3317 1540 3334 1569 ,
3362 1501 3453 1571 qui
3478 1501 3548 1556 ibi
3577 1517 3701 1557 com
3728 1536 3737 1543 -

2140 1584 2421 1639 memorati
2443 1596 2586 1653 sunt,
2614 1587 2775 1642 etiam
2798 1589 2887 1643 hic
2909 1600 3415 1659 commemorantur,
3443 1602 3619 1648 utrum
3644 1594 3734 1651 vel

2139 1673 2321 1729 vivere
2372 1677 2655 1745 potuerint.
2708 1677 2932 1747 Quando
2980 1682 3124 1736 enim
3176 1680 3344 1738 factus
3395 1692 3478 1739 est
3528 1685 3735 1741 amicus

2140 1765 2389 1835 Abrahae,
2414 1769 2649 1824 nondum
2670 1778 2826 1827 natus
2845 1781 2961 1828 erat
2984 1772 3148 1841 Isaae,
3176 1774 3267 1829 sed
3283 1775 3394 1845 jam
3414 1777 3732 1846 promissus.

2141 1856 2408 1915 Ponamus
2433 1868 2556 1916 ante
2584 1877 2782 1917 annum
2826 1877 2986 1934 quam
3014 1874 3324 1921 nasceretur
3344 1868 3359 1899 ¹
3390 1867 3566 1935 Isaac,
3598 1868 3735 1924 illud

2140 1948 2303 2005 fuisse
2328 1949 2525 2006 factum
2553 1970 2567 2007 :
2599 1953 2791 2010 deinde
2820 1954 2966 2010 Isaac
2994 1957 3227 2029 suscepit
3255 1958 3412 2026 ﬁlios,
3438 1973 3558 2015 eum
3587 1970 3737 2016 esset

2140 2057 2400 2099 annorum
2425 2046 2733 2117 sexaginta;
2775 2049 2850 2103 illi
2889 2057 3064 2105 autem
3088 2050 3312 2121 juvenes
3340 2062 3492 2107 erant
3517 2053 3735 2124 quando

2142 2136 2377 2191 vendidit
2406 2138 2544 2193 Esau
2573 2141 2922 2212 primogenita
2948 2156 3043 2197 sua
3074 2159 3087 2196 :
3116 2157 3374 2213 ponamus
3395 2144 3555 2199 etiam
3585 2146 3735 2217 ipsos

2145 2228 2285 2283 circa
2327 2230 2511 2299 viginti
2549 2246 2720 2288 annos
2762 2232 2960 2301 fuisse;
3014 2234 3150 2289 ﬁunt
3198 2236 3321 2291 anni
3370 2237 3541 2291 aztatis
3584 2238 3735 2294 Isaac

2141 2334 2310 2390 usque
2333 2322 2399 2376 ad
2426 2322 2554 2377 illud
2574 2324 2767 2379 factum
2791 2324 3019 2381 ﬁliorum
3038 2326 3175 2397 ejus,
3197 2327 3410 2383 circiter
3425 2329 3692 2400 octoginta
3714 2347 3731 2385 :

2140 2410 2535 2468 adolescentem
2579 2417 2900 2486 accipiamus
2940 2417 3101 2473 fuisse
3140 2418 3472 2487 Abimeleeh,
3518 2420 3735 2490 quando

2138 2513 2365 2560 matrem
2394 2507 2560 2576 ipsius
2583 2508 2915 2578 concupivit,
2944 2518 3001 2564 et
3025 2509 3254 2565 Abrahae
3281 2512 3484 2566 amicus
3524 2520 3606 2567 est
3648 2511 3735 2566 fa-

2139 2604 2288 2662 ctus;
2320 2599 2490 2667 potuit
2526 2614 2655 2670 ergo
2690 2599 2799 2669 jam
2829 2615 2951 2656 esse
2975 2601 3125 2670 quasi
3150 2603 3505 2669 eentenarius,
3535 2604 3579 2659 si
3610 2611 3736 2673 post

2140 2688 2268 2743 illud
2290 2688 2485 2745 factum
2516 2689 2743 2745 ﬁliorum
2773 2706 2991 2747 suorum
3020 2694 3253 2762 perrexit
3280 2694 3333 2749 in
3360 2694 3502 2749 illam
3532 2704 3733 2751 terram

2140 2777 2295 2833 famis
2321 2780 2639 2836 necessitate
2668 2780 2833 2837 Isaac.
2879 2781 2993 2837 Non
3032 2797 3159 2854 ergo
3186 2798 3251 2838 ex
3296 2783 3398 2840 hoc
3441 2785 3581 2855 cogit
3622 2785 3733 2842 ulla

2138 2870 2450 2936 necessitas,
2482 2884 2580 2940 per
2606 2871 3094 2940 recapitulationem
3118 2883 3304 2943 putare
3324 2884 3587 2929 narratam
3607 2890 3734 2945 pro-

2142 2959 2420 3015 fectionem
2448 2961 2597 3016 Isaae
2626 2962 2678 3016 in
2699 2960 2918 3017 Gerara.
2946 2962 3050 3019 Sed
3078 2964 3200 3034 quia
3225 2964 3296 3021 ibi
3316 2964 3569 3020 diuturno
3589 2975 3732 3022 tem-

2140 3064 2270 3119 pore
2296 3051 2458 3107 fuisse
2483 3050 2632 3107 Isaae
2656 3052 2925 3120 scribitur,
2952 3062 3006 3109 et
3031 3062 3217 3124 puteos
3236 3054 3454 3122 fodisse,
3481 3066 3536 3113 et
3554 3056 3621 3112 de
3645 3058 3731 3114 his

2139 3142 2501 3211 contendisse,
2529 3150 2587 3199 et
2628 3142 2850 3198 ditatum
2895 3144 3058 3200 fuisse
3085 3145 3343 3216 pecunia;
3389 3145 3582 3201 mirum
3624 3147 3731 3203 nisi

2139 3235 2540 3305 recapitulando
2565 3235 2665 3291 ista
2691 3246 3193 3305 commemorantur,
3222 3251 3342 3307 quae.
3371 3237 3491 3293 ideo
3518 3237 3732 3305 fuerant

2142 3326 2496 3395 praetermissa
2516 3367 2532 3393 ,
2560 3335 2617 3382 ut
2643 3327 2872 3398 primum
2898 3327 2964 3384 de
2989 3326 3110 3384 ﬁliis
3137 3328 3254 3399 ejus
3296 3343 3464 3401 usque
3486 3330 3553 3386 ad
3579 3330 3729 3387 illum

2138 3416 2313 3473 locum
2343 3418 2412 3474 de
2439 3419 2687 3474 lenticula
2711 3420 2948 3476 narratio
2977 3421 3297 3491 perveniret.

2210 3511 2444 3567 LXXVI.
2477 3511 2576 3584 [Ib.
2602 3528 2746 3579 xxvi,
2781 3513 2870 3580 12,
2901 3512 3010 3587 l5.]
3042 3513 3165 3569 Ideo
3187 3514 3330 3586 quod
3358 3516 3613 3587 scriptum
3642 3524 3731 3573 est

2138 3601 2206 3659 de
2231 3602 2393 3667 Isaac,
2420 3602 2684 3658 Benedixit
2708 3614 2876 3659 autem
2894 3621 3007 3659 eum
3025 3603 3292 3674 Dominus,
3316 3616 3362 3661 et
3386 3609 3634 3663 eraltatus
3654 3616 3730 3664 at

2138 3694 2289 3749 homo
2309 3736 2323 3761 ,
2356 3704 2401 3749 et
2431 3696 2704 3766 procedens
2731 3697 2897 3765 maior
2934 3695 3083 3766 ﬁebat
3101 3738 3115 3763 ,
3146 3699 3473 3770 quoadusque
3513 3716 3730 3770 magnus

2138 3788 2303 3857 factus
2321 3795 2395 3840 est
2414 3786 2576 3852 valde,
2599 3786 2887 3842 secundum
2911 3795 3177 3844 terrenam
3199 3788 3502 3847 felicitatem
3523 3791 3725 3846 dictum

2136 3880 2411 3952 sequentia
2450 3880 2662 3937 docent.
2697 3882 3017 3953 Exsequitur
3055 3883 3198 3938 enim
3234 3892 3480 3938 narrator
3507 3884 3725 3939 easdem

2136 3972 2254 4043 ejus
2283 3972 2515 4039 divitias,
2542 3974 2733 4044 quibus
2752 3988 2975 4045 magnus
3000 3972 3169 4030 factus
3194 3983 3303 4040 est;
3326 3984 3381 4030 et
3402 3976 3524 4031 hinc
3547 3986 3726 4031 motus

2136 4067 2467 4132 Abimelech,
2500 4067 2673 4121 timuit
2691 4068 2838 4123 illum
2860 4067 2932 4122 ibi
2956 4082 3096 4131 esse,
3125 4081 3194 4122 ne
3219 4068 3453 4138 potentia
3478 4068 3596 4138 ejus
3619 4068 3725 4123 sibi

2135 4167 2279 4214 esset
2321 4158 2529 4213 infesta.
2569 4158 2879 4228 Quanquam
2921 4173 3052 4229 ergo
3094 4159 3291 4230 aliquid
3320 4159 3593 4229 spirituale
3621 4159 3723 4213 ista

2134 4248 2453 4319 signiﬁcent,
2480 4256 2658 4303 tamen
2679 4248 2969 4303 secundum
2990 4247 3042 4303 id
3058 4248 3203 4319 quod
3224 4249 3579 4319 contigerunt,
3600 4249 3724 4304 ideo

2133 4343 2467 4415 praemissum
2493 4350 2606 4408 est,
2639 4340 2900 4396 Beneth
2921 4357 3036 4396 eum
3058 4339 3310 4396 Dominus
3334 4382 3349 4406 ,
3381 4349 3438 4396 ut
3464 4355 3591 4396 sana
3616 4341 3725 4397 ﬁde

2133 4434 2488 4504 intelligamus
2507 4432 2667 4489 etiam
2689 4432 2785 4487 ista
2804 4430 3115 4501 temporalia
3143 4430 3302 4498 dona,
3325 4446 3430 4487 nec
3452 4430 3566 4487 dari
3592 4446 3711 4501 pose

2132 4544 2211 4595 se,
2244 4544 2344 4584 nec
2366 4528 2569 4599 sperari
2609 4526 2839 4594 debere,
2885 4525 3047 4581 etiam
3089 4539 3212 4580 eum
3238 4525 3307 4581 ab
3341 4525 3725 4581 inﬁrmioribus

2130 4630 2470 4693 appetuntur,
2493 4620 2594 4677 nisi
2619 4619 2688 4675 ab
2706 4633 2813 4675 uno
2838 4618 2951 4673 Deo
2979 4636 2993 4673 :
3014 4626 3073 4673 ut
3092 4618 3183 4688 qui
3206 4617 3260 4672 in
3287 4617 3520 4673 minimis
3548 4616 3722 4673 ﬁdelis

2131 4724 2246 4782 est,
2275 4714 2434 4769 etiam
2462 4714 2517 4768 in
2545 4712 2750 4783 magnis
2778 4709 2949 4767 ﬁdelis
2974 4710 3071 4777 sit;
3115 4718 3172 4765 et
3200 4711 3291 4781 qui
3322 4711 3376 4765 in
3410 4725 3719 4766 mammona

2129 4806 2313 4877 iniquo
2361 4804 2529 4860 ﬁdelis
2571 4804 2818 4859 inventus
2861 4810 2977 4868 est,
3028 4802 3189 4858 etiam
3238 4817 3421 4857 verum
3471 4804 3720 4872 accipere

2127 4908 2396 4956 mereatur
2416 4941 2430 4965 ,
2461 4899 2599 4953 sicut
2626 4897 2882 4953 Dominus
2910 4896 2962 4950 in
2991 4895 3281 4967 Evangelio
3304 4896 3536 4968 loquitur
3565 4897 3721 4968 (Luc.

2126 5010 2212 5049 xv:
2231 5035 2244 5059 ,
2274 4992 2395 5067 IO).
2419 4993 2564 5048 Talia
2590 4993 2747 5047 etiam
2776 4992 2844 5048 de
2872 4992 3138 5048 Abraham
3161 4991 3299 5047 dicta
3325 5002 3477 5060 sunt,
3500 4992 3643 5063 quod
3669 4993 3722 5048 ei

2127 5100 2348 5141 munere
2376 5085 2466 5140 Dei
2506 5084 2870 5155 provenerint.
2915 5083 3067 5140 Unde
3108 5099 3215 5139 non
3263 5100 3447 5155 parum
3493 5085 3723 5140 mdiﬁeat

2126 5193 2309 5233 sanam
2337 5177 2492 5233 ﬁdem
2522 5178 2608 5248 pie
2639 5177 3054 5247 intelligentibus
3083 5178 3181 5233 ista
3211 5179 3474 5245 narratio,
3507 5179 3720 5235 etiamsi

2125 5269 2193 5324 de
2240 5268 2323 5323 his
2361 5267 2521 5323 rebus
2558 5267 2843 5338 allegorica
2878 5267 3195 5339 signiﬁcatio
3237 5271 3379 5325 nulla
3410 5279 3592 5341 posset
3616 5286 3719 5327 ex-

2125 5362 2293 5431 sculpi
2322 5363 2365 5414 ⁸.

2195 5453 2452 5509 LXXVII.
2482 5454 2579 5528 [Ib.
2608 5469 2753 5522 xxVI,
2791 5454 2906 5529 28.]
2934 5453 3053 5509 Fiat
3079 5457 3354 5511 exsecratio
3383 5457 3513 5511 inter
3543 5474 3637 5513 nos
3668 5467 3722 5514 et

2124 5549 2253 5603 inter
2276 5558 2357 5614 te;
2388 5548 2438 5603 id
2466 5557 2565 5615 est,
2592 5549 2790 5619 juratio
2813 5564 2933 5619 quae
2952 5549 3248 5605 maledictis
3268 5549 3567 5621 obstringit,
3597 5567 3719 5623 qua:

2126 5642 2369 5699 accidant
2393 5644 2441 5699 ei
2467 5644 2555 5713 qui
2582 5644 2937 5713 pejeraverit:
2970 5644 3262 5701 secundum
3286 5661 3445 5717 quam
3467 5645 3717 5704 conside-

2188 5782 2205 5847 ξ
2230 5780 2303 5830 sic
2317 5789 2425 5832 Mss.
2450 5788 2507 5831 Αι
2530 5781 2665 5847 editi,
2687 5788 2943 5847 antequam
2957 5780 3252 5847 nasceretur.

2187 5846 2208 5879 ³
2230 5850 2336 5897 Mss.
2360 5852 2462 5896 tres
2483 5845 2646 5909 [nobis
2668 5845 2817 5909 noue,
2832 5845 3049 5899 excludi.
