4094 6474
328 535 559 592 randum
597 539 681 589 est
724 531 865 605 quod
889 538 943 588 et
980 542 1167 587 servus
1192 527 1419 584 Ahrahm
1464 530 1921 597 commemoravit,

327 642 564 685 narrans
588 627 668 682 eis
689 642 718 681 a
734 626 923 697 quibus
946 623 1152 693 accepit
1169 637 1393 677 uxorem
1411 621 1626 676 domino
1643 637 1739 677 suo
1756 620 1922 677 Isaac.

402 716 692 776 LXXVIII.
723 717 831 793 [11).
876 732 1003 773 ην)
1021 757 1037 782 ,
1083 714 1195 789 52.]
1223 715 1357 783 Quid
1387 722 1470 771 est
1497 714 1638 785 quod
1667 715 1921 784 scriptum

322 822 433 880 est,
464 814 608 885 quod
638 829 758 868 cum
780 811 1050 868 venissent
1073 810 1222 879 pueri
1251 808 1397 864 Isaac
1428 818 1482 864 et
1506 809 1785 875 dixissem,
1817 807 1925 863 Fo-

322 910 497 962 dimus
535 915 779 977 puteum,
829 912 875 960 et
914 920 1014 958 non
1050 904 1331 958 invenimus
1375 918 1591 975 aquam;
1639 902 1922 972 appellavit

320 998 579 1057 eumdem
605 1009 821 1069 puteum
862 996 1007 1051 Isaac
1028 994 1429 1066 juramentum?
1458 995 1539 1048 An
1568 994 1811 1064 quamvis
1838 994 1917 1048 fa-

319 1106 474 1151 ctum
519 1096 623 1163 sit,
662 1095 714 1149 in
756 1093 985 1163 aliquam
1014 1090 1454 1162 signiﬁcationem
1481 1091 1597 1144 sine
1625 1088 1790 1144 dubio
1816 1088 1916 1143 du-

316 1189 558 1246 cendum
590 1196 674 1244 est
695 1187 1057 1258 spiritualem;
1090 1184 1338 1255 quoniam
1370 1183 1502 1237 nihil
1532 1181 1692 1237 habet
1716 1197 1915 1237 conve-

318 1286 545 1342 nientiae
606 1283 897 1339 secundum
960 1281 1226 1345 litteram,
1273 1287 1334 1333 ut
1382 1278 1504 1334 ideo
1554 1278 1913 1348 juramentum

318 1377 677 1450 appellaverit
704 1386 921 1447 puteum
942 1414 958 1441 ,
990 1372 1132 1444 quod
1163 1371 1233 1426 ibi
1265 1385 1399 1441 aqua
1430 1385 1534 1425 non
1564 1370 1634 1424 sit
1659 1367 1915 1423 inventa?

317 1472 639 1543 Quanquam
695 1469 783 1523 alii
838 1467 1157 1535 interpretes
1207 1476 1406 1535 pueros
1448 1462 1596 1517 Isaac
1642 1461 1912 1516 inventam

316 1567 501 1632 potius
531 1575 720 1631 aquam
753 1558 1025 1613 nuntiasse
1044 1556 1329 1610 dixerunt:
1358 1553 1450 1609 sed
1474 1553 1632 1608 etiam
1656 1553 1731 1607 sic
1746 1567 1915 1623 quare

308 1653 679 1724 juramentum
721 1650 1042 1720 appellatum
1085 1657 1204 1716 est,
1249 1647 1338 1703 ubi
1377 1645 1517 1701 nulla
1560 1645 1733 1701 fuerat
1772 1645 1911 1702 facta

306 1746 553 1817 iuratio?

393 1835 637 1893 LXXIX.
662 1834 773 1910 [11).
800 1850 966 1902 xxvu,
992 1831 1163 1906 147.]
1192 1832 1452 1901 Quoniam
1482 1839 1661 1886 tantus
1686 1831 1912 1902 patriar-

312 1928 421 1985 cha
444 1929 611 1995 Isaac,
634 1935 917 1997 antequam
939 1924 1217 1991 moriatur,
1240 1923 1478 1993 quaerita
1500 1922 1609 1976 ﬁlio
1628 1936 1725 1976 suo
1749 1936 1910 1977 vena-

310 2021 521 2075 tionem
549 2028 601 2074 et
627 2033 826 2079 escam,
855 2016 1063 2087 qualem
1090 2023 1251 2081 amat,
1276 2030 1373 2085 pro
1404 2029 1597 2085 magno
1621 2013 1904 2082 beneﬁcio,

310 2119 373 2167 et
404 2108 667 2181 promittit
695 2107 1144 2173 benedictionem,
1178 2105 1326 2159 nullo
1351 2104 1509 2159 modo
1540 2118 1732 2159 vacare
1761 2104 1907 2159 arbi-

310 2213 522 2258 tramur
563 2219 592 2256 a
645 2201 1030 2273 signiﬁcatione
1085 2198 1395 2270 prophetica
1434 2216 1447 2252 :
1492 2198 1722 2253 maxime
1769 2212 1904 2267 quo-

312 2300 460 2351 niam
479 2295 693 2352 festinat
721 2308 853 2348 uxor
878 2292 994 2363 ejus
1014 2299 1071 2345 ut
1098 2292 1240 2345 illam
1272 2289 1697 2346 benedictionem
1730 2289 1906 2343 minor

308 2388 570 2458 accipiat,
615 2401 772 2456 quem
816 2386 928 2455 ipsa
976 2383 1262 2453 diligebat,
1308 2389 1361 2436 ct
1390 2389 1581 2436 caetera
1622 2382 1673 2435 in
1714 2379 1901 2435 eadem

305 2481 621 2536 narratione
646 2478 868 2532 multum
900 2483 1117 2531 movent
1138 2473 1206 2529 ad
1227 2474 1430 2544 majora
1458 2471 1799 2543 intelligenda
1818 2471 1901 2526 vel

304 2572 655 2645 requirenda.

384 2664 599 2721 LXXX.
632 2662 734 2738 [11).
762 2677 926 2726 xxvn,
958 2658 1073 2733 55.]
1100 2657 1251 2727 Quod
1275 2657 1472 2713 habent
1496 2655 1642 2710 latini
1663 2654 1897 2724 codices,

304 2759 533 2829 Expavit
570 2766 738 2811 autem
782 2754 932 2811 Isaac
972 2768 1159 2825 pavore
1185 2766 1369 2821 magno
1396 2747 1543 2803 valde
1565 2788 1580 2815 ,
1609 2746 1769 2817 δι’ωεί
1800 2745 1900 2799 ha-

300 2853 434 2907 Iient
457 2892 473 2919 ,
501 2858 666 2919 ἐξέστη
697 2854 744 2903 δὲ
773 2838 918 2902 Iacuit:
944 2855 1161 2901 ἔκστασιν
1185 2852 1392 2913 μεγάλην
1411 2846 1606 2915 σφόδρα,
1636 2840 1726 2895 ubi
1754 2846 1898 2894 tanta

301 2943 599 2998 commotio
643 2939 984 3007 intelligitur,
1031 2946 1090 2991 ut
1126 2935 1369 3006 quaedam
1410 2932 1606 2988 mentis
1648 2929 1898 2987 alienatio

301 3042 643 3107 sequeretur.
664 3033 781 3104 Ipsa
803 3032 942 3086 enim
970 3030 1183 3101 proprie
1202 3028 1396 3084 dicitur
1412 3026 1655 3082 ecstasis.
1686 3023 1755 3080 Et
1772 3024 1896 3095 quia

300 3129 445 3184 solet
476 3129 527 3182 in
562 3139 874 3196 magnarum
901 3138 1080 3179 rerum
1104 3120 1516 3197 revelationibus
1546 3117 1684 3183 ﬁeri,
1710 3115 1765 3171 in
1795 3116 1895 3172 hac

302 3218 715 3290 intelligendum
745 3226 828 3274 est
854 3215 1045 3272 factam
1076 3229 1195 3271 esse
1219 3212 1547 3285 spiritualem
1569 3209 1893 3265 admonitio-

300 3324 452 3378 nem,
479 3318 538 3365 ιιι
561 3310 902 3365 conﬁrmaret
920 3305 1348 3363 benedictionem
1371 3318 1522 3359 suam
1544 3301 1653 3356 ﬁlio
1672 3299 1892 3369 minori,

299 3404 392 3459 cui
422 3404 601 3476 potius
627 3402 962 3458 irascendum
993 3400 1091 3455 fuit
1115 3398 1255 3470 quod
1278 3396 1522 3453 fefellerit
1544 3402 1771 3465 patrem.
1803 3392 1894 3450 Sic

301 3506 360 3553 et
388 3498 458 3551 de
489 3495 657 3551 Adam
684 3510 805 3550 cum
836 3491 1185 3564 prophetatur
1213 3489 1315 3544 hoc
1344 3494 1740 3543 sacramentum
1777 3497 1893 3539 ma-

298 3604 487 3659 gnum,
519 3586 661 3658 quod
692 3586 821 3642 dicit
849 3583 1140 3654 Apostolus
1163 3581 1218 3636 in
1242 3578 1457 3636 Christo
1476 3587 1530 3634 et
1549 3578 1604 3633 in
1624 3575 1887 3642 Ecclesia,

296 3679 469 3733 Erunt
494 3679 595 3731 duo
620 3680 674 3732 in
703 3692 853 3731 carne
881 3692 1004 3742 una,
1032 3674 1225 3728 dicitur
1252 3671 1393 3743 quod
1418 3670 1639 3726 ecstasis
1660 3681 1890 3741 praeces-

296 3772 431 3826 serit
461 3766 614 3842 (Gen.
644 3785 702 3833 ιι,
734 3766 925 3833 21-24,
956 3774 1001 3821 et
1028 3764 1217 3835 Ephes.
1241 3779 1297 3830 v,
1329 3763 1420 3826 51,
1452 3760 1565 3834 '52).

366 3879 606 3937 LXXXI.
642 3878 743 3954 [11).
772 3895 919 3935 xxvu
943 3921 958 3947 ,
987 3875 1102 3950 42.]
1143 3874 1423 3943 Quomodo
1462 3874 1772 3929 annuntiata
1800 3872 1889 3930 vel

291 3976 597 4033 renuntiata
627 3982 754 4029 sunt
772 3974 933 4029 verba
960 3974 1101 4028 Esau
1133 3971 1413 4035 Rebeccae,
1440 3969 1635 4040 quibus
1659 3966 1885 4023 commi—

290 4080 455 4127 natus
479 4078 563 4126 est
587 4067 835 4125 occidere
858 4068 1075 4121 fratrem
1097 4080 1275 4132 suum,
1298 4079 1419 4120 cum
1443 4062 1717 4132 Scriptura
1746 4060 1887 4115 dicat

288 4165 401 4221 hoc
420 4180 545 4221 eum
571 4164 625 4218 in
647 4179 739 4218 sua
762 4161 1081 4233 cogitatione
1102 4159 1329 4225 dixisse;
1358 4158 1461 4212 nisi
1482 4157 1605 4228 quia
1634 4156 1757 4211 hinc
1797 4170 1887 4208 no-

289 4258 377 4313 bis
406 4257 566 4313 datur
594 4256 915 4325 intelligere,
943 4252 1084 4325 quod
1110 4251 1365 4307 divinitus
1400 4251 1479 4306 eis
1513 4248 1886 4306 revelabantur

289 4349 516 4404 omnia?
539 4347 693 4405 Unde
720 4346 787 4403 ad
811 4360 1059 4417 magnum
1093 4344 1407 4416 mysterium
1446 4342 1709 4412 pertinet,
1741 4338 1883 4410 quod

290 4439 465 4495 ﬁlium
494 4456 649 4495 suum
678 4440 937 4494 minorem
962 4451 1061 4507 pro
1087 4437 1290 4506 majore
1316 4435 1483 4490 voluit
1509 4432 1775 4489 benedici.

360 4529 624 4587 LXXXII.
658 4530 757 4605 [11).
785 4530 879 4597 28,
907 4527 987 4602 2.]
1031 4528 1183 4596 Quod
1222 4527 1419 4582 habent
1461 4527 1609 4581 latini
1645 4525 1878 4593 codices,

286 4626 441 4681 Isaac
463 4625 677 4681 dicente
704 4624 815 4679 ﬁlio
841 4638 959 4690 suo,
995 4620 1137 4676 Vade
1161 4622 1214 4676 in
1245 4620 1301 4675 Μ
1308 4621 1686 4691 εεοροιαηήαηι,
1714 4621 1769 4674 in
1789 4620 1883 4675 do-

286 4735 431 4773 mum
463 4715 681 4771 Bathuel
703 4716 862 4787 patris
888 4715 1062 4769 matris
1092 4724 1211 4781 tute,
1245 4722 1293 4768 et
1320 4708 1462 4768 sume
1486 4712 1605 4768 inde
1632 4713 1719 4767 tibi
1745 4729 1880 4768 uxo-

284 4828 429 4875 rem;
454 4810 613 4883 graeci
641 4809 855 4865 codices
882 4822 988 4863 non
1018 4807 1217 4863 habent
1254 4805 1423 4872 Vade,
1462 4806 1558 4862 sed
1589 4810 1708 4878 fuge
1730 4821 1750 4860 :
1779 4806 1881 4862 hoc

286 4911 395 4971 est,
426 4905 681 4973 ἆπόόραθι.
709 4900 860 4957 Unde
882 4899 1194 4969 intelligitur
1213 4900 1374 4954 etiam
1397 4898 1543 4954 Isaac
1566 4899 1879 4969 cognovisse

284 4993 432 5064 quod
475 4993 616 5048 ﬁlius
651 4993 768 5063 ejus
795 4993 934 5048 Esau
962 4991 1027 5048 de
1053 4990 1218 5047 fratre
1237 5006 1336 5048 suo
1360 4991 1412 5046 in
1436 4992 1754 5063 cogitatione
1783 5006 1877 5048 sua

279 5086 499 5141 dixerit.

362 5198 647 5254 LXXXIII.
680 5197 988 5274 [1b.xxvm,
1022 5200 1123 5268 16,
1154 5198 1265 5271 17.]
1291 5198 1357 5254 Et
1381 5200 1597 5256 surrexit
1624 5198 1785 5254 Iacob
1816 5200 1879 5255 de

288 5308 471 5346 somno
489 5308 603 5356 suo,
635 5302 683 5346 et
706 5292 854 5356 dixit,
888 5292 1020 5357 Quia
1043 5302 1117 5347 est
1148 5292 1397 5347 Dominus
1426 5293 1479 5347 in
1508 5292 1617 5347 loco
1644 5294 1759 5356 hoc,
1783 5309 1876 5364 ego

281 5392 454 5437 autem
478 5382 799 5438 nesciebam:
826 5394 874 5439 et
902 5385 1098 5449 timuit,
1143 5393 1189 5439 et
1231 5384 1399 5451 dixit,
1434 5384 1600 5451 Quam
1641 5387 1877 5441 terribilis

282 5478 429 5531 locus
458 5476 577 5531 hic!
603 5476 698 5530 hoc
727 5478 745 5508 ί
776 5493 877 5530 non
906 5486 979 5531 est
1018 5477 1115 5532 nisi
1143 5478 1323 5531 domus
1348 5475 1483 5542 Dei;
1512 5488 1559 5531 et
1589 5478 1696 5532 hare
1733 5488 1876 5549 porta

280 5580 356 5623 est
384 5570 519 5623 cali.
552 5568 679 5625 Ilaec
705 5571 865 5625 verba
892 5570 959 5624 ad
991 5570 1321 5640 prophetiam
1344 5571 1633 5640 pertinent,
1661 5572 1781 5642 quia
1803 5574 1873 5629 ibi

280 5660 525 5715 futurum
552 5669 670 5715 erat
695 5660 1120 5728 tabernaculum,
1146 5660 1288 5731 quod
1314 5661 1590 5716 constituit
1621 5662 1875 5717 Dominus

346 5818 365 5850 ι
386 5815 508 5867 mliti
528 5828 542 5865 :
562 5814 768 5885 nicfnon
790 5820 858 5869 est
879 5811 975 5869 nisi
994 5792 1164 5867 domus
1184 5814 1290 5867 Dei.
1316 5821 1423 5867 Mss.
1448 5828 1586 5879 vero,
1608 5815 1723 5881 hoc,
1747 5818 1873 5885 quod

280 5879 790 5947 tngrcooesttaito.

1698 411 1901 471 LIBER
1938 413 2212 473 PRIMUS.

3497 429 3607 491 570

2034 532 2088 607 in
2118 532 2419 591 hominibus
2444 535 2496 591 in
2525 535 2704 607 primo
2732 538 2930 610 populo
2963 553 3082 596 suo.
3112 541 3325 600 Portam
3363 547 3485 602 cmli
3515 561 3613 603 au-

2032 631 2139 678 tem
2168 624 2244 680 sic
2272 626 2566 699 intelligere
2586 630 2864 699 debemus,
2889 640 3137 704 tanquam
3168 634 3290 692 inde
3319 638 3411 694 ﬁat
3433 638 3612 698 aditus

2031 717 2368 774 credentibus
2403 720 2469 774 ad
2500 723 2883 793 capessendum
2909 739 3127 796 regnum
3154 729 3433 785 caelorum.

2102 808 2383 865 LXXXIV.
2417 811 2504 885 [In
2530 829 2722 883 xxvnt,
2752 814 2865 888 18.]
2890 816 3043 884 Quod
3068 822 3251 875 statuit
3278 821 3505 892 lapidem
3525 823 3615 880 Ja-

2029 898 2161 965 cob,
2193 916 2349 971 quem
2379 902 2479 958 sibi
2505 904 2571 959 ad
2600 916 2758 975 caput
2785 916 3068 977 posuerat,
3097 918 3153 965 et
3177 913 3451 968 constituit
3487 929 3611 971 eum

2029 991 2258 1056 titulum,
2288 1002 2343 1049 et
2371 995 2600 1065 perfudit
2640 998 2787 1053 illum
2814 1000 2967 1069 oleo,
2999 1014 3115 1057 non
3140 1004 3338 1075 aliquid
3380 1007 3608 1063 idolola-

2029 1082 2143 1137 triae
2183 1083 2357 1140 simile
2393 1086 2546 1152 fecit;
2592 1103 2697 1144 non
2740 1090 2882 1145 enim
2914 1093 3001 1148 vel
3030 1102 3155 1150 tunc
3181 1098 3265 1151 vel
3297 1106 3474 1167 postea
3500 1097 3611 1155 fre-

2026 1174 2300 1243 quentavit
2326 1177 2554 1248 lapidem
2583 1172 2875 1247 adorando,
2909 1184 2991 1238 vel
3016 1184 3065 1239 ei
3095 1187 3483 1244 sacriﬁcando:
3517 1188 3613 1245 sed

2024 1266 2234 1337 signum
2278 1268 2374 1324 fuit
2420 1271 2474 1325 in
2514 1272 2789 1343 prophetia
2820 1276 3219 1333 evidentissima
3244 1281 3611 1350 constitutum,

2023 1372 2142 1427 quae
2173 1361 2405 1429 pertinet
2432 1362 2498 1417 ad
2537 1366 2843 1421 unctionem
2867 1407 2882 1434 ,
2930 1368 3072 1425 unde
3110 1369 3309 1427 Christi
3350 1387 3544 1430 nomen
3580 1387 3610 1429 a

2022 1449 2309 1509 chrismate
2332 1462 2435 1509 est.

2094 1544 2358 1623 LXXXV.
2378 1548 2475 1623 [1b.
2490 1567 2683 1617 xxvtn,
2708 1551 2822 1627 19.]
2843 1552 2911 1608 Et
2934 1556 3125 1610 uocauit
3141 1555 3302 1611 Jacob
3317 1558 3497 1613 nomen
3516 1558 3614 1615 loci

2017 1636 2157 1694 illius
2177 1638 2371 1696 Domus
2396 1640 2515 1710 Dei,
2538 1652 2583 1697 et
2616 1642 2913 1700 Ulammaus
2937 1658 3043 1701 erat
3072 1664 3249 1702 nomen
3270 1649 3456 1703 civitati
3473 1657 3609 1709 ante.

2016 1728 2173 1785 Juxta
2193 1732 2459 1789 civitatem
2487 1734 2749 1793 dormisse
2774 1739 2817 1794 si
2849 1739 3190 1811 intelligatur,
3222 1740 3363 1795 nulla
3386 1743 3611 1811 quaestio

2015 1831 2126 1891 est;
2156 1825 2201 1879 si
2225 1834 2405 1882 autem
2429 1830 2479 1882 in
2508 1830 2722 1887 civitate
2741 1873 2756 1899 ,
2788 1833 2981 1887 mirum
3006 1833 3211 1889 videtur
3227 1836 3493 1905 quomodo
3514 1851 3611 1905 po-

2016 1918 2179 1973 tuerit
2224 1920 2371 1974 illum
2420 1922 2627 1978 titulum
2673 1926 3016 1982 constituere.
3060 1926 3209 1993 Quod
3250 1937 3425 1984 autem
3467 1930 3609 1984 vovit

2012 2017 2194 2064 votum
2218 2011 2262 2065 si
2285 2025 2410 2081 pros
2418 2023 2692 2083 perat-etur
2708 2016 2883 2071 eundo
2899 2026 2951 2070 et
2965 2017 3254 2081 redeundo,
3271 2017 3608 2090 decimasque

2012 2100 2259 2170 promisit
2288 2102 2469 2159 domui
2501 2104 2599 2161 Dei
2638 2105 2825 2161 futurae
2856 2107 2907 2161 in
2937 2108 3056 2162 loco
3082 2095 3193 2173 illo,
3227 2108 3502 2180 prophetia
3527 2118 3608 2165 est

2012 2193 2204 2248 domus
2240 2194 2355 2260 Dei,
2389 2196 2476 2251 ubi
2514 2205 2570 2251 et
2606 2196 2720 2267 ipse
2744 2198 2959 2254 rediens
2982 2201 3090 2255 Deo
3128 2202 3470 2267 sacriﬁcavit;
3501 2215 3605 2256 non

2010 2283 2160 2338 illum
2202 2285 2435 2355 lapidem
2467 2287 2634 2343 Deum
2665 2290 2959 2360 appellans,
3012 2291 3107 2347 sed
3149 2291 3364 2348 domum
3405 2293 3521 2361 Dei,
3551 2292 3604 2349 id

2009 2384 2110 2441 est,
2142 2377 2262 2446 quia
2287 2378 2337 2431 in
2361 2378 2452 2433 illo
2479 2380 2599 2434 loco
2630 2379 2801 2435 futura
2828 2390 2943 2437 erat
2962 2382 3152 2437 domus
3182 2384 3296 2439 Dei.

2082 2466 2368 2523 LXXXVI.
2390 2468 2651 2541 [1b.xx1x,
2669 2470 2781 2543 10.]
2795 2472 2946 2540 Quod
2969 2475 3114 2528 venit
3136 2475 3336 2530 Rachel
3350 2491 3470 2531 cum
3500 2475 3602 2531 ovi-

2006 2557 2106 2612 bus
2133 2560 2297 2628 patris
2324 2562 2427 2625 sui,
2472 2572 2527 2617 et
2567 2562 2695 2617 dicit
2735 2562 3006 2633 Scriptura
3047 2565 3336 2635 quodcum
3375 2567 3600 2624 vidisset

2007 2650 2171 2707 Jacoh
2190 2651 2389 2709 Rachel
2416 2652 2575 2708 ﬁliam
2604 2654 2782 2710 Laban
2810 2656 2985 2710 fratris
3013 2657 3201 2713 matris
3221 2673 3352 2725 suae,
3373 2661 3601 2715 accessit

2005 2752 2060 2798 et
2102 2746 2327 2801 revolvit
2372 2747 2602 2817 lapidem
2642 2748 2708 2802 ab
2746 2764 2839 2804 ore
2882 2750 3058 2819 putei;
3102 2751 3269 2820 magis
3313 2752 3599 2807 notandum

2004 2845 2105 2902 est,
2138 2837 2334 2908 aliquid
2358 2838 2685 2909 Scripturam
2712 2842 3120 2910 praetermittere
3142 2842 3281 2912 quod
3307 2843 3601 2912 intelligere

2002 2926 2280 2993 debemus,
2314 2946 2471 2999 quam
2512 2932 2615 2987 ulla
2666 2932 2888 3001 quiestio
2934 2933 3337 2988 commovenda.
3396 2934 3600 2990 Intelli-

2002 3020 2145 3090 gitur
2173 3023 2317 3076 enim
2345 3022 2486 3092 quod
2528 3023 2642 3091 illi,
2671 3038 2790 3078 cum
2839 3025 3029 3095 quibus
3076 3027 3247 3095 primo
3286 3027 3601 3097 loquebatur

1999 3114 2185 3182 Jacob,
2210 3116 2519 3187 interrogati
2545 3132 2664 3188 qua:
2683 3126 2826 3173 esset
2844 3134 2962 3188 qua:
2984 3119 3231 3175 veniebat
3244 3136 3366 3176 cum
3385 3121 3594 3186 ovibus,

2000 3205 2102 3277 ipSt
2145 3206 2397 3263 dixerunt
2434 3209 2596 3263 filiam
2636 3224 2755 3265 esse
2793 3210 2994 3277 Laban,
3022 3227 3182 3282 quam
3222 3214 3405 3283 utique
3433 3212 3598 3269 Iacob

1998 3316 2106 3357 non
2148 3311 2404 3368 noverat;
2451 3302 2547 3359 sed
2593 3303 2735 3358 illius
2778 3304 3245 3375 interrogationem
3285 3306 3595 3376 responsio-

1998 3408 2229 3464 nemque
2274 3394 2520 3461 illorum,
2567 3392 2842 3465 Scriptura
2884 3397 3329 3466 praetermittens,
3374 3396 3593 3468 intelligi

1995 3484 2185 3541 voluit.

2067 3577 2377 3635 LXXXVII.
2408 3578 2506 3653 [11).
2538 3596 2693 3647 xmx,
2725 3580 2811 3649 11,
2844 3578 2956 3652 12.]
2981 3579 3143 3651 :Quod
3182 3579 3437 3651 scriptum
3476 3587 3587 3649 est,

1999 3669 2270 3726 Osculatus
2290 3680 2363 3724 est
2382 3669 2542 3726 Iacob
2571 3671 2786 3737 Rachel,
2813 3680 2858 3725 et
2878 3672 3167 3727 exclamans
3178 3688 3297 3726 voce
3310 3688 3403 3726 sua
3416 3672 3592 3743 flevit;

1994 3768 2042 3815 et
2070 3760 2311 3815 indicavit
2336 3760 2381 3813 ei
2410 3761 2528 3829 quia
2551 3763 2711 3832 frater
2730 3770 2802 3815 est
2828 3762 2957 3831 ejus,
2987 3770 3032 3814 et
3051 3761 3171 3831 quia
3195 3761 3333 3831 ﬁlius
3355 3761 3590 3817 Rebecca:

1993 3860 2083 3908 est.
2115 3852 2530 3908 Consuetudinis
2556 3853 2771 3922 quidem
2801 3852 2916 3915 fuit,
2935 3853 3171 3908 maxime
3190 3853 3242 3907 in
3270 3853 3358 3909 illa
3379 3854 3587 3923 simpli-

1991 3944 2153 4000 citate
2180 3944 2553 4014 antiquorum,
2598 3953 2655 3999 ut
2695 3945 2974 4015 propinqui
3014 3947 3338 4017 pr0pinquas
3375 3948 3587 4003 oscula-

1990 4044 2197 4103 rentur,
2219 4042 2272 4090 et
2298 4035 2399 4090 hoc
2426 4035 2584 4091 hodie
2613 4037 2671 4091 Iit
2694 4036 2744 4090 in
2775 4037 2953 4091 multis
2981 4037 3110 4092 locis
3134 4056 3147 4092 :
3171 4038 3262 4093 sed
3285 4039 3451 4109 quaeri
3479 4053 3578 4109 po-

1990 4137 2094 4185 test
2119 4128 2386 4199 quomodo
2421 4128 2487 4183 ab
2515 4128 2782 4200 incognito
2808 4130 2893 4185 illa
2932 4131 3170 4186 osculum
3212 4133 3497 4202 acceperit,
3527 4134 3579 4189 si

1990 4230 2174 4292 postea
2206 4220 2457 4275 iudicavit
2477 4220 2642 4276 Jacoh
2669 4222 3108 4291 pr0piuquitatem
3125 4238 3298 4277 suam.
3322 4225 3461 4293 Ergo
3497 4223 3583 4278 in-

1990 4311 2331 4382 telligendum
2373 4321 2453 4367 est
2475 4353 2487 4376 ,
2517 4321 2607 4365 aut
2638 4312 2784 4365 illum
2817 4313 2903 4382 qui
2928 4312 3037 4382 jam
3079 4313 3322 4370 audierat
3346 4330 3465 4385 quae
3495 4313 3582 4369 illa

1990 4413 2168 4469 esset,
2206 4403 2432 4459 ﬁdenter
2461 4404 2514 4458 in
2548 4403 2664 4473 ejus
2708 4404 2948 4458 osculum
2986 4402 3237 4471 irruisse;
3268 4412 3359 4459 aut
3399 4412 3582 4474 postea

1989 4495 2315 4566 Scripturam
2344 4509 2589 4551 narrasse
2613 4510 2712 4565 per
2734 4494 3225 4563 recapitulationem
3248 4494 3388 4565 quod
3411 4495 3581 4565 primo

1987 4588 2185 4645 factum
2213 4598 2348 4651 erat,
2372 4586 2424 4641 id
2454 4595 2555 4654 est,
2588 4585 2728 4656 quod
2755 4584 3065 4641 indicaverit
3087 4586 3252 4642 Iacob
3274 4588 3393 4657 quis
3410 4595 3574 4643 esset.

1986 4680 2209 4738 Sicutde
2227 4679 2471 4751 paradiso
2484 4690 2667 4750 postea
2685 4678 2895 4746 dicitur,
2916 4680 3180 4750 quomodo
3197 4680 3338 4735 Deus
3361 4696 3482 4737 eum
3502 4682 3580 4737 in-

1986 4773 2245 4838 stituerit,
2288 4787 2407 4826 eum
2429 4772 2540 4841 jam
2570 4770 2771 4827 dictum
2805 4782 2946 4828 esset
2971 4772 3112 4844 quod
3157 4774 3411 4843 plantavit
3441 4774 3580 4831 Deus

1986 4864 2291 4937 paradisum
2309 4906 2324 4931 ,
2355 4872 2409 4919 et
2434 4863 2667 4933 posuerit
2695 4864 2804 4919 illic
2830 4863 3097 4921 hominem
3125 4881 3283 4935 quem
3314 4865 3577 4921 ﬁnxerat:

1985 4967 2041 5013 et
2061 4956 2225 5012 multa
2254 4955 2355 5010 alia
2387 4971 2482 5025 per
2508 4955 2997 5027 recapitulationem
3028 4956 3167 5012 dicta
3192 4956 3575 5026 intelliguntur.

2055 5046 2386 5102 LXXXVIII.
2416 5045 2516 5119 [11).
2540 5062 2702 5115 xxix,
2743 5046 2858 5119 20.]
2886 5047 3037 5115 Quod
3064 5048 3318 5119 scriptum
3363 5054 3464 5114 est,
3512 5046 3580 5100 Et

1985 5138 2181 5193 servivit
2215 5137 2363 5192 Iacob
2394 5154 2487 5209 pro
2516 5137 2715 5192 Rachel
2735 5139 2879 5193 annis
2908 5147 3132 5208 septem;
3152 5147 3201 5193 et
3219 5147 3357 5192 erant
3380 5139 3434 5191 in
3456 5152 3569 5192 eon-

1983 5241 2157 5301 spectu
2186 5249 2295 5301 qus
2336 5232 2468 5285 velut
2508 5232 2657 5301 pauci
2686 5231 2793 5287 dies
2815 5274 2830 5299 ,
2874 5248 2933 5285 eo
2971 5232 3107 5302 quod
3138 5231 3376 5302 diligebat
3410 5230 3575 5299 illam,

1986 5323 2333 5394 quaerendum
2363 5323 2631 5393 quomodo
2660 5322 2859 5377 dictum
2906 5324 3008 5388 sit,
3057 5338 3177 5377 cum
3218 5322 3385 5393 magis
3413 5322 3576 5378 etiam

1983 5416 2148 5471 breve
2178 5423 2386 5485 tempus
2417 5414 2631 5484 longum
2667 5428 2787 5469 esse
2814 5414 2983 5469 soleat
3021 5413 3337 5468 amantibus.
3368 5413 3576 5469 Dictum

1984 5516 2066 5562 est
2101 5521 2229 5578 ergo
2270 5514 2486 5577 pr0pter
2515 5505 2749 5562 laborem
2778 5505 3065 5572 servitutis,
3093 5520 3251 5575 quem
3280 5503 3493 5561 facilem
3520 5514 3576 5562 et

1987 5599 2157 5652 levem
2188 5612 2338 5650 amor
2371 5594 2617 5651 faciebat.

2055 5688 2344 5743 LXXXIX.
2369 5686 2464 5761 [11).
2486 5703 2639 5753 χχιχ,
2661 5685 2873 5759 27-31.]
2891 5686 2945 5741 Si
2968 5702 3149 5757 parum
3171 5687 3476 5743 advertatur
3495 5687 3575 5744 rei

1984 5781 2140 5850 hujus
2176 5781 2405 5835 narratio
2426 5821 2440 5846 ,
2472 5779 2740 5850 potabitur
2763 5778 2901 5849 quod
2944 5787 3280 5850 posteaquam
3309 5778 3457 5834 Liam
3481 5777 3575 5834 Ja-

1972 5874 2084 5931 ‘cob
2105 5872 2252 5929 duxit
2284 5887 2525 5942 uxorem,
2558 5871 2747 5927 deinde
2777 5872 2996 5930 servivit
3022 5872 3155 5930 alios
3178 5880 3381 5949 septem
3401 5882 3575 5941 anno.
