4094 6460
564 386 666 446 8⁸11

563 522 664 579 pro
687 505 908 576 Rachel,-
929 513 1138 568 ettune
1157 520 1278 566 eant
1305 503 1475 564 duxit.
1508 504 1704 562 Verum
1729 511 1906 559 autem
1941 516 2047 557 non
2078 501 2148 558 ita

564 612 669 669 est,
697 600 792 658 sed
816 600 996 658 Labda
1020 603 1070 660 ei
1095 601 1249 669 dixit,
1271 600 1577 656 Consumma
1596 600 1766 670 itaque
1783 598 2117 669 septimanam
2132 597 2150 629 ι

564 695 744 762 istius,
788 704 836 750 et
875 695 1003 750 dabo
1032 695 1121 750 tibi
1153 705 1201 750 et
1229 695 1359 750 hanc
1387 710 1480 765 pro
1520 709 1670 766 opere
1698 692 1833 764 quod
1868 691 2152 765 operaberis

562 787 705 857 apud
731 803 812 844 me
836 787 1004 844 adhuc
1039 798 1230 858 septem
1262 801 1423 844 annos
1457 785 1604 843 alios.
1649 785 1803 855 Quod
1842 786 2020 856 itaque
2055 786 2149 852 ait,

561 877 870 939 Const-Ima
895 881 1228 952 septimanam
1264 881 1408 936 istius
1426 921 1442 948 ,
1476 880 1544 936 ad
1575 881 1877 951 nuptiarum
1907 879 2149 936 celebra-

561 974 766 1032 tionem
797 975 1042 1045 pertinet,
1075 991 1195 1046 qum
1221 984 1426 1045 septem
1453 974 1640 1030 diebus
1665 975 1920 1030 celebrari
1955 973 2147 1030 solent.

561 1067 677 1124 Hoc
695 1067 872 1138 itaque
893 1068 986 1135 ait,
1009 1067 1174 1137 Imple
1192 1068 1307 1122 dies
1329 1068 1627 1137 nuptiarum
1651 1076 1852 1138 septem
1883 1066 2152 1137 pertinen-

563 1168 645 1216 tes
668 1158 736 1215 ad
771 1159 928 1214 istam
953 1175 1110 1230 quam
1139 1159 1359 1226 duxisti,
1393 1169 1446 1214 et
1475 1159 1615 1214 dabo
1643 1159 1738 1213 tibi
1780 1168 1835 1214 et
1879 1157 2016 1214 hanc
2051 1171 2149 1229 pro

557 1265 626 1308 eo
643 1249 788 1322 quod
805 1250 1111 1321 cperaberis
1131 1251 1266 1320 apud
1290 1267 1377 1307 me
1396 1250 1572 1306 adhuc
1583 1259 1785 1321 septem
1803 1265 1971 1304 annos
1990 1249 2145 1304 alios.

557 1340 761 1399 Deinde
775 1343 1034 1413 sequitur,
1053 1341 1365 1396 Fecitautem
1379 1341 1543 1396 Iacob
1562 1342 1655 1409 sic,
1678 1352 1726 1395 et
1747 1341 1968 1411 impleuit
1994 1341 2149 1412 septi-

555 1451 761 1490 manam
776 1436 906 1506 ejus,
929 1434 982 1491 id
1005 1445 1105 1501 est,
1122 1446 1324 1506 septem
1351 1435 1465 1492 dies
1483 1436 1780 1506 nuptiarum
1799 1435 1928 1500 Lia,
1945 1444 1990 1488 et
2011 1435 2148 1489 dedit

551 1526 632 1583 illi
667 1525 846 1582 Labatt
879 1527 1074 1582 Rachel
1111 1527 1270 1596 filiam
1297 1541 1440 1584 suam
1465 1527 1565 1598 ipsi
1593 1543 1820 1582 uxorem.
1855 1525 2008 1581 Dedit
2047 1543 2145 1580 au-

553 1625 655 1673 tem
691 1617 866 1673 Labant
908 1617 1103 1674 Rachel
1127 1619 1249 1688 ﬁliai
1273 1634 1378 1673 sua:
1395 1617 1600 1673 Ballam
1616 1620 1636 1650 '
1661 1619 1900 1673 ancillam
1929 1635 2074 1673 suam
2099 1618 2148 1673 ei

549 1708 830 1776 ancillam,
859 1719 906 1765 et
931 1709 1136 1766 intravit
1170 1709 1238 1764 ad
1274 1709 1486 1765 Rachel.
1524 1708 1715 1764 Dilecit
1753 1721 1921 1764 autem
1953 1709 2147 1764 Rachel

552 1802 716 1872 magis
753 1817 906 1871 quam
944 1800 1092 1856 Liam
1113 1843 1130 1870 ,
1157 1812 1203 1857 et
1243 1802 1440 1858 servivit
1477 1802 1555 1857 illi
1592 1812 1777 1874 septem
1805 1819 1965 1858 annos
1993 1803 2140 1857 alios.

559 1893 747 1965 Utique
775 1904 996 1966 apparet
1037 1895 1161 1966 quia
1191 1904 1534 1966 posteaquam
1561 1895 1710 1950 duxit
1750 1895 1972 1962 Rachel,
2019 1905 2143 1951 tunc

551 1985 775 2041 servivit
798 2001 894 2056 pro
914 2001 977 2043 ea
1005 1994 1210 2056 septem
1235 2002 1402 2042 anuos
1422 1987 1576 2042 alios.
1598 1987 1767 2042 Nimis
1785 1989 1924 2042 enim
1949 1987 2142 2042 durum

553 2085 612 2133 et
645 2077 800 2134 valde
842 2078 1078 2149 iniquum
1122 2077 1240 2146 fuit,
1282 2087 1339 2134 ut
1377 2079 1662 2149 deceptum
1696 2080 1871 2134 adhuc
1906 2079 2144 2134 differret

551 2168 686 2224 alios
708 2184 878 2225 annos
897 2178 1123 2239 septem,
1145 2179 1199 2226 et
1224 2180 1349 2227 tunc
1369 2185 1488 2226 eam
1521 2171 1750 2226 traderet
1781 2185 1938 2242 quam
1970 2173 2142 2243 primo

551 2259 756 2318 debuit.
776 2261 989 2331 Septem
1006 2271 1182 2317 autem
1211 2261 1399 2319 diebus
1427 2263 1600 2318 solere
1625 2263 1835 2332 nuptias
1856 2263 2136 2331 celebrari,

553 2350 719 2406 etiam
742 2352 877 2408 liber
900 2352 1145 2408 Iudicum
1167 2353 1401 2410 ostendit
1421 2353 1475 2409 in
1505 2354 1752 2419 Samson,
1783 2355 1994 2424 quando
2013 2355 2140 2412 fecit

549 2448 735 2512 potum
753 2441 774 2474 ³
803 2452 1009 2513 septem
1033 2444 1218 2500 diebus
1241 2444 1390 2516 (Jud.
1412 2460 1529 2512 xlv,
1549 2446 1657 2516 10).
1683 2446 1750 2502 Ει
1769 2446 1970 2502 addidit
1989 2446 2138 2504 Scri-

554 2542 709 2605 ptura
729 2575 746 2602 ,
781 2537 921 2607 quod
949 2537 1027 2594 sic
1053 2539 1289 2594 solerent
1315 2537 1493 2596 facere
1513 2539 1739 2611 juvenes
1767 2557 1780 2594 :
1812 2541 1936 2598 fecit
1958 2549 2136 2598 autem

550 2625 655 2683 hoc
700 2639 919 2700 propter
940 2632 1152 2702 nuptias
1177 2647 1322 2690 suas.

622 2719 734 2776 XC.
762 2721 861 2794 [lb.
891 2738 1026 2789 xxx,
1071 2725 1125 2793 5,
1155 2722 1234 2798 9.]
1277 2725 1393 2782 Non
1436 2726 1590 2784 facile
1625 2727 1972 2800 dignoscitur,
2003 2746 2136 2802 quas

541 2812 870 2871 concubinas
898 2817 1130 2886 appellet
1163 2816 1456 2890 Scriptura,
1480 2835 1612 2891 quas
1641 2836 1868 2889 uxores;
1897 2824 2139 2894 quando-

549 2902 765 2972 quidem
791 2913 847 2961 et
868 2906 1012 2978 Agar
1039 2908 1178 2963 dicta
1217 2917 1300 2965 est
1341 2926 1519 2978 uxor,
1560 2927 1678 2981 qua:
1717 2921 1899 2982 postea
1941 2913 2138 2970 dicitur

547 2996 871 3066 concubina,
894 3007 949 3054 et
969 2998 1199 3055 Cethura
1230 3000 1395 3074 (Gens
1415 3018 1525 3070 xvi,
1555 3005 1608 3072 5,
1634 3015 1681 3058 et
1708 3021 1842 3072 xxv,
1875 3007 1901 3061 I
1928 3045 1942 3072 ,
1976 3007 2054 3080 6),
2083 3017 2136 3065 et

547 3090 762 3146 armillas
784 3107 918 3161 quas
935 3093 1192 3150 dederunt
1213 3096 1413 3154 Rachel
1431 3106 1481 3153 et
1503 3098 1596 3152 Lia
1617 3100 1732 3154 viro
1750 3115 1847 3156 suo
1865 3100 1974 3173 (Id.
1993 3117 2132 3172 xxx,

541 3185 603 3254 3,
633 3185 686 3251 4,
713 3183 795 3256 9).
827 3184 938 3242 Nisi
961 3185 1098 3243 forte
1126 3187 1301 3244 omnis
1323 3190 1616 3246 concubina
1642 3206 1796 3260 uxor,
1825 3209 1930 3250 non
1955 3204 2134 3252 autem

543 3277 722 3333 crustis
762 3291 899 3332 uxor
929 3277 1223 3334 concubina
1263 3295 1414 3336 more
1449 3281 1702 3352 loquendi
1742 3283 2133 3355 Scripturarum

539 3367 878 3438 appellatur:
902 3367 954 3423 id
975 3378 1076 3436 est,
1099 3380 1157 3426 ut
1176 3370 1306 3427 Sara
1328 3380 1383 3427 et
1401 3371 1642 3428 Rebecca
1666 3382 1720 3430 et
1743 3374 1836 3430 Lia
1857 3382 1912 3430 et
1932 3375 2134 3432 Rachel

491 3519 494 3522 ,
545 3458 860 3515 concubinae
883 3459 986 3516 dici
1022 3476 1131 3516 non
1157 3461 1391 3532 possint;
1421 3463 1563 3534 Agar
1591 3481 1718 3521 vero
1740 3475 1790 3522 et
1821 3465 2054 3523 Cethura
2081 3479 2133 3525 et

546 3553 693 3609 Balla
715 3562 772 3610 et
795 3551 961 3621 Zelfa,
990 3565 1047 3610 et
1069 3565 1262 3612 uxores
1283 3564 1337 3614 et
1360 3559 1692 3614 concubinae.

598 3644 733 3701 XCI.
747 3644 968 3719 [Ib.xxx
978 3647 1024 3712 ,I
1036 3648 1056 3700 l
1069 3644 1112 3720 .]
1122 3647 1275 3717 Quod
1291 3648 1668 3721 latinijhabent,
1683 3659 1808 3707 nato
1821 3652 1932 3708 filio
1944 3651 2134 3710 Liade

535 3735 704 3804 Zelfa,
723 3737 865 3808 quod
887 3737 1101 3807 dixerit,
1120 3738 1276 3794 Beata
1289 3740 1374 3796 vel
1390 3739 1542 3797 Felix
1563 3743 1698 3812 facta
1718 3759 1848 3810 sum,
1869 3744 2028 3816 grasci
2046 3743 2134 3801 ha-

543 3827 692 3896 bent,
721 3833 920 3900 σῦτὺχη,
951 3830 1093 3900 quod
1125 3833 1298 3904 magis
1322 3832 1516 3888 bonam
1552 3834 1812 3890 fortunam
1846 3837 2128 3907 significat.

538 3918 692 3978 Unde
709 3920 921 3978 videtur
933 3923 1143 3978 occasio
1158 3939 1264 3980 non
1282 3924 1417 3981 bene
1433 3925 1846 3997 intelligentibus
1859 3927 1993 3995 dari,
2015 3937 2134 3982 tan-

541 4028 702 4085 quam
729 4013 806 4070 illi
827 4014 1071 4071 homines
1085 4014 1346 4072 fortunam
1367 4017 1646 4086 coluerint,
1665 4028 1758 4074 aut
1783 4018 1884 4076 hoc
1909 4022 2129 4077 verbum

536 4104 836 4160 divinarum
845 4104 1238 4176 Scripturarum
1250 4109 1538 4164 auctoritas
1553 4110 1602 4163 in
1617 4125 1712 4165 usu
1729 4113 2009 4181 receperit.
2023 4111 2128 4169 Sed

536 4206 630 4252 aut
656 4194 867 4253 fortuna
893 4198 1230 4270 intelligenda
1257 4209 1340 4256 est
1363 4216 1459 4272 pro
1483 4200 1568 4256 his
1593 4203 1755 4259 rebus
1776 4221 1894 4274 qua:
1915 4206 2129 4263 fortuito

537 4289 790 4346 videntur
811 4291 1074 4358 accidere,
1116 4308 1222 4349 non
1251 4294 1373 4364 quia
1413 4310 1608 4350 numen
1637 4297 1849 4368 aliquod
1875 4299 1964 4367 sit,
2004 4315 2127 4357 cum

537 4381 654 4437 haec
674 4382 786 4455 ipsa
823 4391 1000 4440 tamen
1025 4399 1144 4456 qua:
1173 4385 1382 4442 fortuita
1411 4388 1676 4457 videntur,
1705 4391 1879 4447 causis
1903 4394 2127 4452 occultis

535 4475 792 4531 dlvinitus
807 4476 1031 4543 dentu;
1063 4477 1203 4534 unde
1228 4479 1387 4535 etiam
1409 4479 1589 4548 verba,
1619 4495 1737 4552 qua:
1766 4498 1925 4540 nemo
1952 4493 2128 4556 potest

532 4567 753 4625 auferre
778 4584 808 4625 a
837 4571 1222 4627 consuetudine
1241 4570 1520 4642 loquendi,
1551 4583 1731 4644 parata
1755 4586 1912 4645 sunt,
1942 4577 1993 4634 id
2017 4587 2120 4648 est,

536 4660 694 4728 forte,
719 4670 775 4716 et
801 4661 1046 4729 fortasse,
1067 4672 1126 4718 et
1145 4662 1384 4732 forsitan,
1407 4673 1462 4720 et
1480 4665 1730 4734 fortuito;
1755 4668 1893 4726 unde
1916 4670 2124 4728 videtur

533 4761 590 4808 et
624 4753 678 4808 in
702 4768 873 4825 graica
901 4755 1077 4827 lingua
1107 4770 1378 4831 resonare,
1407 4757 1551 4829 quod
1579 4759 1762 4816 dicunt
1787 4768 1936 4832 τάχα,
1976 4764 2122 4822 velut

539 4844 610 4900 alt
626 4859 693 4900 eo
706 4845 850 4918 quod
859 4856 944 4902 est
961 4854 1085 4917 τΰχη
1107 4865 1122 4904 :
1143 4859 1234 4904 aut
1248 4849 1392 4906 certe
1412 4849 1502 4905 Lia
1533 4861 1808 4923 propterea
1840 4855 1920 4912 sic
1945 4856 2119 4915 locuta

533 4944 638 5002 est,
667 4936 809 5008 quod
836 4937 1010 4994 adhuc
1036 4941 1343 5010 gentilitatis
1368 4943 1810 5000 consuetudinem
1832 4947 2116 5004 retinebat.

533 5031 647 5088 Non
685 5034 827 5088 enim
870 5032 973 5089 hoc
997 5033 1162 5091 Iacob
1177 5033 1330 5102 dixit,
1353 5043 1412 5092 ut
1444 5051 1509 5091 ex
1535 5035 1638 5094 hoc
1658 5037 1782 5094 data
1810 5037 1932 5096 huic
1953 5041 2120 5100 verbo

534 5131 750 5197 putetur
767 5128 1074 5184 auctoritas.
2024 5150 2026 5153 '

605 5216 765 5275 XCII.
797 5215 898 5293 [|h.
927 5233 1059 5287 xxx,
1083 5218 1200 5292 50.]
1235 5219 1385 5289 Quod
1409 5219 1573 5277 Iacob
1595 5221 1744 5292 dicit,
1773 5221 1844 5278 Et
1868 5223 2118 5284 beneth

532 5319 582 5370 te
610 5311 862 5369 Dominus
885 5313 939 5368 in
967 5314 1092 5384 pede
1114 5329 1261 5379 meo;
1289 5313 1419 5369 satis
1447 5313 1804 5371 adrertendus
1833 5325 1916 5374 est
1941 5328 1995 5375 et
2019 5335 2118 5377 no-

529 5406 724 5463 tandus
747 5405 1140 5477 Scriptumum
1161 5421 1369 5473 sensus,
1397 5423 1465 5463 ne
1488 5422 1608 5464 cum
1630 5409 1703 5466 ita
1726 5411 1950 5484 quisque
1968 5413 2118 5471 locu-

529 5506 748 5634 etingttss.
766 5527 946 5572 Novem
977 5526 1256 5572 constanter
1275 5521 1485 5584 habent,
1505 5521 1724 5590 septima.
1745 5525 1818 5576 sic
1839 5527 1986 5578 etiam
2009 5535 2112 5581 Am.

593 5648 615 5678 ί
637 5652 689 5696 tn
703 5643 866 5720 editis,
884 5643 1067 5698 Balatu.
1091 5653 1148 5699 At
1167 5645 1218 5697 in
1237 5653 1342 5697 Mss.
1365 5659 1476 5698 cum
1497 5649 1693 5713 gemina
1713 5647 1750 5702 ll
1763 5650 1989 5703 scribitur
2008 5652 2117 5706 Bal-

529 5705 646 5768 lam,
669 5714 724 5758 ut
740 5707 790 5757 in
811 5705 988 5771 graeco.
1498 5705 1527 5713 '

527 5772 770 5853 gf}???
788 5769 1306 5853 WLP'YBR
1313 5778 1547 5853 ΡὲίεΑίξΞ·
1571 5779 1749 5853 θέε-⁸⁸.
1767 5779 1897 5853 Ξίεὲτν
1919 5781 2115 5853 PRMB;

660 5847 761 5905 vox
793 5841 1018 5905 usurpata
1041 5840 1120 5905 est
1147 5834 1368 5905 eleibro
1400 5834 1577 5902 ludia,
1597 5849 1705 5903 cap.
1729 5835 1818 5902 14,
1841 5834 1894 5891 V.
1920 5834 2010 5905 10,
2028 5834 2112 5894 ubi

524 5892 1317 5962 ωνθαθωηςέροδέεθρααι.

1345 381 1812 455 QUESTIONUM
1847 382 1904 438 S.
1944 377 2309 438 AUGUSTINI
2350 380 2416 437 IN
2454 379 3012 441 IIEPTATEUCHUM

3741 387 3856 446 572

2261 506 2346 555 tus
2374 499 2552 570 fuerit,
2585 502 3011 575 quasi-augurari
3037 501 3297 562 videatur.
3331 503 3551 562 Multum
3577 504 3724 562 enim
3761 505 3849 566 itt-

2260 600 2426 648 terest
2446 594 2589 664 quod
2616 594 2829 665 adjecit,
2858 594 3124 653 Benedixit
3143 607 3192 652 te
3213 596 3463 654 Dominus
3485 597 3539 652 in
3559 597 3687 669 pede
3703 612 3848 656 meo:

2259 683 2312 739 in
2360 685 2600 756 ingressu
2647 688 2790 745 enim
2828 704 2950 746 meo
2988 689 3159 746 voluit
3185 691 3444 763 intelligi,
3485 691 3686 763 gratias
3721 688 3850 748 hinc

2257 793 2421 851 agens
2447 782 2557 838 Deo

2331 873 2510 932 XClll.
2541 875 2640 950 [1b.
2655 892 2784 943 xxx,
2814 878 2905 946 57,
2932 873 3048 950 ιλ]
3076 875 3134 932 In
3167 877 3302 932 facto
3325 877 3491 934 Iacob
3517 891 3641 934 cum
3670 875 3852 947 virgas

2255 971 2600 1026 excorticavit
2621 1012 2635 1037 ,
2667 970 2954 1028 detrahens
2978 971 3148 1028 viride
3166 1013 3181 1037 ,
3210 980 3269 1026 ut
3295 971 3474 1026 album
3514 971 3661 1027 varie
3685 985 3853 1040 appa-

2256 1071 2421 1129 reret,
2453 1070 2508 1118 et
2541 1063 2619 1118 sic
2650 1061 2702 1118 in
2732 1071 2995 1134 conceptu
3020 1061 3161 1120 fetus
3186 1079 3436 1134 pecorum
3475 1064 3846 1128 variarentur,

2254 1167 2376 1209 cum
2401 1163 2598 1210 matres
2627 1155 2680 1210 in
2709 1155 2872 1211 alveis
2895 1171 3151 1225 aquarum
3171 1155 3432 1222 biberent,
3461 1164 3512 1210 et
3531 1155 3660 1210 visis
3683 1154 3848 1224 virgis

2255 1245 2399 1300 illam
2424 1247 2734 1302 varietatem
2760 1248 3164 1318 conSpicerent;
3195 1248 3354 1302 multa
3382 1247 3630 1304 dicuntur
3648 1247 3844 1302 simili-

2255 1337 2376 1393 liter
2397 1337 2514 1394 fieri
2539 1339 2592 1394 in
2620 1338 2928 1395 animalium
2963 1339 3155 1395 fetibus
3187 1339 3323 1396 :sed
3357 1348 3410 1395 et
3451 1338 3659 1394 mulieri
3700 1337 3847 1392 acci-

2253 1429 2396 1486 disse
2419 1432 2661 1500 traditur,
2681 1442 2734 1488 et
2758 1434 3013 1502 scriptum
3035 1433 3300 1502 reperitur
3325 1432 3377 1488 in
3407 1431 3555 1487 libris
3577 1429 3844 1501 antiquis.

2252 1521 2372 1578 simi
2398 1530 2453 1579 et
2475 1524 2761 1593 pertissimi
2781 1524 2970 1580 medici
2990 1523 3347 1594 Hippocratis,
3369 1522 3509 1594 quod
3535 1522 3844 1594 suspicione

2250 1614 2499 1672 adulterii
2549 1616 2722 1674 fuerat
2764 1618 3051 1688 punienda,
3101 1633 3222 1673 cum
3270 1633 3492 1689 puerum
3544 1617 3845 1687 pulcherrio

2250 1723 2394 1762 mum
2420 1711 2711 1780 peperisset
2737 1712 2944 1782 utrique
2967 1711 3174 1782 parenti
3194 1711 3482 1783 generique
3501 1711 3839 1778 dissimilem,

2248 1801 2350 1858 nisi
2389 1814 2715 1860 memoratus
2755 1805 2994 1861 medicus
3022 1804 3268 1859 solvisset
3313 1804 3684 1874 quaestionem,
3737 1802 3844 1857 illis

2247 1894 2532 1950 admonitis
2560 1911 2802 1967 quaerere
2833 1913 2899 1951 ne
2932 1896 3068 1951 forte
3109 1894 3284 1967 aliqua
3317 1895 3437 1949 talis
3467 1895 3671 1964 pictura
3699 1901 3844 1948 esset

2248 1985 2301 2042 in
2330 1987 2608 2053 cubiculo;
2640 2003 2744 2058 qua
2766 1988 2978 2043 inventa
3004 1988 3195 2042 mulier
3226 2003 3257 2042 a
3287 1985 3588 2058 suspicione
3616 1985 3853 2064 liberata.

2246 2087 2349 2134 est.
2379 2078 2484 2134 Sed
2515 2078 2581 2133 ad
2613 2079 2748 2134 hanc
2773 2095 2887 2134 rem
2914 2095 3072 2150 quam
3099 2077 3225 2134 fecit
3255 2077 3439 2143 Iacob,
3480 2079 3748 2148 virgarum
3775 2093 3843 2132 ex

2247 2170 2472 2226 diversis
2500 2171 2782 2226 arboribus
2809 2171 2966 2227 trium
2987 2170 3252 2242 copulatio
3276 2167 3404 2240 quid
3429 2169 3713 2225 contulerit
3739 2169 3833 2223 uti-

2247 2263 2390 2329 tatis,
2420 2263 2563 2333 quod
2611 2263 2803 2318 attinet
2845 2262 2912 2317 ad
2937 2263 3113 2317 varias
3139 2261 3368 2332 pecudes
3389 2259 3838 2331 multiplicandas,

2245 2370 2352 2410 non
2378 2365 2597 2426 apparet
2626 2356 2879 2422 omnino;
2923 2371 3022 2410 nec
3047 2354 3246 2424 aliquid
3273 2354 3342 2409 ad
3372 2353 3473 2409 hoc
3497 2353 3840 2408 commodum

2244 2445 2486 2515 interest,
2505 2456 2680 2502 utrum
2702 2462 2768 2502 ex
2792 2446 2950 2502 unius
2965 2447 3178 2517 generis
3199 2446 3340 2517 ligno
3359 2444 3630 2500 varientur
3651 2445 3838 2516 γίνεαι,

2241 2553 2310 2594 an
2360 2540 2510 2608 plura
2541 2540 2647 2595 sint
2694 2540 2955 2611 lignorum
2985 2554 3205 2610 genera,
3236 2553 3357 2594 cum
3404 2537 3516 2592 sola
3569 2545 3842 2608 queratur

2241 2630 2510 2702 lignorum
2531 2633 2796 2688 varietas:
2824 2646 2888 2687 ac
2926 2646 3021 2702 per
3059 2631 3162 2686 hoc
3201 2629 3344 2701 cogit
3379 2627 3571 2699 inquiri
3605 2626 3842 2700 prophe-

2243 2723 2390 2790 tiam,
2427 2733 2481 2779 et
2515 2724 2750 2796 aliquam
2789 2724 3066 2794 figuratam
3098 2721 3537 2793 significationem
3576 2735 3667 2776 res
3710 2721 3836 2788 ista,

2237 2831 2400 2886 quam
2425 2816 2542 2871 sine
2569 2815 2730 2871 dubio
2758 2823 2815 2870 ut
2841 2814 3097 2886 propheta
3123 2811 3248 2870 fecit
3273 2813 3472 2880 Iacob;
3503 2820 3558 2868 et
3585 2812 3707 2868 ideo
3736 2827 3839 2869 uec

2240 2908 2442 2965 fraudis
2460 2909 2761 2980 arguendus
2784 2916 2889 2964 est.
2911 2907 3027 2963 Non
3056 2907 3199 2963 enim
3229 2907 3333 2962 tale
3357 2904 3576 2976 aliquid,
3613 2905 3712 2960 nisi
3746 2921 3858 2976 rer

2239 3001 2504 3057 velatlone
2525 3000 2805 3070 Spirituali,
2831 3015 2953 3056 eum
2982 2999 3171 3056 fecisse
3196 2997 3519 3054 credendum
3549 3005 3650 3053 est.
3681 2995 3838 3063 Quod

2238 3100 2417 3147 autem
2458 3091 2524 3146 ad
2560 3091 2818 3161 justitiam
2851 3090 3166 3162 pertinebat,
3214 3091 3352 3145 sicut
3377 3089 3466 3144 alii
3514 3088 3838 3158 interpretes
3951 3156 3963 3167 ι

2238 3185 2472 3256 apertius
2507 3184 2609 3240 hoc
2638 3192 2874 3250 narrant,
2915 3199 3020 3240 non
3047 3183 3277 3254 ponebat
3297 3182 3472 3252 virgas
3503 3180 3557 3238 in
3596 3178 3838 3237 secundo

2238 3286 2500 3348 conceptu
2535 3276 2716 3332 ovium
2744 3294 2756 3332 :
2803 3276 2946 3347 quod
2987 3283 3134 3332 tanto
3163 3275 3460 3342 obscurius,
3487 3283 3688 3345 quanto
3713 3273 3838 3330 brec

2239 3371 2354 3428 vius
2387 3386 2415 3424 a
2446 3369 2788 3442 Septuaginta
2820 3369 3016 3425 dictum
3045 3377 3159 3435 est,
3203 3366 3335 3434 Quia
3359 3383 3471 3421 cum
3501 3365 3832 3438 peperissent,

2235 3448 2339 3518 non
2365 3461 2610 3533 ponebat;
2639 3461 2780 3532 quod
2823 3459 3136 3532 intelligitur
3161 3475 3282 3514 cum
3325 3459 3552 3529 primum
3589 3457 3833 3528 peperis-

2237 3565 2394 3610 sent:
2426 3563 2482 3610 ut
2505 3554 2618 3624 jam
2646 3569 2748 3611 non
2775 3554 2950 3610 solere
2983 3566 3184 3624 ponere
3209 3551 3550 3622 intelligatur,
3584 3564 3706 3606 cum
3746 3563 3835 3628 se-

2235 3643 2411 3702 cundo
2439 3646 2686 3715 paritura:
2719 3653 2929 3712 essent,
2959 3658 3028 3700 ne
3052 3642 3166 3715 ipse
3191 3640 3428 3698 auferret
3451 3654 3640 3697 omnes
3667 3639 3830 3706 fetus,

2235 3738 2376 3809 quod
2409 3739 2646 3809 iniquum
2670 3739 2768 3794 fuit
2793 3738 2888 3810 (a).

2307 3829 2488 3887 XCIV.
2533 3831 2634 3906 [1b.
2667 3848 2820 3901 xxxr,
2865 3829 2980 3906 30.]
3027 3828 3180 3899 Quod
3222 3828 3403 3886 Laban
3446 3827 3606 3896 dicit,
3659 3827 3832 3894 Quare

2235 3929 2435 3997 furatus
2461 3941 2512 3981 es
2531 3926 2651 3982 deos
2680 3926 2857 3982 meos?
2886 3924 3012 3981 hinc
3043 3933 3129 3982 est
3168 3923 3299 3981 illud
3329 3922 3576 3992 fortasse,
3604 3921 3748 3995 quod
3773 3930 3830 3977 et

2231 4019 2480 4090 augurari
2519 4034 2580 4075 se
2605 4018 2834 4086 dixerat,
2863 4027 2918 4075 et
2938 4017 3055 4091 ejus
3078 4017 3182 4074 filia
3211 4017 3406 4073 bonam
3434 4016 3697 4072 fortunam
3723 4030 3828 4071 no-

2235 4109 2547 4167 minaverat.
2579 4110 2647 4166 Et
2678 4109 2972 4168 notandum
3016 4117 3121 4178 est,
3141 4109 3283 4182 quod
3326 4124 3354 4163 a
3401 4107 3662 4182 principio
3703 4106 3826 4162 libri

2234 4216 2375 4258 nunc
2399 4203 2629 4274 primum
2656 4201 2957 4257 invenimus
2987 4200 3117 4258 deos
3145 4199 3380 4272 gentium
3415 4218 3428 4255 :
3457 4197 3826 4270 superioribus

2230 4294 2428 4366 quippe
2454 4294 2744 4366 Scriptura:
2767 4293 2901 4349 locis
2930 4291 3097 4348 Deum
3120 4291 3484 4347 nominabant.
3831 4286 3833 4288 ’

2303 4385 2461 4444 XCV.
2494 4387 2596 4462 [1b.
2628 4403 2761 4444 xxxt
2781 4428 2797 4456 ,
2824 4387 2916 4454 41,
2947 4383 3026 4460 7.]
3053 4382 3191 4456 Quid
3217 4394 3298 4442 est
3329 4384 3469 4457 quod
3498 4383 3629 4440 dicit
3651 4375 3820 4440 Iacob

2229 4494 2418 4536 socero
2439 4495 2556 4545 suo,
2590 4477 2659 4534 Et
2684 4478 2924 4550 decepisti
2949 4479 3226 4535 mercedem
3250 4495 3411 4534 meam
3445 4477 3614 4533 decem
3656 4493 3821 4548 agna-
3845 4467 3896 4548 ἶ,

2231 4573 2361 4628 bus?
2391 4573 2500 4628 lloc
2527 4573 2670 4628 enim
2694 4571 2908 4645 quando
2933 4582 2988 4628 et
3019 4569 3288 4644 quomodo
3327 4568 3522 4646 factum
3549 4570 3636 4634 sit,
3667 4568 3824 4624 Serio
3883 4581 3892 4595 '-

2228 4669 2382 4738 ptura
2418 4681 2526 4723 non
2561 4676 2744 4724 narrat
2781 4683 2796 4721 :
2836 4663 2933 4722 sed
2976 4666 3161 4737 utique
3190 4661 3390 4721 factum
3437 4671 3519 4719 est
3547 4661 3687 4735 quod
3717 4662 3821 4719 iste

2227 4768 2641 4828 commemorat;
2666 4775 2788 4815 nam
2809 4758 2943 4814 dixit
2965 4757 3071 4828 hoc
3093 4766 3150 4815 et
3165 4757 3420 4814 uxoribus
3446 4756 3577 4824 suis,
3603 4753 3820 4827 quando

2224 4870 2318 4914 eas
2349 4856 2559 4914 vocavit
2595 4857 2648 4913 in
2672 4871 2942 4930 campum.
2991 4856 3339 4929 Conquereus
3380 4856 3522 4912 enim
3554 4854 3621 4911 de
3664 4863 3819 4926 patre

2225 4947 2459 5014 illarum,
2494 4949 2570 5004 ait
2598 4949 2738 5006 inter
2763 4956 2982 5018 caetera,
3017 4945 3080 5003 Et
3108 4947 3318 5019 mutarit
3347 4945 3619 5003 mercedem
3649 4963 3818 5000 meam
3881 4946 3919 5034 κ’

2223 5041 2394 5097 decem
2417 5058 2686 5114 agnorum.
2715 5042 3032 5115 lntelligitur
3055 5057 3184 5113 ergo
3211 5057 3305 5112 per
3343 5040 3546 5111 singula
3574 5050 3816 5112 tempora

2221 5143 2406 5205 partus
2433 5135 2635 5203 ovium,
2666 5149 2789 5190 cum
2815 5133 3022 5190 videret
3041 5132 3224 5190 Laban
3247 5133 3381 5188 tales
3407 5132 3546 5188 fetus
3571 5147 3691 5188 esse
3719 5147 3820 5186 na—

2222 5229 2326 5290 tos,
2351 5224 2534 5296 quales
2558 5225 2828 5296 placuerat
2854 5233 2913 5280 ut
2940 5223 3007 5280 ad
3023 5223 3189 5282 Iacob
3215 5225 3565 5297 pertinerent,
3599 5232 3815 5293 pactum

2221 5316 2409 5374 fraude
2439 5328 2696 5385 mutasse,
2729 5326 2785 5374 et
2813 5315 3012 5373 dixisse
3041 5323 3100 5372 ut
3124 5314 3302 5372 fttturo
3345 5313 3454 5371 fetu
3491 5314 3624 5371 alios
3651 5329 3816 5386 pecu-

2220 5411 2351 5468 dum
2377 5413 2592 5469 colores
2617 5411 2839 5468 haberet
2861 5411 2914 5466 in
2956 5409 3204 5466 mercede
3227 5408 3408 5465 Iacob.
3441 5405 3594 5464 Tunc
3631 5416 3813 5464 autem

2221 5505 2308 5563 ille
2337 5507 2512 5578 virgas
2543 5504 2717 5559 varias
2744 5519 2850 5558 non
2890 5501 3224 5573 supponebat
3245 5544 3260 5570 ,
3293 5510 3346 5556 et
3383 5515 3487 5556 non
3510 5500 3812 5556 nasceban-

2222 5611 2308 5657 tur
2334 5600 2482 5664 varii,
2517 5596 2611 5653 sed
2634 5596 2788 5652 unius
2816 5595 3034 5660 coloris,
3067 5610 3182 5666 qua:
3202 5593 3368 5650 Iacob
3395 5610 3461 5650 ex
3484 5607 3622 5650 novo
3650 5599 3812 5664 pacto

2221 5691 2515 5747 auferebat.
2539 5687 2691 5757 Quod
2731 5703 2854 5744 cum
2896 5687 3110 5743 vidisset
3153 5685 3352 5756 Laban,
3380 5701 3566 5742 rursus
3591 5693 3810 5758 pactum

2220 5783 2406 5841 fraude
2425 5782 2701 5850 mutabat,
2722 5789 2780 5836 ut
2808 5779 2877 5836 ad
2900 5779 3066 5836 Iacob
3099 5780 3242 5838 varia
3269 5779 3601 5853 pertinerent
3629 5795 3645 5836 ;
3680 5786 3812 5838 tunc

2277 5898 2352 5964 (a)
2374 5904 2412 5948 ιι
2433 5903 2636 5950 neuact.
2661 5910 2769 5962 cap.
2791 5896 2873 5962 55,
2897 5908 2950 5948 n.
2977 5895 3025 5948 I.
