4094 6456
275 372 382 433 επ.

272 486 491 545 illarum
552 477 917 550 suppositione
960 468 1243 542 rit-garum
1291 462 1436 519 Varia
1481 457 1865 517 nascebantur.

270 580 421 651 Ergo
444 575 593 648 quod
612 574 687 631 sit
711 570 881 629 Iacob
905 565 1162 625 uxoribus
1192 561 1325 626 suis,
1358 556 1573 613 Mutavit
1597 554 1876 609 mercedem

275 640 443 729 11102111
668 678 938 737 agnorum,
970 667 1025 714 et
1053 664 1240 727 postea
1270 649 1372 722 ipsi
1400 648 1596 713 Labsn,
1621 640 1878 709 Decepisti

277 763 563 823 mercedem
600 734 767 814 meam
792 756 963 811 decem
989 749 1237 823 agnabus,
1283 760 1390 801 non
1434 744 1506 798 ita
1552 738 1683 797 dixit
1726 734 1878 808 quasi

278 853 592 929 provenerit
608 863 798 907 socero
821 846 937 918 ejus
968 843 1083 913 ipsa
1105 840 1284 904 fraus;
1313 844 1372 891 ut
1392 834 1538 892 enim
1558 844 1665 886 non
1685 828 1736 885 ei
1759 839 1881 896 pro-

279 950 523 1014 veniret,
564 947 732 1002 Deum
774 941 874 997 sibi
917 937 1056 994 dixit
1098 933 1357 989 adversus
1405 927 1553 983 illum
1598 922 1876 980 adfuisse:

278 1042 475 1099 decem
501 1052 632 1095 vero
654 1048 821 1107 aenos
849 1032 932 1088 vel
957 1030 1147 1086 decem
1178 1039 1362 1097 agnas,
1392 1036 1489 1093 pro
1515 1020 1703 1074 decem
1732 1024 1875 1072 tem-

244 1150 257 1201 1
284 1133 511 1208 poribus
541 1129 737 1202 posuit,
768 1126 963 1197 quibus
987 1136 1117 1178 oves
1136 1132 1271 1190 quas
1289 1113 1539 1185 pascebat
1568 1124 1662 1181 per
1684 1121 1879 1164 sexen-

287 1207 432 1286 11111111
456 1231 800 1298 pepererunt.
828 1221 917 1278 Bis
946 1217 1141 1289 quippe
1176 1210 1450 1283 pariebant
1476 1207 1731 1262 in.anno:
1755 1216 1886 1257 con-

283 1295 482 1396 tigersi
508 1295 685 1375 autem
714 1324 775 1373 ut
797 1314 971 1386 primo
1004 1323 1167 1374 anno,
1195 1320 1300 1376 quo
1322 1303 1460 1358 inter
1479 1314 1539 1354 se
1567 1295 1706 1368 pacti
1735 1300 1882 1360 sunt,

282 1384 353 1471 ei
362 1412 429 1468 ad
463 1426 556 1468 eas
581 1384 877 1481 pascendos
904 1401 1097 1473 placito
1136 1396 1294 1468 hujus
1332 1390 1599 1450 mercedis
1634 1384 1881 1450 accessit,

283 1505 458 1563 semel
489 1508 743 1574 parerent
770 1499 821 1552 in
854 1496 965 1550 tine
1005 1492 1132 1547 anni
1156 1530 1169 1555 ,
1196 1486 1318 1557 quia
1355 1499 1475 1540 cum
1506 1478 1753 1544 accessit,
1771 1475 1885 1547 jam

285 1598 460 1657 sesnel
486 1602 823 1667 pepererant;
837 1599 1156 1655 rursumque
1169 1588 1322 1637 sexto
1333 1592 1494 1641 anno,
1509 1573 1561 1629 id
1578 1571 1885 1636 estultimo,

283 1707 415 1749 eum
442 1663 614 1746 semel
651 1671 1005 1756 peperissent,
1038 1684 1225 1733 exorta
1255 1669 1579 1729 necessitate
1599 1663 1887 1736 profectio-

289 1787 402 1852 nis,
424 1783 577 1855 prius
610 1778 907 1843 recederet,
948 1786 1109 1844 quam
1152 1770 1344 1825 iterum
1390 1768 1674 1834 parerent:
1701 1772 1765 1813 ac
1790 1770 1888 1827 per

290 1850 401 1937 hoc
428 1850 565 1935 cum
609 1874 812 1945 primus
853 1882 1025 1924 annus
1067 1874 1226 1935 atque
1273 1859 1490 1915 ultimus
1533 1853 1670 1909 duos
1709 1850 1889 1905 ovium

292 1979 483 2042 partus
506 1941 724 2023 sub-illo
745 1962 1021 2024 baberent,
1042 1956 1145 2011 hoc
1165 1962 1268 2019 est,
1294 1947 1551 2019 singulos,
1581 1941 1744 1998 medii
1761 1950 1891 1995 vero

288 2072 526 2135 quatuor
552 2059 678 2114 anni
706 2057 861 2112 binos
879 2094 895 2120 ,
931 2052 1064 2106 ﬁunt
1101 2059 1291 2102 omnes
1319 2043 1529 2098 decem.
1560 2036 1671 2092 Nec
1696 2034 1891 2087 mirum

292 2120 443 2229 quod
472 2154 588 2208 haec
621 2150 810 2206 decem
838 2155 1079 2213 tempora
1108 2138 1328 2195 nomine
1364 2120 1624 2203 agnorum
1652 2124 1891 2197 appella-

293 2212 397 2317 v'it,
445 2246 538 2318 qui
589 2243 792 2299 eisdem
843 2212 1172 2306 temporibus
1220 2226 1609 2285 nascebantur;
1662 2216 1811 2272 velut
1845 2212 1892 2267 si

295 2313 583 2413 quicquam
602 2334 767 2399 dicat,
796 2330 900 2385 Per
928 2336 1006 2382 tot
1023 2320 1339 2386 vindemias,
1364 2323 1475 2381 aut,
1511 2313 1613 2368 Per
1640 2316 1721 2365 tot
1743 2318 1890 2361 mes-

292 2397 409 2497 £5,
434 2397 628 2501 quibus
672 2397 929 2480 numerus
962 2416 1285 2485 intelligatur
1321 2420 1582 2464 annorum
1608 2421 1622 2457 :
1652 2399 1796 2456 unde
1817 2397 1895 2453 ait

292 2492 538 2598 quidam,
567 2521 691 2574 Post
705 2518 895 2586 aliquot
916 2510 1128 2579 aristas(
1147 2504 1327 2577 Virgil.
1342 2505 1394 2557 in
1417 2498 1622 2564 Bucol.,
1639 2494 1818 2563 Eclug.
1838 2492 1892 2558 1,

294 2594 350 2675 si.
382 2616 508 2687 70);
538 2628 637 2685 per
672 2611 866 2666 aristas
898 2604 1150 2661 videlicet
1189 2611 1426 2661 messes,
1466 2600 1521 2647 et
1560 2604 1659 2661 per
1691 2594 1896 2641 messes

297 2675 476 2768 annos;
496 2675 843 2778 signiﬁcans.
872 2696 1144 2756 Pecudttm
1171 2699 1351 2747 autem
1383 2686 1523 2742 illius
1551 2678 1782 2752 regionis
1819 2675 1897 2731 fe-

298 2772 747 2868 cunditas,sicut
772 2793 1042 2857 Italarum,
1075 2793 1221 2842 tanta
1264 2781 1457 2845 fertur,
1474 2784 1535 2832 ut
1568 2774 1652 2829 bis
1676 2772 1729 2826 in
1756 2781 1899 2824 anno

301 2897 517 2970 pariant
542 2891 643 2965 (a).

376 2955 565 3046 ιονιξ
595 2955 695 3058 111).
712 2992 870 3047 xxxt,
894 2974 1009 3049 £5.]
1039 2970 1270 3042 Sumpsit
1284 2976 1450 3021 autem
1472 2960 1632 3017 Iacob
1655 2955 1898 3058 lapidem,

303 3045 635 3138 etconstituit
656 3090 771 3129 eum
800 3045 1021 3125 titulum.
1048 3065 1340 3133 Diligenter
1367 3045 1903 3111 animadvertendum

302 3183 413 3243 est,
442 3168 713 3243 quomodo
739 3167 871 3221 istos
897 3160 1078 3216 titulos
1104 3159 1157 3211 in
1192 3154 1269 3209 rei
1298 3150 1556 3220 cujusque
1595 3137 1904 3199 testimonio

306 3232 741 3327 emistituebant;
770 3272 877 3313 non
903 3261 963 3310 ut
986 3266 1079 3307 eos
1104 3263 1199 3321 pro
1221 3246 1326 3302 diis
1350 3242 1611 3304 colerent,
1634 3234 1730 3292 sed
1749 3240 1810 3289 ut
1827 3232 1905 3288 eis

306 3361 513 3434 aliquid
540 3355 923 3430 signiﬁcarent.
1145 3432 1153 3434 4
1203 3432 1217 3434 Α
1342 3390 1353 3405 ,

387 3419 617 3512 item:
629 3449 893 3523 [IDJXXL
923 3442 1013 3508 1-1,
1042 3432 1158 3507 48.]
1187 3430 1340 3501 Quod
1370 3438 1619 3483 acervum
1647 3419 1905 3492 lapidum,

313 3558 478 3621 quem
504 3511 652 3599 inter
664 3554 724 3595 se
745 3536 1136 3593 constituerant
1160 3522 1343 3581 Laban
1367 3530 1420 3575 et
1443 3517 1630 3580 Iacob,
1659 3528 1782 3569 cum
1811 3510 1913 3566 ali-

243 3678 247 3685 τ
314 3604 517 3713 quanta
542 3634 851 3693 diversitate
883 3624 1306 3697 appellaverunt,
1335 3622 1395 3671 ut
1416 3626 1539 3669 eum
1562 3613 1783 3665 vocaret
1810 3604 1915 3659 La-

286 3704 424 3790 νέω)
471 3733 731 3787 Acervsm
774 3716 1105 3781 testimonii,
1148 3709 1314 3768 Iacob
1354 3707 1617 3761 Acervum
1676 3704 1912 3762 testem;

318 3824 549 3882 traditur
575 3820 643 3875 ab
660 3818 740 3873 eis
762 3814 853 3885 qui
883 3819 936 3866 et
965 3812 1143 3880 sytam
1168 3812 1223 3858 et
1248 3798 1519 3855 hebrasam
1548 3793 1783 3863 linguam
1806 3802 1911 3843 no-

323 3924 555 3981 verunt,
586 3882 805 3984 propter
844 3902 1225 3977 proprietatem
1269 3906 1380 3949 sure
1423 3888 1682 3957 cujusque
1723 3882 1918 3952 lingum

322 3976 550 4068 factum.
572 3976 713 4062 li'ieri
740 4001 883 4058 enim
923 3995 1081 4060 solet,
1127 3998 1186 4045 ut
1219 3988 1323 4042 alia
1360 3985 1540 4053 lingua
1565 3994 1673 4068 non
1712 3976 1921 4031 dicatur

225 4126 231 4129 '
328 4064 655 4163 unoverbo,
682 4092 825 4166 quod
856 4090 956 4144 alia
993 4085 1189 4142 dicitur
1208 4122 1223 4146 ,
1254 4087 1311 4135 et
1334 4066 1609 4132 vicinitate
1647 4064 1918 4138 signiﬁca-

220 4215 225 4219 ‘
520 4157 753 4262 quidqtie
789 4181 1106 4253 appelletur.
1149 4173 1285 4229 Nam
1331 4175 1514 4240 postea
1542 4162 1759 4226 dicitur,
1790 4157 1925 4211 Pro-

331 4249 443 4357 pter
466 4249 561 4337 hoc
612 4249 927 4349 appellatum
966 4278 1037 4325 est
1062 4282 1265 4328 nonum,
1307 4262 1526 4315 Acervus
1554 4261 1785 4309 testatur.
1814 4249 1927 4304 Hoc

331 4344 477 4435 enim
503 4344 938 4441 medie-positum
977 4369 1082 4428 est,
1107 4355 1249 4429 quod
1278 4353 1492 4422 utrique
1519 4344 1849 4409 conveniret,
1872 4348 1928 4396 et

330 4468 497 4540 siqui
522 4434 767 4531 dixerat,
807 4458 1027 4512 Avernus
1071 4446 1362 4512 testimonii,
1390 4450 1446 4499 et
1486 4440 1539 4497 ei
1581 4438 1671 4509 qui
1696 4434 1923 4501 dixerat,

332 4560 560 4617 Acerras
581 4554 738 4609 testis.

406 4647 642 4708 XCVIII.
674 4643 778 4720 [11).
795 4640 944 4705 xxxi,
966 4636 1055 4699 48,
1086 4630 1200 4705 111]
1226 4627 1364 4697 Quid
1390 4633 1476 4683 est
1497 4621 1639 4695 quod
1665 4616 1930 4690 loquendo

298 4744 312 4754 ’
333 4743 521 4802 [abun
549 4740 614 4795 ad
630 4718 801 4795 Iacob
824 4732 985 4796 dicit,
1007 4725 1246 4783 Testatur
1273 4735 1479 4776 acervus
1499 4718 1579 4772 hic
1601 4757 1616 4780 ,
1640 4724 1688 4769 et
1723 4720 1932 4769 testatur

335 4834 521 4891 titulus
545 4830 642 4888 hic.
681 4827 900 4897 Propter
921 4822 1016 4877 hoc
1040 4816 1330 4890 appellatur
1357 4826 1541 4866 nomen
1564 4848 1580 4876 ,
1611 4806 1830 4861 Acerras
1862 4812 1933 4857 te-

334 4936 524 4987 statur.
547 4924 614 4981 Et
640 4921 766 4978 cisio
790 4932 944 4992 11110111
971 4915 1120 4979 dixit,
1157 4907 1414 4979 Respiciat
1452 4903 1592 4958 Deus
1628 4901 1759 4955 inter
1781 4913 1861 4953 me
1885 4906 1933 4951 et

335 5023 422 5078 ur
443 5019 557 5077 Nisi
586 5015 725 5073 forte
760 4989 894 5070 01⁸110
918 5020 1036 5077 est,
1062 5005 1131 5060 Et
1163 5003 1289 5059 cisio
1315 5014 1467 5071 quam
1496 4994 1624 5049 dixit
1650 4991 1810 5058 Deus,
1834 4989 1935 5044 Re-

336 5114 524 5187 spiciet
556 5112 693 5166 inter
720 5118 803 5162 me
829 5114 875 5160 et
909 5113 989 5169 te,
1025 5100 1165 5155 Deus
1193 5094 1393 5167 quippe
1420 5090 1496 5146 illi
1532 5086 1739 5144 dixerat
1768 5083 1822 5139 in
1852 5081 1934 5136 vi-

335 5178 517 5273 sione,
546 5218 615 5259 ne
636 5200 857 5265 laederet
887 5193 1071 5253 Iacob.
1698 5178 1717 5191 ‘

414 5297 604 5357 XCiX.
628 5294 730 5371 [11).
753 5285 1040 5361 usuin]
1067 5280 1207 5354 Quid
1235 5288 1317 5337 est
1342 5276 1485 5349 quod
1506 5274 1633 5331 dicit
1658 5274 1711 5329 in
1741 5283 1935 5326 conse-

337 5362 857 5469 quendbuslaban,
893 5382 1043 5447 Vide,
1083 5390 1228 5433 nemo
1254 5372 1515 5429 nobiscum
1540 5367 1651 5424 est?
1671 5365 1773 5420 nisi
1799 5362 1938 5418 forte

341 5454 511 5545 1101110
538 5490 945 5543 extraneorum,
978 5479 1070 5528 ant
1100 5476 1319 5540 propter
1358 5460 1787 5520 testiﬁcationem
1816 5454 1934 5519 Dei,

341 5594 507 5656 quem
552 5579 626 5635 ita
672 5573 874 5632 habere
911 5568 1209 5630 deberent,
1236 5569 1487 5629 tanquam
1529 5566 1686 5609 nemo
1711 5563 1832 5605 cum
1859 5547 1937 5603 eis

347 5653 516 5741 esset,
542 5685 704 5744 quem
727 5661 1037 5724 testimonio
1060 5658 1178 5727 ejus
1204 5653 1575 5723 adjungerent.

417 5772 481 5831 C.
636 5780 789 5829 xxxi,
810 5760 910 5826 53,
936 5752 1050 5828 ιλ]
1081 5750 1150 5807 Ε1
1177 5746 1369 5825 jurauit
1405 5740 1565 5800 Iacob
1594 5755 1684 5814 per
1703 5736 1940 5793 timorem

410 5863 1164 5943 (asumm.mn.t.

1672 338 1876 400 LIBER
1912 335 2185 396 PRIMUS.

3456 324 3562 385 57d

1986 452 2144 522 patris
2191 447 2273 504 siti
2324 445 2497 503 tunc.
2555 444 2661 500 Per
2712 444 2939 500 timorem
2986 441 3168 512 utique
3196 453 3303 511 quo
3345 437 3567 497 timebat

1983 544 2171 606 Deum,
2198 553 2363 611 quem
2396 538 2639 595 timorem
2662 535 2824 592 etiam
2866 532 3112 603 superius
3148 528 3564 593 commendavit,

1982 649 2101 690 cum
2125 632 2347 698 diceret,
2384 629 2525 685 Deus
2551 627 2710 700 patris
2729 627 2823 683 mei
2854 624 3106 691 Abrahae,
3135 630 3185 679 et
3225 622 3375 677 timor
3404 623 3568 694 patris

1983 729 2079 783 mei
2100 726 2269 782 Isaac.

2057 818 2143 879 Cl.
2167 818 2268 894 [11).
2286 833 2462 884 xxxn,
2481 818 2563 890 2.]
2590 815 2775 872 Castra
2801 814 2894 870 Dei
2919 827 3037 884 quae
3058 811 3189 867 vidit
3209 809 3376 867 Iacob
3402 809 3456 867 in
3478 808 3569 864 iti-

1987 931 2137 982 nere,
2164 914 2308 969 nulla
2332 910 2594 968 dubitatio
2622 919 2704 965 est
2731 908 2873 979 quod
2900 906 3222 978 Angelorum
3257 901 3571 961 [0011111101-

1990 1012 2161 1068 titudo
2185 1030 2198 1066 :
2225 1026 2290 1068 ea
2314 1011 2508 1082 quippe
2534 1010 2586 1064 in
2626 1006 2916 1078 Scripturis
2944 1004 3131 1063 militia
3169 1001 3291 1059 011111
3323 997 3569 1055 nomina-

1989 1114 2091 1159 tur.
3532 1088 3533 1091 ‘

2058 1195 2167 1251 Cll.
2189 1193 2463 1268 [lb.xxxn,
2492 1190 2671 1265 642.]
2695 1190 2947 1247 Nuntiato
2974 1187 3076 1244 sibi
3103 1185 3266 1241 fratre
3293 1199 3390 1240 suo
3408 1179 3577 1238 Iacob

1990 1290 2239 1348 veniente
2268 1289 2483 1345 obviam
2516 1290 2565 1343 ei
2593 1302 2713 1342 cum
2739 1281 3138 1355 quadringentis
3156 1279 3304 1344 viris,
3330 1275 3575 1331 turbatus

1990 1393 2075 1441 est
2099 1382 2311 1455 quidem
2342 1389 2399 1436 et
2424 1387 2604 1435 mente
2624 1376 2898 1442 confusus,
2922 1374 3172 1445 quoniam
3200 1368 3373 1425 timuit
3397 1363 3571 1431 valde;

1990 1488 2047 1535 et
2074 1488 2133 1533 ut
2160 1477 2334 1533 visum
2360 1483 2441 1530 est
2472 1472 2675 1530 homini
2707 1469 3013 1541 perturbato
3037 1506 3053 1534 ,
3081 1465 3305 1521 divisam
3335 1461 3577 1519 multitu-

1990 1572 2172 1628 dinem
2199 1584 2350 1627 suam
2376 1567 2429 1623 in
2466 1566 2573 1622 duo
2613 1574 2786 1621 castra
2815 1559 3096 1631 disposuit.
3138 1557 3243 1614 Ubi
3281 1552 3449 1625 quaeri
3485 1565 3579 1621 po—

1994 1672 2118 1730 test,
2149 1658 2418 1733 quomodo
2444 1657 2690 1713 habuerit
2716 1654 2873 1711 ﬁdem
2899 1650 3175 1722 promisere
3199 1646 3313 1714 Dei,
3338 1642 3581 1716 quando-

1992 1755 2204 1827 quidem
2231 1753 2385 1819 dixit,
2419 1751 2481 1806 Si
2501 1749 2689 1805 venerit
2707 1746 2774 1801 ad
2796 1754 2963 1801 castra
2985 1743 3146 1815 prima
3168 1742 3325 1813 frater
3340 1752 3498 1800 meus,
3529 1742 3578 1789 et

1993 1848 2235 1904 exciderit
2256 1862 2339 1914 ea,
2370 1851 2514 1899 erunt
2550 1841 2771 1898 secunda
2809 1840 2866 1893 in
2896 1838 3130 1895 salutem.
3156 1833 3263 1890 Sed
3287 1832 3448 1887 etiam
3473 1829 3575 1885 1100

1996 1940 2111 1995 ﬁeri
2142 1938 2340 2008 potuit,
2365 1944 2425 1991 ut
2462 1940 2728 1989 everteret
2756 1938 2928 1985 castra
2959 1928 3075 1997 ejus
3101 1926 3265 1991 Esau,
3307 1932 3362 1977 et
3401 1930 3579 1975 tamen

1996 2032 2140 2088 Deus
2166 2037 2287 2101 post
2304 2028 2450 2083 illam
2470 2023 2813 2079 amictionem
2838 2019 3068 2082 adesset,
3094 2025 3148 2072 et
3164 2014 3418 2070 liberaret
3433 2026 3578 2077 eum,

1997 2132 2052 2181 et
2077 2140 2197 2195 quin
2222 2120 2471 2193 promisit
2508 2118 2774 2189 impleret.
2809 2114 2879 2169 Et
2898 2109 3219 2168 admonendi
3260 2108 3455 2162 luimus
3480 2104 3584 2158 1100

1996 2215 2265 2285 exemplo,
2313 2222 2372 2268 ut
2410 2211 2652 2283 quamvis
2693 2206 2975 2263 credamus
3004 2206 3055 2258 in
3090 2203 3279 2267 Deum,
3325 2198 3589 2253 faciamus

1997 2315 2180 2363 tamen
2210 2320 2330 2376 quae
2357 2301 2598 2359 facienda
2624 2307 2749 2354 sunt
2768 2297 2836 2351 ab
2862 2293 3169 2351 hominibus
3189 2291 3243 2346 in
3272 2286 3581 2361 praesidium

1999 2402 2205 2463 salutis,
2237 2415 2305 2453 ne
2349 2394 2817 2468 praetermittentes
2856 2405 2919 2445 ea
2940 2429 2955 2456 ,
2985 2388 3155 2443 Deum
3182 2393 3387 2440 tentare
3409 2380 3590 2435 videa-

1998 2510 2141 2553 mur.
2176 2491 2415 2561 Denique
2442 2486 2715 2559 posthaec,
2737 2498 2856 2554 quae
2880 2480 3038 2535 verba
3068 2478 3212 2534 dicat
3237 2476 3376 2530 idem
3395 2471 3585 2538 Iacob,

1998 2583 2447 2643 considerandum
2468 2588 2550 2637 est
2573 2597 2587 2633 :
2612 2577 2769 2643 Deus,
2794 2574 2982 2645 inquit,
3006 2571 3163 2643 patris
3179 2569 3275 2624 mei
3297 2565 3553 2621 Abraham
3570 2604 3586 2630 ,

2001 2688 2049 2734 et
2078 2678 2218 2732 Deus
2237 2676 2395 2747 patris
2422 2672 2520 2727 mei
2548 2669 2721 2734 Isaae,
2744 2666 2978 2731 Domine,
3010 2662 3094 2734 qui
3126 2659 3301 2715 dixis“
3321 2656 3465 2721 mihi,
3490 2653 3593 2709 Re-

2002 2788 2151 2829 curre
2166 2772 2221 2825 in
2244 2779 2430 2823 terram
2449 2762 2781 2837 generationis
2800 2769 2921 2825 ture,
2943 2768 2990 2812 st
3006 2757 3127 2811 bene
3149 2753 3236 2808 tibi
3257 2751 3462 2822 faciam,
3482 2746 3597 2801 ido-

2002 2881 2129 2920 neus
2161 2880 2213 2918 es
2251 2860 2376 2914 mihi
2399 2858 2464 2913 ab
2506 2855 2643 2911 omni
2678 2852 2881 2923 justitia
2901 2858 2948 2904 et
2984 2847 3044 2901 ab
3072 2845 3210 2901 omni
3230 2843 3454 2904 ueritate,
3477 2853 3593 2909 quae

2008 2957 2170 3029 fecisti
2202 2970 2355 3025 puero
2381 2959 2488 3006 tuo.
2511 2947 2578 3002 In
2596 2948 2738 3018 uirga
2755 2944 2888 2998 enim
2919 2958 3030 2995 mea
3062 2940 3160 2994 ista
3196 2935 3373 2992 transii
3394 2931 3594 2987 Iorda-

2008 3065 2121 3104 nem
2149 3047 2302 3112 Itunc,
2326 3058 2459 3097 nunc
2483 3048 2648 3095 autem
2677 3038 2840 3108 factus
2867 3050 2979 3090 sum
3019 3033 3071 3085 in
3100 3030 3200 3083 duo
3237 3035 3407 3082 castra
3435 3040 3453 3079 :
3483 3038 3602 3077 erue

2007 3158 2089 3197 me
2117 3142 2180 3194 de
2208 3154 2361 3193 manu
2388 3135 2560 3208 fratris
2583 3132 2699 3197 mei,
2732 3129 2795 3184 de
2821 3143 2976 3181 manu
3008 3123 3179 3187 Esau;
3198 3120 3318 3191 quia
3344 3134 3434 3189 ego
3453 3116 3602 3170 timeo

2008 3234 2177 3297 illum,
2208 3247 2270 3285 ne
2302 3207 2417 3283 cum
2455 3224 2639 3281 uenerit
2680 3221 2828 3293 feriat
2858 3234 2938 3272 me
2970 3226 3016 3270 et
3052 3222 3235 3268 matres
3264 3226 3415 3279 super
3444 3207 3599 3278 ﬁlios.

2014 3325 2299 3380 Tuautem
2345 3318 2538 3384 dixisti,
2586 3313 2909 3383 Benefaciam
2954 3308 3063 3374 tibi,
3108 3314 3154 3360 et
3202 3319 3389 3374 ponam
3435 3315 3603 3354 semen

2015 3428 2158 3473 tuum
2188 3426 2426 3482 tanquam
2465 3423 2672 3463 arenam
2702 3404 2880 3469 maris,
2922 3415 3037 3470 qua:
3068 3414 3171 3452 non
3207 3391 3606 3450 dinumerabitur

2016 3526 2124 3584 prae
2146 3505 2485 3563 multitudine.
2512 3500 2652 3556 Satis
2691 3498 2743 3552 in
2772 3496 2855 3550 his
2876 3492 3051 3548 verbis
3093 3500 3148 3546 et
3184 3488 3415 3544 humana
3454 3482 3605 3539 inﬁr-

2016 3602 2196 3669 mitas,
2223 3610 2277 3656 et
2306 3597 2440 3654 tides
2469 3592 2678 3665 pietatis
2703 3596 2941 3660 apparet.

2091 3664 2221 3750 0111.
2247 3690 2346 3764 [11).
2372 3664 2553 3753 xxi“,
2586 3680 2705 3756 20.]
2734 3677 2889 3749 Quod
2910 3675 3058 3733 latini
3086 3664 3301 3731 cedices
3322 3667 3517 3726 habent
3542 3664 3610 3724 de

2019 3787 2205 3852 Iacob,
2236 3761 2378 3838 Dixit
2404 3779 2561 3845 enim,
2590 3774 2814 3830 Placabo
2855 3771 3047 3826 vultum
3080 3768 3212 3839 ejus,
3244 3766 3299 3820 in
3323 3761 3611 3817 muneribus

2024 3874 2414 3956 priet-edentibus
2455 3887 2605 3937 eum;
2642 3867 2870 3936 scriptor
2915 3862 3037 3918 libri
3066 3860 3157 3932 qui
3196 3871 3419 3914 narrans
3444 3853 3518 3909 ait
3544 3851 3615 3909 de

2023 3950 2209 4038 Iacob,
2259 3969 2405 4025 Dixit
2433 3965 2587 4031 enim,
2630 3959 2857 4017 Placabo
2897 3956 3091 4012 uultum
3126 3955 3258 4024 ejus,
3297 3950 3401 4005 huc
3444 3959 3616 4016 usque

2026 4067 2189 4124 verba
2217 4060 2382 4120 Iacob
2410 4058 2609 4113 dixisse
2638 4050 2968 4120 intelligitur,
3014 4053 3209 4102 cmtera
3243 4056 3375 4097 vero
3400 4053 3495 4097 sua
3526 4036 3612 4092 in-

2028 4159 2214 4216 tulisse
2260 4152 2404 4225 quod
2442 4150 2537 4215 ait,
2586 4148 2642 4201 in
2682 4141 2973 4199 muneribus
3015 4133 3409 4211 praecedentibus
3454 4144 3610 4184 eum:

2029 4220 2292 4318 tanquam.
2330 4243 2565 4306 diceret,
2616 4234 2677 4292 111
2726 4231 3039 4289 muneribus
3084 4242 3203 4298 qua:
3247 4220 3622 4294 prmcedebant

2030 4317 2215 4406 Iacob,
2244 4334 2466 4410 placabo
2492 4330 2694 4385 vultum
2719 4324 2899 4380 fratris
2925 4321 3050 4376 mei.
3074 4317 3222 4374 Ordo
3249 4324 3331 4370 est
3355 4327 3481 4383 ergo
3502 4327 3623 4366 ver-

2030 4402 2220 4493 borum
2246 4402 2442 4496 Iacob,
2484 4420 2709 4479 Placabo
2738 4418 2931 4474 vultum
2951 4413 3083 4486 ejus,
3115 4417 3160 4464 et
3186 4415 3297 4480 post
3332 4405 3425 4459 hoc
3451 4402 3623 4457 videbo

2034 4526 2214 4601 faciem
2234 4522 2378 4596 ejus;
2408 4516 2625 4588 forsitan
2651 4511 2783 4566 enim
2819 4504 3057 4575 suscipiet
3096 4499 3276 4570 faciem
3318 4511 3499 4550 meam.
3534 4492 3622 4548 111-

3664 4566 3679 4587 e’

2036 4618 2289 4689 terposita
2332 4620 2515 4667 autem
2555 4614 2679 4662 sunt
2716 4590 2880 4658 verba
2918 4596 3214 4667 scriptoris,
3256 4590 3310 4646 in
3340 4585 3627 4644 muneribus

2036 4703 2428 4785 prwcedentibus
2464 4716 2597 4755 eum.

2107 4797 2237 4856 CIV.
2270 4794 2371 4871 [1b.
2399 4806 2575 4856 xxxu,
2599 4782 2716 4860 26.]
2751 4779 2904 4851 Quod
2931 4779 2998 4835 ab
3025 4777 3116 4833 illo
3142 4782 3330 4847 angem
3359 4770 3629 4828 desiderat

2037 4892 2200 4952 Iacob
2226 4860 2486 4951 benedici,
2515 4879 2601 4937 cui
2633 4874 2887 4933 luctando
2917 4869 3215 4944 prmvaluit,
3240 4880 3431 4936 magna
3460 4870 3542 4917 cst
3561 4860 3629 4915 de

2040 4986 2251 5044 ChriSto
2292 4975 2590 5051 prophetia.
2635 4970 2766 5027 Nam
2798 4982 2863 5022 eo
2908 4966 3024 5037 ipso
3067 4961 3318 5016 admonet
3347 4954 3630 5028 mysticum

2040 5074 2240 5151 aliquid
2261 5087 2469 5145 sapere,
2502 5068 2624 5141 quia
2650 5062 2824 5121 omnis
2861 5059 3023 5116 homo
3053 5072 3083 5111 a
3109 5053 3313 5125 majore
3332 5049 3443 5106 vult
3465 5048 3631 5103 bene-

2040 5140 2166 5231 dici.
2197 5140 2477 5237 Quomodo
2505 5140 2633 5231 ergo
2673 5154 2739 5212 ab
2767 5170 2832 5211 eo
2854 5148 3098 5209 benedici
3129 5148 3229 5202 iste
3255 5140 3442 5207 voluit,
3475 5142 3634 5209 quem

2040 5224 2294 5323 luctando
2333 5224 2637 5327 superavit?
2680 5244 2964 5304 Prmvaluit
3002 5239 3145 5296 enim
3188 5226 3353 5292 Iacob
3397 5224 3634 5297 Christo,

2042 5359 2125 5413 vel
2167 5354 2343 5427 potius
2382 5316 2673 5418 praevalere
2716 5341 2862 5395 visus
2906 5342 3008 5400 est,
3056 5344 3152 5402 per
3180 5342 3274 5384 eos
3314 5316 3579 5381 lsraelitas
3604 5334 3638 5375 ι

2043 5415 2237 5522 quibus
2263 5415 2549 5499 cruciﬁxus
2570 5441 2653 5489 est
2676 5430 2960 5492 Christus;
2990 5432 3044 5479 et
3067 5423 3134 5477 ab
3161 5434 3225 5476 eo
3257 5427 3433 5473 tamen
3464 5415 3636 5471 bene-

2043 5506 2237 5597 dicitur
2264 5536 2316 5590 in
2348 5532 2429 5588 eis
2455 5524 2706 5583 lsraelitis
2742 5521 2834 5592 qui
2873 5515 3220 5575 crediderunt
3259 5510 3311 5567 in
3339 5506 3635 5575 Christum,

2044 5648 2110 5689 ex
2136 5628 2326 5701 quibus
2355 5631 2471 5679 erat
2498 5618 2588 5690 qui
2613 5614 2846 5678 dicebat,
2880 5608 3020 5663 Nam
3054 5616 3100 5662 et
3139 5621 3233 5678 ego
3257 5601 3497 5658 Israelita
3523 5616 3640 5658 sum

2044 5741 2108 5782 ea:
2126 5691 2321 5777 semine
2344 5717 2363 5747 ί
2388 5713 2675 5775 Abraham,
2702 5707 2765 5760 de
2785 5703 2916 5757 tribu
2946 5698 3215 5769 Benjamin
3245 5695 3420 5771 (Rom.
3456 5711 3535 5764 ιι,
3557 5691 3637 5787 1).

2111 5838 2131 5871 ι
2156 5840 2266 5885 las.
2292 5836 2345 5883 et
2366 5826 2728 5881 editionesttat.
2754 5820 2936 5869 11111.οι
2956 5820 3348 5888 Er.,exgeuere._

3652 4670 3659 4721 ἐ
