4094 6494
558 453 668 514 ωδ

552 571 706 630 Unus
742 587 872 646 ergo
899 579 1060 645 atque
1103 573 1241 628 idem
1271 571 1436 627 Iacob
1480 579 1534 625 et
1572 569 1792 626 claudus
1829 579 1884 626 et
1921 568 2142 626 benedi-

551 681 671 726 ctus
698 686 711 723 :
742 669 963 725 claudus
986 670 1039 724 in
1067 668 1346 724 latitudine
1368 666 1607 734 femoris,
1635 675 1886 736 tanquam
1922 665 1976 720 in
2007 664 2144 719 mul-

554 761 780 817 titudine
805 763 1050 832 generis,
1081 759 1149 818 de
1186 758 1378 831 quibus
1418 758 1614 812 dictum
1654 766 1758 823 est,
1791 755 1858 811 Et
1881 755 2142 810 claudica-

550 863 724 910 serunt
750 870 782 908 a
809 839 995 909 semitis
1019 852 1124 907 suis
1157 850 1330 923 (Psal.
1373 865 1509 916 xvn,
1540 848 1674 918 46);
1704 847 2014 903 benedictus
2041 861 2139 900 au-

551 955 656 1002 tem
680 947 732 1001 in
762 946 839 1001 eis
866 945 933 1002 de
963 945 1156 1016 quibus
1180 945 1379 999 dictum
1409 951 1511 1008 est,
1547 941 1795 1012 Reliquiw
1823 957 1912 1011 per
1936 939 2142 995 electio-

549 1053 663 1092 nem
693 1039 872 1110 gratiae
887 1037 1038 1092 salve
1061 1041 1210 1109 facta
1227 1045 1343 1092 sunt
1367 1034 1542 1110 (Rom.
1565 1050 1642 1100 xl,
1670 1035 1748 1106 5).

626 1129 732 1187 CV.
768 1128 870 1202 [Ib.
900 1146 1094 1197 xxxm,
1123 1128 1238 1203 ‘10.]
1268 1128 1406 1198 Quid
1435 1129 1534 1183 sibi
1573 1128 1685 1182 vult
1709 1125 1849 1198 quod
1874 1125 2038 1182 Iacob
2062 1125 2139 1181 ait

1394 453 1858 524 QUIESTIONUII
1895 452 1957 511 S.
1995 452 2360 511 AUGUSTINI
2401 453 2466 510 IN
2503 453 3064 514 HEPTATEUCHUII
3733 463 3862 523 570

2247 568 2471 640 loquens
2495 567 2660 624 Iacob
2682 584 2804 627 cum
2823 570 2988 627 fratre
3011 585 3111 628 suo
3131 571 3272 628 Esau
3293 573 3523 632 infantes
3545 575 3682 634 filios
3707 573 3856 636 suo.

2246 677 2367 719 esse
2395 663 2675 734 significet,
2690 665 2777 736 qui
2795 681 2966 736 graece
2984 666 3232 722 dicuntur
3249 672 3443 736 παιδία,
3468 670 3637 741 quaeri
3656 681 3858 742 potest

2245 755 2513 826 quomodo
2551 764 2836 826 potuerunt
2871 755 3049 814 facere
3089 766 3290 814 tantam
3319 768 3549 832 stragem
3573 761 3859 834 direptio-

2246 862 2476 918 nemque
2516 847 2776 917 civitatis,
2805 849 3111 906 interfectis
3153 853 3396 922 quamvis
3434 853 3488 908 in
3519 853 3708 911 dolore
3737 856 3864 912 cir-

2245 937 2589 994 cumcisionis
2617 940 2920 995 constitutis
2950 956 3047 1012 pro
3070 955 3258 998 sorore
3285 958 3380 998 sua
3420 943 3570 999 Dina.
3618 945 3730 1003 Sed
3760 948 3860 1004 in—

2244 1028 2584 1100 telligendum
2612 1040 2724 1098 est,
2755 1031 2846 1086 diu
2883 1032 2992 1087 illic
3035 1032 3305 1090 habitasse
3341 1035 3541 1104 Iacob,
3571 1037 3748 1095 donec
3792 1047 3862 1096 et

2245 1119 2348 1174 filia
2377 1120 2493 1192 ejus
2519 1122 2666 1193 virgo
2692 1123 2874 1191 fieret,
2903 1132 2958 1179 et
2986 1123 3080 1178 filii
3125 1125 3368 1195 juvenes.
3410 1126 3543 1182 Nam
3590 1128 3664 1183 ita
3703 1130 3858 1185 serio

548 1226 699 1278 fratri
727 1239 844 1288 suo,
881 1221 1102 1294 Propter
1139 1224 1234 1278 hoc
1273 1223 1377 1276 vidi
1403 1223 1584 1295 faciem
1613 1229 1772 1288 tuam,
1811 1219 2138 1290 quemadmo-

547 1314 668 1369 a'um
693 1332 808 1370 cum
844 1316 978 1371 videt
1011 1316 1193 1387 aliquis
1221 1317 1404 1388 faciem
1433 1315 1570 1370 Dei?
1607 1323 1784 1369 utrum
1813 1313 2056 1382 paventis
2083 1320 2139 1368 et

548 1407 840 1477 perturbati
885 1408 1049 1463 animi
1086 1409 1256 1465 .verba
1287 1423 1453 1478 usque
1499 1407 1550 1462 in
1595 1407 1732 1461 hanc
1775 1405 2136 1460 adulationem

547 1499 946 1568 proruperunt?
981 1514 1048 1553 an
1075 1498 1366 1554 secundum
1397 1498 1627 1568 aliquem
1668 1497 1991 1552 intellectum
2020 1495 2138 1550 sine

546 1598 766 1659 peccato
809 1589 949 1644 dicta
994 1591 1159 1661 accipi
1199 1587 1466 1660 possunt?
1513 1587 1778 1642 Fortassis
1825 1587 1968 1642 enim
2013 1586 2135 1656 quia

546 1680 671 1735 dicti
697 1689 820 1736 sunt
855 1689 910 1736 et
935 1680 1182 1738 Gentium
1230 1680 1325 1747 dii,
1368 1694 1486 1750 quas
1527 1687 1649 1734 sunt
1695 1677 1981 1744 dzemonia,
2027 1691 2135 1731 non

546 1771 922 1842 praajudicetur
947 1787 1013 1826 ex
1044 1771 1128 1826 bis
1156 1771 1336 1827 verbis
1366 1769 1569 1825 homini
1600 1769 1716 1824 Dei.
1746 1767 1862 1823 Non
1883 1769 2024 1823 enim
2054 1767 2138 1824 di-

545 1861 644 1926 xit,
674 1863 1136 1931 Quemadmodum
1170 1863 1214 1918 si
1236 1862 1474 1918 viderem
1501 1861 1692 1917 faciem
1723 1860 1837 1927 Dei,
1869 1860 1984 1924 sed,
2008 1859 2133 1914 Cum

545 1953 679 2008 videt
716 1954 936 2024 aliquis;
977 1953 1091 2024 ipse
1138 1963 1316 2010 autem
1361 1954 1591 2024 aliquis,
1634 1968 1791 2023 quem
1839 1952 2136 2024 significare

545 2045 738 2115 possit,
789 2045 1049 2101 incertum
1091 2055 1210 2102 est:
1253 2057 1411 2116 atque
1454 2046 1525 2100 ita
1568 2046 1795 2101 fortasse
1844 2053 2132 2115 temperata

550 2147 676 2192 sunt
695 2138 874 2201 verba,
909 2147 1042 2193 utet
1070 2138 1183 2208 ipse
1222 2139 1360 2192 Esau
1387 2137 1487 2192 sibi
1535 2137 1768 2192 delatum
1797 2145 2000 2191 tantum
2041 2135 2137 2191 ho-

547 2245 738 2286 norem
767 2239 916 2300 grate
944 2229 1249 2300 acciperet,
1281 2238 1336 2283 et
1360 2229 1451 2298 qui
1482 2228 1598 2283 haec
1626 2229 1787 2282 etiam
1819 2227 1972 2282 aliter
1996 2229 2014 2259 ³
2049 2228 2135 2282 in-

549 2322 787 2392 telligere
812 2329 1052 2392 possunt,
1083 2337 1205 2376 eum
1233 2337 1264 2376 a
1289 2335 1395 2392 quo
1420 2319 1562 2376 dicta
1584 2328 1709 2374 sunt
1736 2319 1884 2375 nullo
1909 2317 2136 2376 crimine

546 2413 834 2484 impietatis
875 2423 1180 2484 arguerent.
1211 2413 1363 2480 Quod
1405 2413 1505 2468 etsi
1531 2411 1762 2482 benigno
1791 2411 1971 2466 animo
1993 2411 2134 2467 dicta

548 2503 666 2560 haec
689 2505 849 2560 verba
877 2504 1111 2560 fraterna
1145 2513 1288 2569 sunt,
1317 2505 1566 2575 quoniam
1592 2511 1647 2559 et
1665 2513 1786 2574 post
1805 2504 1998 2558 bonam
2018 2517 2137 2558 sus.

509 2597 849 2666 .eeptionem
915 2605 1091 2652 metus
1147 2598 1262 2667 ipse
1311 2597 1621 2662 transierat;
1671 2595 1840 2666 potuit
1884 2595 1962 2650 sic
2005 2594 2130 2660 dici,

545 2687 994 2758 quemadmodum
1027 2697 1082 2743 et
1120 2689 1330 2760 Moyses
1360 2689 1652 2743 Pharaonis
1689 2688 1822 2742 deus
1853 2686 2028 2742 dictus
2053 2695 2137 2743 est

547 2775 744 2849 (Exod.
775 2794 870 2844 vn,
904 2777 984 2849 I),
1021 2778 1313 2835 secundum
1349 2779 1491 2848 quod
1531 2779 1660 2834 dicit
1682 2778 1989 2848 Apostolus,
2021 2777 2138 2832 Etsi

545 2880 662 2924 sunt
687 2871 774 2942 qui
788 2871 1025 2925 dicuntur
1045 2873 1136 2936 dii,
1167 2873 1269 2926 sive
1287 2874 1337 2925 in
1359 2873 1504 2935 caelo,
1522 2873 1624 2926 sive
1642 2873 1697 2926 in
1723 2880 1874 2939 terra,
1903 2872 2138 2943 quemad-

547 2961 754 3015 modum
774 2972 891 3016 sunt
917 2962 991 3015 dii
1021 2961 1186 3025 multi,
1231 2971 1277 3018 et
1306 2963 1498 3016 domini
1525 2961 1669 3017 multi
1697 2961 1738 3036 (1
1759 2961 1879 3018 Cor.
1898 2979 2010 3029 vni,
2039 2962 2094 3034 5)
2118 2980 2132 3017 :
2159 2963 2168 2967 ’

548 3055 778 3109 maxime
808 3055 928 3122 quia
959 3055 1077 3110 sine
1105 3055 1353 3116 articulo.
1386 3056 1435 3109 in
1463 3069 1638 3124 graeco
1659 3055 1858 3110 dictum
1884 3063 1998 3117 est;
2029 3070 2136 3125 quo

553 3147 778 3201 articulo
805 3146 1204 3202 evidentissima
1233 3147 1370 3201 solet
1393 3146 1506 3201 veri
1528 3145 1621 3202 Dei
1649 3146 1803 3201 unius
1828 3145 1942 3202 ﬁeri
1967 3146 2136 3218 signi-

552 3237 749 3293 ﬁcatio.
791 3238 906 3292 Non
933 3239 1076 3293 enim
1105 3238 1274 3306 dixit,
1309 3249 1549 3311 πρόσωπον
1572 3239 1668 3294 ’τοῦ
1688 3246 1828 3304 Θεοῦ,
1861 3238 1955 3294 sed
1981 3238 2131 3305 dixit,

553 3341 795 3403 πρόσωπον
835 3333 980 3388 deos:
1024 3333 1180 3388 facile
1206 3343 1384 3388 autem
1431 3333 1534 3390 boc
1580 3333 1882 3404 intelligunt
1919 3349 2022 3404 qua
2052 3333 2134 3388 di-

549 3428 742 3481 stantia
769 3427 997 3490 dicatur,
1013 3429 1099 3497 qui
1129 3427 1439 3483 Grtucorum
1468 3427 1738 3499 eloquium
1759 3427 1945 3484 audire
1977 3436 2138 3498 atque

549 3517 845 3589 intelligere
869 3519 1064 3574 solent.

619 3628 752 3685 CVI.
782 3630 884 3704 [11).
905 3647 1102 3699 χχχιιι,
1133 3630 1246 3703 lt]
1285 3631 1551 3699 Quzeritur
1590 3639 1766 3687 utrum
1812 3631 2138 3688 mendaciter

547 3725 851 3795 promiserit
874 3724 1036 3780 Iacob
1063 3725 1210 3780 fratri
1236 3741 1362 3790 suo,
1393 3725 1534 3798 quod
1564 3741 1793 3797 sequens
1825 3726 1990 3796 pedes
2005 3741 2136 3780 suo-
2207 3747 2214 3756 -

549 3830 668 3870 rum
693 3858 708 3883 ,
738 3817 790 3871 in
823 3816 1012 3872 itinere
1035 3825 1256 3888 propter
1291 3832 1424 3886 quos
1465 3817 1509 3871 si
1539 3818 1560 3848 ⁸
1589 3825 1915 3880 moraretur,
1944 3827 2136 3870 ventu-

548 3921 642 3962 rus
671 3916 812 3962 esset
836 3907 902 3961 ad
931 3924 1053 3962 eum
1085 3894 1136 3962 in
1183 3907 1300 3963 Seir
1328 3925 1342 3962 :
1371 3907 1474 3962 hoc
1505 3909 1647 3961 enim
1667 3949 1680 3972 ,
1710 3908 1846 3962 sicut
1866 3906 2136 3977 Scriptura

549 3999 742 4055 deinde
764 4010 975 4066 narrat,
997 4017 1101 4055 non
1130 4001 1252 4056 fecit
1271 4043 1284 4066 ,
1311 3999 1406 4057 sed
1442 4017 1509 4056 eo
1530 4001 1764 4071 perrexit
1788 4003 1973 4058 itinere
1994 4001 2138 4072 quod

549 4090 812 4162 dirigebat
841 4093 902 4147 ad
929 4108 1076 4148 suos.
1107 4095 1188 4148 An
1218 4093 1352 4148 forte
1379 4094 1554 4148 veraci
1593 4094 1771 4148 animo
1799 4095 2134 4165 promiserat,

551 4184 644 4240 scd
671 4185 811 4240 aliud
841 4195 1021 4256 postea
1049 4186 1329 4258 cogitando
1353 4187 1593 4258 delegit?

626 4296 782 4354 CVII.
812 4297 910 4372 [Ib.
935 4315 1136 4365 xxxiv,
1158 4298 1224 4364 2,
1249 4297 1326 4371 5.]
1374 4298 1651 4367 Quomodo
1700 4299 1970 4369 Scriptura
2011 4301 2139 4357 dicit

549 4389 693 4461 quod
725 4391 844 4445 vidit
871 4391 1077 4447 Sic/tem
1108 4391 1246 4460 ﬁlius
1276 4389 1487 4444 Emmor
1512 4389 1651 4445 Euan
1681 4390 1700 4421 ³
1725 4433 1739 4458 ,
1774 4392 2002 4462 princeps
2033 4400 2138 4446 ter-

549 4499 641 4550 m,
667 4483 855 4538 Dinam
878 4485 1038 4552 ﬁliam
1061 4483 1242 4551 Iacob,
1272 4493 1318 4538 et
1343 4485 1535 4554 accepit
1555 4501 1686 4549 eam,
1713 4493 1757 4536 et
1779 4483 2010 4537 dormivit
2025 4501 2139 4538 cum

549 4591 630 4641 ea,
656 4585 700 4630 et
731 4575 1012 4629 humiliavit
1037 4593 1146 4630 eam
1174 4591 1193 4630 :
1219 4585 1265 4630 et
1290 4575 1503 4630 intendit
1528 4575 1698 4629 animo
1726 4573 1877 4628 Dina:
1905 4576 2028 4644 ﬁlia:
2043 4573 2140 4628 Ia-

550 4667 661 4732 cob,
692 4678 739 4722 et
767 4669 1018 4722 adamavit
1042 4668 1302 4740 virginem,
1330 4677 1376 4721 et
1409 4667 1604 4722 loculus
1628 4676 1700 4722 est
1726 4666 2000 4720 secundum
2019 4683 2136 4720 sen-

551 4777 662 4814 sum
688 4759 892 4828 virginis
921 4760 1021 4829 ipsi
1045 4759 1113 4811 ‘i
1151 4759 1430 4826 Quomodo
1451 4760 1600 4829 virgo
1621 4757 1934 4828 appellatur,
1962 4758 2006 4812 si
2027 4757 2140 4827 jam

551 4865 671 4904 cum
701 4849 787 4903 illa
817 4849 1137 4917 dormierat,
1163 4864 1387 4920 eamque
1422 4849 1840 4905 humiliaverat?
1868 4848 1978 4904 Nisi
2007 4848 2140 4904 forte

551 4941 700 5011 virgo
723 4954 916 4996 nomen
938 4941 1108 4994 aetatis
1127 4947 1209 4995 est
1225 4939 1516 4996 secundum
1539 4937 1812 4993 hebrzeum
1834 4938 2136 5008 eloquium:

548 5047 616 5087 an
640 5031 814 5102 potius
841 5047 935 5102 per
964 5031 1460 5102 recapitulationem
1485 5039 1668 5101 postea
1690 5038 2142 5086 commemoratur

547 5122 690 5195 quod
719 5124 890 5194 primo
925 5122 1119 5177 factum
1147 5123 1266 5177 est?
1296 5122 1452 5177 Prius
1478 5121 1620 5176 enim
1650 5121 1820 5190 potuit
1863 5118 2141 5175 intendere

549 5217 743 5271 anima:
771 5215 939 5286 ipsius
967 5225 1022 5271 et
1061 5230 1242 5271 amare
1271 5214 1532 5286 virginem
1557 5255 1570 5279 ,
1599 5222 1653 5268 et
1679 5211 1821 5282 loqui
1848 5211 2139 5267 secundum

551 5324 768 5366 sensum
794 5309 1032 5380 virginis,
1059 5318 1112 5364 et
1137 5307 1329 5363 deinde
1356 5323 1476 5363 cum
1504 5306 1592 5362 illa
1621 5304 1855 5360 dormire
1877 5345 1890 5370 ,
1917 5317 2142 5374 eamque

552 5400 855 5459 humiliare.

621 5515 802 5572 CVIII.
845 5514 943 5588 [Ib.
973 5531 1169 5581 χχχιιι,
1188 5515 1243 5581 5,
1267 5522 1320 5569 et
1341 5509 1660 5584 xxxiv,%5.]
1682 5511 1812 5568 Cum
1841 5509 1997 5582 paulo
2020 5517 2144 5565 ante

617 5673 635 5704 ί
661 5678 760 5721 Duo
784 5677 914 5730 Mss,
937 5668 1084 5721 etiam
1108 5668 1198 5721 rite
1220 5666 1504 5734 intelligere.

616 5735 638 5796 ἓ
657 5739 709 5781 ιιι
732 5740 842 5782 Lov.
860 5767 876 5793 ,
900 5739 1093 5796 propter
1123 5745 1240 5796 quos
1263 5731 1332 5781 sic
1353 5731 1642 5796 moraretur.
1708 5736 1762 5778 Μ.

618 5795 638 5826 ³
659 5801 766 5844 Mss.
789 5791 915 5853 octo,
939 5791 1406 5856 Emmork‘liorrwus
1425 5791 1648 5856 princeps
1670 5798 1832 5856 terrae.

615 5856 642 5919 5
662 5864 760 5906 am.
785 5863 857 5905 Er.
884 5850 936 5906 et
956 5862 1064 5905 Iov.
1087 5889 1103 5915 ,
1125 5853 1293 5919 ipsius.
1319 5857 1373 5904 At
1411 5850 1508 5904 tiat.
1537 5850 1602 5904 et'
1623 5850 1839 5919 melioris
1859 5858 1987 5904 noun
2015 5860 2143 5918 Mss,

565 5917 644 5990 psi
669 5931 686 5970 :
706 5919 850 5994 juxta
872 5915 1328 5984 interpretationem
1354 5923 1463 5967 LXX
1482 5952 1498 5983 ,
1529 5915 1659 5968 aute.

749 6081 786 6093 ..ι
799 6061 871 6091 *πη
883 6064 920 6088 ζ-
937 6076 950 6084 ο

2244 1221 2389 1283 ptum
2414 1222 2498 1270 est
2516 1233 2530 1271 :
2550 1215 2617 1269 Et
2641 1216 2772 1270 venit
2789 1214 2950 1271 Iacob
2974 1217 3028 1272 in
3045 1217 3224 1273 Salem
3241 1220 3295 1273 in
3315 1220 3563 1276 civitatem
3582 1221 3857 1278 Siclu'mo-

2240 1319 2374 1370 rum,
2396 1321 2508 1376 qua
2533 1316 2605 1360 est
2634 1307 2689 1361 in
2711 1316 2846 1362 terra
2863 1297 3129 1376 Chanaan,
3151 1325 3267 1365 cum
3287 1311 3487 1366 advenit
3513 1313 3576 1368 de
3602 1312 3854 1384 Mesopo'

2242 1397 2397 1452 tamia
2423 1398 2622 1469 Syriae,
2647 1409 2694 1453 et
2739 1401 2987 1472 applicuit
3025 1404 3093 1457 ad
3135 1404 3315 1475 {aciem
3349 1405 3606 1472 civitatis;
3630 1417 3679 1462 et
3725 1406 3855 1462 emit

2241 1497 2437 1560 partem
2463 1491 2592 1561 agri,
2625 1492 2680 1545 in
2705 1508 2806 1561 quo
2833 1493 3006 1547 statuit
3030 1495 3138 1548 illic
3163 1495 3543 1552 tabernaculum
3568 1515 3721 1553 suum
3740 1541 3756 1564 ,
3782 1497 3852 1553 ab

2208 1619 2212 1624 ρ
2243 1582 2454 1636 Entmor
2476 1593 2622 1652 patre
2639 1585 2845 1640 Sic/tem
2870 1587 2886 1618 ¹
2909 1596 3109 1640 centum
3127 1589 3311 1658 agnis;
3331 1598 3378 1642 et
3393 1591 3566 1644 statuit
3581 1591 3652 1645 ibi
3671 1609 3848 1660 aram,

2241 1682 2286 1727 et
2311 1674 2555 1728 invocavit
2581 1673 2746 1729 Deum
2794 1675 2979 1731 Israel.
3023 1677 3163 1732 Eaiit
3186 1689 3354 1734 autem
3390 1679 3528 1735 Dina
3565 1681 3680 1752 ﬁlia
3710 1682 3849 1752 Lit,

2240 1783 2393 1836 quam
2413 1769 2604 1840 peperit
2623 1769 2723 1839 ipsi
2730 1767 2916 1837 Iacob,
2932 1780 2987 1824 ut
3005 1770 3314 1826 condisceret
3333 1773 3470 1842 ﬁlias
3486 1775 3708 1846 regionis
3731 1777 3849 1846 ejus

2243 1857 2392 1932 (Gen.
2411 1875 2602 1927 χχχιιι,
2617 1861 2791 1927 I830,
2811 1871 2856 1916 et
2867 1861 3132 1934 xxxtv,l),
3147 1871 3203 1918 et
3221 1872 3438 1919 caetera.
3461 1866 3698 1937 Apparet
3715 1881 3852 1938 ergo

2240 1949 2324 2006 his
2345 1953 2518 2006 verbis
2537 1969 2642 2008 non
2662 1962 3016 2022 transeunter,
3029 1956 3166 2010 sicut
3186 1956 3356 2010 viator
3375 1956 3534 2022 solet,
3555 1958 3662 2013 illic
3683 1973 3850 2014 man-

2239 2041 2375 2098 sisse
2404 2041 2569 2098 Iacob
2589 2085 2602 2108 ,
2628 2044 2719 2098 sed
2748 2061 2932 2115 agrum
2964 2046 3180 2114 emisse,
3211 2047 3607 2104 tabernaculum
3638 2049 3850 2104 consti-

2244 2133 2432 2200 tuisse,
2459 2148 2604 2188 aram
2637 2135 2970 2204 instruxisse,
2995 2151 3058 2191 ac
3075 2151 3172 2206 per
3190 2135 3294 2192 hoc
3315 2137 3514 2193 diutius
3531 2137 3808 2195 habitasse
3828 2157 3846 2194 :

2240 2223 2401 2280 filiam
2418 2240 2546 2281 vero
2565 2227 2682 2296 ejus
2696 2242 2816 2282 eum
2833 2227 2898 2283 ad
2917 2243 3035 2283 eam
3053 2230 3287 2285 venisset
3309 2238 3542 2299 aetatem,
3561 2242 3619 2286 ut
3637 2233 3850 2288 amicas

2239 2313 2550 2388 haberejam
2570 2318 3085 2388 posset,condiscere
3096 2321 3325 2376 voluisse
3339 2321 3473 2376 filias
3487 2323 3684 2378 civium
3700 2323 3806 2378 loci
3823 2338 3845 2389 ;

2237 2415 2400 2478 atque
2430 2408 2499 2463 ita
2531 2407 2721 2463 factam
2749 2423 2868 2466 esse
2896 2425 2992 2481 pro
3033 2411 3122 2465 illa
3165 2412 3593 2468 cruentissimam
3633 2413 3846 2469 creder-

2238 2507 2294 2554 et
2315 2498 2784 2569 deprzedationem,
2813 2517 2934 2572 quae
2949 2501 3081 2572 jam,
3105 2511 3162 2557 ut
3182 2513 3328 2572 puto,
3355 2504 3706 2574 quaestionem
3729 2519 3845 2561 non

2239 2587 2418 2645 habet.
2462 2590 2740 2648 Multitudo
2766 2594 2908 2649 enim
2932 2610 3037 2649 non
3065 2610 3223 2664 parva
3249 2603 3510 2652 eratcum
3533 2595 3722 2664 Iacob,
3747 2597 3844 2667 qui

2240 2682 2525 2751 plurimum
2551 2683 2748 2740 ditatus
2776 2684 2911 2753 fuit;
2949 2685 3045 2742 sed
3073 2687 3165 2742 ﬁlii
3190 2687 3307 2758 ejus
3335 2689 3390 2744 in
3430 2689 3535 2745 hoc
3561 2690 3702 2746 facto
3737 2706 3847 2745 no-

2239 2773 2528 2840 minantur,
2555 2776 2678 2847 quia
2720 2775 2961 2847 ejusdem
2991 2777 3114 2834 facti
3162 2779 3429 2850 principes
3457 2789 3617 2852 atque
3643 2789 3846 2837 aucto-

2239 2883 2328 2924 res
2354 2867 2586 2924 fuerunt.

2311 2958 2445 3016 CIX.
2487 2957 2584 3034 [Ib.
2607 2977 2795 3030 xxxiv,
2817 2960 2930 3035 50.]
2951 2961 3104 3030 Quod
3132 2965 3208 3019 ait
3249 2964 3444 3033 Iacob,
3473 2965 3668 3021 timens
3695 2965 3841 3024 bella

2242 3052 2587 3107 finitimorum
2617 3053 2755 3124 apud
2784 3055 3054 3110 civitatem
3085 3055 3284 3122 Saletn,
3311 3071 3469 3128 quam
3499 3073 3848 3130 expugnave-

2241 3151 2367 3198 runt
2393 3144 2483 3198 filii
2511 3145 2646 3214 ejus,
2680 3144 2790 3217 Ego
2816 3155 2985 3201 autem
3010 3149 3221 3218 exiguus
3246 3166 3356 3204 sum
3383 3166 3614 3218 numero,
3639 3160 3690 3204 et
3715 3167 3846 3206 con-

2241 3234 2486 3288 venientes
2514 3250 2666 3303 super
2690 3250 2768 3289 me
2789 3236 3018 3291 occident
3037 3253 3153 3304 me;
3176 3249 3393 3311 propter
3415 3239 3552 3296 bella
3585 3241 3840 3311 plurium,

2239 3341 2359 3397 quae
2382 3340 2704 3398 consurgere
2729 3335 3011 3397 poterant,
3049 3343 3108 3385 se
3131 3329 3266 3386 dixit
3304 3346 3528 3388 numero
3555 3333 3838 3403 exiguum,

2241 3434 2348 3475 non
2373 3419 2516 3490 quod
2544 3419 2723 3475 minus
2751 3421 2949 3476 multos
2979 3421 3218 3490 haberet,
3253 3437 3411 3493 quam
3439 3433 3658 3494 possent
3682 3422 3844 3478 sufﬁ-

2240 3525 2365 3568 cere
2389 3511 2768 3582 expugnationi
2796 3512 2936 3568 illius
2963 3513 3212 3582 civitatis,
3235 3529 3357 3570 cum
3394 3529 3520 3571 suos
3557 3516 3610 3571 in
3649 3516 3844 3572 itinere

2241 3605 2296 3660 in
2326 3605 2448 3660 bina
2473 3615 2648 3661 castra
2673 3605 2932 3662 diviserit.

2311 3697 2426 3754 CX.
2455 3697 2556 3771 [Ib.
2572 3714 2742 3768 xxxv,
2759 3700 2780 3754 I
2795 3697 2835 3772 .]
2855 3697 2993 3754 Dixit
3017 3680 3184 3754 autem
3199 3699 3342 3754 Deus
3359 3699 3428 3754 ad
3444 3697 3624 3763 Iacob,
3649 3698 3840 3771 Surge,

2241 3800 2289 3846 et
2317 3791 2531 3845 ascende
2554 3791 2607 3844 in
2628 3790 2792 3844 locum
2813 3789 3009 3854 Bethel,
3035 3799 3081 3846 et
3103 3791 3272 3844 habita
3296 3791 3404 3856 ibi;
3428 3800 3474 3846 et
3493 3791 3576 3861 fac
3598 3790 3668 3846 ibi
3695 3807 3842 3844 aram

2241 3882 2369 3951 Deo,
2401 3885 2484 3954 qui
2514 3884 2747 3956 apparuit
2772 3884 2880 3949 tibi,
2908 3901 3024 3938 cum
3055 3887 3256 3957 fugeres
3278 3901 3310 3938 a
3339 3885 3469 3956 facie
3493 3884 3634 3940 Esau
3661 3886 3840 3956 fratris

2245 3979 2338 4032 tui.
2368 3977 2506 4044 Quid
2527 3986 2610 4032 est
2629 3976 2770 4048 quod
2797 3992 2906 4032 non
2931 3976 3085 4043 dixit,
3112 3977 3178 4031 Et
3197 3977 3278 4032 fac
3304 3977 3377 4033 ibi
3403 3992 3547 4032 aram
3573 3977 3726 4044 mihi,
3750 3983 3846 4047 qui

2241 4070 2460 4140 apparui
2485 4069 2608 4135 tibi;
2641 4069 2738 4125 sed
2762 4070 2900 4125 Deus
2926 4068 3074 4137 dicit,
3100 4068 3210 4123 Fac
3233 4069 3305 4123 ibi
3320 4085 3462 4123 aram
3493 4067 3602 4124 Deo
3629 4070 3717 4139 qui
3744 4086 3845 4140 ap-

2243 4163 2412 4234 paruit
2432 4162 2556 4218 tibi?
2573 4172 2746 4217 utrum
2766 4161 2931 4217 Filius
2949 4162 3019 4217 ibi
3039 4161 3302 4232 apparuit,
3325 4170 3380 4217 et
3399 4161 3536 4217 Deus
3557 4161 3716 4232 Pater
3737 4163 3842 4218 hoc

2245 4254 2417 4310 dicit?
2443 4269 2509 4309 an
2540 4255 2594 4310 in
2621 4255 2798 4325 aliquo
2818 4270 3014 4326 genere
3036 4255 3316 4310 locutionis
3336 4255 3798 4311 annumerandum
3819 4256 3840 4311 l

2313 4345 2448 4402 CXI.
2479 4345 2577 4420 [Ib.
2604 4362 2756 4400 xxxv
2778 4387 2794 4413 ,
2819 4344 2902 4418 2.]
2922 4345 3075 4412 Quod
3099 4345 3268 4402 Iacob
3283 4361 3602 4402 ascensurus
3627 4346 3842 4414 Bethel,

2241 4440 2331 4495 ubi
2357 4419 2540 4509 jussus
2567 4447 2652 4494 est
2676 4454 2822 4492 aram
2848 4438 3044 4505 facere,
3069 4437 3198 4494 dicit
3220 4437 3401 4494 domui
3437 4454 3548 4494 suae
3572 4447 3625 4494 et
3660 4419 3844 4494 omni-

2243 4531 2342 4586 bus
2371 4532 2460 4601 qui
2489 4546 2608 4585 eum
2640 4530 2730 4584 illo
2759 4540 2933 4595 erant,
2965 4528 3148 4584 Tollite
3174 4529 3295 4584 deos
3320 4530 3534 4594 alienos,
3563 4529 3648 4600 qui
3673 4530 3843 4585 vobis-

2242 4639 2360 4677 cum
2382 4632 2518 4689 sunt,
2539 4622 2604 4676 de
2623 4621 2788 4678 medio
2808 4631 3043 4690 vestrum,
3057 4629 3162 4678 etc.
3183 4637 3198 4687 ;
3219 4621 3413 4678 deinde
3430 4622 3644 4690 dicitur,
3662 4622 3732 4676 Et
3753 4623 3842 4677 de-

2243 4716 2421 4771 derunt
2444 4713 2608 4770 Iacob
2631 4715 2750 4770 deos
2771 4713 2962 4770 alienos
2981 4756 2996 4781 ,
3019 4714 3107 4785 qui
3131 4723 3272 4768 erant
3303 4714 3358 4768 in
3384 4714 3615 4768 manibus
3637 4729 3840 4782 eorum,

2242 4819 2291 4864 et
2318 4809 2521 4862 inaures
2539 4822 2655 4876 qua:
2673 4815 2815 4861 erant
2841 4807 2896 4860 in
2920 4805 3126 4860 auribus
3149 4823 3322 4861 eorum
3346 4806 3640 4878 :quteritur
3672 4821 3843 4876 quare

2243 4909 2298 4957 et
2324 4900 2566 4967 inaures,
2599 4915 2718 4970 qua:
2747 4900 2792 4954 si
2834 4907 3147 4955 ornamenta
3176 4906 3362 4966 erant,
3390 4899 3458 4953 ad
3483 4899 3840 4954 idololatrian]

2244 5010 2349 5050 non
2369 4994 2726 5066 pertinebant,
2759 4993 2862 5048 nisi
2889 4993 3010 5063 quia
3035 4992 3437 5062 intelligendum
3461 4999 3546 5047 est
3571 4990 3844 5063 phylaete-

2243 5089 2323 5143 ria
2351 5087 2515 5142 fuisse
2543 5087 2766 5142 deorum
2793 5087 3113 5142 alienorum.
3153 5084 3288 5141 Nam
3309 5084 3604 5141 Rebeccam
3631 5099 3662 5139 a
3683 5098 3844 5139 servo

2245 5181 2473 5237 Abrahae
2521 5180 2735 5235 inaures
2777 5179 3048 5249 accepisse
3093 5176 3368 5248 Scriptura
3411 5185 3668 5243 testatur;
3695 5174 3841 5246 quod

2246 5287 2351 5328 non
2374 5272 2556 5338 fieret,
2582 5272 2626 5328 si
2657 5273 2736 5328 eis
2765 5271 2978 5327 inaures
3001 5271 3200 5327 habere
3215 5270 3516 5328 ornamenti
3545 5269 3709 5340 gratia
3731 5283 3842 5323 non

2246 5363 2450 5418 liceret.
2477 5362 2618 5433 Ergo
2645 5361 2747 5416 illa:
2773 5361 2987 5416 inaures
3008 5377 3126 5432 qua:
3142 5376 3263 5416 cum
3283 5360 3435 5416 idolis
3455 5359 3593 5415 datin
3616 5369 3757 5427 sunt,
3783 5367 3845 5414 ut

2248 5455 2447 5511 dictum
2476 5463 2588 5519 est,
2619 5455 2880 5510 idolorum
2915 5454 3237 5526 phylacteria
3266 5453 3498 5510 fuerunt.

2321 5547 2482 5604 CXII.
2510 5547 2612 5622 [Ib.
2635 5545 2890 5619 xxxv,5.]
2914 5546 2980 5600 Et
3009 5551 3174 5618 factus
3193 5556 3264 5602 est
3289 5548 3439 5601 timor
3458 5545 3555 5601 Dei
3585 5547 3636 5601 in
3663 5547 3845 5602 civita-

2251 5640 2379 5694 tibus
2395 5625 2505 5710 qua:
2524 5640 2655 5692 circa
2675 5638 2791 5693 illos
2805 5646 2970 5704 erant,
2990 5646 3036 5691 et
3053 5653 3153 5692 non
3173 5646 3290 5692 sunt
3309 5637 3562 5692 consecuti
3575 5645 3685 5708 post
3703 5636 3843 5706 ﬁlios

2313 5791 2330 5823 ί
2356 5792 2572 5853 Quinque
2612 5787 2828 5853 melioris
2859 5796 2998 5853 nota:
3020 5793 3130 5853 mss.
3149 5824 3165 5851 ,
3203 5785 3562 5853 tabernaculum
3596 5798 3736 5853 situm
3771 5784 3842 5838 ad

2250 5861 2439 5968 mter
2463 5849 2649 5917 patrem
2662 5851 2865 5904 sichem.
2890 5858 2943 5904 Et
2963 5852 3033 5905 sic
3054 5849 3202 5904 latina
3231 5851 3378 5904 editio
3400 5850 3636 5903 versionis
3655 5860 3840 5918 πω
