4094 6478
215 374 323 433 577

210 588 478 654 cperetur
507 578 559 632 in
601 574 875 630 hominum
923 569 1209 626 mentibus.
1256 566 1301 620 Α
1342 578 1447 636 quo
1485 564 1626 619 enim
1660 564 1817 617 timor

210 676 305 731 Dei
341 675 515 728 factus
544 679 627 726 est
656 670 707 723 in
739 667 843 723 illis
866 662 1208 727 civitatibus,
1239 657 1339 713 nisi
1367 658 1436 714 ab
1467 656 1557 713 illo
1595 672 1684 728 qui
1722 670 1817 710 sua

212 767 489 840 promissa
519 764 573 818 in
598 759 1015 833 Jacobliliisque
1046 751 1337 809 tuebatur?

286 857 478 913 CXIII.
499 854 597 928 [11).
625 848 884 922 xxxv,6.]
921 847 1063 901 Venit
1085 853 1249 899 autem
1277 840 1438 895 Iacob
1461 839 1515 893 in
1530 837 1691 905 Luza,
1709 852 1823 907 qua:

214 960 287 1005 est
316 951 372 1002 in
409 957 546 1001 terra
575 943 852 1007 Chanaan,
878 955 990 1012 qua:
1032 947 1108 992 est
1146 932 1340 989 Bethel.
1377 929 1821 987 Animadverten-

214 1041 345 1097 dum
371 1049 457 1094 est
479 1038 580 1093 tria
596 1037 704 1107 jam
721 1033 935 1090 nomina
951 1029 1110 1101 hujus
1124 1024 1355 1083 civitatis
1370 1030 1785 1078 commemorata
1802 1036 1818 1086 ;

219 1130 557 1193 UIammaus,
580 1128 722 1201 quod
745 1126 946 1184 dictum
968 1134 1052 1180 est
1082 1135 1201 1178 eam
1230 1120 1375 1190 prius
1396 1123 1634 1172 vocatam
1654 1157 1669 1182 ,
1698 1130 1820 1169 eum

218 1226 347 1284 illuc
394 1224 545 1295 prius
571 1235 797 1293 pergens
842 1218 895 1273 in
923 1212 1355 1285 Mesopotamiam
1386 1209 1621 1265 venisset
1656 1207 1822 1263 Iacob

223 1318 379 1393 (Gen.
398 1332 599 1383 xxvm,
632 1314 754 1386 l9);
782 1323 837 1369 et
861 1309 1077 1372 Betbel,
1100 1306 1243 1378 quod
1282 1318 1475 1359 nomen
1506 1302 1621 1373 ipse
1649 1301 1819 1371 impo-

221 1414 329 1471 suit
362 1410 474 1477 (Id.
505 1424 671 1476 xxxv,
698 1406 786 1473 I5)
807 1447 822 1470 ,
854 1413 908 1459 et
951 1404 1331 1472 interpretatur
1370 1397 1568 1451 Domus
1597 1394 1689 1448 Dei
1718 1408 1733 1458 ;
1770 1400 1826 1447 et

225 1506 402 1566 Luna,
435 1502 581 1574 quod
609 1499 769 1556 modo
811 1500 1286 1553 commemoratum
1323 1497 1426 1545 est.
1482 1487 1590 1542 Nec
1629 1486 1822 1540 mirum

226 1594 390 1650 debet
413 1592 587 1648 videri
614 1610 627 1644 :
653 1588 834 1645 multis
861 1586 1005 1642 enim
1027 1584 1160 1640 locis
1180 1582 1283 1637 hoc
1306 1577 1518 1644 accidit,
1542 1577 1668 1634 etin
1689 1576 1824 1633 civi-

227 1690 448 1752 tatibus,
480 1686 606 1742 etin
634 1681 963 1743 ﬂuminibus,
986 1686 1041 1733 et
1063 1677 1114 1731 in
1142 1673 1440 1745 quibusque
1464 1681 1747 1734 terrarum,
1769 1675 1827 1723 ut

226 1800 291 1839 ex
318 1781 440 1837 aliis
469 1788 629 1849 atque
666 1776 784 1830 aliis
811 1772 987 1829 causis
1029 1769 1109 1825 vel
1148 1766 1497 1829 adderentur,
1526 1762 1610 1818 vel
1652 1770 1825 1817 muta-

227 1883 419 1932 rentur
446 1870 726 1932 vocahula,
754 1867 889 1921 sicut
918 1864 1078 1920 etiam
1105 1861 1233 1929 ipsis
1275 1856 1599 1913 hominibus.

295 1948 489 2021 CXIV.
530 1955 885 2035 [lh.xxxv,9
909 1952 1059 2027 ,I0.]
1099 1951 1293 2006 Iterum
1334 1949 1385 2003 in
1427 1947 1829 2018 Luza~apparuit

228 2059 373 2114 Deus
400 2054 586 2120 Iacob,
618 2059 674 2107 et
712 2050 847 2104 dixit
865 2047 915 2103 ei
941 2064 952 2101 :
981 2044 1182 2099 Nomen
1208 2052 1348 2096 tuum
1363 2041 1478 2112 jam
1503 2056 1601 2094 non
1624 2036 1825 2093 vocabi-

230 2162 313 2204 tur
329 2146 515 2211 Iacob,
535 2143 624 2199 sed
646 2141 809 2196 Israel
837 2138 931 2194 erit
953 2152 1132 2190 nomen
1162 2143 1321 2188 tuum.
1349 2132 1461 2186 Hoc
1480 2130 1530 2186 ei
1557 2129 1683 2184 dicit
1702 2143 1829 2184 ecce

230 2244 421 2297 iterum
455 2238 599 2293 Deus
621 2234 675 2289 in
701 2230 1089 2295 benedictione,
1117 2240 1238 2297 quae
1281 2223 1524 2293 repetitio
1550 2220 1831 2277 conﬁrmat

231 2344 484 2403 magnum
512 2325 832 2397 promissum
856 2322 909 2375 in
937 2319 1037 2375 hoc
1068 2317 1302 2373 nomine.
1343 2313 1477 2368 Nam
1505 2312 1604 2367 hoc
1630 2312 1822 2365 mirum

233 2431 335 2489 est,
362 2420 561 2491 quibus
587 2417 746 2472 etiam
776 2412 941 2469 semel
982 2410 1180 2465 dictum
1208 2415 1290 2462 est
1309 2446 1323 2473 ,
1350 2404 1578 2475 amplius
1602 2418 1696 2458 eos
1721 2416 1827 2457 non

234 2512 413 2568 vocari
439 2508 585 2581 quod
622 2506 975 2569 vocabantur,
1008 2499 1103 2557 sed
1133 2498 1274 2569 quod
1304 2498 1383 2553 eis
1411 2511 1604 2551 novum
1633 2510 1830 2549 nomen

236 2604 633 2677 imponebatur,
653 2599 872 2655 omnino
890 2596 1119 2666 amplius
1142 2592 1339 2662 aliquid
1364 2606 1470 2645 non
1488 2598 1705 2644 vocatos
1730 2588 1830 2642 nisi

234 2698 376 2770 quod
407 2696 488 2751 eis
515 2692 819 2763 impositum
848 2689 955 2745 sit:
986 2689 1144 2741 istum
1167 2694 1344 2740 autem
1368 2698 1463 2753 per
1485 2690 1647 2736 totam
1672 2680 1829 2734 vitam

236 2804 386 2845 suam
414 2796 471 2842 et
492 2785 744 2854 deinceps
765 2789 885 2852 post
906 2780 1070 2835 vitam
1095 2792 1244 2833 suam
1266 2776 1585 2848 appellatum
1606 2788 1723 2829 esse
1744 2772 1833 2826 Ia-

236 2881 358 2943 cob,
382 2879 471 2934 cui
499 2892 603 2931 non
630 2873 796 2930 semel
827 2874 844 2905 ¹
874 2872 1015 2927 Deus
1036 2870 1264 2935 dixerat,
1296 2867 1415 2921 Non
1433 2867 1546 2937 jam
1572 2864 1828 2919 vocaberis

236 2973 421 3040 Iacob,
443 2970 531 3025 sed
553 2968 718 3024 Israel
745 2966 840 3023 erit
867 2980 1049 3020 nomen
1075 2973 1218 3017 tuum
1247 2959 1357 3033 (Id.
1382 2975 1530 3014 xxxn
1557 3000 1571 3024 ,
1594 2958 1707 3029 28).
1736 2956 1832 3011 Ni-

237 3068 435 3123 mirum
456 3078 585 3134 ergo
600 3076 793 3118 nomen
821 3060 922 3114 hoc
948 3059 1014 3113 ad
1037 3058 1180 3113 illam
1206 3062 1353 3110 recte
1380 3051 1690 3122 intelligitur
1709 3065 1831 3120 per-

240 3160 410 3215 tinere
431 3156 867 3229 promissionem,
889 3151 980 3207 ubi
1000 3151 1079 3205 sic
1101 3147 1365 3203 videbitur
1390 3147 1550 3213 Deus,
1565 3145 1834 3216 quomodo

242 3267 350 3307 non
374 3258 461 3306 est
487 3257 642 3303 antea
673 3244 919 3301 Patrihus
947 3241 1113 3296 visus.
1154 3239 1228 3293 lbi
1257 3252 1360 3292 non
1386 3236 1714 3295 eritnomen
1738 3248 1835 3290 ve-

244 3353 347 3411 tus,
374 3343 500 3412 quia
532 3339 661 3394 nihil
692 3334 988 3393 remanebit
1010 3332 1093 3388 vel
1120 3332 1175 3385 iu
1204 3332 1319 3401 ipso
1344 3342 1571 3398 corpore
1591 3335 1833 3383 vetusta-

243 3436 333 3501 tis,
357 3447 414 3488 et
446 3432 539 3487 Dei
568 3431 700 3485 visio
728 3440 994 3485 summum
1025 3424 1127 3479 erit
1155 3420 1452 3492 praemium.

310 3526 475 3583 CXV.
516 3523 617 3599 [11).
643 3536 809 3587 xxxv,
838 3517 952 3591 IL]
991 3517 1047 3572 In
1086 3513 1362 3585 promissis
1408 3510 1575 3566 Iacob
1620 3508 1831 3575 dicitur,

243 3619 424 3675 Gentes
447 3626 492 3672 et
518 3612 927 3685 congregationes
952 3605 1173 3681 gentium
1198 3612 1343 3661 erunt
1371 3619 1435 3658 ea:
1459 3611 1505 3656 te
1538 3618 1556 3655 :
1580 3602 1835 3672 quaeritur

242 3720 421 3766 utrum
452 3715 639 3779 gentes
664 3703 952 3761 secundum
981 3713 1197 3755 carnem
1218 3738 1234 3765 ,
1267 3694 1704 3766 eongregationcs
1732 3708 1831 3746 au-

243 3810 349 3857 tem
392 3799 632 3871 gentium
660 3794 952 3852 secundum
991 3791 1148 3846 Iidem
1168 3830 1184 3855 ,
1215 3803 1284 3842 an
1310 3795 1594 3856 utrumque
1618 3794 1835 3855 propter

246 3895 404 3949 fidem
425 3893 663 3963 gentium
682 3889 883 3943 dictum
904 3893 1006 3952 est,
1021 3884 1064 3938 si
1087 3891 1272 3953 gentes
1296 3878 1546 3950 appellari
1584 3893 1689 3932 non
1716 3891 1838 3947 pos-

244 3995 367 4040 sunt
398 3999 499 4037 una
526 3996 659 4052 gens
688 3978 849 4035 Israel
876 3975 1168 4032 secundum
1197 3986 1433 4027 carnem.

314 4076 499 4132 CXVI.
531 4074 629 4147 [lh.
649 4088 816 4139 xxxv,
835 4067 1052 4140 15-15.]
1073 4065 1310 4121 Ascendit
1333 4074 1502 4118 autem
1534 4061 1671 4116 Deus
1694 4060 1757 4115 ab
1781 4077 1839 4116 eo

242 4170 379 4235 loco,
406 4166 490 4220 ubi
515 4167 711 4219 locutus
738 4170 812 4217 est
838 4177 955 4215 cum
983 4175 1040 4214 eo
1062 4172 1081 4222 ;
1110 4167 1156 4212 et
1180 4155 1353 4211 statuit
1376 4152 1538 4207 Iacob
1562 4153 1765 4206 titulum
1784 4153 1839 4207 in

246 4264 357 4317 loco
385 4261 442 4314 in
482 4275 580 4330 quo
614 4258 810 4312 locutus
852 4262 922 4309 est
948 4268 1060 4306 cum
1096 4266 1152 4305 eo
1172 4290 1189 4316 ,
1222 4248 1423 4302 titulum
1457 4245 1755 4316 lapideum;
1792 4254 1840 4300 et
1931 4258 1943 4265 “

244 4354 418 4407 libavit
447 4366 595 4423 super
623 4365 735 4404 eum
769 4348 987 4402 libamen
1011 4384 1026 4411 ,
1051 4352 1097 4396 et
1118 4340 1303 4412 infudit
1326 4355 1478 4409 super
1502 4354 1616 4392 eum
1640 4338 1840 4404 oleum;

244 4458 292 4501 et
321 4445 511 4500 vocavit
537 4442 697 4497 Iacob
726 4455 905 4494 nomen
930 4436 1061 4501 loci,
1088 4436 1143 4489 in
1167 4449 1266 4506 quo
1295 4432 1492 4485 locutus
1528 4440 1601 4484 est
1638 4446 1751 4483 cum
1782 4446 1839 4484 eo

244 4539 353 4594 illic
374 4537 534 4604 Deus,
558 4534 753 4590 Bethel.
776 4532 970 4588 lterum
991 4528 1187 4584 factum
1212 4525 1415 4581 esthoc
1438 4525 1577 4590 loco,
1601 4524 1742 4594 quod
1763 4524 1839 4577 Ia-

245 4643 392 4689 ctum
414 4630 617 4687 fuerat?
633 4644 701 4684 an
722 4628 912 4683 iterum
934 4626 1410 4680 commemoratum
1425 4617 1541 4674 est?
1560 4616 1666 4673 Sed
1681 4615 1843 4687 quod-

247 4727 378 4783 libet
398 4725 589 4779 horum
607 4723 695 4789 sit,
714 4734 876 4789 super
891 4716 1117 4787 lapidem
1142 4714 1325 4769 libavit
1343 4710 1529 4775 Iacob,
1552 4726 1659 4766 non
1680 4708 1843 4780 lapidi

248 4817 459 4873 libavit.
500 4815 615 4870 Non
637 4828 765 4883 ergo
790 4810 927 4867 sicut
954 4807 1245 4863 idololatrac
1267 4803 1442 4868 solent
1466 4817 1587 4857 aras
1611 4810 1738 4856 ante
1761 4800 1842 4855 la-

246 4912 403 4983 pides
429 4908 775 4969 constituere,
806 4912 861 4959 et
884 4912 1135 4972 tanquam
1157 4896 1261 4952 diis
1290 4895 1459 4951 libare
1487 4894 1769 4965 lapidibus.

318 4997 526 5056 CXVII.
559 4996 658 5070 [11).
686 5010 848 5061 xxxv,
862 4989 979 5063 26.]
1002 4992 1055 5045 I.
1084 4986 1239 5056 Quod
1264 4984 1545 5042 duodecim
1573 4982 1666 5038 ﬁlii
1692 4997 1842 5038 eom-

244 5100 501 5162 putantur
538 5088 697 5144 Israel
720 5128 735 5155 ,
771 5085 863 5156 qui
900 5084 1012 5157 nati
1040 5089 1162 5137 sunt
1188 5079 1235 5135 ei
1257 5119 1273 5145 ,
1301 5085 1357 5133 et
1383 5076 1597 5143 dicitur,
1630 5074 1701 5128 Hi
1728 5084 1844 5130 sunt

256 5185 346 5251 ﬁlii
368 5182 557 5247 Israel,
583 5180 667 5251 qui
689 5178 797 5233 nati
819 5184 935 5232 sunt
960 5176 1005 5231 ei
1025 5175 1078 5229 in
1099 5171 1489 5243 Mesopotamia,
1512 5185 1633 5225 cum
1656 5168 1845 5238 Benja-

250 5278 359 5335 Itin
394 5277 552 5347 longe
574 5282 757 5346 postea
789 5281 945 5327 natus
970 5270 1069 5338 sit,
1100 5284 1223 5324 cum
1261 5267 1370 5339 jam
1409 5266 1709 5322 transiisset
1748 5266 1846 5321 Be-

251 5371 358 5426 tbeI
381 5411 397 5437 ,
430 5383 486 5424 et
518 5367 966 5437 apprOpinquaret
1000 5361 1315 5418 Bethlehem
1347 5378 1361 5414 :
1390 5360 1585 5413 frustra
1628 5358 1843 5427 quidam

250 5469 512 5518 conantes
537 5459 693 5513 istam
720 5458 930 5512 solvere
959 5454 1327 5525 quaestionem,
1356 5451 1606 5506 dixerunt
1629 5466 1733 5505 non
1766 5450 1846 5506 le-

250 5552 509 5624 gendum,
528 5549 633 5603 nati
651 5558 786 5613 sunt,
809 5548 945 5602 sicut
962 5546 1108 5600 latini
1128 5544 1367 5615 plerique
1390 5541 1601 5596 codices
1618 5541 1843 5606 habent;

251 5645 371 5711 sed,
402 5643 524 5715 facti
550 5652 668 5696 sunt
696 5657 713 5704 ;
739 5654 916 5709 graece
942 5638 1083 5693 enim
1111 5636 1368 5705 scriptum
1397 5642 1481 5689 est
1507 5639 1709 5700 ἐνένωτο
1733 5650 1745 5685 :
1774 5632 1846 5687 ita

317 5738 334 5768 ι
356 5734 430 5784 sic
451 5733 605 5783 habet
625 5735 722 5791 En,
745 5738 795 5781 et
824 5727 1019 5790 melius,
1033 5735 1089 5779 ut
1111 5729 1281 5792 probat
1300 5731 1563 5792 contextus
1594 5726 1772 5775 series.
1798 5730 1850 5775 ιιι

249 5804 327 5858 8.,
344 5794 427 5847 cui
472 5792 637 5851 semel,
683 5790 905 5857 adjuncta
949 5792 1038 5843 hac
1060 5790 1171 5853 nota
1206 5792 1256 5840 in
1278 5790 1530 5854 margine:
1565 5806 1587 5835 ι
1608 5793 1847 5848 Fortasse,

250 5855 636 5919 κατακαίνω
1134 5849 1319 5891 ”⁴”·
1390 5868 1413 5892 ἀ
1842 5874 1847 5884 ·

1629 354 1836 413 LIBER
1871 355 2142 417 PRIMUS.

210 483 405 545 Israel.
425 482 745 554 Incipiamus
762 474 1185 534 animadvertere
1205 468 1652 545 quemadmodum
1674 470 1816 526 Deus
1842 538 1845 541 ἤ

3403 358 3504 419 ’178

1921 473 2161 530 volentes
2204 473 2421 547 intelligi
2448 478 2606 534 etiam
2638 477 2940 550 Benjamin,
2984 475 3224 547 quamvis
3253 474 3323 530 ibi
3351 484 3506 531 natus
3538 484 3541 485 '

1924 581 2028 620 nen
2056 566 2237 637 fuerit,
2263 568 2335 623 ibi
2363 568 2559 625 factum
2583 578 2796 638 tamen;
2821 568 2940 641 quia
2959 568 3067 640 jam
3090 568 3260 623 fuerat
3280 567 3333 621 in
3356 577 3507 621 utero

1923 657 2243 729 seminatus,
2277 668 2334 715 ut
2382 676 2662 733 praegnans
2702 661 2826 717 inde
2868 660 3067 716 Rachel
3108 659 3301 715 exiisse
3324 657 3509 713 creda-

1926 759 2030 807 tur.
2073 752 2184 807 Hoc
2224 762 2401 808 autem
2444 755 2604 810 modo
2630 755 2870 823 etiamsi,
2906 755 3009 808 nati
3038 763 3188 822 sunt,
3220 752 3506 822 legerentur.

1924 852 2142 915 possent
2159 843 2358 911 dicere,
2372 845 2482 914 jam
2504 846 2554 899 in
2576 854 2730 901 utero
2750 854 2906 901 natus
2926 854 3039 901 erat
3052 887 3067 911 ,
3081 845 3203 915 quia
3221 852 3511 915 conceptus

1925 947 2074 1003 erat;
2116 939 2252 995 sicut
2294 939 2361 995 de
2405 950 2587 996 sancta
2628 941 2791 996 Maria
2837 941 3038 996 dictum
3077 948 3158 996 es:
3195 938 3261 995 ad
3287 938 3506 1011 Ioseph,

1929 1029 2076 1096 Quod
2095 1032 2226 1087 enim
2247 1033 2297 1086 in
2319 1048 2376 1087 ea
2396 1044 2570 1087 natum
2590 1042 2681 1103 est,
2705 1033 2767 1089 de
2789 1033 2987 1107 Spiritu
3006 1042 3181 1089 sancto
3201 1042 3273 1087 est
3295 1031 3506 1105 (Matth.

1926 1140 1978 1192 ι,
2004 1125 2128 1197 9.0).

1995 1216 2050 1271 2.
2076 1218 2181 1274 Sed
2201 1218 2343 1275 aliud
2365 1226 2449 1275 est
2464 1219 2604 1291 quod
2626 1219 2849 1291 impedit
2872 1220 3007 1275 hanc
3028 1218 3347 1274 solutionem
3361 1232 3478 1288 quae

1926 1308 2114 1364 stionis
2157 1310 2348 1380 hujus;
2396 1312 2517 1382 quia
2560 1311 2605 1367 si
2644 1311 2755 1381 jam
2801 1311 2873 1367 ibi
2917 1310 3195 1381 Benjamin
3224 1318 3512 1381 conceptus

1926 1410 2060 1468 erat,
2092 1401 2180 1473 qui
2208 1402 2298 1483 lilii
2325 1401 2489 1458 Iacob
2512 1402 2739 1474 grandes
2766 1402 2890 1457 inde
2918 1401 3164 1457 exierunt
3188 1443 3202 1469 ,
3226 1401 3312 1456 vix
3341 1415 3511 1457 anno-

1928 1510 2043 1549 rum
2064 1493 2340 1551 duodecim
2366 1511 2487 1551 esse
2513 1503 2816 1566 potuerunt.
2851 1494 3047 1566 Viginti
3072 1508 3302 1565 namque
3341 1508 3511 1549 annos

1928 1586 2036 1642 illic
2076 1587 2342 1658 explevit,
2371 1602 2595 1658 quorum
2642 1588 2829 1658 primis
2869 1595 3073 1656 septem
3110 1585 3226 1641 sine
3266 1584 3515 1656 conjugio

1929 1677 2045 1747 fuit,
2064 1678 2235 1734 donec
2256 1678 2536 1734 serviendo
2557 1678 2608 1733 id
2633 1678 3019 1749 adipisceretur
3048 1678 3088 1731 ⁸.
3106 1677 3177 1735 Ut
3196 1691 3325 1748 ergo
3344 1676 3516 1747 primo

1928 1785 2090 1836 anno,
2120 1786 2224 1840 quo
2248 1769 2397 1826 duxit
2424 1787 2664 1836 uxorem,
2695 1770 2745 1827 ei
2772 1769 2910 1825 Iilius
2940 1777 3279 1836 nasceretur,
3311 1766 3515 1824 duode-

1929 1869 2031 1919 clm
2053 1879 2313 1919 annorum
2351 1879 2471 1920 esse
2495 1865 2666 1936 potuit
2696 1863 2995 1935 primitivus
3019 1905 3034 1929 ,
3062 1877 3185 1917 cum
3228 1861 3350 1917 inde
3394 1876 3519 1931 pro-

1930 1957 2100 2014 feetns
2127 1968 2227 2013 est.
2255 1957 2485 2014 Proinde
2512 1958 2555 2012 si
2576 1958 2683 2028 jam
2708 1965 2999 2027 conceptus
3025 1954 3198 2011 fuerat
3218 1955 3514 2025 Benjamin,

1932 2050 2064 2105 intra
2111 2049 2294 2105 decem
2348 2064 2562 2104 menses
2601 2049 2690 2103 illa
2726 2049 2901 2104 omnis
2939 2048 3025 2102 via
3074 2056 3285 2117 peracta
3324 2054 3439 2112 est,
3465 2054 3521 2100 et

1931 2141 2182 2214 quidquid
2212 2142 2265 2197 in
2306 2142 2495 2197 itinere
2538 2140 2791 2210 scriptum
2822 2147 2904 2194 est
2931 2137 3001 2195 de
3027 2137 3209 2194 Iacob.
3251 2137 3401 2194 Unde
3430 2151 3518 2192 se-

1931 2235 2109 2305 quitur
2137 2242 2194 2288 ut
2238 2233 2329 2288 ﬁlii
2367 2233 2482 2303 ejus
2527 2240 2631 2286 tam
2675 2230 2882 2302 parvuli
2911 2244 3008 2300 pro
3043 2244 3228 2285 sorore
3261 2243 3356 2283 sua
3389 2229 3519 2283 Dina

1934 2334 2131 2380 tantam
2159 2334 2388 2395 stragem
2417 2323 2674 2390 fecerint,
2705 2331 2783 2377 tot
2822 2321 3064 2377 homines
3106 2320 3518 2388 trueidaverint,

1934 2418 2001 2473 ita
2034 2418 2452 2489 expugnaverint
2476 2417 2744 2471 civitatem
2770 2433 2784 2469 :
2816 2415 2868 2469 in
2893 2414 3085 2486 quibus
3105 2413 3319 2469 Simeon
3342 2420 3396 2467 et
3416 2412 3520 2467 Le-

1934 2513 2005 2578 vi,
2030 2513 2115 2582 qui
2144 2512 2300 2583 primi
2328 2510 2518 2583 gladiis
2546 2509 2767 2564 accincti
2799 2509 3131 2563 intraverunt
3159 2506 3226 2561 ad
3263 2506 3383 2561 illos
3425 2504 3522 2559 ho-

1934 2606 2106 2660 mines
2132 2620 2329 2675 eosque
2355 2600 2974 2675 peremerunt,undecim
2998 2592 3161 2666 unus,
3190 2601 3324 2655 alter
3343 2610 3522 2654 autem

1935 2697 2119 2753 decem
2146 2710 2404 2750 annorum
2430 2695 2591 2750 fuisse
2615 2694 2913 2766 reperiatur
2936 2691 3144 2748 etiamsi
3168 2707 3262 2762 per
3284 2690 3523 2763 singulos

1936 2805 2104 2843 annos
2142 2789 2256 2843 sine
2284 2787 2679 2843 intermissione
2704 2786 2790 2841 illa
2817 2792 3099 2858 pepererat
3126 2803 3138 2838 :
3170 2783 3313 2859 quod
3345 2784 3524 2854 utique

1936 2872 2245 2937 incredibile
2272 2888 2373 2947 est,
2402 2880 2470 2934 ab
2494 2879 2636 2934 illius
2659 2878 2830 2933 :ctatis
2860 2877 3035 2947 pueris
3070 2876 3158 2931 illa
3188 2876 3364 2930 omnia
3407 2874 3524 2930 fieri

1937 2976 2172 3046 potuisse
2196 2990 2211 3040 ;
2238 2972 2449 3044 quando
2469 2980 2524 3028 et
2544 2973 2659 3042 ipsa
2681 2970 2810 3026 Dina
2838 2971 2926 3025 vix
2948 2968 3123 3025 adhuc
3142 2983 3236 3025 sex
3260 2982 3522 3023 annorum
3548 2984 3549 2987 η

1935 3065 2053 3121 fuit.

2008 3159 2061 3212 5.
2089 3157 2316 3213 Proinde
2344 3157 2498 3211 aliter
2520 3154 2770 3211 solvenda
2798 3154 3020 3225 quazstio
3049 3161 3131 3209 est
3149 3194 3163 3219 ,
3199 3162 3256 3209 ut
3283 3153 3402 3210 ideo
3434 3153 3521 3208 in-

1940 3252 2205 3323 telligatur
2233 3250 2432 3305 dictum
2456 3290 2469 3313 ,
2502 3248 2932 3304 commemoratis
2960 3246 3239 3301 duodecim
3268 3246 3417 3313 ﬁliis,
3451 3245 3521 3300 Hi

1937 3356 2053 3400 sunt
2082 3345 2176 3414 ﬁlii
2199 3342 2360 3397 Iacob
2379 3384 2393 3409 ,
2423 3343 2508 3413 qui
2527 3342 2651 3412 facti
2671 3351 2786 3396 sunt
2809 3342 2853 3395 ei
2872 3341 2925 3394 in
2948 3338 3316 3411 MesOpotamia
3337 3339 3523 3409 Syriw,

1938 3437 2059 3508 quia
2106 3437 2243 3490 inter
2275 3449 2462 3489 omnes
2500 3434 2589 3504 qui
2622 3440 2727 3487 tam
2760 3432 2909 3487 multi
2939 3438 3120 3497 erant,
3153 3445 3291 3485 unus
3324 3439 3525 3485 tantum

1938 3535 2055 3583 erat
2096 3543 2202 3582 non
2248 3527 2318 3582 ibi
2361 3535 2549 3591 natus,
2594 3524 2683 3594 qui
2712 3534 2886 3579 tamen
2914 3523 3037 3578 inde
3063 3521 3244 3576 habuit
3274 3522 3526 3577 nascendi

1940 3636 2174 3687 causam,
2195 3618 2339 3689 quod
2360 3617 2429 3672 ibi
2459 3624 2629 3671 mater
2648 3615 2761 3685 ejus
2784 3614 2919 3684 patri
2940 3613 3183 3683 copulata
3200 3622 3300 3667 est.
3317 3611 3422 3667 Sed
3439 3626 3529 3667 so-

1940 3714 2071 3768 lutio
2098 3713 2197 3768 ista
2228 3710 2540 3781 quaestionis
2565 3710 2743 3779 aliquo
2764 3707 3010 3779 exemplo
3037 3706 3227 3761 similis
3248 3705 3529 3761 locutionis

1942 3807 2198 3863 Iirmanda
2227 3813 2312 3862 est
2338 3808 2379 3859 ³.

2013 3901 2067 3956 4.
2091 3898 2245 3954 Nulla
2270 3908 2445 3953 tamen
2468 3905 2551 3952 est
2581 3895 2784 3950 facilior
2808 3895 3002 3951 solutio
3021 3893 3329 3964 quaestionis
3350 3892 3523 3962 hujus,

1941 4007 2098 4063 quam
2129 4000 2183 4045 ut
2207 4006 2301 4061 per
2322 3988 2692 4061 synecdochen
2713 3987 2910 4043 dictum
2933 3987 3241 4055 accipiatur.
3271 3985 3365 4041 Ubi
3387 3986 3528 4040 enim

1942 4098 2065 4155 pars
2104 4082 2274 4153 major
2307 4089 2418 4149 est,
2460 4088 2551 4135 aut
2590 4079 2795 4150 potior,
2834 4077 2967 4132 solet
2993 4079 3109 4147 ejus
3130 4078 3344 4131 nomine
3368 4077 3528 4130 etiam

1946 4175 2076 4232 illud
2119 4174 2502 4246 comprehendi
2542 4172 2681 4244 quod
2711 4171 2778 4227 ad
2804 4172 2974 4242 ipsum
3007 4185 3203 4225 nomen
3232 4185 3336 4225 non
3362 4170 3527 4239 perti‘

1947 4283 2055 4328 net.
2084 4271 2232 4327 Sicut
2258 4271 2323 4326 ad
2357 4270 2637 4325 duodecim
2668 4269 2953 4339 Apostolos
2975 4267 3084 4337 jam
3109 4282 3211 4321 non
3235 4267 3531 4336 pertinebat

1944 4367 2139 4432 Judas,
2186 4366 2274 4435 qui
2319 4365 2477 4419 etiam
2518 4369 2757 4417 mortuus
2794 4361 2890 4414 fuit
2913 4375 3034 4414 cum
3068 4358 3318 4413 Dominus
3348 4372 3529 4411 resur-

1946 4460 2083 4515 rexit
2124 4474 2156 4514 a
2198 4457 2450 4521 mortuis,
2492 4463 2548 4510 et
2586 4462 2763 4508 tamen
2789 4451 2953 4520 ipsius
2983 4448 3293 4504 duodenarii
3321 4448 3530 4503 numeri

1946 4566 2141 4608 nomen
2170 4547 2453 4619 Apostolus
2479 4547 2531 4599 in
2554 4543 2791 4615 Epistola
2820 4558 2913 4597 sua
2939 4541 3141 4610 tenuit,
3164 4540 3252 4595 ubi
3279 4540 3379 4605 ait,
3409 4555 3530 4595 eum

1947 4644 2256 4717 apparuisse
2275 4642 2379 4697 illis
2406 4638 2686 4695 duodecim
2710 4635 2881 4708 (ICor.
2914 4649 3013 4704 xv,
3044 4633 3124 4705 5).
3154 4632 3288 4690 Cum
3309 4634 3533 4689 articqu

1948 4737 2089 4794 enim
2121 4735 2223 4790 hoc
2251 4730 2635 4804 grazcicodiecs
2651 4728 2849 4785 habent
2876 4724 2974 4799 (a),
3006 4733 3065 4781 ut
3089 4741 3193 4781 non
3219 4725 3422 4796 possint
3449 4725 3533 4779 in-

1950 4830 2111 4902 telligi
2138 4827 2454 4899 quicumque
2474 4822 2790 4889 duodecim;
2814 4820 2907 4877 sed
2929 4819 3005 4874 illi
3035 4818 3086 4874 in
3112 4835 3177 4875 eo
3207 4833 3429 4873 numero
3454 4818 3538 4872 iu-

1948 4926 2145 4996 sigues.
2170 4922 2247 4976 Eo
2275 4919 2433 4974 modo
2454 4916 2734 4973 locutionis
2761 4922 2890 4986 puto
2914 4921 2968 4968 et
2992 4912 3119 4968 illud
3143 4927 3172 4966 a
3206 4912 3428 4967 Domino
3455 4910 3537 4965 di-

1948 5026 2126 5082 ctum,
2168 5013 2354 5069 Nonne
2378 5028 2468 5084 ego
2491 5027 2576 5067 vos
2604 5008 2871 5064 duodecim
2897 5007 3057 5080 elegi,
3086 5015 3132 5060 et
3156 5021 3289 5060 unus
3310 5020 3373 5060 ea:
3399 5003 3537 5059 vobis

2014 5200 2031 5230 ί
2060 5204 2159 5246 Am.
2184 5200 2259 5242 Er.
2287 5199 2339 5242 et
2368 5198 2499 5249 Lov.,
2524 5187 2674 5249 donec
2695 5183 3049 5249 serinendotia
3079 5181 3127 5234 ei
3147 5182 3533 5249 despmtsaretur.

1950 5267 2007 5310 At
2030 5242 2355 5309 favente
2387 5242 2496 5302 Rat;
2524 5248 2791 5310 seruiendo,
2814 5246 2867 5298 id
2903 5242 3252 5311 adipisceretur
3279 5257 3297 5296 :
3334 5242 3537 5307 scilicet.

1949 5333 2495 5445 colil‘lutgonsltljhfirmanda
2535 5379 2633 5433 est,
2668 5373 2819 5445 habet
2854 5371 3211 5445 vetustissimus
3232 5367 3389 5445 codex
3426 5373 3538 5438 Cor-

1948 5431 2167 5498 beiensis
2189 5431 2423 5494 in'medio
2432 5431 2682 5495 contextu,
2702 5434 2771 5485 Αῡ
2787 5434 2899 5498 luna
2919 5431 3240 5498 scribendum.
3260 5436 3446 5498 Exque
3470 5431 3541 5498 in:

1952 5489 2486 5571 iéiiigéié"és_ifiaurp
2525 5489 2739 5571 codicem
2784 5497 2908 5568 forte
2947 5489 3431 5571 descriptumlfuis'se
3476 5489 3536 5571 ad

1953 5553 2204 5632 Edim—lar
2219 5553 2243 5632 ξ
2260 5553 2375 5616 illud
2396 5599 2409 5622 ,
2452 5564 2501 5612 iu
2538 5575 2635 5625 quo
2672 5560 2925 5632 Eugypius,
2951 5557 3032 5632 qui
3081 5553 3208 5632 hunc
3254 5553 3411 5603 locum
3450 5564 3540 5632 ex:

1950 5618 2235 5697 carpsi-uid
2264 5641 2353 5679 sua
2383 5618 2527 5697 manu
2550 5618 2907 5697 .annotaveijath:
2936 5618 3362 5697 etportjectnraru
3391 5621 3544 5697 auget

1950 5677 2232 5762 Indigna
2253 5677 2364 5743 eum
2386 5688 2580 5753 Eugypii
2604 5683 2853 5746 excerptis
2872 5684 2921 5729 in
2944 5677 3238 5730 variantibus
3253 5677 3545 5743 lectionibus

2305 5836 2395 5889 teis
2417 5834 2617 5888 dbdeca.
2641 5838 2698 5883 At
2715 5827 2932 5893 Vulgata,
2954 5822 3196 5885 ωιαεεεηι,
