4094 6464
560 423 668 488 579

562 539 802 606 diabolus
843 545 916 598 ut
960 534 1142 608 (Joan.
1185 548 1269 601 τι,
1316 531 1448 609 7i)?
1493 537 1551 600 ut
1591 543 1698 592 non
1735 525 1804 581 ad
1832 524 2149 580 electionem

554 634 721 696 etiam
757 631 873 702 ipse
913 628 1182 700 pertinere
1216 623 1474 700 videatur.
1505 620 1622 678 Non
1647 619 1790 678 enim
1816 615 1973 673 facile
2000 616 2152 672 inve-

557 727 704 793 !tilttl‘
725 725 1022 795 01me
1044 733 1236 788 nomen
1263 718 1316 778 iu
1342 716 1482 776 malo
1497 757 1514 782 ,
1535 713 1638 778 nisi
1657 711 1872 784 quando
1900 709 2028 766 mali
2047 709 2148 765 eli-

555 822 752 888 guntur
775 829 807 873 a
828 811 1002 874 malis.
1024 807 1178 876 Quod
1194 806 1241 872 si
1263 806 1625 878 putaverimms
1645 811 1700 860 et
1724 802 1871 860 illum
1896 801 2152 876 electum,

559 919 619 966 ut
667 889 764 982 per
799 905 916 976 ejus
945 900 1282 966 traditionem
1314 897 1524 966 Domini
1555 895 1734 970 passio
1763 893 2151 965 compleretur,

557 1000 610 1056 id
658 1007 742 1056 est
783 993 1038 1060 malitiam
1066 991 1184 1066 ejus
1207 989 1275 1048 ad
1299 989 1498 1066 aliquid
1527 989 1748 1046 electam
1769 1028 1784 1056 ,
1813 985 1950 1044 bene
1975 990 2163 1046 utente-

557 1094 669 1148 Dco
715 1091 873 1146 etiam
917 1085 1109 1152 malis;
1149 1083 1292 1140 aliud
1327 1081 1660 1138 attendamus
1693 1079 1781 1136 ubi
1813 1078 1915 1145 ait,
1951 1076 2070 1132 Non
2094 1075 2158 1131 de

561 1184 784 1251 omnibus
811 1179 946 1238 vobis
974 1179 1131 1246 dico;
1160 1194 1249 1251 ego
1277 1176 1380 1233 scio
1409 1192 1533 1248 quos
1556 1174 1680 1248 elegi
1710 1171 1820 1248 (Id.
1849 1187 1944 1229 xm
1967 1213 1982 1238 ,
2015 1169 2102 1242 18)
2141 1187 2154 1225 :

561 1279 646 1334 ubi
687 1277 924 1344 declarat
961 1274 1029 1330 ad
1059 1272 1376 1332 electionem
1407 1286 1514 1326 non
1541 1268 1808 1339 pertinere
1835 1266 1936 1323 nisi
1965 1265 2154 1344 bonos.

563 1372 639 1432 Ac
678 1385 772 1442 per
804 1369 907 1426 hoc
932 1365 1064 1434 illud
1090 1363 1232 1438 quod
1260 1363 1458 1420 dictum
1485 1369 1568 1424 est
1586 1403 1602 1430 ,
1638 1359 1748 1431 Ego
1778 1375 1864 1414 vos
1889 1357 2156 1414 duodecim

559 1465 717 1536 elegi,
745 1477 841 1532 per
865 1457 1237 1533 synecdochen
1261 1456 1460 1512 dictum
1490 1463 1601 1520 est,
1629 1462 1686 1510 ut
1706 1452 1920 1508 nomine
1938 1449 2156 1522 majoris

561 1553 904 1624 meliorisque
933 1550 1098 1624 partis
1115 1589 1134 1622 ,
1163 1549 1323 1610 etiam
1352 1547 1481 1604 illud
1500 1545 1986 1618 complecteretur,
2012 1541 2156 1616 quod

557 1647 624 1704 ad
652 1647 830 1718 ipsum
853 1659 1048 1716 nomen
1076 1657 1187 1715 non
1213 1641 1463 1714 pertinet.

629 1739 686 1794 5.
715 1739 810 1798 ilic
821 1736 1012 1806 modus
1033 1744 1116 1796 est
1137 1735 1188 1798 in
1206 1734 1310 1794 hoc
1329 1732 1520 1792 eodem
1533 1732 1688 1802 libro,
1705 1731 1794 1788 ubi
1817 1730 2039 1788 Emtnor
2059 1745 2156 1801 pro

559 1831 670 1890 ﬁlio
710 1846 810 1894 suo
855 1830 1106 1898 Sichem,
1145 1835 1206 1886 ut
1242 1827 1510 1898 acciperet
1548 1825 1737 1888 Dinam
1768 1824 1929 1882 ﬁliam
1956 1823 2154 1888 Jacob,

558 1925 685 1989 exiit
722 1923 866 1994 loqui
905 1938 1025 1988 cum
1052 1921 1242 1992 eodem
1271 1919 1437 1990 Jacob
1456 1961 1473 1988 ,
1504 1927 1562 1976 et
1585 1927 1847 1980 venerunt
1873 1917 2033 1972 etiam
2064 1917 2154 1974 ﬁlii

556 2021 674 2090 ejus
713 2020 803 2090 qui
844 2019 1094 2080 absentes
1125 2025 1308 2084 erant,
1350 2024 1406 2073 et
1429 2015 1496 2071 ad
1523 2029 1710 2072 omnes
1734 2012 1864 2069 dicit
1889 2013 2106 2070 Einiuor
2138 2030 2151 2065 :

561 2114 768 2174 Sic/ient
805 2113 946 2184 ﬁlius
983 2127 1126 2174 meus
1166 2110 1310 2182 elegit
1354 2110 1525 2170 ultimo
1561 2107 1722 2177 ﬁliam
1760 2119 1972 2162 vestram
1995 2121 2014 2167 ;
2040 2106 2156 2163 dare

555 2223 676 2275 ergo
719 2205 797 2260 illi
838 2221 952 2262 eam
991 2219 1198 2264 uxorem
1243 2199 1393 2272 (Gen.
1439 2213 1646 2266 xxxiv,
1674 2199 1817 2268 6-8).
1848 2197 1980 2265 Quia
2011 2197 2154 2252 enim

558 2297 735 2368 potior
772 2304 888 2358 erat
928 2295 1098 2366 patris
1140 2307 1362 2364 persona
1386 2332 1401 2357 ,
1441 2306 1540 2363 per
1579 2289 1953 2363 synecdochen
1993 2288 2153 2344 ﬁliam

559 2398 798 2448 vestram
840 2388 1052 2452 dicens,
1099 2387 1263 2448 etiam
1303 2384 1495 2446 fratres
1541 2383 1710 2438 tenuit
1753 2381 1856 2437 hoc
1901 2381 2150 2444 nomine.

555 2498 782 2552 quorum
821 2498 930 2538 non
965 2489 1083 2544 erat
1119 2479 1246 2538 ﬁlia.
1291 2477 1428 2545 Hinc
1466 2485 1549 2534 est
1586 2484 1642 2540 et
1682 2464 1848 2542 illud,
1891 2474 2048 2536 Curre
2085 2473 2154 2528 ad

555 2592 671 2633 otios
694 2617 710 2642 ,
739 2583 788 2634 et
815 2575 988 2645 accipe
1019 2572 1141 2629 inde
1177 2572 1302 2636 mihi
1344 2571 1474 2632 duos
1511 2569 1684 2630 Itonia:
1722 2567 1831 2640 (Id.
1864 2584 2035 2633 xxv",
2055 2567 2149 2639 9):

555 2667 715 2724 simul
735 2667 876 2730 enim
904 2665 1256 2736 pascebantur
1285 2677 1416 2726 ores
1440 2671 1494 2720 et
1520 2660 1688 2726 inedi;
1707 2670 1762 2718 ct
1777 2664 1898 2730 quia
1917 2661 2153 2734 potiores

552 2768 681 2820 sunt
703 2773 860 2825 ora,
887 2772 1070 2820 earum
1091 2755 1308 2826 neruine
1331 2755 1493 2821 etiam
1516 2751 1796 2824 caprinum
1819 2767 1981 2822 pecus
2001 2767 2152 2820 com-

551 2849 740 2920 plexus
763 2857 864 2908 est.
883 2847 972 2909 Sic
989 2847 1113 2919 quia
1140 2846 1316 2917 potior
1333 2853 1451 2910 erat
1471 2858 1723 2908 numerus
1744 2843 1991 2900 undecim
2015 2843 2151 2898 lilio-

549 2957 672 3003 ιἰιιι
690 2939 888 3007 Jaeob,
917 2940 1008 3010 qui
1032 2938 1141 2996 nati
1173 2942 1382 3002 Inerant
1410 2938 1464 2992 in
1486 2935 1886 3006 Mesopotamia,
1912 2935 2148 3006 ipsorum

549 3032 1057 3089 commemoratione
1090 3029 1360 3100 Scriptura
1403 3027 1678 3097 complexa
1705 3035 1787 3081 est
1817 3025 1978 3080 etiam
2009 3026 2148 3086 Ben-

545 3124 751 3196 iamin,
794 3123 888 3194 qui
933 3137 1040 3178 non
1081 3129 1198 3180 erat
1239 3120 1309 3184 ibi
1356 3129 1548 3190 natus,
1599 3125 1654 3174 et
1687 3116 1887 3176 dictum
1925 3126 2038 3182 est,
2077 3115 2150 3171 ΗΞ

547 3225 665 3271 sunt
693 3214 792 3286 ﬁlii
813 3212 975 3270 Iacob
992 3254 1008 3279 ,
1037 3212 1124 3284 qui
1150 3216 1270 3281 {acu
1293 3220 1466 3268 suum
1489 3226 1539 3264 ιη
1560 3207 1930 3279 Mesopotamia
1949 3208 2132 3280 Syrus.

622 3306 854 3372 CXVII}.
878 3304 976 3379 [lb.
991 3319 1189 3368 um,
1215 3301 1294 3376 Μ
1316 3304 1468 3373 Quod
1493 3311 1612 3372 post
1631 3300 1987 3362 narrationem
2004 3316 2150 3356 mor-

548 3399 617 3460 tis
641 3399 789 3460 lsaac
815 3407 1058 3454 narratur
1082 3411 1213 3468 quas
1239 3412 1432 3456 nterea
1463 3395 1602 3454 Esau
1631 3394 1920 3466 acceperit,
1943 3401 1998 3452 et
2011 3410 2146 3466 quos

547 3493 844 3561 creaverit,
880 3490 1249 3561 recapitulatio
1287 3488 1628 3561 intelligenda
1667 3497 1767 3550 est.
1796 3487 1979 3559 Neque
2003 3489 2147 3545 enim

547 3595 668 3658 post
705 3593 934 3649 mortem
973 3584 1120 3650 ἰδίης
1153 3583 1266 3648 ﬁeri
1291 3582 1484 3654 erepit,
1517 3596 1638 3644 cum
1662 3580 1775 3652 jam
1801 3589 1983 3642 essent
2006 3581 2145 3646 Esau

547 3688 604 3736 et
627 3678 794 3741 iaculi
818 3686 1036 3742 centum
1064 3675 1248 3748 viginti
1265 3689 1549 3744 anulorum.
1572 3673 1706 3746 Nam
1729 3689 1823 3740 eos
1851 3689 2147 3748 sexagena-

548 3771 661 3826 rius
696 3772 962 3840 suscepit,
999 3778 1054 3825 et
1079 3768 1211 3824 vixit
1235 3783 1421 3824 omnes
1447 3782 1616 3822 annos
1644 3766 1767 3822 vitae
1794 3782 1904 3830 suae
1929 3777 2145 3840 centum

549 3864 837 3936 octoginta.

521 3965 525 3968 ‘
621 3955 807 4014 CXIX.
856 3954 1184 4029 [lb.mvt,
1227 3953 1295 4020 6,
1336 3950 1416 4026 7.]
1460 3951 1694 4022 Quaestio
1725 3960 1839 4021 est,
1872 3952 2144 4024 quomodo

547 4049 822 4119 Scriptura
838 4047 999 4114 dicat,
1019 4054 1140 4116 post
1159 4052 1384 4114 mortem
1407 4043 1552 4116 Isaac
1573 4044 1737 4114 patris
1755 4044 1838 4099 sui
1861 4043 2002 4100 Esau
2021 4045 2145 4102 abs-

546 4141 776 4204 cessisse
815 4140 883 4196 de
923 4148 1062 4200 terra
1102 4137 1352 4194 Chanaan
1375 4176 1392 4204 ,
1430 4145 1487 4192 et
1539 4135 1808 4198 habitasse
1852 4136 1911 4192 in
1959 4147 2142 4208 monte

545 4231 664 4289 Seir
686 4247 704 4299 ;
729 4247 852 4292 cum
879 4230 1126 4287 veniente
1146 4228 1213 4290 de
1233 4226 1615 4298 Mesopotamia
1632 4226 1797 4283 Jacob
1818 4225 1980 4283 fratre
2000 4228 2139 4298 ejus,

544 4324 753 4396 legatur
789 4323 930 4395 quod
968 4321 1079 4393 jam
1125 4320 1234 4376 illic
1268 4318 1560 4376 habitabat.
1604 4318 1833 4374 Proinde
1871 4319 1997 4390 quid
2026 4319 2144 4376 ﬁeri

544 4416 780 4489 mlitem
809 4424 866 4472 ut
885 4413 1161 4484 Scriptura
1191 4409 1299 4486 falli
1330 4411 1416 4484 vel
1447 4409 1630 4476 fallere
1650 4425 1758 4472 non
1782 4409 2058 4486 credatur,
2087 4411 2141 4466 in

543 4513 796 4578 prompt”
819 4513 903 4560 est
927 4503 1202 4577 cogitare;
1231 4501 1372 4574 quod
1395 4500 1600 4576 scilicet
1624 4499 1762 4568 Esau
1799 4510 2141 4571 posteaquam

543 4598 600 4654 in
630 4595 1062 4670 Mesopotamiam
1085 4593 1251 4652 frater
1270 4593 1386 4671 ejus
1408 4592 1687 4673 abscessit,
1712 4593 1881 4650 noluit
1900 4593 2141 4662 habitare

543 4702 667 4743 cum
691 4685 1000 4758 parentibus
1022 4684 1132 4746 suis
1155 4725 1170 4758 _,
1202 4685 1314 4747 sive
1339 4698 1406 4746 ex
1434 4684 1520 4746 illa
1541 4686 1901 4744 commotione
1921 4700 2022 4756 qua
2043 4685 2143 4744 do-

542 4777 690 4844 lebat
732 4792 792 4840 Sb
828 4775 1198 4850 bertcdictione
1243 4775 1584 4844 fraudatum,
1619 4778 1732 4832 sive
1767 4778 1944 4849 aliqua
1978 4794 2140 4838 causa

540 4872 629 4930 vel
659 4885 882 4944 uxorum
903 4885 1118 4938 suarum
1139 4910 1153 4936 ,
1180 4883 1312 4940 quas
1338 4869 1552 4926 odiosas
1572 4869 1783 4946 videbat
1803 4887 1922 4929 esse
1941 4888 2137 4945 paren-

541 4963 720 5030 tibus,
760 4963 846 5026 ναι
883 4962 1118 5034 Qualibet
1153 4961 1256 5022 alia
1287 4979 1302 5018 :
1329 4971 1384 5032 et
1411 4963 1573 5033 erepit
1602 4961 1840 5028 habitare
1877 4965 1930 5022 in
1954 4975 2138 5025 monte

539 5054 679 5112 Seir.
710 5054 913 5110 Deinde
940 5063 1062 5124 post
1080 5054 1308 5110 reditum
1333 5054 1497 5109 Jacob
1523 5053 1706 5110 fratris
1731 5057 1811 5112 sui
1836 5097 1852 5123 ,
1882 5057 2020 5114 facta
2049 5061 2134 5115 in-

539 5157 625 5204 ter
657 5161 756 5210 eos
795 5145 1111 5218 concordia,
1154 5159 1403 5208 reversus
1427 5154 1510 5206 est
1533 5154 1590 5210 et
1617 5147 1732 5218 ipse
1757 5148 1824 5204 ad
1847 5161 2100 5223 parentes
2117 5194 2134 5221 ,

535 5248 594 5295 et
629 5253 752 5295 cum
794 5245 1066 5293 mortuum
1098 5248 1302 5308 patrem
1328 5238 1486 5293 simul
1514 5240 1831 5308 sepelissent
1850 5283 1864 5306 ,
1893 5243 2016 5312 quia
2043 5258 2138 5300 eos

536 5332 590 5387 in
620 5332 908 5402 plurimum
934 5330 1132 5394 ditatus
1156 5339 1298 5400 terra
1321 5331 1410 5403 illa
1424 5374 1440 5402 ,
1464 5331 1602 5405 sicut
1621 5333 1876 5408 scriptum
1901 5343 2006 5403 est,
2032 5337 2136 5391 mi-

537 5423 685 5480 nime
703 5423 979 5494 capiebat,
1008 5423 1268 5479 abscessit
1291 5438 1479 5480 rursus
1508 5425 1564 5479 in
1591 5424 1741 5494 Seir,
1772 5437 1827 5482 et
1845 5427 1916 5484 ibi
1939 5444 2134 5500 propa.

538 5515 683 5586 gavit
707 5522 920 5585 gentem
943 5512 1316 5584 ldummorum.

607 5607 771 5662 CXX.
799 5606 899 5680 [lb.
932 5621 1102 5662 nam
1119 5648 1133 5672 ,
1159 5606 1274 5680 21.]
1301 5608 1452 5676 Quod
1479 5610 1732 5680 scriptum
1753 5620 1867 5682 est,
1893 5611 1965 5670 Ili
1989 5616 2136 5687 prin-

541 5699 679 5772 cipes
709 5699 933 5756 Chorrwi
959 5701 1055 5771 ﬁlii
1086 5701 1203 5756 Seir
1223 5703 1275 5757 in
1307 5713 1437 5758 terra
1469 5703 1629 5760 Edam
1647 5725 1665 5773 ;
1687 5709 1982 5768 secundum
2001 5721 2136 5769 tem-

536 5809 638 5867 pus
666 5811 770 5866 quo
795 5797 1036 5865 vivebat,
1057 5800 1294 5872 serium
1341 5813 1744 5868 commemorat.
1779 5805 1910 5870 Cum
1956 5818 2132 5878 autem

533 5885 658 5948 δεῖν
695 5889 961 5956 habitaret
1000 5891 1090 5974 qui
1127 5893 1258 5950 istos
1285 5895 1503 5966 genuit,
1535 5895 1772 5958 nondum
1801 5901 2052 5960 veniente
2079 5902 2133 5962 in

1303 409 1762 490 QUASSTIONUM
1798 409 1856 467 S.
1895 401 2262 468 AUGUSTIN!
2301 405 2367 461 ΙΝ
2406 405 2965 468 liEPTATEUCHUM

3747 421 3858 481 580

2258 519 2402 588 illam
2431 533 2624 580 terram
2656 524 2792 582 Esau
2813 565 2832 604 ,
2855 525 3090 584 nondum
3119 528 3302 601 utique
3326 531 3695 606 appellabatur
3711 543 3857 597 terra

2260 614 2452 672 Edoni.
2497 616 2614 674 Non
2660 618 2804 676 enim
2840 635 3034 676 nomen
3072 621 3177 680 nisi
3214 623 3284 684 ab
3312 625 3430 698 ipso
3456 627 3593 685 Esau
3625 629 3859 690 inditum

2260 720 2344 767 est
2385 721 2576 779 terrae,
2613 713 2864 784 quoniam
2904 714 3045 778 idem
3073 716 3189 790 ipse
3217 731 3272 776 et
3300 720 3443 784 Esau
3469 731 3523 780 et
3550 722 3728 782 Edom
3759 741 3860 786 vo-

2259 803 2480 864 cabatur
2498 846 2515 872 ,
2541 804 2610 872 de
2639 820 2745 877 quo
2766 809 3039 884 propagari
3065 819 3190 876 sunt
3211 809 3427 876 ldummi
3442 855 3462 882 ,
3492 814 3597 874 hoc
3615 825 3701 878 est
3721 833 3864 896 gens

2261 896 2452 958 Edom.

2334 992 2520 1050 CXXI.
2560 992 2656 1068 [lb.
2691 1011 2855 1054 xxxvi
2872 1036 2894 1065 ,
2920 996 3014 1065 5i,
3041 995 3158 1072 εἰ]
3186 999 3338 1070 Quod
3364 1002 3628 1076 scriptum
3647 1016 3762 1072 est,
3789 1005 3871 1066 Et

2262 1082 2316 1138 hi
2349 1100 2488 1155 reges
2522 1087 2612 1154 qui
2645 1098 2980 1159 regnaverunt
3014 1090 3071 1158 in
3103 1088 3306 1160 Edam,
3335 1103 3603 1168 antequam
3628 1110 3868 1173 regnans

2261 1194 2353 1236 rea:
2376 1178 2428 1232 in
2449 1176 2634 1248 Israel,
2659 1196 2763 1242 non
2785 1181 2862 1238 sic
2881 1182 3250 1252 accipiendum
3271 1194 3374 1256 est,
3398 1196 3649 1262 tanquam
3669 1207 3868 1266 omne;

2266 1285 2419 1340 reges
2448 1272 2700 1330 nominati
2723 1273 2830 1332 sint
2855 1289 3022 1345 usque
3047 1275 3114 1334 ad
3138 1291 3201 1334 ea
3234 1285 3502 1350 tempora,
3531 1282 3727 1354 quibus
3745 1299 3866 1341 cae.

2263 1373 2455 1433 perunt
2491 1379 2647 1435 reges
2679 1363 2842 1424 Israel
2863 1408 2880 1433 ,
2909 1382 3135 1442 quorum
3164 1371 3370 1440 primus
3395 1371 3496 1430 fuit
3517 1375 3668 1440 Saul.
3708 1377 3871 1436 Multi

2262 1453 2405 1510 enim
2451 1456 2666 1512 fuerunt
2694 1457 2748 1514 in
2778 1457 2948 1516 l-ldom
2975 1477 3141 1533 usque
3168 1462 3236 1526 ad
3263 1471 3502 1538 tempora
3530 1467 3658 1524 Saul
3678 1511 3693 1537 ,
3727 1479 3870 1528 tem-

2261 1546 2479 1617 poribus
2500 1548 2662 1604 etiam
2681 1548 2926 1612 Judicum
2947 1593 2962 1618 ,
2987 1568 3214 1625 quorum
3241 1563 3480 1628 tempora
3503 1559 3720 1620 fuerunt
3737 1573 3870 1621 ante

2261 1654 2415 1709 reges
2447 1657 2462 1694 :
2489 1639 2586 1696 sed
2613 1655 2677 1698 ex
2711 1641 2796 1700 his
2823 1643 3008 1708 multis
3037 1661 3130 1704 eos
3156 1647 3302 1704 solos
3327 1649 3501 1720 potuit
3526 1666 3866 1714 commemo-
3907 1633 3917 1662 ⁷

2262 1746 2385 1787 rare
2427 1731 2636 1805 Moyses
2657 1774 2672 1801 ,
2715 1735 2805 1806 qui
2847 1734 3059 1798 fuerunt
3081 1748 3366 1810 antequam
3393 1746 3508 1813 ipse
3535 1755 3864 1803 moreretur.

2260 1820 2372 1878 Nec
2414 1823 2609 1882 mirum
2641 1834 2725 1886 est
2759 1826 2902 1900 quod
2937 1831 3343 1900 numerantibus
3374 1833 3446 1890 ab
3464 1833 3736 1900 Abraham
3765 1853 3867 1910 per

2213 1919 2219 1924 ’
2261 1917 2403 1976 Esau
2444 1927 2649 1989 patrem
2687 1921 2864 1990 gentis
2900 1920 3071 1978 Edom
3096 1963 3111 1989 ,
3154 1932 3316 1996 atque
3342 1941 3438 1998 per
3467 1927 3670 2000 Raguel
3691 1931 3864 1990 lilium

2261 2011 2402 2072 Esau
2424 2053 2439 2076 ,
2485 2021 2539 2070 et
2575 2012 2710 2070 Zara
2751 2014 2917 2072 ﬁlium
2951 2015 3151 2088 Raguel
3173 2060 3188 2083 ,
3217 2018 3464 2086 etJobab
3493 2022 3659 2080 ﬁlium
3684 2025 3824 2082 Zara
3844 2068 3864 2094 ,

2259 2103 2344 2162 cui
2363 2103 2532 2160 Jobab
2552 2106 2812 2164 successit
2831 2107 2886 2163 in
2906 2123 3072 2178 regno
3093 2109 3252 2168 Baiae
3267 2153 3283 2176 ,
3306 2113 3398 2183 qui
3418 2115 3622 2184 primus
3641 2117 3696 2172 in
3719 2129 3865 2174 terra

2259 2194 2430 2254 Edom
2471 2212 2566 2253 rex
2603 2196 2770 2258 fuisse
2804 2213 3292 2271 commemoratur,
3327 2221 3499 2277 usque
3522 2209 3588 2264 ad
3615 2210 3864 2280 ultimum

2258 2301 2440 2358 regem
2465 2303 2623 2358 quem
2649 2290 2818 2359 potuit
2844 2293 3120 2350 nominare
3145 2294 3360 2366 Moyses
3375 2338 3390 2363 ,
3423 2299 3603 2369 plures
3627 2317 3864 2372 genera-

2260 2377 2434 2438 tiones
2460 2379 2806 2438 iuveniuntur
2825 2399 2984 2452 quam
3005 2397 3355 2448 numerantur
3372 2389 3443 2446 ab
3467 2390 3740 2454 Abraham

2257 2471 2424 2532 Jacob
2467 2488 2637 2544 usque
2679 2474 2748 2531 ad
2787 2475 3027 2546 Moysen.
3065 2478 3202 2540 Nam
3225 2481 3334 2540 illic
3371 2481 3715 2544 inveniuntur
3745 2487 3866 2548 fere

2257 2563 2554 2630 duodecim,
2583 2565 2670 2624 hic
2688 2577 2865 2623 autem
2894 2583 3064 2639 usque
3090 2569 3158 2626 ad
3181 2570 3402 2644 Moysen
3422 2572 3594 2646 ferme
3623 2587 3861 2648 septem.

2257 2656 2399 2714 Fieri
2446 2657 2590 2716 enim
2633 2659 2804 2728 potuit
2843 2669 2904 2716 ut
2941 2658 3062 2718 ideo
3099 2660 3173 2716 ibi
3214 2663 3395 2732 plures
3420 2665 3860 2740 nominarentur,

2255 2749 2380 2819 quia
2422 2749 2579 2804 citius
2601 2750 2882 2814 moriendo
2909 2752 3092 2822 plures
3119 2754 3256 2820 alter
3279 2754 3431 2814 alteri
3457 2772 3860 2824 successerunt.

2255 2841 2344 2899 Sic
2361 2843 2524 2904 etiam
2541 2846 2762 2918 contigit
2781 2854 2842 2904 ut
2859 2847 3024 2908 alium
3041 2848 3284 2908 ordinem
3303 2865 3538 2922 sequens
3555 2855 3864 2927 llatthaeus,

2253 2937 2323 2992 ab
2352 2938 2630 2996 Abraham
2653 2955 2825 3011 usque
2849 2940 2918 2996 ad
2942 2940 3146 3013 lusepb
3171 2945 3520 3016 quadraginta
3540 2947 3676 3010 duas
3691 2966 3863 3022 amico

2252 3028 2490 3088 rationes
2515 3039 2826 3090 numeraret
2859 3030 3073 3104 (Matth.
3101 3049 3122 3090 ι
3139 3075 3158 3102 ,
3183 3036 3334 3107 1-17)
3362 3053 3376 3092 :
3406 3037 3583 3098 Lucas
3600 3050 3784 3102 autem
3801 3044 3864 3108 in

2253 3119 2444 3180 ordine
2478 3121 2586 3178 alio
2625 3138 2919 3184 numerans
2956 3128 3333 3197 generationes
3357 3146 3464 3190 non
3492 3146 3588 3202 per
3611 3133 3865 3198 Salomo-

2252 3228 2379 3274 nem
2401 3253 2422 3282 ,
2449 3215 2587 3271 sicut
2614 3215 2726 3283 ille,
2761 3217 2857 3277 sed
2885 3233 2982 3288 per
3007 3217 3218 3276 Nathan
3239 3261 3255 3290 ,
3285 3221 3356 3283 ab
3383 3223 3653 3286 Abraham
3685 3243 3864 3298 usqu.

2251 3305 2322 3362 ad
2358 3305 2559 3376 Ioseph
2596 3306 2982 3380 quinquaginta
3025 3311 3264 3382 quinque
3288 3327 3677 3374 commemoret
3701 3318 3860 3390 (Luc.

2251 3412 2345 3465 Ill,
2389 3398 2601 3467 23-58).
2649 3400 2709 3456 ln
2748 3399 2840 3456 illo
2879 3402 3078 3474 quippe
3115 3403 3306 3462 ordine
3340 3406 3432 3462 ubi
3458 3407 3639 3478 plures
3669 3426 3862 3480 nume-

2253 3501 2477 3558 rantur,
2520 3492 2682 3550 citius
2716 3495 2916 3550 mortui
2948 3504 3072 3562 sum
3091 3537 3110 3562 ,
3137 3511 3296 3572 quam
3324 3497 3414 3559 hic
3433 3500 3522 3558 ubi
3551 3503 3858 3572 pauciores.

2250 3583 2331 3640 Ne
2375 3583 2514 3648 forte
2555 3596 2736 3643 autem
2782 3597 2996 3644 moveat
3038 3589 3302 3660 aliquem,
3349 3592 3494 3663 quod
3527 3594 3668 3652 inter
3701 3611 3863 3668 reges

2252 3676 2425 3733 Edom
2453 3689 2908 3738 commemoratur
2933 3680 3095 3738 Balac
3121 3681 3268 3740 ﬁlius
3292 3684 3433 3742 Beor
3448 3727 3463 3752 ,
3491 3696 3544 3742 et
3567 3687 3636 3744 de
3659 3688 3862 3748 simili-

2252 3771 2436 3827 tudine
2459 3773 2696 3834 nominis
2720 3773 2995 3830 existimet
3018 3773 3169 3830 tuum
3195 3790 3318 3833 esse
3343 3776 3525 3846 Baiae,
3551 3780 3642 3849 qui
3661 3782 3862 3840 restitit

2248 3863 2418 3936 Moysi
2441 3863 2661 3920 ducenti
2687 3865 2944 3936 populum
2972 3864 3139 3926 lmel
3165 3884 3178 3922 :
3201 3867 3338 3926 sciat
3356 3869 3506 3930 illum
3523 3870 3686 3930 Baiae
3704 3871 3858 3930 Ilua-

2249 3957 2414 4014 bitam
2457 3959 2660 4028 fuisse,
2701 3975 2812 4014 non
2853 3958 3182 4029 Idumam,
3225 3975 3457 4032 eumque
3478 3961 3645 4020 fuisse
3685 3965 3860 4022 ﬁlium

2251 4051 2498 4123 Sephor,
2546 4068 2654 4107 non
2695 4051 2864 4109 ﬁlium
2908 4053 3084 4122 Reor;
3123 4053 3222 4110 sed
3247 4054 3412 4113 fuisse
3435 4055 3598 4114 etiam
3627 4055 3704 4113 ibi
3729 4066 3860 4114 tunc

2249 4147 2418 4204 ﬁlium
2462 4148 2602 4204 Beor
2643 4149 2860 4204 Balaam
2878 4188 2892 4214 ,
2933 4163 3038 4204 non
3066 4149 3228 4205 Baiae
3249 4191 3264 4216 ,
3295 4165 3452 4220 quem
3479 4149 3694 4206 Balaam
3719 4165 3858 4208 eon-

2249 4241 2474 4298 duxerat
2503 4241 2647 4297 idem
2678 4243 2839 4298 Baiae
2863 4242 2932 4298 ad
2958 4243 3382 4300 maledicendum
3407 4246 3662 4315 populum
3686 4245 3859 4305 Israel

2251 4337 2440 4409 (Num.
2473 4353 2589 4392 ml
2608 4379 2623 4404 ,
2649 4337 2789 4408 2-6).

2318 4428 2533 4485 CXXII.
2563 4427 2664 4502 [lb.
2695 4445 2867 4496 xxxv,
2895 4428 2966 4485 29
2987 4471 3002 4497 ,
3030 4438 3086 4486 et
3109 4445 3324 4495 xxxv",
3352 4429 3433 4504 2.]
3454 4430 3737 4499 Quomodo
3757 4447 3861 4504 po-

2247 4520 2411 4576 tuerit
2431 4535 2578 4576 mors
2603 4521 2750 4576 Isaac
2767 4562 2781 4584 ,
2812 4520 3001 4576 decem
3021 4529 3076 4576 et
3095 4532 3301 4592 septem
3321 4537 3587 4582 annorum
3605 4522 3862 4581 inretire

2247 4611 2449 4684 Joseph
2483 4611 2600 4683 ejus
2636 4621 2887 4683 nepotem
2907 4652 2923 4680 ,
2965 4613 3105 4669 sicut
3138 4613 3354 4671 videtur
3387 4624 3637 4686 tanquam
3665 4630 3733 4672 ex
3759 4630 3860 4673 or-

2197 4757 2199 4759 .
2247 4701 2375 4762 dine
2413 4703 2685 4774 Scriptura
2724 4717 2978 4770 narrare,
3015 4719 3357 4775 quocumque
3379 4721 3441 4763 se
3463 4707 3696 4778 quisque
3715 4722 3855 4765 eon-

2245 4807 2422 4856 vertat
2439 4841 2454 4865 ,
2497 4799 2741 4855 invenire
2783 4798 3002 4855 difﬁcile
3029 4807 3132 4855 est.
3158 4798 3296 4856 Nolo
3323 4801 3466 4858 enim
3494 4801 3710 4870 dicere,
3741 4818 3855 4860 non

2246 4907 2409 4963 posse
2451 4891 2723 4958 inveniri.
2767 4907 2836 4948 ne
2875 4891 3014 4947 forte
3053 4907 3143 4948 me
3183 4893 3349 4964 fugiat
3377 4892 3520 4964 quod
3547 4895 3714 4950 alium
3741 4911 3855 4954 non

2245 4987 2400 5059 fugit.
2443 4986 2501 5043 Si
2545 4987 2688 5042 enim
2734 4997 2858 5058 post
2884 4993 3112 5042 mortem
3141 4987 3226 5041 avi
3259 4988 3340 5042 sui
3370 4987 3552 5056 lsaac,
3577 4987 3769 5044 decem
3800 4998 3856 5046 et

2245 5089 2449 5151 septem
2493 5093 2754 5134 annorum
2799 5077 2899 5132 fuit
2935 5077 3137 5148 Ioseph
3175 5078 3388 5149 quando
3421 5095 3544 5134 eum
3573 5078 3773 5136 fratres
3797 5082 3854 5136 in

2245 5168 2536 5240 Egyptum
2559 5166 2949 5232 vendiderunt,
2977 5168 3163 5238 procul
3181 5167 3348 5224 dubio
3369 5177 3423 5224 et
3444 5178 3596 5239 pater
3613 5170 3735 5239 ejus
3757 5170 3852 5226 Ja-

2243 5259 2348 5315 cob
2389 5257 2617 5328 septimo
2652 5256 2863 5319 decimo
2901 5272 3045 5312 anno
3070 5257 3170 5313 ﬁlii
3197 5259 3280 5314 sui
3305 5259 3506 5330 Joseph
3529 5269 3744 5317 centum
3775 5262 3856 5317 vi-

2243 5351 2375 5423 ginti
2401 5365 2664 5408 annorum
2697 5350 2817 5404 fuit.
2841 5348 3041 5406 Genlu't
3059 5351 3204 5407 eriim
3229 5366 3324 5416 eos
3350 5351 3498 5407 Isaac
3516 5393 3533 5420 ,
3557 5367 3681 5408 cum
3704 5362 3855 5410 esset

2243 5459 2505 5500 annorum
2525 5442 2825 5514 sexaginta,
2843 5441 2984 5498 sicut
3001 5443 3262 5514 scriptum
3282 5452 3370 5500 est
3389 5442 3542 5518 (Gen.
3561 5461 3695 5512 ω,
3716 5445 3849 5518 26):

2243 5536 2378 5592 vixit
2400 5552 2529 5608 ergo
2557 5536 2704 5592 Isaac
2735 5543 2920 5607 postea
2943 5544 3158 5592 centum
3179 5537 3386 5608 viginti,
3409 5539 3533 5609 quia
3551 5541 3853 5596 centesimo

2241 5629 2572 5700 octogesimo
2602 5636 2846 5682 mortuus
2871 5635 2993 5694 est;
3026 5627 3226 5684 idcirco
3253 5628 3456 5685 dimisit
3475 5629 3613 5686 ﬁlios
3631 5641 3850 5690 centum

2239 5723 2422 5804 viginti
2466 5735 2637 5777 annos
2679 5721 2937 5784 habentes
2964 5762 2977 5784 ,
3010 5731 3064 5776 et
3091 5721 3292 5794 Joseph
3321 5723 3506 5788 decem
3533 5734 3589 5780 et
3617 5736 3845 5796 septem.

2240 5815 2439 5887 Ioseph
2470 5825 2649 5870 autem
2665 5814 2920 5884 quoniam
2953 5813 3169 5882 triginta
3199 5829 3460 5870 annorum
3481 5815 3609 5886 fuit,
3630 5817 3849 5889 quando

2241 5908 2486 5983 apparuit
2532 5907 2587 5963 in
2635 5912 2926 5982 conspectu
2951 5904 3247 5964 Pharaonis
3270 5947 3284 5976 ,
3317 5907 3487 5966 secuti
3513 5915 3637 5966 sunt
3660 5917 3844 5968 autem
