4094 6480
278 485 488 549 septem
533 473 657 529 anni
705 469 959 528 ubertatis
1000 476 1056 525 et
1096 467 1202 524 duo
1240 464 1427 534 famis,
1457 464 1630 522 donec
1652 464 1719 520 ad
1749 478 1870 520 eum

277 580 428 642 pater
470 562 594 622 cum
642 564 889 620 fratribus
937 562 1120 627 venit;
1154 562 1365 632 triginta
1393 576 1583 617 novem
1635 558 1873 629 profecto

274 674 445 715 annos
469 659 663 729 agebat
684 653 884 725 Ioseph
909 653 1123 725 quando
1149 652 1315 709 Iacob
1358 653 1573 708 intravit
1610 653 1663 709 iu
1701 651 1868 723 lEgy-

276 762 449 822 ptum.
475 749 627 804 Tunc
645 757 822 801 autem
844 744 983 801 idem
1003 743 1187 809 Iacob,
1213 743 1355 815 quod
1373 758 1468 800 ore
1489 759 1585 798 suo
1603 743 1865 803 Pharaoni

270 844 431 907 dicit,
472 834 822 898 ceittesimum
857 848 912 896 et
941 838 1268 909 trigesimum
1298 852 1494 893 annuat
1522 838 1712 907 agebat
1740 847 1871 897 mta-

270 939 340 996 tis
384 935 739 1007 (Gemxutt,
765 932 859 1002 9);
904 940 1117 988 centum
1163 940 1344 989 autem
1386 940 1439 987 et
1466 931 1645 1002 viginti
1671 931 1871 999 Iacob,

269 1029 494 1104 quando
535 1036 651 1084 erat
691 1026 879 1083 decem
922 1034 977 1082 et
1019 1034 1222 1097 septem
1247 1024 1486 1095 Ioseph:
1516 1023 1658 1096 quod
1687 1040 1870 1083 verum

269 1137 394 1179 esse
422 1122 577 1176 nullo
596 1120 759 1176 modo
787 1127 979 1190 potest.
1006 1118 1061 1174 Si
1084 1117 1227 1175 enim
1249 1118 1478 1189 septimo
1500 1117 1709 1173 decimo
1731 1131 1871 1175 anno

271 1215 398 1269 vitae
422 1212 626 1283 Ioseph
649 1254 662 1279 ,
694 1212 859 1268 Iacob
881 1220 1095 1267 centum
1121 1210 1304 1282 viginti
1324 1216 1536 1281 ageret,
1561 1210 1740 1279 procul
1768 1210 1871 1265 du-

273 1309 364 1364 bio
407 1308 690 1380 trigesimo
725 1316 781 1363 et
809 1323 952 1363 nono
975 1322 1117 1362 anno
1138 1306 1371 1378 Ioseph,
1406 1322 1511 1363 non
1534 1315 1751 1364 centum
1774 1307 1869 1363 tri-

271 1403 419 1470 ginta
440 1441 454 1467 ,
508 1398 602 1455 sed
645 1409 857 1456 centum
901 1397 1249 1471 quadraginta
1276 1404 1329 1454 et
1355 1398 1489 1454 duos
1516 1413 1687 1454 annos
1714 1414 1871 1469 agere

276 1490 611 1545 inveniretur
633 1490 820 1545 Iacob.
844 1488 899 1544 Si
923 1499 1099 1543 autem
1120 1488 1209 1544 die
1232 1490 1420 1544 mortis
1448 1488 1611 1556 Isaac,
1635 1490 1870 1545 nondum

273 1592 391 1638 erat
420 1598 687 1638 annorum
719 1582 903 1639 decem
933 1591 988 1637 et
1013 1592 1215 1653 septem
1240 1582 1437 1653 Ioseph
1460 1624 1474 1649 ,
1505 1584 1598 1638 sed
1627 1584 1869 1655 aliquan-

273 1671 383 1725 tulo
412 1679 657 1740 tempore
690 1680 810 1740 post
842 1679 1067 1723 mortem
1098 1670 1181 1723 avi
1211 1670 1293 1724 sui
1322 1670 1391 1724 ad
1419 1671 1699 1739 septimum
1727 1671 1873 1727 deci-

271 1776 417 1815 mum
450 1760 694 1831 pervenit
714 1775 913 1814 annum
935 1801 949 1825 ,
984 1776 1091 1830 quo
1104 1776 1247 1814 anno
1270 1760 1544 1832 Scriptura
1567 1770 1797 1817 testante
1816 1763 1869 1817 in

268 1850 561 1923 Egyptian
610 1862 691 1906 est
736 1868 766 1907 a
816 1850 1069 1908 fratribus
1110 1852 1396 1919 venditus,
1444 1853 1671 1923 plurium
1710 1855 1871 1911 etiam

268 1958 432 2013 quam
456 1952 669 1998 centum
692 1942 1041 2013 quadraginta
1064 1944 1225 1998 duum
1256 1959 1518 1999 annorum
1544 1960 1666 2002 esse
1690 1947 1874 2002 debuit

269 2045 428 2105 pater
455 2036 591 2103 ejus,
611 2036 824 2107 quando
850 2045 931 2089 cst
960 2035 1123 2089 filium
1149 2036 1200 2090 in
1220 2035 1515 2107 JEgyptum
1534 2046 1869 2094 consecutus.

268 2126 549 2197 Scriptura
598 2129 794 2200 quippe
846 2138 1190 2199 posteaquam
1236 2131 1472 2185 narravit
1513 2146 1710 2185 annum
1752 2132 1874 2187 vita‘.

267 2221 515 2275 ultimum
568 2222 711 2277 Isaac
755 2222 1107 2277 centesimum
1147 2230 1205 2278 et
1230 2224 1646 2294 octogesimum,
1681 2233 1734 2278 et
1757 2226 1875 2295 ejus

267 2322 501 2367 mortem
547 2327 612 2367 ac
656 2313 987 2382 sepulturam
1033 2311 1141 2384 (Id.
1188 2329 1362 2380 xxxv,
1389 2312 1495 2377 28,
1524 2316 1651 2387 29),
1680 2316 1875 2372 deinde

266 2407 709 2461 commemoravit
731 2405 1181 2476 quemadmodum
1206 2405 1478 2476 digressus
1506 2415 1652 2463 esset
1679 2409 1821 2463 Esau
1840 2424 1873 2467 a

271 2498 441 2553 fratre
464 2512 563 2553 suo
586 2497 654 2552 dc
681 2506 820 2551 terra
844 2497 1099 2551 Chanaan
1128 2498 1179 2551 in
1208 2505 1443 2552 montem
1473 2496 1593 2553 Seir
1615 2538 1630 2561 ,
1660 2508 1714 2553 et
1739 2513 1874 2555 con-

276 2592 450 2647 texuit
488 2591 1053 2646 commemorationem
1085 2606 1269 2661 regum
1300 2600 1355 2645 et
1384 2591 1675 2662 principum
1702 2593 1876 2663 gentis

276 2687 481 2756 ipsius,
531 2685 584 2740 in
632 2699 731 2755 qua
781 2699 839 2740 se
880 2685 1188 2747 constituit,
1234 2685 1317 2738 vel
1364 2699 1522 2755 quam
1571 2688 1879 2755 propagavit

266 2779 452 2845 Esau;
501 2787 622 2850 post
676 2778 832 2845 hmc,
879 2778 1239 2831 narrationem
1279 2776 1349 2831 de
1376 2777 1572 2846 Ioseph
1598 2780 1677 2833 sic
1703 2778 1879 2834 ἰιιιιιιίι

288 2869 405 2942 (Id.
450 2886 639 2936 XXXVI,
680 2870 863 2940 6—65)
906 2888 919 2925 :
964 2870 1241 2925 Habitabat
1279 2879 1443 2924 autem
1473 2870 1636 2925 Iacob
1662 2873 1715 2927 in
1742 2883 1877 2929 terra

275 2962 547 3020 Chanaan.
585 2962 683 3019 Hae
708 2972 875 3018 autem
905 2974 1244 3034 procreatum
1269 2962 1449 3017 Iacob.
1478 2962 1675 3033 Ioseph
1705 2975 1875 3018 autem

276 3055 450 3110 decem
489 3064 534 3108 et
570 3065 759 3126 septem
804 3072 1053 3109 annorum
1090 3064 1196 3109 erat
1236 3071 1444 3125 pascens
1481 3071 1595 3109 cum
1635 3057 1876 3129 fratribus

270 3164 406 3202 oves.
452 3147 651 3203 Deinde
688 3156 935 3202 narratur
966 3162 1122 3202 causa
1155 3148 1484 3202 somniorum
1526 3150 1875 3219 quemadmo-

266 3239 395 3294 dum
443 3239 658 3295 odiosns
703 3240 954 3295 fratribus
1005 3241 1074 3295 sit
1124 3238 1327 3306 factus,
1372 3250 1426 3295 et
1468 3240 1716 3296 venditus
1759 3241 1871 3313 (Id.

266 3348 455 3389 xxxv"
478 3378 490 3397 ,
526 3333 699 3402 1-28).
730 3335 834 3387 Ant
859 3349 986 3403 ergo
1012 3332 1201 3390 eodem
1223 3348 1366 3388 anno
1388 3335 1616 3403 septimo
1636 3335 1868 3403 decimo,

265 3434 360 3479 aut
386 3425 549 3480 etiam
577 3425 847 3495 aliquanto
868 3426 1041 3495 major
1063 3426 1209 3480 venit
1234 3426 1287 3481 in
1314 3425 1603 3497 Egyptum
1639 3443 1653 3481 :
1682 3441 1747 3483 ac
1776 3444 1872 3500 per

268 3518 375 3572 hoc
401 3518 651 3573 utrolibet
680 3517 841 3573 modo
861 3527 1137 3589 permanet
1164 3518 1408 3589 quaestio.
1441 3519 1497 3574 Si
1520 3520 1662 3574 enim
1684 3520 1870 3576 decem

266 3619 324 3666 et
343 3621 551 3681 septem
577 3626 839 3665 annorum
862 3610 962 3666 fuit
992 3620 1111 3681 post
1143 3619 1369 3665 mortem
1401 3611 1485 3665 avi
1515 3612 1597 3666 sui
1622 3653 1635 3676 ,
1659 3612 1871 3681 quando

268 3712 427 3771 pater
446 3702 562 3771 ejus
577 3711 791 3757 centum
817 3702 1000 3773 viginti
1031 3701 1166 3766 fuit;
1195 3699 1436 3772 profecto
1461 3716 1602 3757 anno
1630 3702 1747 3773 ejus
1772 3702 1870 3758 tri-

274 3793 482 3864 gesimo
511 3802 563 3849 et
609 3809 785 3858 nono,
818 3794 1030 3864 quando
1070 3792 1235 3849 Iacob
1281 3793 1425 3849 venit
1465 3796 1521 3848 in
1548 3793 1865 3865 Egyptum,

271 3892 491 3942 centum
520 3883 865 3956 quadraginta
892 3885 1030 3941 duos
1053 3898 1222 3940 annos
1244 3884 1383 3941 idem
1405 3884 1571 3941 Iacob
1595 3901 1752 3958 agere
1776 3887 1870 3943 de-

266 3977 386 4033 buit
431 3994 446 4032 :
495 3978 591 4032 fuit
614 3986 790 4033 autem
818 3987 945 4033 tunc
969 3977 1135 4035 Iacob
1158 3987 1372 4033 centum
1405 3979 1615 4051 triginta
1640 3997 1653 4045 ;
1683 3995 1746 4037 ac
1773 3997 1869 4050 per

265 4066 375 4125 hoc
402 4069 447 4124 si
472 4069 657 4125 decem
682 4078 737 4126 et
760 4082 961 4139 septem
987 4086 1247 4133 annorum
1274 4070 1469 4141 Ioseph
1498 4072 1551 4126 in
1576 4070 1865 4144 Egyptum

270 4170 357 4217 est
407 4161 653 4216 venditus
672 4204 687 4229 ,
730 4170 851 4217 ante
879 4161 1160 4218 duodecim
1190 4176 1358 4216 annos
1383 4177 1541 4232 quam
1571 4172 1868 4218 moreretur

265 4269 402 4309 avus
427 4255 543 4325 ejus
564 4296 581 4323 ,
610 4254 860 4311 venditus
882 4255 1164 4309 invenitur.
1198 4254 1393 4311 Decem
1421 4255 1564 4310 enim
1589 4263 1643 4310 et
1660 4265 1865 4326 septem

265 4361 534 4404 annorum
581 4362 701 4403 esse
743 4361 852 4403 non
880 4347 1079 4417 potuit,
1113 4348 1215 4403 nisi
1244 4357 1369 4403 ante
1395 4347 1672 4405 duodecim
1698 4364 1866 4405 annos

266 4440 463 4494 mortis
492 4440 661 4507 Isaac,
685 4440 983 4496 centesimo
1011 4449 1062 4494 et
1086 4449 1274 4495 octavo
1296 4453 1435 4494 anno
1458 4441 1578 4495 vitm
1601 4442 1765 4512 patris
1785 4442 1865 4496 sui

266 4528 459 4585 Iacob.
502 4531 594 4587 His
622 4532 763 4586 enim
796 4547 917 4587 cum
948 4530 1301 4601 adjecerinms
1328 4531 1512 4602 viginti
1538 4531 1673 4587 duos
1696 4547 1865 4588 annos

266 4621 465 4693 quibus
506 4621 705 4693 Ioseph
744 4638 913 4693 usque
950 4622 1016 4677 ad
1052 4622 1336 4678 adventum
1379 4633 1545 4694 patris
1573 4639 1657 4679 sui
1690 4625 1786 4680 fuit
1810 4626 1865 4681 in

266 4713 509 4787 Egypto
528 4757 542 4781 ,
592 4716 717 4771 ﬁent
750 4718 920 4771 aetatis
945 4717 1068 4772 anni
1094 4716 1289 4787 Ioseph
1318 4716 1527 4788 triginta
1557 4732 1748 4773 novem
1769 4761 1784 4785 ,
1812 4727 1868 4774 et

266 4805 439 4862 Iacob
462 4816 675 4863 centum
697 4809 908 4879 triginta
928 4850 945 4875 ,
972 4818 1027 4865 et
1050 4808 1193 4864 nulla
1214 4809 1316 4865 erit
1338 4810 1580 4879 quaestio.
1604 4808 1710 4865 Sed
1730 4825 1864 4881 quo-

267 4905 419 4959 niam
445 4903 721 4976 Scriptura
750 4915 868 4977 post
899 4914 1130 4961 mortem
1158 4902 1307 4960 Isaac
1336 4905 1436 4961 ista
1463 4908 1735 4975 narravit,
1765 4921 1863 4978 pu-

268 5005 417 5052 tatur
456 4996 653 5069 Ioseph
702 5006 822 5069 post
865 4999 1103 5069 ejusdem
1131 4998 1214 5052 avi
1242 4998 1320 5053 sui
1349 5007 1573 5055 mortem
1599 4998 1782 5057 decem
1812 5009 1867 5058 et

268 5098 479 5162 septem
522 5105 785 5145 annorum
834 5090 1015 5146 fuisse.
1056 5090 1391 5161 Quapropter
1416 5091 1767 5164 intelligamus
1795 5093 1863 5151 de

264 5180 376 5234 vita
405 5180 583 5247 Isaac,
616 5189 863 5251 tanquam
893 5182 1116 5235 multum
1142 5181 1398 5252 decrepiti
1426 5184 1569 5238 senis
1589 5226 1602 5250 ,
1636 5186 1865 5242 tacuisse

266 5271 643 5343 Scripturam,
687 5289 807 5329 cum
852 5274 961 5345 jam
1003 5275 1071 5330 de
1110 5273 1273 5331 Iacob
1309 5284 1363 5331 et
1391 5278 1504 5347 ejus
1532 5276 1652 5334 filiis
1676 5280 1863 5351 loque-

267 5374 419 5422 retur
458 5382 473 5419 :
514 5366 637 5420 vivo
673 5373 850 5421 tamen
876 5366 1055 5433 Isaac,
1083 5366 1270 5424 decem
1294 5377 1348 5425 et
1374 5378 1578 5439 septem
1605 5385 1861 5426 annorum

267 5472 390 5513 esse
418 5459 584 5528 C(Bpil.
609 5457 829 5529 Ioseph.

304 5584 311 5590 -
341 5548 580 5606 CXXIII.
605 5547 1043 5624 [lb.xxxvu,l0.]
1066 5550 1219 5619 Quod
1238 5551 1365 5607 dicit
1379 5552 1544 5609 Iacob
1560 5552 1623 5613 ad
1640 5553 1860 5627 Ioseph,

272 5644 423 5711 Quod
440 5654 514 5701 est
529 5645 779 5703 somnium
801 5648 897 5701 hoc
911 5646 1046 5718 quod
1064 5649 1361 5703 somniasti?
1380 5647 1645 5721 Numquid
1663 5652 1864 5707 venien-

268 5746 345 5795 tes
363 5739 620 5795 veniemus
640 5756 731 5811 ego
748 5750 796 5796 et
812 5750 971 5796 mater
992 5750 1078 5795 tua
1100 5750 1146 5795 et
1173 5745 1356 5814 fratres
1378 5744 1450 5797 tui
1476 5743 1691 5803 adorare
1711 5755 1757 5802 te
1775 5763 1862 5801 su-

269 5851 362 5896 νεῖ
383 5836 614 5891 tenam?
644 5835 747 5893 nisi
776 5836 829 5894 in
854 5836 1032 5909 aliquo
1056 5836 1313 5909 mysterio
1329 5838 1531 5895 dictum
1552 5840 1859 5912 accipiatur,

1665 346 1873 407 LIBER
1916 344 2192 411 PRIMUS.

3458 351 3569 413 58%

1980 461 2248 534 quomodo
2285 460 2596 537 intelligitur
2629 465 2697 522 de
2726 472 2896 522 matre
2924 464 3147 539 Ioseph,
3180 482 3297 539 quae
3319 467 3427 538 jam
3454 478 3571 526 erat

1978 556 2223 611 mortua?
2244 555 2397 612 Unde
2419 574 2525 613 non
2549 559 2599 613 in
2622 557 2874 630 Egypto,
2903 574 3023 614 cum
3046 558 3442 630 sublimaretur,
3471 578 3567 634 pu-

1979 646 2195 702 tandum
2227 657 2306 704 cst
2339 649 2439 704 hoc
2467 665 2585 711 esse
2615 652 2972 721 completum;
3002 653 3120 725 quia
3148 668 3246 709 nec
3272 665 3419 723 pater
3444 670 3567 713 eum

1977 736 2252 807 adoravit,
2301 740 2510 811 quando
2554 742 2621 797 ad
2664 758 2786 798 eum
2830 744 2974 798 venit
3012 742 3065 799 in
3112 743 3424 819 Algyptum,
3467 761 3569 806 nec

1977 838 2148 884 mater
2174 830 2296 885 olim
2329 830 2577 890 defuncta
2607 836 2795 913 potuit.
2827 832 2883 889 lu
2929 835 3125 891 Christi
3167 852 3294 911 ergo
3340 854 3565 913 persona

1976 918 2131 975 facile
2158 921 2376 992 intelligi
2413 933 2585 994 potest
2616 925 2777 980 etiam
2816 926 2884 981 de
2917 926 3165 1003 mortuis,
3191 930 3478 985 secundum
3505 931 3568 986 il-

1976 1010 2066 1067 lud
2095 1012 2235 1082 quod
2265 1011 2393 1067 dicit
2424 1015 2739 1086 Apostolus,
2770 1018 2890 1088 quia
2916 1016 3117 1071 donavit
3155 1020 3199 1073 ei
3228 1034 3408 1075 nomen
3432 1023 3568 1094 quod

1975 1116 2046 1161 est
2072 1124 2226 1182 super
2261 1126 2411 1165 antae
2448 1127 2626 1169 nomen
2647 1155 2661 1179 ,
2701 1124 2756 1167 ut
2796 1112 2849 1168 in
2890 1116 3092 1169 nomine
3118 1115 3241 1170 Iesu
3268 1132 3413 1171 omne
3436 1134 3568 1189 genu

1975 1199 2240 1267 ﬂectatur,
2271 1202 2545 1257 caelestium
2565 1245 2578 1268 ,
2614 1206 2921 1259 terrestrium
2942 1248 2956 1271 ,
3004 1216 3049 1261 et
3075 1204 3387 1279 infernarum
3416 1204 3566 1282 (Phi-

1976 1289 2103 1363 lipp.
2138 1308 2173 1348 Il
2195 1336 2209 1359 ,
2241 1292 2295 1361 9,
2330 1293 2440 1366 10).

2046 1380 2275 1439 CXXIV.
2298 1382 2397 1459 [lb.
2417 1400 2627 1454 xxxvn,
2654 1385 2770 1462 28.]
2794 1387 3058 1458 Qumritur
3082 1406 3245 1461 quare
3274 1388 3567 1449 Ismaelitas

1975 1471 2280 1545 Scriptura,
2330 1477 2518 1548 quibus
2566 1493 2594 1531 a
2645 1478 2893 1534 fratribus
2936 1480 3180 1538 venditus
3225 1492 3307 1539 est
3348 1484 3563 1555 Ioseph,

1976 1565 2137 1620 etiam
2170 1565 2479 1624 Madianitas
2506 1580 2680 1633 vocet,
2711 1587 2831 1625 cum
2859 1569 3045 1629 Ismael
3074 1573 3143 1627 sit
3171 1571 3236 1629 de
3262 1575 3402 1647 Agar
3430 1577 3568 1631 filius

1976 1656 2233 1725 Abrahae,
2268 1658 2564 1715 Madianitae
2591 1677 2718 1716 vero
2758 1661 2824 1718 de
2858 1662 3127 1719 Cethura?
3158 1666 3237 1720 An
3277 1668 3397 1738 quia
3429 1666 3569 1722 Scri-

1975 1757 2131 1818 ptura
2163 1749 2373 1805 dixerat
2396 1751 2463 1807 de
2487 1752 2775 1822 Abraham,
2805 1755 2943 1826 quod
2972 1772 3190 1812 munera
3216 1758 3421 1815 dederit
3447 1761 3568 1817 filiis

1976 1840 2394 1899 concubinarum
2434 1860 2650 1899 suarum
2671 1887 2686 1913 ,
2720 1847 2861 1919 Agar
2890 1848 3092 1903 scilicet
3124 1857 3178 1903 et
3211 1848 3485 1917 Cethurm,
3515 1862 3570 1909 et

1978 1933 2239 1993 dimiserit
2265 1936 2281 1966 ί
2311 1951 2404 1990 eos
2446 1936 2515 1992 ab
2544 1937 2702 2009 _lsaac
2745 1939 2852 1995 tilio
2894 1956 2993 1997 suo
3027 1940 3079 1996 in
3110 1951 3305 1998 terram
3334 1945 3567 2002 Orientis

1979 2026 2134 2098 (Gen.
2156 2044 2290 2096 xxv,
2314 2030 2405 2100 6),
2434 2046 2590 2086 unam
2615 2041 2828 2103 gentem
2850 2034 3039 2091 fecisse
3061 2036 3386 2109 intelligendi
3413 2040 3573 2096 sunt?

2050 2119 2259 2177 CXXV.
2289 2120 2370 2193 [In
2394 2138 2601 2189 xxxvn,
2627 2122 2740 2199 55.]
2770 2125 2844 2180 De
2862 2124 3029 2184 Iacob
3051 2130 3302 2200 scriptum
3325 2140 3426 2200 est,
3448 2147 3569 2190 cunt

1980 2213 2183 2283 lugeret
2208 2214 2407 2287 Ioseph
2428 2258 2443 2284 ,
2473 2214 2776 2291 Congregati
2804 2229 2922 2275 sunt
2950 2229 3116 2277 autem
3143 2240 3313 2281 omnes
3343 2226 3440 2291 ﬁlii
3463 2227 3574 2301 ejus

1978 2314 2025 2362 et
2050 2304 2209 2376 ﬁliae,
2240 2317 2283 2361 et
2312 2320 2551 2365 verterunt
2583 2311 2836 2367 consolari
2877 2329 3007 2367 cum.
3051 2313 3179 2384 Qua:
3221 2316 3341 2372 ﬁlia:
3384 2329 3575 2388 praeter

1980 2398 2209 2454 Dinatu?
2255 2400 2337 2454 An
2366 2401 2503 2456 ﬁlios
2533 2411 2588 2459 et
2614 2402 2750 2459 tilias
2777 2403 2905 2460 dicit
2941 2409 3338 2463 cunnumeratis
3364 2412 3575 2481 nepoti-

1981 2491 2084 2561 bus
2124 2500 2177 2547 et
2221 2494 2509 2563 neptibus?
2551 2495 2662 2566 jam
2705 2497 2845 2552 enim
2894 2498 3125 2571 majores
3168 2497 3263 2555 filii
3293 2502 3407 2572 ejus
3436 2504 3573 2561 filios

1981 2580 2181 2639 habere
2211 2594 2511 2652 potuerunt.

2054 2676 2284 2739 CXXVI.
2318 2676 2415 2750 [lb.
2436 2694 2637 2744 xxxvu,
2665 2678 2779 2753 55.]
2799 2679 2865 2735 Et
2891 2682 3053 2739 noluit
3080 2685 3352 2754 consolari,
3382 2688 3571 2757 dicens,

1986 2767 2237 2833 Quoniam
2258 2770 2558 2824 descendam
2577 2772 2644 2825 ad
2659 2773 2823 2839 [ilium
2844 2791 3010 2829 meum
3031 2774 3207 2849 lugens
3226 2778 3278 2833 in
3298 2779 3569 2853 infernum.

1979 2857 2129 2917 δοιαὶ
2157 2874 2277 2921 esse
2307 2876 2494 2932 magna
2534 2863 2787 2932 quaestio,
2818 2866 3087 2934 quomodo
3130 2868 3453 2941 intelligatur
3489 2875 3574 2930 in-

1982 2948 2199 3016 fernus;
2230 2959 2405 3009 utrum
2430 2952 2553 3007 illuc
2573 2954 2694 3007 ntali
2720 2962 2942 3021 tantum,
2970 2972 3039 3010 an
3059 2960 3217 3013 etiam
3240 2961 3361 3017 boui
3380 2968 3573 3022 mortui

1982 3038 2307 3099 descendere
2341 3042 2566 3097 soleant.
2602 3044 2655 3097 Si
2697 3060 2823 3116 ergo
2866 3056 3067 3102 tantum
3107 3051 3265 3121 mali,
3305 3056 3573 3125 quomodo

1982 3129 2085 3186 iste
2124 3132 2188 3186 ad
2234 3132 2397 3187 tilium
2444 3150 2597 3190 suum
2639 3152 2696 3192 se
2735 3136 2863 3192 dicit
2890 3137 3159 3211 lugentem
3190 3144 3327 3201 velle
3352 3147 3573 3207 descen-

1980 3220 2149 3283 dere?
2177 3222 2292 3281 Non
2320 3225 2462 3283 enim
2490 3226 2541 3281 iu
2572 3229 2741 3299 pinnis
2765 3229 2956 3286 inferni
2984 3246 3107 3287 eum
3133 3250 3251 3293 esse
3274 3240 3461 3297 credit.
3489 3246 3573 3299 An

1980 3314 2272 3383 perturbati
2300 3324 2353 3370 et
2376 3317 2609 3375 dolentis
2634 3322 2793 3375 verba
2820 3330 2966 3389 sunt,
2992 3323 3129 3379 mala
3151 3341 3245 3382 sua
3264 3331 3426 3387 etiam
3447 3332 3572 3392 hinc

1979 3407 2383 3476 exaggerantis?
2708 3417 2715 3424 '

2048 3497 2305 3555 CXXVII.
2338 3499 2439 3572 [lb.
2463 3516 2650 3558 xxxvu
2667 3545 2681 3569 ,
2707 3504 2822 3579 56.J
2848 3503 2917 3560 Et
2943 3508 3271 3565 vendiderunt
3298 3513 3489 3589 Ioseph
3515 3519 3568 3575 in

1978 3589 2267 3664 Egyptum
2292 3593 2559 3667 Petcphra:
2582 3599 2816 3671 spadoni,
2844 3604 3118 3675 praeposito
3142 3622 3437 3676 coquorum.
3464 3610 3571 3669 No-

1976 3682 2091 3743 ιωιι
2118 3685 2332 3755 quidam
2364 3689 2704 3759 praaptlsilum
2735 3707 3028 3763 eoquorum
3076 3697 3443 3774 interpretari,
3479 3707 3570 3781 qui

1974 3791 2148 3849 graece
2190 3783 2525 3855 ἀρχιμάγειρος
2570 3783 2795 3853 dicitur;
2837 3787 2931 3849 sed
2973 3793 3314 3862 pra-positum
3346 3794 3567 3867 militiae,

1974 3870 2058 3927 cui
2089 3880 2231 3929 esset
2262 3882 2498 3943 potestas
2534 3875 2834 3933 occidendi.
2876 3878 3012 3939 Nam
3051 3883 3129 3941 sic
3167 3887 3462 3957 appellatus
3490 3900 3570 3947 est

1973 3963 2137 4025 etiam
2165 3964 2255 4059 ille
2283 3982 2441 4059 quem
2466 3968 2961 4033 Nabuchodonosor
2988 3977 3167 4051 misit,
3207 3995 3373 4059 penes
3410 3999 3569 4057 quem

1972 4056 2150 4125 potius
2180 4056 2446 4119 invenitur
2478 4060 2735 4127 primatus
2764 4062 2924 4120 fuisse
2953 4068 3175 4124 militite.

2043 4145 2323 4213 CXXVIII.
2347 4146 2446 4222 [lb.
2480 4166 2725 4219 xxxvm,
2760 4154 2899 4229 1-5.]
2944 4156 3162 4214 Factum
3200 4172 3270 4217 est
3309 4175 3474 4221 autent
3515 4168 3570 4225 in

1972 4247 2197 4311 tempore
2234 4240 2325 4295 illo
2363 4241 2617 4297 descendit
2649 4243 2818 4307 Iudas
2848 4264 2879 4307 α
2906 4249 3148 4319 fratribus
3176 4255 3281 4308 suis
3309 4258 3377 4309 ad
3400 4257 3567 4314 Itami-

1970 4346 2087 4387 nem
2123 4332 2389 4399 quemdam
2428 4331 2821 4407 Odoilqmitam,
2854 4348 2935 4393 cut
2963 4358 3143 4397 nomen
3178 4342 3297 4402 Iras
3325 4363 3345 4401 :
3372 4358 3419 4401 et
3446 4350 3569 4405 vidit

1970 4421 2075 4485 illic
2096 4420 2263 4479 Iudas
2287 4425 2447 4495 ﬁliam
2474 4426 2691 4487 hominis
2710 4426 2989 4486 Chanana’i
3013 4436 3213 4490 nomine
3239 4438 3426 4493 Savam
3450 4443 3491 4509 ’,
3520 4453 3568 4497 et

1970 4515 2161 4582 accepit
2185 4530 2297 4568 eam
2315 4556 2331 4583 ,
2364 4524 2408 4569 ct
2439 4519 2661 4571 introivit
2686 4520 2755 4572 ad
2781 4537 2925 4587 eam,
2955 4532 3001 4577 et
3024 4529 3272 4597 concepit,
3302 4538 3350 4585 et
3373 4536 3566 4603 peperit

1970 4604 2167 4675 ﬁlium,
2196 4614 2251 4661 et.
2274 4615 2489 4663 caetera.
2520 4608 2788 4676 Quaeritur
2831 4616 3043 4684 quando
3088 4619 3189 4675 ista
3230 4621 3345 4679 ﬁeri
3374 4636 3565 4694 potue-

1970 4705 2111 4767 runt.
2159 4698 2215 4754 Si
2257 4699 2399 4757 enim
2446 4710 2789 4779 posteaquam
2829 4702 3026 4778 Ioseph
3064 4708 3283 4768 devenit
3312 4715 3365 4770 in
3391 4712 3563 4791 Egy-

1969 4800 2115 4862 ptum
2140 4833 2155 4858 ,
2202 4792 2469 4865 quomodo
2513 4795 2652 4859 intra
2698 4798 2881 4869 viginti
2928 4799 3098 4858 ferme
3140 4811 3196 4860 et
3231 4806 3363 4864 duos
3393 4826 3564 4867 annos

1971 4881 2116 4955 (nam
2160 4894 2283 4954 post
2322 4893 2523 4957 tantum
2565 4890 2820 4959 temporis
2849 4892 3114 4963 colligitur
3142 4912 3236 4952 eos
3260 4901 3470 4957 venisse
3494 4904 3563 4963 ad

1968 4977 2214 5039 eumdem
2234 4978 2429 5049 Ioseph
2454 4979 2675 5039 fratrem
2700 4997 2853 5043 Suum
2881 4984 2933 5040 in
2959 4985 3247 5061 IEgyptum
3266 5007 3384 5046 cum
3409 5004 3561 5065 patre

1968 5066 2088 5140 suo)
2138 5070 2255 5127 ﬁeri
2300 5074 2528 5144 potuerit
2570 5081 2629 5129 ut
2668 5074 2819 5132 Iudae
2866 5076 2957 5139 ﬁlii
2999 5080 3113 5151 ejus
3159 5084 3330 5139 aetatis
3371 5100 3560 5144 omnes

1969 5170 2191 5233 possent
2230 5162 2426 5223 ducere
2464 5166 2690 5227 uxores?
2725 5166 2857 5225 Nam
2889 5169 3120 5227 Thamar
3154 5190 3346 5231 nurum
3384 5193 3557 5250 suam,

1970 5262 2184 5315 mortuo
2212 5256 2565 5326 primogenita
2591 5272 2708 5327 suo,
2736 5257 2889 5313 alteri
2920 5260 3028 5315 ﬁlio
3054 5262 3201 5318 dedit
3227 5283 3242 5320 :
3269 5282 3374 5339 quo
3396 5268 3559 5325 etiam

1969 5352 2200 5410 mortuo,
2231 5348 2558 5417 exspectavit
2586 5356 2642 5402 ut
2668 5360 2936 5406 cresceret
2964 5355 3186 5421 tertius;
3213 5366 3266 5412 et
3292 5374 3411 5414 cum
3440 5376 3557 5419 cre-

1968 5434 2152 5502 visset,
2185 5452 2282 5492 nec
2312 5437 2385 5492 illi
2413 5453 2531 5494 eam
2560 5438 2738 5507 dedit,
2772 5442 2965 5499 timens
2991 5460 3058 5501 ne
3085 5455 3141 5501 et
3168 5448 3284 5520 ipse
3313 5467 3556 5510 morere-

1969 5535 2097 5582 tur:
2132 5528 2273 5587 unde
2316 5526 2513 5585 factum
2561 5542 2643 5588 est
2687 5543 2742 5588 ut
2785 5536 2957 5591 eidem
3002 5553 3189 5594 socero
3231 5556 3329 5598 suo
3370 5560 3428 5600 se
3467 5546 3555 5605 illa

2034 5664 2594 5748 3.TTF?§_"§§:’!£"’?3£Z?"'
2619 5669 2707 5748 ἑυὲ
2725 5671 2939 5748 909⁵99³»
2961 5672 3197 5748 die?”
3222 5690 3242 5728 -'
3262 5678 3356 5748 hoc
3376 5694 3556 5748 nempe

1970 5737 2219 5803 acceptum
2244 5738 2320 5779 est
2343 5738 2582 5803 exLLXX,
2609 5732 2957 5798 exapesteilen,
2992 5735 3109 5788 illud
3152 5732 3552 5803 concordat-initi

1969 5790 2185 5856 “Isaia,
2210 5790 2465 5856 θεραναυέι·

1928 5873 1951 5881 ον
2036 5852 2154 5903 "sic
2176 5852 2281 5904 Mss.
2301 5854 2441 5917 juxta
2458 5861 2591 5909 Lxx.
2614 5863 2670 5908 At
2692 5857 2827 5920 editi,
2852 5866 2905 5911 ut
2927 5860 2976 5912 in
2999 5861 3216 5930 Vulgata,
3240 5874 3347 5920 Sue.
