4094 6532
573 384 684 450 (83

570 513 914 578 supponeret.
964 504 1242 574 Quomodo
1289 519 1418 576 ergo
1466 504 1583 561 haec
1631 505 1807 560 omnia
1859 505 1997 560 intra
2047 513 2155 559 tam

1376 388 1839 461 QUAESTIONUM
1879 388 1936 445 ς.
1974 383 2341 447 AUGUSTINI
2371 388 2439 447 IN
2477 388 3039 458 IIEPTATEUCHUM
3455 388 3467 461 ξ

2261 514 2465 560 seentur
2489 506 2724 564 ubertatis
2756 513 2944 582 futura:
2971 514 3024 568 in
3052 522 3156 569 tota
3181 523 3314 571 terra
3341 517 3563 592 Δαυριὶ
3579 563 3596 591 ,
3624 538 3732 580 non
3764 525 3851 583 fu-

574 612 771 668 paucos
798 611 968 653 annos
994 596 1109 653 ﬁeri
1139 596 1432 666 potuerint,
1465 598 1655 651 merito
1687 604 1896 663 movet,
1930 596 2029 651 nisi
2047 636 2063 664 ,
2099 602 2156 651 ut
2262 604 2393 651 tura:
2412 597 2517 653 illis
2539 601 2627 670 qui
2653 601 2845 658 famem
2868 606 3154 676 patientur,
3182 616 3430 681 tanquam
3453 625 3637 683 postea
3667 618 3847 675 veniat

568 690 704 745 forte
731 689 884 756 solet,
909 688 1177 759 Scriptura
1203 704 1296 758 per
1322 689 1807 759 recapitulationem
1834 690 2033 760 aliquot
2057 704 2152 743 an-

565 797 665 838 nos
695 792 817 838 ante
845 781 1115 838 venditum
1140 781 1336 852 Josepb
1376 781 1479 837 hoc
1518 783 1632 838 ﬁeri
1670 783 1895 853 coepisse
1931 782 2150 854 intelligi

566 875 726 942 velit;
757 874 1005 946 quoniam
1031 874 1110 931 sic
1138 873 1367 944 positum
1398 883 1499 943 est,
1533 884 1589 929 ut
1615 874 1899 941 diceretur,
1930 873 2149 930 Factum

566 976 639 1024 est
680 975 847 1022 autem
886 968 940 1021 in
983 966 1073 1020 illo
1116 973 1385 1037 tempore:
1426 965 1513 1021 ubi
1557 974 1731 1021 tamen
1773 968 2060 1038 quaeritur,
2101 967 2145 1022 si

565 1060 749 1117 decem
776 1067 831 1115 et
853 1067 1058 1129 septem
1085 1073 1344 1113 annorum
1370 1067 1485 1113 erat
1511 1057 1708 1130 Josepb
1733 1058 1944 1128 quando
1968 1058 2148 1113 vendi-

563 1163 649 1209 tus
672 1161 788 1219 est,
833 1160 962 1222 quot
996 1166 1259 1206 annorum
1302 1165 1422 1207 esse
1455 1149 1617 1206 Judas
1660 1151 1888 1220 potuerit
1926 1143 2144 1220 quartus

561 1246 699 1300 ﬁlius
721 1243 885 1299 Jacob
904 1284 919 1310 ,
947 1241 1374 1313 quandoquidem
1400 1243 1513 1313 ipse
1548 1242 1930 1313 primogenitus
1955 1241 2141 1296 Ruben

560 1346 616 1392 ut
645 1334 934 1408 plurimum
976 1334 1197 1390 fratrem
1234 1350 1390 1390 suum
1427 1332 1626 1404 Joseph
1653 1333 1885 1403 quinque
1920 1339 2011 1387 aut
2047 1346 2142 1387 sex

556 1445 725 1485 annos
773 1427 1004 1500 potuerit
1048 1436 1206 1485 aetate
1255 1427 1578 1498 praecedere.
1629 1425 1917 1481 Evidenter
1964 1434 2141 1480 autem

555 1521 826 1592 Scriptura
848 1520 975 1575 dicit
994 1520 1207 1590 triginta
1228 1533 1485 1574 annorum
1508 1518 1671 1574 fuisse
1690 1517 1906 1588 Joseph,
1929 1516 2140 1588 quando

555 1613 783 1670 innotuit
801 1612 1063 1668 Pharaoni
1096 1610 1245 1682 (Gen.
1270 1626 1380 1677 xu,
1409 1610 1522 1683 46).
1555 1610 1685 1665 Cum
1712 1624 1837 1680 ergo
1863 1609 1974 1679 ipse
1999 1622 2139 1663 anno

553 1706 780 1774 septimo
814 1703 1024 1759 decimo
1055 1703 1227 1757 aetatis
1261 1717 1370 1757 suae
1398 1701 1642 1757 venditus
1678 1699 1841 1755 fuisse
1868 1698 2135 1767 credatur,

553 1794 808 1851 tredecim
847 1811 1017 1851 annos
1064 1802 1344 1866 peregerat
1385 1795 1438 1849 in
1482 1793 1717 1865 Egypto
1756 1794 1964 1864 ignotus
2000 1792 2140 1847 Pha-

551 1888 734 1954 raoni;
786 1887 855 1942 ad
907 1887 1005 1941 hos
1051 1895 1225 1942 autem
1278 1885 1531 1941 tredecim
1585 1899 1752 1939 annos
1799 1895 2137 1939 accesserunt

549 1986 755 2047 septem
789 1976 915 2031 anni
947 1976 1234 2043 ubertatis,
1267 1986 1320 2031 et
1350 1975 1471 2031 facti
1501 1984 1623 2029 sunt
1650 1975 1775 2028 anni
1803 1974 2021 2045 viginti;
2053 1974 2136 2029 bis

549 2068 815 2124 adduntur
840 2069 964 2136 duo,
993 2070 1115 2140 quia
1138 2068 1373 2124 secundo
1398 2082 1538 2122 anno
1563 2066 1717 2122 famis
1743 2068 1955 2122 intravit
1972 2067 2135 2123 Jacob

549 2161 606 2217 in
628 2159 916 2234 .‘Egyptum
943 2177 1063 2216 eum
1090 2160 1211 2215 ﬁliis
1235 2162 1364 2227 suis,
1387 2170 1443 2216 et
1463 2160 1801 2215 inveniuntur
1824 2159 2006 2230 viginti
2027 2160 2134 2214 duo

546 2257 693 2325 anni,
722 2256 911 2327 quibus
935 2255 1099 2309 abluit
1122 2254 1317 2324 Joseph
1346 2270 1375 2309 a
1401 2264 1551 2323 patre
1579 2264 1631 2309 et
1654 2269 1683 2306 a
1710 2251 1960 2307 fratribus
1984 2253 2130 2308 suis:

545 2364 651 2419 quo
675 2348 850 2403 medio
871 2356 1131 2418 tempore,
1157 2347 1423 2418 quomodo
1444 2348 1558 2402 ﬁeri
1586 2347 1855 2416 potuerint
1879 2346 1945 2401 de
1967 2361 2132 2402 uxore

544 2449 600 2497 ct
627 2441 749 2495 ﬁliis
777 2448 829 2494 et
858 2455 995 2494 nuru
1018 2438 1168 2493 Judse
1197 2438 1374 2493 omnia
1401 2454 1518 2506 qua:
1549 2446 1851 2504 narrantur,
1882 2436 2132 2506 indagare

542 2531 758 2586 difficile
785 2539 866 2586 est
898 2548 911 2585 :
946 2529 1049 2585 nisi
1074 2528 1210 2583 forte
1238 2537 1295 2582 ut
1318 2528 1594 2583 credamus
1626 2528 1701 2598 (et
1725 2526 1825 2580 hoc
1849 2527 1989 2581 enim
2016 2527 2131 2583 ﬁeri

541 2621 763 2694 potuit),
792 2636 915 2677 mox
941 2630 998 2676 ut
1015 2620 1322 2676 adolescere
1341 2618 1504 2674 Judas
1523 2622 1704 2689 cmpit,
1735 2634 1855 2673 eum
1880 2617 2132 2675 incidisse

540 2713 595 2767 in
621 2728 856 2768 amorem
884 2712 997 2782 ejus
1026 2726 1186 2782 quam
1214 2710 1362 2765 duxit
1388 2724 1630 2778 uxorem,
1660 2708 1894 2764 nondum
1914 2708 2130 2765 vendito

538 2804 733 2875 Joseph
765 2805 819 2858 in
848 2803 1153 2875 Egyptum.

609 2894 847 2951 CXXIX.
868 2894 967 2967 [11).
1000 2909 1241 2961 xxxvm,
1272 2890 1385 2965 14.]
1432 2890 1502 2945 Et
1548 2891 1787 2962 depositis
1830 2891 2128 2946 vestimentis

537 2988 792 3043 viduitatis
815 3003 922 3042 sua:
944 3005 975 3040 a
1002 3004 1073 3042 se.
1107 2987 1241 3042 Hinc
1272 2987 1566 3040 insinuatur
1594 2992 1649 3040 et
1678 2984 2002 3054 temporibus
2027 2984 2130 3039 Pa-

538 3083 887 3137 triarcbarum
917 3089 1062 3137 certa
1091 3089 1145 3134 et
1170 3095 1263 3134 sua
1289 3078 1454 3134 fuisse
1482 3079 1797 3133 vestimenta
1825 3076 2125 3145 viduarum,

536 3188 642 3229 non
671 3173 850 3243 utique
880 3172 1002 3226 talia
1032 3172 1205 3240 qualia
1232 3170 1650 3241 conjugalarum.

606 3266 818 3324 CXXX.
858 3265 955 3340 [1b.
982 3281 1175 3331 xxxix,
1196 3262 1273 3336 1.]
1303 3262 1454 3331 Quod
1483 3263 1671 3318 iterum
1694 3261 1905 3329 dicitur,
1931 3259 2126 3331 Joseplt

533 3370 698 3413 autem
728 3358 985 3430 depositus
1010 3365 1085 3411 est
1107 3358 1162 3410 in
1187 3354 1504 3427 Egyptum,
1545 3363 1590 3408 et
1628 3350 1846 3424 μοιδειῇ
1880 3370 1995 3408 eum
2021 3351 2125 3407 Pe-

535 3451 733 3521 tephres
768 3450 928 3522 spado
965 3449 1288 3515 Pharaonis,
1335 3447 1401 3501 ad
1426 3446 1664 3501 ordinem
1690 3446 1828 3501 redit
1853 3445 2124 3515 Scriptura

532 3543 672 3599 unde
686 3551 999 3609 recesserat,
1017 3551 1074 3595 ut
1088 3542 1174 3595 illa
1194 3548 1434 3595 narraret
1449 3553 1567 3609 qua:
1584 3553 1739 3608 supra
1757 3537 1960 3609 digesta
1976 3546 2119 3593 sunt.

599 3634 838 3689 CXXXI.
871 3631 972 3706 [11).
993 3649 1082 3700 XL,
1100 3630 1212 3703 16.]
1251 3631 1404 3697 Quod
1428 3631 1588 3699 aliqui
1615 3628 1825 3684 codices
1849 3630 1996 3684 latini
2023 3629 2121 3684 ha-

530 3725 677 3793 bent,
710 3727 807 3778 tria
830 3726 1049 3779 canistra
1073 3723 1238 3791 aliae,
1266 3738 1385 3778 cum
1412 3722 1567 3792 graeci
1596 3722 1827 3777 habeant
1850 3727 2117 3792 χονδριτῶν,

528 3819 670 3889 quod
694 3817 1111 3887 interpretantur
1131 3816 1219 3886 qui
1244 3829 1399 3869 usum
1425 3814 1663 3883 ejusdem
1685 3814 1879 3883 linguae
1901 3814 2117 3882 habent,

529 3923 696 3980 panes
723 3922 842 3963 esse
866 3907 1113 3962 cibarios.
1144 3906 1246 3962 Sed
1274 3905 1400 3960 illud
1420 3912 1618 3971 movet,
1642 3904 1908 3974 quomodo
1928 3919 2118 3974 panem

527 4000 786 4057 cibarium
819 3999 1049 4068 potuerit
1076 3998 1283 4053 Pharao
1312 3996 1510 4051 habere
1538 3996 1592 4049 in
1620 3995 1779 4050 escis.
1810 3994 1945 4050 Dicit
1973 3996 2115 4051 enim

525 4092 580 4147 in
620 4092 895 4162 superiore
934 4091 1167 4146 canistro
1200 4089 1361 4145 fuisse
1386 4089 1564 4143 omnia
1597 4103 1663 4143 ex
1697 4088 1887 4158 quibus
1927 4087 2119 4144 edebat

526 4187 754 4255 Pharao,
786 4199 921 4257 opus
947 4184 1202 4254 pistorum
1227 4183 1265 4235 ⁸.
1298 4181 1403 4238 Sed
1429 4180 1827 4251 intelligendum
1851 4189 1935 4236 cst
1954 4181 2114 4235 etiam

523 4281 700 4351 ipsum
729 4277 1019 4333 canistrum
1047 4274 1292 4330 habuisse
1313 4288 1475 4345 panes
1496 4273 1743 4338 cibarios,
1772 4274 1893 4343 quia
1913 4272 2113 4328 dictum

522 4377 642 4438 est,
687 4367 786 4424 tria
829 4366 1059 4422 canistra
1099 4369 1376 4436 χονδριτῶν,
1406 4373 1460 4419 et
1482 4363 1711 4432 desuper
1739 4363 1901 4418 fuisse
1929 4364 2016 4419 illa
2045 4378 2113 4420 ex

518 4459 666 4519 omni
706 4474 902 4532 genere
939 4458 1117 4531 operis
1150 4457 1366 4529 pistoris
1399 4456 1453 4511 in
1478 4454 1667 4511 eodem
1693 4454 1926 4511 canistro
1955 4470 2111 4525 supe-

516 4569 848 4703 mdium
866 4643 967 4719 [11).
997 4661 1103 4711 xu,
1126 4641 1204 4716 1.]
1230 4643 1381 4710 Quod
1409 4643 1625 4713 putabat
1652 4658 1708 4699 se
1737 4652 1878 4699 stare
1900 4642 2109 4700 Pharao

515 4755 676 4812 super
716 4738 912 4794 ﬂumen
934 4780 951 4807 ,
994 4736 1440 4809 quemadmodum
1481 4751 1666 4791 servus
1700 4735 1924 4792 Abrahar
1952 4736 2103 4803 dixit,

516 4830 648 4886 Ecce
675 4846 764 4902 ego
790 4839 865 4884 sto
889 4845 1039 4900 super
1068 4829 1256 4898 fontem
1283 4844 1429 4898 aqua:
1454 4827 1561 4901 (Id.
1580 4845 1727 4895 xxrv,
1759 4828 1846 4901 15)
1876 4830 2022 4899 (nam
2050 4838 2106 4886 et

513 4921 585 4978 ibi
612 4936 816 4993 graecus
841 4926 922 4976 snt
952 4936 1034 4983 τῆς
1066 4936 1215 4986 πηγῆς
1252 4920 1384 4975 dixit
1421 4921 1865 4990 quemadmodum
1909 4922 1993 4977 hic
2026 4928 2105 4978 (ut

514 5027 598 5073 τοῦ
620 5015 860 5084 ποταμθῦ)
886 5031 898 5069 :
923 5014 1039 5069 haec
1067 5013 1263 5069 locutio
1288 5013 1335 5068 si
1361 5012 1683 5084 intelligatur
1707 5014 1760 5068 in
1782 5013 1991 5069 Psalmo
2013 5015 2102 5071 ubi

514 5106 773 5176 scriptum
803 5115 905 5173 est,
941 5104 1037 5171 Qui
1066 5104 1296 5174 fundavit
1326 5112 1510 5158 terram
1537 5121 1687 5175 super
1715 5121 1898 5178 aquam
1930 5106 2098 5178 (Psat.

514 5216 642 5256 mn
662 5242 676 5267 ,
706 5199 799 5270 2);
833 5215 937 5255 non
965 5209 1227 5270 coguntur
1254 5198 1498 5253 homines
1524 5209 1709 5268 putare
1751 5199 1886 5254 sicut
1913 5215 2101 5256 navem

512 5304 697 5348 natare
740 5302 934 5349 terram
980 5307 1141 5362 super
1186 5306 1397 5361 aquam.
1449 5289 1749 5346 Secundum
1794 5291 1929 5347 hanc
1957 5294 2098 5349 enim

509 5385 836 5441 locutionem
864 5393 1009 5440 recte
1029 5382 1336 5453 intelligitur
1355 5382 1494 5453 quod
1520 5383 1673 5438 altior
1692 5384 1761 5439 sit
1782 5394 1918 5439 terra
1940 5400 2098 5455 quam

509 5495 681 5549 aqua;
716 5479 872 5534 altius
902 5478 1094 5548 quippe
1124 5476 1190 5531 ab
1219 5476 1370 5546 aquis
1395 5477 1708 5545 snstollitur,
1743 5478 1831 5532 ubi
1863 5477 2099 5535 habitent

507 5578 716 5625 terrena
745 5571 1008 5625 animalia.

579 5660 863 5717 CXXXIII.
898 5659 997 5734 [lb.
1025 5675 1135 5728 xu,
1167 5656 1280 5732 30.]
1310 5658 1460 5726 Quod
1491 5660 1746 5729 scriptum
1774 5669 1876 5727 est,
1902 5659 2096 5717 Oblivi-

759 5791 897 5842 (turb.
939 5802 1059 5857 opus
1100 5786 1397 5857 pistorium;
1442 5790 1694 5855 etpaulo
1738 5790 1891 5857 intra,
1936 5797 2095 5861 operis

2256 685 2361 743 illis
2388 689 2633 758 ubertas;
2666 694 2760 750 sed
2784 694 2959 753 futura
2984 708 3244 756 erattunc
3268 705 3478 773 quando
3502 707 3843 783 loquebatur,

2255 785 2503 849 tanquam
2530 783 2759 853 diceret,
2795 786 3063 845 Ubertatis
3093 792 3277 864 hujus,
3308 811 3464 867 quam
3503 800 3732 857 futuram
3764 806 3843 859 si-

2251 870 2568 941 gniﬁcarunt
2604 876 2770 933 boves
2797 879 2950 938 bonte
2978 892 3034 940 et
3057 886 3218 955 spicae
3246 888 3429 955 bonae,
3459 890 3845 954 obliviscentur

2252 961 2495 1022 homines
2523 968 2579 1023 in
2604 984 2667 1026 ea
2690 968 2866 1041 fame,
2911 989 3070 1045 quam
3114 978 3542 1049 signiﬁcaverunt
3580 983 3745 1044 boves
3784 998 3844 1045 et

2248 1055 2410 1127 spicae
2435 1059 2610 1115 malas.

2317 1147 2603 1208 CXXXIV.
2636 1153 2736 1228 [1b.
2754 1171 2862 1225 xu,
2894 1157 3009 1232 58.]
3041 1160 3305 1234 Numquid
3330 1165 3637 1225 inveniemus
3664 1170 3836 1227 homi-

2246 1257 2360 1297 nem
2388 1245 2571 1314 talem,
2596 1250 2682 1319 qui
2707 1249 2886 1305 habeat
2911 1251 3163 1324 Spiritum
3196 1255 3294 1311 Dei
3329 1258 3383 1313 in
3415 1259 3509 1315 se?
3536 1259 3677 1318 Ecce
3694 1262 3837 1333 jam,

2245 1334 2349 1389 nisi
2383 1334 2566 1406 fallor,
2598 1341 2759 1397 tertio
2785 1342 3083 1402 insinuatur
3107 1349 3262 1405 nobis
3289 1349 3344 1405 in
3369 1350 3472 1408 hoc
3495 1352 3633 1410 libro
3659 1354 3835 1426 Spiri—

2246 1432 2331 1516 tus
2350 1436 2586 1496 sanctus,
2612 1429 2664 1485 id
2684 1439 2786 1500 est,
2810 1432 3037 1505 Spiritus
3057 1437 3172 1493 Dei.
3199 1439 3380 1497 Primo
3400 1442 3488 1498 ubi
3507 1443 3702 1504 dictum
3723 1457 3831 1516 est,

2243 1513 2313 1569 Et
2339 1516 2564 1587 Spiritus
2588 1519 2687 1576 Dei
2713 1522 2969 1595 ferebatur
2990 1544 3144 1599 super
3166 1547 3349 1602 aquam
3376 1531 3527 1604 (Gen.
3549 1551 3590 1603 ι,
3612 1534 3674 1609 2)
3700 1556 3715 1592 :

2240 1609 2414 1664 eundo
2438 1611 2527 1667 ubi
2548 1611 2679 1670 dicit
2698 1615 2857 1685 Deus,
2889 1618 3012 1674 Non
3031 1622 3339 1692 permanebit
3363 1625 3588 1695 Spiritus
3607 1645 3754 1687 meus
3775 1632 3836 1686 in
3940 1680 3943 1683 .

2240 1697 2525 1795 hominibus
2552 1703 2659 1760 istis
2680 1746 2695 1773 ,
2725 1715 2930 1779 propter
2953 1712 3089 1781 quod
3110 1729 3286 1768 carnes
3310 1724 3426 1770 sunt
3448 1716 3465 1748 ¹
3494 1716 3602 1788 (Id.
3626 1721 3704 1791 vi,
3729 1721 3789 1795 ὅ)
3808 1740 3833 1779 :

2241 1797 2295 1844 et
2322 1791 2479 1847 tertio
2507 1808 2678 1861 nunc,
2706 1797 2847 1866 quod
2877 1798 3086 1856 Pharao
3113 1802 3241 1859 dicit
3268 1804 3335 1859 de
3360 1803 3557 1880 Joseph
3576 1851 3593 1877 ,
3621 1791 3834 1870 essein

2239 1882 2335 1937 illo
2368 1882 2623 1955 Spiritum
2651 1888 2780 1957 Dei;
2825 1891 3060 1949 nondum
3102 1904 3280 1955 tamen
3318 1900 3543 1973 legimus
3569 1902 3832 1975 Spiritum

2237 1982 2499 2028 sanctum.

2308 2062 2566 2120 cxxxv.
2601 2067 2701 2140 [Ib.
2721 2086 2848 2139 xu,
2878 2072 2994 2147 45.]
3025 2074 3096 2136 Et
3134 2080 3373 2149 imposuit
3406 2082 3616 2139 Pharao
3642 2101 3829 2142 nomen

2235 2150 2429 2247 .Ioseplt
2479 2156 2992 2232 Psonthomphtmeclt
3028 2181 3057 2223 :
3102 2171 3203 2225 hoc
3244 2187 3438 2228 nomen
3488 2174 3835 2247 interpretari

2235 2242 2453 2311 dicitur,
2491 2247 2702 2304 Occulta
2728 2254 3001 2323 reuelauit;
3026 2274 3093 2315 ex
3116 2260 3211 2316 illo
3234 2263 3415 2333 utique
3446 2264 3588 2335 quod
3616 2242 3828 2323 somnia

2235 2340 2344 2406 regi
2375 2342 2581 2406 aperuit
2610 2359 2624 2395 :
2652 2340 2903 2414 Egyptia
2927 2362 3058 2406 vero
3087 2352 3262 2423 lingua
3286 2354 3616 2412 Salvatorem
3638 2358 3827 2415 mundi

2235 2428 2519 2496 perhibent
2542 2434 2865 2501 appellatum
2892 2439 2996 2495 isto
3021 2444 3254 2501 nomine.

2305 2517 2588 2577 cxxxw.
2620 2522 2717 2596 [1b.
2750 2533 2871 2597 xu,
2899 2530 3014 2605 45.]
3046 2532 3114 2587 Et
3141 2536 3279 2591 dedit
3305 2539 3353 2591 ei
3380 2539 3629 2609 Asenetls,
3658 2544 3828 2612 filiam

2234 2609 2507 2683 Peteplme
2532 2617 2806 2675 sacerdotis
2836 2622 2976 2678 Solis
3004 2627 3235 2690 civitatis,
3265 2628 3362 2699 ipsi
3385 2646 3613 2686 mrem.
3641 2609 3827 2702 Qumri

2233 2703 2371 2758 solet
2412 2706 2561 2774 cujus
2602 2706 2880 2779 Petephrae
2899 2754 2913 2778 ,
2942 2724 3115 2770 utrum
3144 2717 3287 2774 illius
3314 2720 3464 2791 cujus
3490 2737 3675 2779 servus
3698 2723 3822 2795 fuit,

2233 2809 2303 2850 an
2333 2797 2551 2853 alterius
2580 2815 2595 2852 :
2627 2802 2722 2856 sed
2750 2804 3058 2862 credibilius
3085 2811 3379 2867 aestimatur
3408 2813 3648 2871 alterius.
3687 2817 3824 2873 Nam

2234 2885 2303 2940 de
2340 2886 2431 2942 illo
2459 2903 2553 2943 cur
2581 2905 2689 2947 non
2718 2895 2967 2951 credatur
2986 2937 3002 2963 ,
3032 2899 3200 2955 multa
3231 2914 3356 2957 sunt
3394 2920 3515 2975 qua:
3552 2918 3821 2964 moveant.

2232 2975 2493 3045 Primum,
2527 2981 2651 3051 quia
2681 2983 2947 3056 Scriptura
2978 3003 3085 3043 non
3114 2997 3570 3064 commemoravit,
3597 3013 3719 3053 cum
3744 3001 3827 3055 vi-

2229 3064 2421 3122 deatur
2459 3068 2560 3124 hoc
2606 3087 2714 3129 non
2757 3077 2992 3144 potuisse
3034 3084 3341 3151 praeterire,
3384 3086 3525 3155 quod
3567 3088 3635 3149 ad
3676 3088 3827 3147 illius

2224 3158 2444 3229 juvenis
2473 3178 2579 3217 non
2610 3181 2828 3234 parvam
2850 3169 3076 3239 gloriam
3101 3175 3418 3243 pertinebat,
3443 3187 3500 3232 ut
3520 3179 3635 3249 ejus
3656 3180 3824 3237 ﬁliam

2229 3250 2477 3319 duceret,
2508 3255 2662 3323 cujus
2689 3257 2919 3315 famulus
2954 3262 3071 3317 fuit.
3116 3264 3313 3321 Deinde
3350 3269 3615 3337 quomodo
3652 3272 3825 3340 spado

2228 3345 2392 3400 ﬁliam
2433 3347 2631 3405 habere
2670 3353 2937 3420 potuerit?
2976 3354 3081 3410 Sed
3125 3359 3509 3428 respondetur,
3538 3361 3823 3428 Quomodo

2228 3451 2449 3493 uxorem
2480 3456 2493 3493 :
2526 3450 2709 3509 postea
2740 3444 2936 3515 quippe
2977 3446 3209 3502 creditur
3235 3448 3534 3518 abscissus,
3577 3454 3662 3508 vel
3688 3470 3822 3511 casu

2227 3528 2491 3597 vulneris,
2525 3531 2607 3586 vel
2638 3535 2852 3603 propria
2885 3536 3173 3595 voluntate.
3213 3540 3282 3595 Et
3308 3542 3447 3610 quod
3477 3546 3648 3600 honor
3675 3546 3817 3615 ejus,

2226 3636 2333 3676 non
2362 3622 2477 3692 ipse
2501 3635 2953 3683 commemoratur
2976 3631 3064 3700 qui
3092 3631 3248 3699 solet,
3281 3633 3335 3689 id
3359 3644 3458 3703 est,
3489 3638 3630 3707 quod
3667 3641 3808 3709 ἀρχισ

2223 3716 2444 3783 maps;
2473 3712 2667 3782 fuerit,
2698 3733 2856 3786 quem
2900 3720 3190 3791 principem
3224 3737 3513 3794 coquorum
3549 3726 3698 3782 latini
3728 3730 3815 3784 in-

2226 3810 2488 3872 terpretes
2515 3817 2827 3877 posuerunt,
2856 3811 3149 3882 principem
3173 3823 3350 3869 autem
3374 3817 3573 3872 militia:
3596 3820 3815 3888 quidam

2223 3894 2449 3966 intelligi
2473 3897 2677 3953 volunt.
2702 3898 2808 3955 Sed
2828 3903 2987 3957 etiam
3010 3904 3096 3958 hic
3117 3906 3488 3976 respondetur,
3510 3908 3644 3963 duos
3663 3911 3813 3965 illum

2222 3985 2456 4043 honores
2498 3988 2780 4056 habuisse;
2828 4000 2883 4047 et
2918 3994 3270 4075 sacerdotium
3311 3996 3485 4063 Solis,
3516 4007 3571 4052 et
3610 4000 3811 4056 militiae

2222 4078 2573 4150 principatum
2598 4099 2612 4136 :
2640 4095 2995 4153 congruenter
3019 4094 3196 4141 autem
3226 4088 3352 4144 alibi
3380 4088 3469 4144 ille
3490 4089 3661 4144 honor
3692 4093 3810 4159 ejus

2220 4181 2671 4229 commemoratus
2710 4182 2824 4240 est,
2856 4176 2945 4246 qui
2972 4177 3162 4232 talibus
3199 4180 3402 4235 actibus
3447 4182 3805 4251 congruebat;

2220 4261 2307 4317 hic
2334 4279 2492 4330 vero,
2524 4277 2869 4336 posteaquam
2909 4268 2962 4322 in
2989 4268 3187 4339 Ioseph
3216 4273 3460 4341 apparuit
3500 4290 3604 4328 non
3645 4290 3806 4343 parva

2166 4394 2188 4406 κ
2219 4352 2491 4421 divinitas,
2522 4358 2637 4425 ipse
2663 4355 2836 4412 honor
2863 4357 3047 4414 debuit
3072 4362 3331 4417 nominari
3360 4365 3529 4419 soceri
3553 4364 3684 4435 ejus,
3715 4366 3808 4436 qui

2217 4444 2511 4513 pertineret
2538 4445 2607 4501 ad
2631 4446 2962 4505 divinitatem
2983 4465 3090 4505 non
3114 4467 3354 4523 parvam,
3380 4454 3667 4509 secundum
3687 4456 3806 4525 opi-

2214 4533 2430 4590 nionem
2458 4535 2830 4609 A'Zgyptiorum
2859 4539 2913 4594 in
2938 4541 3238 4597 sacerdotio
3258 4543 3278 4573 ²
3318 4543 3476 4599 Solis.
3518 4544 3712 4599 Verum
3747 4546 3801 4601 in

2215 4625 2299 4680 his
2326 4627 2589 4694 omnibus,
2620 4628 2742 4698 quia
2764 4639 2819 4685 et
2844 4632 3158 4701 praepositus
3179 4631 3281 4689 fuit
3303 4633 3660 4690 custodiarum
3682 4652 3803 4691 car-

2212 4717 2385 4784 ceris,
2415 4718 2575 4772 nimis
2612 4720 2922 4777 incredibile
2960 4732 3042 4777 est
3077 4723 3200 4780 huic
3242 4727 3583 4797 praepositum
3622 4727 3801 4785 ofﬁcio

2212 4810 2538 4867 sacerdotem
2563 4812 2605 4866 ³.
2633 4812 2834 4870 Deinde
2855 4830 2961 4870 non
2984 4816 3294 4887 simpliciter
3313 4820 3509 4876 dictum
3531 4830 3634 4889 est,
3657 4823 3800 4892 quod

2210 4903 2458 4958 sacerdos
2488 4903 2626 4959 Solis
2654 4915 2827 4972 esset;
2859 4906 2951 4962 sed
2981 4908 3207 4965 civitatis
3232 4911 3399 4978 Solis,
3434 4928 3551 4982 quae
3580 4925 3800 4970 vocatur

2210 4993 2497 5064 Heliopolis
2522 5012 2535 5049 :
2563 4996 2754 5052 abesse
2774 5008 2951 5053 autem
2972 4997 3165 5055 dicitur
3184 5003 3413 5071 amplius
3433 5020 3590 5073 quam
3615 5006 3799 5076 viginti

2208 5086 2439 5141 millibus
2478 5104 2508 5142 a
2550 5089 2764 5144 civitate
2792 5089 3056 5161 Memphi,
3088 5093 3174 5148 ubi
3213 5094 3549 5163 Pharaones,
3597 5097 3651 5152 id
3691 5107 3793 5161 est,

2208 5196 2362 5252 reges
2388 5184 2621 5238 maxime
2645 5185 3073 5240 commanebant.
3104 5187 3382 5254 Quomodo
3418 5204 3546 5260 ergo
3581 5190 3796 5247 deserto

2206 5271 2381 5327 ofﬁcio
2422 5273 2705 5329 sacerdotii
2752 5276 2834 5330 sui
2881 5277 3052 5346 potuit
3090 5289 3305 5333 strenue
3343 5283 3452 5350 regi
3496 5281 3701 5337 servire
3739 5282 3793 5338 in

2206 5363 2407 5418 militiae
2430 5365 2764 5436 principatu?
2784 5368 3002 5423 Accedit
3021 5370 3177 5424 etiam
3200 5370 3338 5440 quod
3360 5369 3593 5443 Egyptii
3616 5387 3794 5429 sacer-

2206 5456 2358 5512 dotes
2388 5459 2733 5528 perhibentur
2762 5476 2866 5515 non
2906 5463 3136 5516 servisse
3164 5477 3408 5532 semper,
3450 5464 3552 5518 nisi
3594 5466 3792 5535 templo

2270 5618 2283 5646 ³
2314 5620 2363 5663 In
2388 5616 2601 5673 excusis,
2626 5628 2740 5665 caro
2762 5622 2885 5666 sunt.
2922 5623 2978 5666 At
3014 5617 3061 5665 in
3102 5614 3317 5667 melioris
3355 5626 3482 5667 nota:
3506 5626 3611 5667 Mss.
3636 5618 3717 5669 hic
3739 5626 3792 5671 et

2201 5676 2325 5747 infla
2348 5679 2395 5747 in
2413 5675 2509 5747 _iih.
2540 5676 2587 5735 2,
2610 5686 2784 5747 qutest.
2810 5678 2888 5738 ὥ,
2914 5690 3083 5728 carnes
3103 5681 3325 5747 stmt._s‘ic
3345 5680 3475 5747 apud
3493 5687 3622 5747 uix.

2266 5742 2285 5803 ξ
2308 5738 2443 5803 Editi,
2467 5736 2517 5787 in
2538 5736 2787 5789 sacerdote
2817 5752 2834 5788 :
2858 5736 2944 5801 pro
2966 5753 3062 5803 quo
3086 5749 3210 5801 Mssa,
3233 5736 3587 5803 insac'erdotia.

2236 5800 2288 5869 vlt
2311 5800 2383 5851 sic
2533 5808 2585 5850 et
2607 5808 2707 5869 nat.
2742 5808 2797 5850 At
2821 5800 2918 5851 Ain.
2944 5800 3019 5850 Er.
3043 5808 3093 5859 et
3112 5800 3244 5865 ως,
3276 5801 3403 5853 hum
3423 5803 3573 5865 fuisse
3592 5813 3788 5869 prope

2136 5912 2148 5921 ,
2199 5862 2344 5915 nam
2363 5859 2515 5926 ofﬁcio
2533 5862 2849 5916 sacerdotum.
