4094 6452
315 405 431 465 585

313 527 545 583 deorum
566 537 806 591 suorum,
832 535 931 578 nec
954 518 1099 577 aliud
1123 517 1319 590 aliquid
1341 516 1500 574 ofﬁcii
1525 516 1753 589 gessisse
1778 534 1790 570 :
1816 515 1908 571 sed

313 619 369 675 si
398 617 535 673 forte
563 625 689 671 tunc
721 614 875 670 aliter
906 613 1033 681 fuit,
1066 611 1248 668 credat
1272 611 1498 683 quisque
1533 609 1673 682 quod
1703 609 1905 679 placet;

315 723 431 765 non
458 716 541 764 est
570 716 748 762 tamen
778 704 1002 776 quaestio
1042 704 1193 775 cujus
1224 704 1398 759 exitus
1427 702 1638 759 clausus
1662 701 1762 767 sit,
1793 701 1910 756 sive

316 817 461 857 unus
488 800 647 856 fuerit
672 797 982 868 Petephres,
1016 797 1128 853 sive
1153 795 1258 852 duo
1283 812 1297 850 :
1336 794 1609 866 quodlibet
1636 794 1777 849 enim
1807 791 1907 848 ho-

312 907 439 947 rum
469 891 692 962 quisque
716 889 1005 955 existimet,
1034 903 1138 943 non
1163 896 1246 942 est
1266 886 1389 942 ﬁdei
1412 886 1783 956 periculosum,
1809 899 1906 941 nec

312 982 649 1039 contrarium
675 981 881 1037 veritati
910 979 1301 1049 Scripturarum
1330 978 1445 1034 Dei.

388 1069 700 1127 CXXXVII.
734 1069 834 1143 [1b.
868 1085 959 1124 χιι
981 1110 995 1138 ,
1028 1066 1143 1140 49.]
1165 1067 1232 1123 Et
1258 1067 1573 1139 congregavit
1598 1065 1789 1138 Ioseph
1817 1067 1906 1121 tri-

311 1168 509 1233 ticum,
532 1166 660 1220 sicut
697 1180 904 1219 arenam
937 1164 1092 1218 maris
1126 1162 1338 1217 multum
1375 1161 1547 1229 valde,
1583 1160 1906 1231 quoadusque

314 1274 420 1313 non
466 1257 627 1328 potuit
666 1256 956 1322 numerari;
982 1271 1084 1310 non
1109 1256 1242 1311 enim
1274 1262 1378 1309 erat
1415 1270 1651 1308 numerus
1675 1269 1693 1308 :
1715 1269 1810 1323 pro
1837 1267 1904 1309 eo

312 1351 519 1408 dictum
547 1359 630 1407 est
647 1392 662 1418 ,
692 1367 793 1405 non
819 1349 952 1405 enim
977 1357 1086 1403 erat
1115 1364 1353 1404 numerus
1372 1390 1387 1415 ,
1418 1346 1560 1418 quod
1583 1361 1777 1402 nomen
1806 1361 1904 1400 nu-

310 1445 455 1503 meri
486 1447 663 1502 omnis
693 1442 871 1498 usitati
907 1440 1191 1498 excederet
1224 1440 1311 1495 illa
1341 1439 1491 1511 copia
1510 1479 1526 1505 ,
1556 1448 1611 1493 et
1636 1437 1903 1508 quomodo

312 1535 679 1608 appellaretur
703 1550 809 1591 non
836 1532 1219 1589 inveniebatur.
1251 1529 1383 1586 Nam
1410 1528 1549 1585 unde
1574 1528 1689 1585 ﬁeri
1721 1538 1903 1599 potest

312 1638 376 1684 ut
417 1626 813 1699 quantumlibet
854 1640 1092 1696 magna),
1123 1623 1285 1679 ﬁnitae
1313 1632 1488 1678 tamen
1526 1621 1898 1691 multitudinis,

260 1714 271 1725 ⁷
310 1734 577 1776 numerus
605 1736 711 1775 non
737 1719 843 1775 sit?
863 1718 1117 1787 Quamvis
1144 1717 1247 1773 hoc
1268 1715 1498 1787 potuerit
1519 1716 1679 1772 etiam
1703 1730 1898 1774 secun-

309 1813 443 1870 dum
470 1812 802 1883 hyperbolen
827 1812 953 1868 dici.

381 1905 721 1961 CXXXVIII.
762 1903 860 1978 [11).
888 1920 1026 1973 χιιι,
1053 1902 1132 1978 9.]
1161 1902 1229 1958 Et
1267 1912 1680 1959 commemoratus
1704 1911 1777 1958 est
1798 1903 1899 1959 Jo-

308 2000 442 2070 seph
470 1999 783 2053 somniorum
809 2014 1013 2052 suorum
1032 2039 1047 2064 ,
1079 2012 1192 2069 qua:
1224 1996 1345 2049 vidit
1381 1996 1525 2066 ipse:
1553 1994 1900 2050 adoraverant

308 2094 459 2149 enim
484 2108 607 2148 eum
630 2091 823 2148 fratres
848 2092 949 2148 sui.
977 2091 1081 2149 Sed
1105 2091 1301 2163 aliquid
1332 2091 1385 2146 in
1423 2092 1525 2147 illis
1556 2091 1775 2147 somniis
1801 2106 1898 2146 ex-

307 2184 509 2239 celsius
538 2183 909 2255 inquirendum
932 2192 1032 2239 est.
1062 2183 1175 2239 Non
1197 2184 1339 2238 enim
1370 2191 1543 2253 potest
1563 2198 1627 2239 eo
1648 2182 1806 2238 modo
1831 2182 1899 2238 de

307 2285 463 2345 patre
483 2275 601 2345 ejus
620 2290 683 2330 ac
709 2284 879 2332 matre
899 2276 1187 2347 compleri,
1209 2293 1326 2347 qua:
1343 2276 1456 2346 jam
1477 2286 1681 2331 mortua
1703 2276 1895 2344 fuerat,

307 2368 456 2437 quod
485 2368 554 2425 de
576 2368 689 2425 sole
714 2376 767 2424 et
796 2368 917 2423 luna
949 2384 1071 2423 cum
1092 2368 1330 2434 vidisset,
1355 2384 1382 2422 a
1412 2378 1560 2438 patre
1590 2369 1897 2439 increpante

304 2460 555 2516 audierat
580 2460 730 2534 (Gen.
759 2475 961 2529 χχχιιι,
992 2459 1102 2533 10),
1133 2460 1223 2532 qui
1250 2461 1523 2516 vivebat‘.

378 2551 668 2608 CXXXIX.
694 2551 791 2625 [lb.
825 2568 954 2620 χιιι,
988 2553 1072 2619 15,
1103 2551 1215 2624 16.]
1240 2551 1377 2620 Quid
1404 2560 1487 2607 est
1516 2552 1655 2622 quod
1695 2551 1895 2621 Joscph

306 2643 390 2697 vir
418 2653 525 2698 tam
556 2643 767 2713 sapiens
788 2685 802 2710 ,
826 2652 985 2713 atque
1014 2642 1083 2697 ita
1122 2658 1226 2698 non
1252 2643 1423 2698 solum
1450 2642 1725 2697 hominum
1762 2642 1898 2698 inter

307 2750 451 2806 quos
491 2734 708 2789 vivebat
758 2734 1098 2801 testimonio,
1143 2733 1237 2789 sed
1284 2734 1395 2803 ipsa
1435 2733 1595 2789 etiam
1626 2734 1896 2805 Scriptura

310 2836 452 2882 teste
490 2826 734 2882 laudatus
754 2867 769 2892 ,
798 2826 869 2881 ita
892 2826 1037 2898 jurat
1063 2841 1156 2896 per
1183 2825 1407 2881 salutem
1444 2825 1762 2891 Pharaonis,
1789 2844 1897 2883 non

307 2921 555 2974 exituros
578 2919 645 2974 de
669 2918 902 2990 IEgypto
934 2918 1127 2974 fratres
1170 2933 1317 2986 suos,
1356 2918 1457 2974 nisi
1501 2919 1665 2975 frater
1710 2936 1895 2977 eorum

301 3010 489 3080 junior
537 3011 779 3067 veniret?
826 3013 907 3065 An
955 3012 1113 3066 etiam
1162 3010 1303 3065 bono
1342 3018 1396 3065 et
1436 3011 1579 3066 ﬁdeli
1618 3012 1733 3067 viro
1779 3011 1899 3068 vilis

302 3099 486 3156 fuerat
512 3100 656 3157 salus
684 3086 1012 3169 Pharaonis,
1037 3100 1123 3156 cui
1161 3100 1319 3156 ﬁdem
1355 3100 1492 3156 sicut
1525 3102 1768 3172 primitus
1795 3101 1896 3157 do-

306 3194 459 3249 mino
487 3209 587 3249 suo
614 3194 866 3251 servabat
906 3195 960 3249 in
1002 3193 1287 3251 omnibus?
1311 3202 1509 3264 quanto
1550 3196 1691 3251 enim
1729 3195 1898 3265 magis

307 3285 450 3355 ipsi,
477 3287 567 3357 qui
594 3302 717 3342 eum
738 3288 791 3343 in
820 3294 965 3343 tanto
990 3286 1190 3344 honore
1215 3286 1514 3354 locaverat,
1545 3289 1591 3343 si
1618 3289 1693 3344 illi
1717 3282 1898 3345 serva-

309 3377 419 3444 vit,
451 3378 543 3447 qui
572 3393 696 3433 eum
727 3393 943 3433 servum
969 3378 1267 3448 emptitium
1298 3379 1638 3449 possidebat?
1663 3380 1814 3448 Quod
1850 3381 1895 3436 si

303 3483 418 3523 non
438 3468 659 3524 curabat
676 3468 969 3524 Pharaonis
988 3470 1237 3539 salutem,
1260 3471 1513 3543 numquid
1534 3481 1587 3527 et
1608 3472 1896 3542 perjurium

304 3575 408 3631 pro
435 3561 717 3631 cujuslibet
760 3561 991 3616 hominis
1029 3562 1200 3617 salute
1238 3562 1404 3618 vitare
1432 3578 1537 3617 non
1567 3562 1785 3620 debuit?
1814 3564 1897 3620 An

305 3668 417 3708 non
444 3662 526 3707 est
556 3652 883 3723 perjurium?
909 3652 1105 3709 Tenuit
1139 3654 1280 3709 enim
1319 3669 1483 3709 unum
1512 3670 1698 3710 eorum
1727 3656 1899 3712 donec

304 3745 517 3798 veniret
547 3742 842 3812 Benjamin,
874 3752 928 3798 et
955 3758 1137 3799 verum
1160 3742 1356 3798 factum
1382 3754 1463 3800 est
1492 3745 1631 3815 quod
1652 3746 1894 3802 dixerat:

307 3833 435 3888 Non
460 3834 660 3889 exibitis
690 3834 806 3889 hinc
825 3876 841 3900 ,
873 3834 970 3889 nisi
1004 3837 1187 3890 venerit
1215 3840 1374 3907 frater
1397 3846 1571 3891 vester.
1598 3837 1683 3893 Ad
1711 3853 1898 3896 omnes

308 3922 457 3979 enim
500 3941 605 3978 non
647 3925 817 3994 potuit
861 3925 1129 4000 pertinere
1173 3926 1314 3997 quod
1361 3926 1562 3983 dictum
1609 3938 1725 3997 est;
1772 3946 1895 3987 nam

304 4016 577 4086 quomodo
601 4025 655 4071 et
680 4016 772 4072 ille
800 4025 1055 4073 venturus
1081 4026 1240 4093 esset,
1266 4018 1368 4074 nisi
1392 4019 1459 4074 ad
1478 4035 1603 4075 eum
1630 4021 1899 4078 adducen-

304 4106 437 4159 dum
455 4106 621 4176 aliqui
646 4105 971 4162 rediissem?
994 4107 1097 4163 Sed
1122 4108 1263 4179 quod
1282 4111 1521 4180 sequitur
1546 4113 1714 4183 magis
1745 4123 1897 4186 urget

303 4198 678 4269 quaestionem,
704 4199 792 4253 ubi
821 4199 1014 4255 iterum
1031 4200 1229 4270 juravit
1246 4202 1450 4270 dicens,
1474 4202 1661 4261 Mittite
1679 4223 1741 4262 ex
1759 4209 1896 4264 vobis

305 4306 465 4344 unum
484 4332 500 4359 ,
531 4301 575 4346 et
601 4291 834 4346 adducite
850 4295 1058 4363 fratrem
1077 4302 1293 4348 vestrum
1311 4312 1331 4360 ;
1352 4312 1438 4351 vos
1466 4306 1635 4351 autem
1668 4299 1895 4356 ducemi-

304 4384 360 4437 ni
387 4386 433 4450 ²,
463 4383 791 4454 quoadusque
818 4386 1084 4457 manifesta
1104 4386 1204 4441 sint
1231 4386 1378 4443 verba
1403 4399 1583 4459 vestra,
1611 4391 1656 4447 si
1676 4407 1792 4447 vera
1811 4394 1895 4449 di-

303 4478 418 4532 citis
443 4494 512 4533 an
539 4494 642 4533 non
664 4494 683 4534 :
703 4480 782 4533 sin
807 4489 995 4548 autem,
1022 4497 1111 4551 per
1133 4482 1347 4537 salutem
1370 4481 1682 4555 Pharaonis,
1708 4487 1892 4559 explo-

303 4580 501 4625 ratores
530 4570 680 4636 estis;
699 4570 754 4625 id
779 4578 894 4638 est,
920 4570 965 4625 si
996 4586 1100 4626 non
1130 4586 1255 4627 vera
1284 4572 1460 4631 dicitis
1479 4616 1497 4642 ,
1529 4577 1896 4648 exploratores

304 4662 456 4717 estis.
495 4660 631 4715 Iluic
662 4663 939 4717 sententiae
969 4662 1287 4732 interposuit
1315 4664 1639 4735 jurationem
1658 4709 1673 4735 ,
1697 4671 1819 4741 quia
1846 4671 1895 4729 si

304 4767 431 4807 vera
458 4767 568 4807 non
590 4752 867 4821 dixissent,
895 4754 1260 4825 exploratores
1279 4768 1480 4825 essent,
1500 4759 1554 4815 id
1582 4768 1682 4830 est,
1712 4764 1895 4836 explo-

302 4855 546 4901 ratorum
572 4859 733 4916 pmna
752 4845 898 4917 digni
923 4855 1136 4914 essent;
1183 4864 1317 4919 quos
1358 4858 1534 4908 tamen
1564 4869 1689 4909 vera
1716 4855 1895 4916 dicere

301 4936 530 4993 sciebat.
555 4935 742 5007 Neque
772 4937 913 4993 enim
947 4938 1191 5008 perjurus
1218 4948 1301 4994 est
1326 4942 1571 5014 quisque,
1593 4946 1639 5001 si
1660 4946 1710 5003 ei
1735 4964 1892 5020 quem

302 5028 664 5084 castissimum
689 5029 855 5096 novit,
870 5029 1030 5097 dicat,
1048 5030 1106 5086 Si
1134 5030 1237 5087 hoc
1258 5031 1578 5093 adulterium
1606 5038 1672 5095 de
1691 5055 1795 5110 quo
1808 5058 1895 5097 ar-

301 5122 483 5192 gueris
509 5123 859 5189 commisisti,
889 5123 1107 5179 damnat
1135 5134 1186 5181 te
1215 5126 1379 5196 Deus,
1402 5136 1458 5185 et
1478 5129 1563 5186 his
1591 5134 1767 5191 verbis
1794 5136 1894 5192 ad-

300 5215 485 5272 hibeat
507 5216 871 5288 jurationem;
895 5234 1079 5273 verum
1106 5220 1324 5276 omnino
1342 5223 1519 5293 jurat:
1542 5224 1616 5282 ibi
1642 5236 1724 5283 est
1752 5229 1895 5286 enim

301 5307 538 5364 conditio
558 5323 661 5379 qua
685 5309 849 5373 dixit,
873 5308 932 5366 Si
956 5309 1161 5377 fecisti,
1184 5328 1343 5382 quem
1367 5322 1544 5371 tamen
1570 5333 1677 5373 non
1703 5320 1895 5378 fecisse

302 5409 511 5455 certum
539 5400 720 5456 habet.
743 5399 851 5457 Sed
881 5401 954 5455 ait
978 5401 1190 5473 aliquis,
1221 5402 1419 5460 Verum
1442 5415 1524 5462 est
1550 5410 1669 5479 quia
1696 5410 1742 5467 si
1770 5411 1897 5470 fecit

300 5489 624 5549 adulterium
642 5534 656 5560 ,
679 5491 1061 5550 damnatillum
1090 5495 1269 5553 Deus:
1293 5498 1393 5555 hoc
1420 5509 1599 5559 autem
1628 5508 1895 5576 quomodo

363 5674 382 5705 ⁸
410 5678 520 5724 Mss.
544 5673 661 5734 duo,
686 5685 769 5736 qui
788 5673 990 5736 viderat.

364 5737 386 5767 ³
410 5736 550 5805 eum,
574 5747 668 5784 non
689 5735 975 5808 educentini.
1000 5744 1057 5788 At
1078 5745 1185 5791 Mss.
1210 5741 1397 5853 abstine
1420 5748 1683 5853 negatione
1697 5749 1897 5816 habent,

301 5798 580 5853 ducem;
603 5796 795 5853 supple,
823 5812 872 5847 in
895 5812 1143 5851 carcerem
1169 5817 1179 5851 :
1206 5817 1271 5853 au
1359 5819 1409 5853 ιιι
1433 5815 1499 5853 νυ
1521 5818 1631 5853 gata
1652 5812 1723 5853 sic
1746 5826 1897 5853 mum.

561 5796 795 5873 ;_supple,
823 5799 1143 5873 incarcerem
1164 5817 1179 5873 ς
1206 5796 1335 5873 quod
1359 5806 1409 5854 in
1430 5796 1897 5873 yu‘lgatasicenﬂ

302 5861 473 5921 tiatur,
497 5860 635 5911 eritis
655 5860 709 5911 in
730 5860 946 5912 imula.
972 5863 1105 5925 Apud
1279 5867 1464 5922 humeis
1488 5860 1549 5923 αῖ
1572 5860 1870 5937 αραείιυιὲιῐ

590 5943 819 6009 Sacr.
867 5949 1147 6015 Aucvsr.
1181 5952 1289 6016 lll.

1699 397 1901 456 LIBER
1935 396 2205 457 PRIMUS.

3490 402 3596 461 586

2016 530 2199 571 verum
2222 522 2333 583 est,
2363 513 2419 572 Si
2456 529 2563 570 non
2604 528 2789 572 verum
2819 515 3010 582 dicitis,
3039 514 3400 587 exploratores
3428 517 3587 584 estis,

2014 623 2134 665 cum
2167 607 2374 665 etiamsi
2399 609 2741 676 mentiantur,
2773 624 2881 665 non
2919 610 3026 665 sint
3060 609 3455 680 exploratores?
3483 610 3589 667 Sed

2014 701 2116 757 hoc
2143 710 2225 757 est
2248 703 2390 772 quod
2418 702 2546 767 dixi,
2580 704 2651 756 ita
2678 703 2877 759 dictum
2904 718 3054 768 esse,
3085 702 3424 774 exploratores
3449 705 3589 771 estis,

2015 801 2262 863 tanquam
2307 793 2353 849 si
2396 792 2597 849 dictum
2641 803 2814 860 esset,
2842 794 3238 864 exploratorum
3266 809 3423 865 poena
3448 794 3595 866 digni

2012 884 2160 951 estis,
2191 888 2291 940 hoc
2316 893 2398 940 est
2424 885 2788 956 exploratores
2818 884 3199 955 deputabimini
3220 884 3413 942 merito
3434 901 3591 941 men-

2011 975 2146 1031 dacii
2170 978 2349 1032 vestri.
2375 974 2514 1032 Estis
2532 985 2709 1033 autem
2736 976 2971 1048 potuisse
2996 976 3120 1042 dici,
3143 991 3241 1048 pro
3264 976 3590 1033 habebimini

2010 1078 2064 1125 et
2088 1069 2468 1140 deputabimini
2484 1109 2501 1136 ,
2520 1069 2806 1125 innumerm
2828 1069 3028 1124 similes
3058 1067 3349 1124 locutiones
3375 1067 3589 1126 docent.

2010 1160 2163 1217 Unde
2202 1169 2285 1216 est
2321 1160 2407 1216 illa
2467 1159 2625 1226 Eliaa,
2676 1159 2982 1229 Quicumque
3021 1158 3322 1227 exaudierit,
3350 1160 3405 1212 in
3451 1159 3588 1231 igne,
3640 1150 3648 1163 ’

2009 1252 2116 1319 ipse
2144 1252 2233 1305 erit
2264 1251 2396 1306 Deus
2413 1250 2502 1321 (III
2532 1250 2659 1323 Reg.
2689 1267 2838 1320 xvrn,
2869 1249 2981 1323 24).
3007 1249 3123 1307 Non
3142 1252 3285 1307 enim
3313 1259 3436 1307 tunc
3463 1252 3588 1316 erit,
3640 1276 3647 1319 ;

2008 1342 2103 1398 εεὰ
2132 1351 2257 1397 tunc
2283 1341 2580 1398 habebitur.
3636 1344 3643 1400 ἡ

2077 1428 2232 1487 CXL.
2276 1430 2377 1506 [1b.
2411 1448 2554 1501 χιιι,
2580 1430 2695 1504 25.]
2723 1432 2859 1501 Quid
2898 1441 2979 1489 est
3019 1432 3160 1503 quod
3200 1446 3319 1489 cum
3348 1433 3487 1490 inter
3526 1448 3586 1490 se

2008 1525 2326 1594 pmnitentes
2356 1526 2446 1580 ﬁlii
2472 1525 2635 1581 Israel
2664 1527 3008 1596 loquerentur
3050 1527 3116 1582 de
3158 1524 3321 1584 fratre
3363 1544 3460 1584 suo
3499 1527 3592 1586 Jo-

2006 1616 2167 1687 seph,
2199 1617 2338 1688 quod
2364 1632 2483 1673 cum
2512 1618 2602 1674 illo
2632 1619 2767 1674 male
2796 1618 3034 1688 egerint,
3062 1628 3115 1674 et
3142 1618 3241 1675 hoc
3277 1620 3355 1675 eis
3406 1620 3588 1678 divino

2000 1706 2201 1776 judicio
2239 1707 2571 1775 redderetur,
2604 1708 2745 1779 quod
2775 1724 2834 1765 se
2861 1708 3145 1778 periclitari
3184 1710 3465 1776 videbant,
3496 1710 3591 1767 ad-

2000 1797 2174 1867 jnngit
2197 1796 2467 1868 Scriptura
2493 1806 2547 1853 et
2569 1797 2717 1865 dicit,
2749 1798 2778 1852 Ι
2782 1799 2860 1871 psi
2885 1799 3186 1869 ignorabant
3208 1802 3325 1872 quia
3351 1801 3587 1857 audiebat

2001 1886 2230 1959 Ioseph:
2253 1888 2501 1960 interpres
2528 1890 2663 1943 enim
2690 1890 2820 1945 inter
2842 1888 2959 1945 illos
2984 1899 3111 1945 erat.
3146 1891 3258 1948 Hoc
3281 1892 3485 1949 scilicet
3505 1894 3591 1949 in-

2006 1979 2345 2051 telligendum
2372 1988 2479 2046 est,
2515 1980 2635 2037 ideo
2668 1996 2759 2037 eos
2789 1989 3003 2050 putasse
3032 1982 3156 2052 quia
3186 1983 3276 2039 ille
3303 2000 3410 2040 non
3440 1985 3591 2040 audi-

2004 2075 2263 2144 ret,'quod
2282 2074 2532 2129 videbant
2551 2073 2896 2143 interpretem
2917 2074 3006 2144 qui
3035 2074 3176 2131 inter
3202 2076 3323 2134 illos
3347 2086 3480 2146 erat,
3510 2078 3594 2133 ni-

2003 2165 2078 2221 hil
2116 2166 2166 2222 ei
2192 2165 2371 2222 dicere
2400 2182 2583 2223 eorum
2624 2181 2742 2237 qua:
2785 2165 3168 2237 loquebantur;
3204 2183 3305 2224 nec
3341 2170 3411 2225 ob
3450 2170 3593 2225 aliud

2004 2255 2296 2312 adhibitum
2354 2256 2609 2327 putabant
2652 2258 2995 2326 interpretem
3020 2299 3033 2324 ,
3075 2258 3179 2314 nisi
3217 2259 3359 2329 quod
3406 2276 3593 2317 eorum

2001 2348 2235 2419 linguam
2262 2348 2350 2405 ille
2376 2348 2639 2415 nesciret;
2664 2362 2762 2404 nec
2790 2362 2915 2403 cura
2946 2356 3063 2404 erat
3085 2349 3389 2420 interpretis
3418 2367 3479 2407 ea
3510 2352 3591 2407 di-

2002 2456 2124 2497 cere
2150 2442 2261 2510 illi,
2288 2457 2317 2496 a
2347 2458 2453 2513 quo
2480 2444 2682 2513 positus
2708 2441 2899 2511 fuerat,
2932 2458 3051 2514 quae
3080 2458 3188 2500 non
3216 2443 3283 2500 ad
3302 2444 3471 2511 illum,
3494 2445 3591 2501 sed

2002 2532 2141 2589 inter
2167 2548 2226 2589 se
2250 2533 2623 2604 loquebantur.

2071 2625 2250 2682 CXLI.
2279 2625 2511 2699 [lb.xt.n,
2537 2625 2653 2699 24.]
2668 2626 2735 2681 Et
2760 2626 2943 2682 iterum
2966 2627 3172 2683 accessit
3191 2627 3258 2682 ad
3272 2644 3377 2696 eos,
3400 2638 3447 2683 et
3463 2628 3593 2685 dixit

2002 2719 2103 2774 illis
2122 2737 2140 2774 :
2162 2733 2260 2773 nec
2285 2719 2522 2788 adjungit
2546 2718 2671 2789 quid
2696 2718 2802 2774 illis
2830 2718 3043 2775 dixerit.
3081 2716 3233 2777 Unde
3275 2718 3589 2791 intelligitur

2003 2813 2117 2867 hinc
2144 2812 2328 2867 eadem
2360 2812 2557 2867 dixisse
2586 2827 2703 2883 quae
2729 2811 2955 2868 dixerat.

2073 2903 2272 2958 CXLII.
2303 2902 2399 2975 [1b.
2430 2918 2572 2970 χιιι,
2603 2901 2717 2973 '58.]
2761 2901 2826 2956 Et
2856 2901 3112 2959 deducetis
3150 2912 3401 2960 senectam
3430 2920 3592 2959 meam

2003 3013 2115 3050 cum
2158 2997 2359 3051 tristitia
2404 2996 2473 3052 ad
2520 2996 2790 3065 infernum.
2835 2995 3021 3052 Utrum
3049 2995 3168 3053 ideo
3193 2997 3260 3052 ad
3287 2998 3586 3064 infernum,

2002 3082 2143 3158 quia
2166 3102 2287 3143 cum
2336 3087 2584 3143 tristitia?
2623 3102 2691 3142 an
2719 3087 2927 3143 etiamsi
2956 3087 3169 3144 abesset
3197 3088 3410 3145 tristitia
3430 3130 3445 3157 ,
3476 3098 3593 3145 tan-

2003 3193 2159 3249 quam
2189 3178 2256 3233 ad
2279 3177 2545 3235 infernum
2573 3178 2851 3235 moriendo
2884 3178 3240 3235 descensurus
3273 3179 3389 3237 haec
3416 3182 3591 3252 loqui-

2006 3268 2123 3323 tur?
2142 3270 2216 3324 De
2244 3268 2453 3326 inferno
2474 3269 2618 3326 enim
2645 3284 2836 3341 magna
2862 3270 3085 3339 quaestio
3111 3280 3214 3337 est,
3240 3279 3295 3329 et
3319 3272 3446 3341 quid
3468 3272 3593 3328 inde

2002 3358 2271 3429 Scriptura
2301 3361 2516 3429 sentiat,
2544 3361 2675 3417 locis
2704 3362 2951 3418 omnibus
2970 3401 2986 3429 ,
3018 3362 3105 3419 ubi
3131 3361 3270 3420 forte
3299 3364 3400 3421 hoc
3435 3382 3589 3423 com-

2004 3460 2357 3507 memoratum
2386 3451 2568 3520 fuerit,
2591 3453 2986 3509 observandum
3013 3463 3111 3510 est.

2075 3543 2301 3599 CXLIII.
2330 3543 2430 3618 [1b.
2450 3559 2609 3611 xuu,
2651 3543 2767 3616 9.8.]
2810 3544 2961 3613 Quod
3000 3562 3032 3601 a
3073 3549 3358 3618 praeposito
3401 3550 3591 3608 domus

2004 3635 2256 3703 audiunt,
2286 3634 2425 3692 Deus
2462 3647 2618 3692 vester
2642 3648 2690 3693 et
2720 3636 2860 3693 Deus
2900 3649 3101 3708 patrum
3141 3652 3417 3698 vestrorum
3454 3645 3591 3701 dedit

2004 3726 2139 3782 vobis
2168 3728 2429 3783 thesauros
2447 3729 2499 3783 in
2510 3730 2670 3784 saccis
2694 3730 2896 3796 vestris;
2910 3742 3171 3803 argentum
3192 3745 3357 3789 autem
3376 3746 3592 3793 vestrum

2005 3820 2269 3889 probatum
2310 3820 2488 3887 habeo,
2518 3820 2851 3876 mendacium
2895 3822 3127 3889 videtur,
3166 3825 3258 3880 sed
3288 3826 3483 3897 aliquid
3515 3828 3591 3882 si-

2003 3909 2255 3979 gniﬁcare
2281 3911 2604 3965 credendum
2631 3919 2731 3967 est.
2763 3914 3053 3983 Argentum
3083 3917 3224 3970 enim
3247 3920 3390 3987 quod
3418 3928 3473 3975 et
3495 3921 3591 3975 da-

2007 3991 2119 4067 tur,
2140 4008 2193 4055 et
2214 4016 2322 4054 non
2341 4002 2625 4068 minuitur,
2648 4004 2767 4072 quia
2819 4013 2873 4059 ct
2911 4006 3195 4075 probatum
3223 4009 3239 4040 ί
3264 4010 3589 4079 appellatum

2003 4101 2087 4148 est
2106 4132 2123 4159 ,
2155 4093 2405 4147 nimirum
2436 4093 2563 4148 illud
2603 4094 2919 4167 intelligitur
2947 4098 3014 4153 de
3044 4114 3148 4168 quo
3177 4100 3303 4155 alibi
3330 4102 3554 4173 legimus
3574 4146 3589 4169 ,

2003 4182 2224 4255 Eloquia
2254 4185 2463 4239 Domini
2489 4186 2689 4255 eloquia
2714 4196 2873 4255 casta,
2902 4200 3168 4259 argentum
3192 4191 3309 4261 igne
3330 4195 3594 4248 examina-

2003 4283 2128 4341 tum,
2148 4274 2409 4346 probatum
2428 4285 2591 4342 teme,
2611 4286 2879 4348 purgatum
2903 4280 3191 4350 septuplum
3208 4280 3377 4353 (Psal.
3408 4300 3482 4351 χι,
3508 4285 3588 4355 7),

2002 4367 2057 4424 id
2082 4377 2165 4425 est
2190 4367 2443 4437 perfecte.

2072 4459 2298 4516 CXLIV.
2326 4459 2423 4534 [1b.
2454 4476 2577 4515 χιιιι
2597 4500 2613 4527 ,
2641 4459 2755 4533 54.]
2781 4461 3026 4516 Biberunt
3057 4474 3261 4533 autem,
3289 4476 3336 4521 et
3360 4462 3594 4523 inebriati

2000 4561 2118 4607 sunt
2145 4568 2259 4605 cum
2287 4567 2362 4605 eo.
2395 4550 2579 4607 Solent
2614 4543 2740 4607 hinc
2773 4552 2969 4609 ebriosi
3006 4554 3261 4613 adhibere
3303 4559 3592 4617 testimonii

2004 4644 2374 4713 patrocinium;
2393 4658 2499 4698 non
2522 4652 2736 4713 propter
2753 4644 2872 4701 illos
2888 4646 3025 4703 filios
3050 4647 3230 4717 lsrael,
3255 4650 3348 4706 sed
3372 4662 3593 4723 propter

2002 4734 2236 4805 Joseph,
2284 4735 2374 4805 qui
2414 4734 2566 4790 valde
2608 4735 2819 4805 sapiens
2856 4739 3257 4813 commendatur
3295 4760 3308 4796 :
3346 4743 3442 4800 sed
3488 4744 3593 4801 hoc

2001 4825 2228 4881 verbum
2258 4836 2310 4882 et
2331 4841 2428 4896 pro
2448 4827 2693 4881 satietate
2719 4828 2893 4884 solere
2918 4830 3044 4899 poni
3070 4831 3127 4886 in
3146 4831 3466 4905 Scripturis,
3499 4839 3589 4908 qui

2001 4920 2282 4991 diligenter
2309 4921 2631 4989 adverterit,
2664 4922 2848 4980 multis
2872 4923 2927 4979 in
2953 4925 3086 4982 locis
3136 4928 3397 4986 inveniet.
3436 4931 3589 4986 Unde

2001 5024 2084 5071 est
2104 5015 2253 5082 illud,
2287 5014 2511 5071 Visitasti
2534 5024 2721 5071 terram
2741 5027 2788 5072 et
2807 5018 3067 5075 inebriasti
3088 5036 3217 5087 eam,
3242 5024 3590 5093 multiplicasti

2002 5108 2164 5162 ditare
2189 5124 2299 5163 eam
2326 5106 2495 5181 (Psal.
2518 5124 2660 5176 thv,
2690 5109 2779 5177 10)
2805 5126 2817 5164 :
2843 5125 2909 5166 eo
2937 5111 3078 5182 quod
3110 5111 3175 5169 in
3220 5113 3378 5169 laude
3420 5116 3575 5169 bene-

2002 5199 2248 5256 dictionis
2270 5201 2371 5256 hoc
2400 5201 2629 5271 positum
2653 5210 2755 5271 est,
2784 5212 2839 5258 et
2857 5200 3056 5259 donum
3082 5204 3177 5260 Dei
3200 5220 3559 5262 commemora

2005 5301 2107 5361 tur,
2135 5304 2355 5364 apparet
2374 5294 2474 5350 hac
2491 5295 2749 5352 ebrietate
2770 5296 3102 5352 saturitatem
3126 5297 3435 5368 signiﬁcari.
3453 5300 3587 5356 Nam

2003 5387 2074 5442 ita
2121 5386 2376 5443 inebriari
2424 5397 2481 5442 ut
2523 5388 2852 5446 inebriantur
2890 5392 3120 5459 ebriosi,
3153 5407 3253 5448 nec
3295 5393 3395 5463 ipsi
3432 5404 3588 5452 terrae

2004 5481 2132 5536 utile
2158 5489 2265 5551 est,
2288 5483 2542 5553 quoniam
2570 5484 2771 5554 majore
2802 5501 2958 5555 quam
2983 5486 3213 5543 satietati
3234 5488 3460 5555 sufﬁcit,
3491 5492 3590 5547 hu-

2002 5554 2154 5628 more
2192 5574 2584 5643 corrumpitur;
2625 5575 2763 5631 sicut
2805 5577 2910 5631 vita
2957 5577 3290 5634 ebriosorum
3316 5622 3331 5648 ,
3367 5583 3456 5651 qui
3480 5600 3588 5641 non

2004 5665 2249 5721 satietate
2273 5681 2333 5722 se
2360 5666 2588 5737 replent,
2616 5667 2709 5723 sed
2743 5678 2987 5740 mergunt
3015 5670 3231 5728 diluvio.

2074 5758 2276 5816 CXLV.
2297 5759 2397 5833 [1b.
2422 5761 2683 5835 χιιγ,15.]
2702 5760 2855 5828 Quod
2876 5762 2950 5818 ait
2969 5762 3218 5822 fratribus
3234 5769 3347 5826 suis
3363 5768 3585 5844 Ioseph,

2070 5878 2087 5911 ³
2112 5879 2195 5932 Hic
2212 5883 2321 5961 MSS.
2344 5890 2532 5944 omnes,
2555 5876 2769 5945 probum.
2793 5887 2941 5933 Graec.
2964 5888 3075 5931 Lxx
3092 5916 3106 5943 ,
3130 5883 3465 5967 eudohimozm.

2927 5966 3349 6052 {Dix—neuf.)
