4062 6358
498 326 600 384 581

503 439 812 496 Nesciebatis
839 439 958 510 quia
992 438 1204 510 augurio
1245 447 1526 508 auguratur
1563 437 1710 492 homo
1753 436 1918 506 qualis
1947 452 2078 510 ego;

497 534 565 590 de
603 532 708 590 hoc
745 533 967 606 augurio
1014 530 1172 588 etiam
1220 530 1490 585 mandavit
1536 530 1614 586 eis
1660 528 1942 585 dicendum
1981 546 2078 601 per

495 625 767 681 hominem
793 639 947 682 suum
972 640 987 691 ;
1012 622 1139 696 quid
1168 621 1268 679 sibi
1296 622 1450 690 velit,
1471 621 1637 694 quaeri
1671 622 1838 690 solet;
1865 637 1931 677 an
1959 622 2080 694 quia

496 719 786 787 censorio,
816 717 912 776 sed
936 717 1062 788 joco
1093 717 1291 772 dictum
1322 725 1437 784 est,
1471 726 1527 772 ut
1552 717 1728 774 exitus
1751 717 1951 787 docuit,
1976 733 2084 774 non

498 821 580 870 ast
603 811 904 874 habendum
935 808 1308 866 mendacium?
1336 809 1609 868 Mendacia
1633 811 1774 868 enim
1803 827 1834 866 a
1858 812 2082 870 menda-

491 905 647 962 cibus
663 903 806 962 serio
835 911 1084 974 aguntur,
1101 916 1225 982 ⁸ιιοιι
1256 901 1381 974 joco
1405 918 1418 955 :
1441 917 1562 962 cum
1599 912 1777 960 autem
1812 920 1930 975 qua:
1973 919 2082 961 non

492 1008 647 1064 sunt,
676 1007 923 1068 tanquam
947 994 1070 1065 joco
1101 993 1370 1062 dicuntur,
1420 1010 1526 1050 non
1569 995 1888 1066 deputantur
1925 1012 2080 1053 men-

495 1090 662 1146 dacia.
689 1088 790 1144 Sed
829 1086 995 1158 magis
1037 1093 1221 1142 movet
1254 1085 1381 1157 quid
1407 1086 1507 1142 sibi
1535 1087 1662 1144 velit
1687 1087 1787 1144 ista
1830 1088 1967 1146 actio
1991 1087 2082 1144 Io-

492 1180 646 1251 seph,
673 1195 773 1249 qua
803 1177 995 1232 fratres
1025 1192 1178 1242 suos,
1209 1177 1382 1234 donec
1409 1178 1486 1236 eis
1507 1182 1735 1252 aperiret
1759 1180 1876 1250 quis
1903 1189 2078 1247 esset,

495 1272 648 1325 toties
679 1270 1010 1336 ludificavit,
1053 1280 1109 1324 et
1155 1278 1296 1324 tanta
1342 1271 1737 1341 exspectatione
1764 1272 2078 1343 suspendit:

491 1362 632 1431 quod
663 1362 786 1416 licet
820 1370 966 1416 tanto
1007 1361 1079 1416 sit
1115 1360 1334 1416 suavius
1363 1376 1486 1418 cum
1517 1361 1732 1433 legitur,
1755 1374 1953 1435 quanto
1979 1365 2083 1420 illis

492 1456 551 1512 fit
592 1455 916 1523 inopinatius
961 1468 1086 1510 cum
1127 1454 1325 1524 quibus
1367 1455 1558 1526 agitur,
1592 1445 1768 1513 tamen
1811 1455 2083 1528 sapientia:

491 1547 636 1602 illius
657 1547 936 1617 gravitate,
971 1543 1075 1599 nisi
1105 1559 1358 1616 magnum
1385 1545 1583 1616 aliquid
1626 1545 1729 1603 isto
1770 1548 1922 1618 quasi
1956 1545 2083 1602 ludo

492 1637 898 1710 significaretur,
943 1653 1046 1694 nec
1092 1637 1160 1693 ab
1203 1637 1294 1696 illo.
1338 1637 1522 1706 fieret,
1567 1654 1665 1696 nec
1711 1655 1775 1696 ea
1811 1640 2083 1714 Scriptura

493 1732 876 1798 contineretur,
899 1732 953 1788 in
971 1747 1075 1803 qua
1097 1741 1178 1790 est
1200 1741 1344 1788 tanta
1363 1772 1380 1800 ,
1402 1733 1700 1792 sanctitatis
1721 1736 2011 1796 auctoritas
2029 1745 2084 1792 et

493 1822 983 1894 prophetaudorutn
1009 1832 1152 1880 tanta
1170 1822 1396 1881 intentio
1413 1822 1732 1892 futurorum;
1747 1841 1902 1897 quam
1924 1827 2084 1882 modo

491 1915 708 1984 exsequi
748 1913 1070 1982 exponendo
1108 1931 1214 1972 non
1249 1915 1600 1986 suscepimus,
1649 1915 1742 1972 sed
1788 1915 2083 1974 admonere

492 2013 698 2060 tantum
747 2004 1048 2070 voluimus,
1094 2004 1224 2076 quid
1275 2004 1362 2062 hic
1403 2015 1645 2076 oporteat
1683 2004 1897 2077 inquiri.
1946 2005 2077 2062 Nam

492 2110 592 2150 nec
619 2095 751 2152 illud
780 2111 970 2152 vacare
997 2096 1246 2163 arbitror,
1272 2095 1416 2167 quod
1444 2111 1549 2152 non
1575 2099 1683 2166 ait,
1705 2113 1939 2171 auguror
1957 2114 2090 2170 ego,

490 2188 586 2244 sed
610 2198 891 2260 auguratur
921 2188 1074 2244 homo
1102 2188 1266 2260 qualis
1287 2204 1398 2262 ego.
1429 2189 1582 2256 Quod
1606 2189 1653 2246 si
1676 2191 1957 2248 locutionis
1982 2206 2080 2264 ge-

492 2293 594 2336 nus
619 2286 721 2346 est,
745 2279 802 2334 in
825 2277 1130 2351 Scriptura:
1148 2295 1373 2352 corpore
1397 2279 1570 2342 simile
1592 2281 1790 2354 aliquid
1812 2284 2084 2354 reperien-

491 2370 616 2428 dum
643 2380 749 2428 est.

560 2463 787 2519 CXLVI.
823 2463 922 2539 [lb.
949 2463 1122 2539 xum]
1152 2464 1267 2520 Non
1297 2465 2079 2537 negligenterconsiderandum

491 2566 641 2628 puto,
669 2564 876 2614 tantam
895 2557 1174 2616 miseriam
1206 2558 1262 2616 in
1296 2559 1399 2616 hac
1427 2560 1824 2630 perturbatione
1852 2560 2076 2620 fratrum

489 2664 714 2708 suorum
756 2649 1028 2722 quomodo
1063 2649 1264 2722 Ioseph
1305 2650 1558 2722 quamdiu
1594 2651 1763 2707 voluit
1803 2654 1999 2721 tenuit,
2027 2663 2083 2710 et

489 2748 686 2811 quanta
713 2739 881 2795 voluit
907 2757 1059 2798 mora
1089 2741 1340 2812 produxit
1366 2761 1378 2797 :
1404 2759 1510 2800 nou
1537 2758 1630 2804 cos
1661 2745 1842 2814 utique
1881 2745 2079 2802 faciens

489 2832 862 2902 calamitosos,
882 2815 1096 2906 quando
1120 2843 1284 2890 tanta
1307 2835 1466 2890 etiam
1499 2836 1734 2906 ipsorum
1761 2837 1954 2894 futura:
1983 2839 2078 2894 la:-

490 2924 620 2982 titia:
645 2925 844 2984 exitum
873 2926 1168 2998 cogitabat;
1198 2936 1252 2984 et
1279 2935 1447 2982 totum
1477 2927 1579 2984 hoc
1605 2929 1750 3002 quod
1776 2931 1992 3002 agebat,
2024 2939 2081 2986 ut

490 3031 676 3072 eorum
703 3016 954 3088 gaudium
978 3017 1301 3087 diﬂ'erretur,
1330 3019 1396 3074 ad
1423 3021 1528 3076 hoc
1553 3023 1742 3094 agebat
1759 3064 1776 3092 ,
1806 3032 1864 3080 ut
1890 3025 2076 3080 eadem

490 3107 744 3168 dilatione
779 3109 1142 3166 cumularetur
1166 3129 1180 3166 :
1203 3121 1451 3183 tanquam
1487 3129 1593 3170 non
1609 3116 2078 3187 essentcondiguae

491 3199 768 3270 passiones
782 3215 970 3256 eorum
992 3201 1045 3256 in
1073 3209 1182 3258 toto
1207 3202 1301 3257 illo
1320 3212 1558 3274 tempore
1582 3221 1688 3280 quo
1709 3206 2075 3273 turbabantur,

490 3289 560 3344 ad
602 3288 832 3346 futuram
865 3291 1089 3362 gloriam
1131 3293 1519 3361 exsultationis,
1554 3311 1674 3376 qua:
1704 3297 1760 3352 in
1793 3299 1872 3354 eis
1907 3297 2081 3356 fuerat

489 3381 774 3436 revelanda
799 3423 815 3449 ,
861 3381 1022 3440 fratre
1061 3386 1294 3456 cognito,
1331 3402 1488 3458 quem
1509 3401 1620 3446 ase
1655 3389 1922 3464 perditum
1957 3406 2078 3448 esse

491 3471 906 3530 arbitrabantur.

561 3562 810 3620 CXLVII.
843 3563 944 3640 [lb.
975 3581 1123 3635 xuv,
1156 3568 1244 3624 19.
1265 3567 1287 3643 ]
1308 3569 1468 3628 Multa
1501 3571 1556 3626 iu
1583 3574 1885 3632 narratione
1926 3574 2078 3632 Iuda:

491 3654 647 3712 aliter
662 3653 802 3710 dicta
826 3666 972 3723 sunt,
991 3673 1150 3730 quam
1175 3674 1296 3716 cum
1318 3661 1422 3716 illis
1440 3673 1622 3735 egerat
1639 3663 1857 3738 Ioseph,
1885 3683 2074 3738 quam-

491 3743 572 3798 vis
592 3743 732 3814 apud
756 3760 879 3802 eum
904 3746 1236 3818 loqueretur,
1280 3758 1340 3804 ut
1365 3753 1584 3810 omnino
1611 3753 1679 3811 de
1726 3755 1815 3810 illa
1853 3757 2076 3816 insimu-

491 3835 691 3892 latione
709 3837 851 3908 quod
869 3840 1233 3912 exploratores
1253 3853 1454 3912 essent,
1471 3846 1602 3901 nihil
1617 3847 1902 3906 diceretur.
1922 3850 2082 3919 Quod

497 3935 677 3982 utrum
701 3929 945 3986 consulto
976 3933 1194 3990 tacitum
1224 3935 1312 4001 sit,
1341 3950 1408 3990 an
1436 3945 1489 3992 et
1514 3937 1568 3993 id
1591 3938 1776 3994 fecerit
1797 3943 2074 4011 perturba-

492 4019 653 4076 tionis
672 4019 892 4088 oblivio,
937 4039 1042 4078 non
1069 4035 1306 4096 apparet.
1334 4027 1465 4082 Nam
1493 4037 1548 4085 et
1579 4030 1712 4086 illud
1734 4033 1874 4104 quod
1920 4035 2072 4090 dixe-

493 4122 638 4181 runt,
668 4129 727 4171 se
751 4115 820 4172 ab
843 4116 960 4188 ipso
971 4116 1178 4190 Ioseph
1199 4119 1550 4192 interrogatos
1567 4122 1635 4179 de
1659 4133 1808 4195 patre
1833 4133 1888 4181 et
1911 4127 2074 4186 fratre
2117 4167 2122 4171 -

490 4220 609 4273 suo,
636 4216 888 4266 seautem
915 4209 1008 4266 illa
1032 4209 1376 4283 interroganti
1396 4213 1678 4282 indicasse,
1701 4217 1896 4274 mirum
1917 4219 1962 4274 si
1988 4219 2076 4276 vel

490 4297 556 4352 ad
575 4299 894 4354 sententiam
922 4309 1102 4372 potest
1148 4302 1249 4358 ista
1274 4304 1555 4375 pervenire
1584 4308 1840 4377 narratio,
1872 4317 1932 4366 ut
1953 4326 2076 4374 eam

489 4395 698 4446 constet
739 4403 859 4446 esse
886 4405 1149 4450 veracem.
1179 4393 1488 4465 Quanquam
1514 4395 1617 4454 etsi
1643 4398 1818 4469 aliqua
1843 4399 1974 4458 falsa
2018 4404 2070 4458 in

489 4494 554 4536 ea
578 4489 722 4549 sunt,
746 4480 856 4536 falli
873 4483 1048 4552 potius
1076 4499 1172 4553 per
1192 4484 1515 4543 oblivionem
1550 4489 1744 4558 potuit,
1784 4507 1942 4562 quam
1969 4509 2070 4550 au-

488 4569 617 4626 dere
639 4570 889 4638 mentiri;
922 4573 1062 4644 apud
1081 4589 1202 4630 eum
1227 4579 1542 4648 pmsertitn,
1572 4581 1656 4636 cui
1688 4597 1794 4638 non
1825 4585 2073 4644 sicutne-

490 4659 699 4727 scienti,
721 4659 998 4746 sed_etiam
1025 4662 1114 4719 illa
1139 4681 1256 4735 quae
1296 4678 1516 4724 noverat
1550 4685 1672 4726 eum
1698 4673 1862 4746 scire,
1889 4677 2069 4736 adlleo

488 4750 736 4808 ctendam
785 4739 902 4824 ejus
948 4756 1364 4816 misericordiam
1415 4763 1716 4822 narrationi.
1771 4782 1882 4824 sua:
1924 4770 2069 4828 inse-

487 4839 662 4906 nbat.

563 4934 955 5028 CXLVIII.[lb.
993 4941 1186 5009 xnv,7.
1211 4941 1231 5017 ]
1255 4943 1392 5012 Quid
1429 4951 1674 5020 estquod
1697 4951 1824 5010 dicit
1846 4954 2068 5028 Ioseph,

493 5025 636 5080 Misit
663 5027 795 5081 enim
816 5045 894 5082 me
921 5027 1060 5085 Deus
1084 5040 1200 5087 ante
1240 5051 1346 5102 vos,
1389 5053 1646 5096 remanere
1696 5054 1908 5102 uestrum
1950 5025 2070 5104 celi;

488 5117 632 5187 quius
653 5134 806 5188 super
832 5129 1036 5190 terram,
1060 5133 1106 5176 et
1131 5127 1349 5182 enutrirc
1368 5139 1586 5185 vestrum
1601 5133 1940 5207 reliquiarium
1960 5159 2068 5198 ma-

488 5222 649 5278 gnum
671 5206 736 5262 '7
765 5207 877 5266 Hoc
901 5210 1044 5268 enim
1072 5230 1177 5272 non
1203 5231 1582 5292 usquequaque
1610 5206 1886 5293 consonat,
1906 5242 1958 5286 ut
1979 5249 2065 5290 rc-

487 5295 680 5369 quuias
701 5299 786 5356 vel
807 5302 1166 5373 reliquiarium
1185 5310 1506 5382 accipiamus
1526 5315 1686 5372 Jacob
1704 5328 1759 5375 et
1776 5320 1910 5377 filios
1930 5325 2064 5396 ejus,

551 5410 570 5476 ξ
597 5417 709 5476 Mss.
728 5421 940 5476 septem,
963 5419 1127 5470 tantae.

550 5472 1698 5568 L‘i‘fl‘?&§tﬁtﬁfﬁaf‘suamautem,
1711 5492 1953 5568 reliquias.
1979 5509 2068 5568 m-

1229 5535 1416 5619 et'arn;
1433 5535 1966 5619 ieiiﬁigi'kiiiiiiﬁz

487 5603 811 5676 emisi-Iino
821 5603 967 5676 enim,
985 5610 1078 5653 etc.
1092 5608 1300 5658 vaticani
1311 5603 1432 5676 Mss;
1449 5614 1659 5665 enutrirc
1675 5603 2069 5676 cedrino};

487 5652 1145 5749 .
1163 5652 1432 5749 "acerrim:
1444 5652 1620 5749 etczl'b
1626 5652 2071 5749 ua:

487 5718 1163 5813 252:"?iiqﬁilffﬂéiﬁ‘i‘l;
1178 5718 1370 5813 quas
1396 5718 2067 5813 5,°®€etn9§1€§55%91?7?éi3

489 5791 733 5843 quianam
754 5796 980 5850 magnum
990 5801 1010 5850 ;
1028 5791 1168 5852 juxta
1188 5791 1316 5859 LXX,
1339 5795 1510 5852 human
1535 5791 2063 5877 kataleipsin

1265 320 1722 390 QUAESTIONUM
1758 277 2222 378 sfaucusrmt
2260 319 2327 378 IN
2371 320 2934 383 llEPTATEUCHUM

3665 335 3772 393 588

2191 449 2311 490 cum
2337 449 2528 491 omnes
2553 436 2664 490 sint
2713 438 3022 495 incolumes.
3053 439 3134 494 An
3166 440 3301 498 forte
3343 440 3476 499 illud
3511 443 3777 520 signiﬁcat

2191 526 2300 580 alto
2348 536 2666 598 secretoque
2713 529 2990 600 mysterio,
3021 531 3162 600 quod
3190 534 3265 587 ait
3293 535 3599 606 Apostolus,
3629 537 3775 595 Reli-

2189 618 2322 688 quia:
2350 633 2440 688 per
2465 619 2755 673 electionem
2783 621 2961 691 gratim
2983 621 3138 677 salute
3162 626 3310 694 facta
3337 635 3452 680 sunt
3475 627 3668 698 (Rom.
3693 646 3775 696 ιι,

2196 710 2230 764 5
2257 708 2278 782 )
2310 726 2325 778 ;
2356 708 2478 780 quia
2527 710 2790 790 propheta
2841 711 3178 782 praedixerat,
3211 714 3326 769 Etsi
3349 718 3499 786 fuerit
3541 736 3778 779 numerus

2192 803 2417 873 ﬁliorum
2443 801 2608 858 Israel
2636 805 2763 858 sicut
2808 819 2966 860 arena
3015 807 3190 874 maris,
3213 807 3452 880 reliquit:
3478 815 3636 868 salue
3651 815 3778 884 ﬁent

2193 895 2212 965 (
2242 893 2370 950 Isoi.
2393 911 2450 963 x,
2479 894 2593 968 22).
2626 895 2706 951 Ad
2737 896 2838 952 hoc
2861 897 3003 953 enim
3027 900 3232 956 occisus
3255 911 3338 956 est
3355 901 3598 960 Christus
3622 921 3652 960 a
3678 906 3774 964 Iu-

2191 986 2341 1054 daeis,
2368 996 2422 1042 et
2460 988 2686 1043 traditus
2727 986 2984 1043 Gentibus
3010 999 3258 1061 tanquam
3283 991 3484 1064 Ioseph
3511 993 3776 1072 Egyptiis

2191 1092 2222 1132 a
2250 1075 2518 1142 fratribus,
2547 1089 2604 1133 ut
2631 1085 2686 1134 et
2729 1079 2965 1149 reliquiae
2992 1080 3154 1136 Israel
3181 1081 3342 1137 salvae
3370 1085 3577 1141 fierent.
3623 1088 3776 1146 Unde

2190 1166 2319 1223 dicit
2343 1168 2650 1238 Apostolus,
2684 1168 2821 1223 Nam
2847 1180 2893 1224 et
2921 1186 3010 1242 ego
3029 1169 3269 1230 Israelita
3293 1191 3403 1228 sum
3431 1191 3450 1230 :
3479 1187 3551 1244 et,
3575 1176 3644 1234 Ut
3667 1181 3775 1251 ple-

2189 1257 2366 1313 nitudo
2383 1259 2603 1330 gentium
2632 1260 2857 1329 intraret,
2889 1270 2933 1314 et
2956 1262 3028 1316 sic
3052 1263 3220 1318 omnis
3257 1263 3421 1320 Israel
3440 1268 3608 1323 saluus
3626 1269 3772 1341 ﬁeret

2194 1349 2377 1424 (Rom.
2405 1366 2480 1418 xi,
2509 1351 2535 1406 l
2566 1359 2612 1405 et
2636 1350 2706 1407 25
2736 1353 2794 1422 );
2826 1352 2879 1407 id
2907 1362 3010 1421 est,
3031 1369 3096 1409 ex
3122 1354 3361 1427 reliquiis
3387 1357 3550 1414 Israel
3573 1375 3774 1418 secvtu-

2189 1443 2317 1500 dum
2330 1458 2567 1511 carnem,
2590 1453 2643 1500 et
2672 1445 2997 1515 plenitudine
3014 1449 3248 1519 gentium
3273 1465 3392 1520 quae
3420 1451 3476 1506 in
3491 1451 3595 1508 flde
3618 1453 3777 1510 Chri-

2189 1537 2260 1594 sti
2279 1537 2570 1594 secundum
2597 1539 2839 1609 spiritum
2861 1549 2986 1596 sunt
3016 1540 3196 1598 Israel.
3226 1542 3332 1599 Aut
3356 1543 3403 1600 si
3440 1553 3494 1602 et
3521 1548 3666 1617 genti
3702 1547 3777 1604 iiii

2189 1626 2492 1684 Israelitica:
2536 1637 2703 1684 restat
2750 1629 2870 1685 fidei
2890 1631 3175 1702 plenitudo,
3205 1649 3271 1690 ex
3313 1650 3415 1706 qua
3449 1648 3601 1692 erant
3644 1639 3778 1694 reliv

2190 1720 2350 1790 quizc,
2380 1719 2434 1774 in
2459 1720 2651 1791 quibus
2681 1721 2921 1792 reliquiis
2949 1733 3073 1779 tunc
3102 1736 3156 1780 et
3183 1725 3434 1796 Apostoli
3481 1728 3613 1783 salvi
3647 1730 3778 1786 facti

2189 1820 2332 1878 sunt,
2352 1810 2452 1867 hoc
2477 1813 2802 1883 significatur
2824 1830 2887 1870 ea
2904 1816 3229 1888 plenitudine
3251 1819 3578 1876 liberationis
3591 1821 3774 1890 Israel,

2189 1919 2291 1974 qua
2319 1918 2415 1974 per
2441 1903 2657 1976 Moysen
2687 1921 2751 1960 ex
2781 1904 3013 1979 Egypto
3041 1908 3250 1964 liberati
3273 1921 3416 1966 sunt.

2259 1993 2492 2050 CXLIX.
2527 1993 2549 2068 [
2579 1995 2653 2051 Ib.
2684 2013 2822 2063 xnvr,
2868 1999 2923 2063 6,
2955 2000 3010 2054 7.
3043 1998 3354 2072 ]Intrarunt
3393 2005 3447 2058 in
3475 2003 3778 2078 Egyptum

2188 2083 2350 2140 Jacob
2389 2093 2435 2140 et
2465 2102 2613 2141 omne
2647 2103 2816 2142 semen
2845 2089 2972 2162 ejus,
3011 2091 3108 2159 ﬁlii
3145 2101 3194 2146 et
3230 2094 3328 2163 ﬁlii
3372 2094 3595 2165 ﬁliorum
3642 2099 3774 2170 ejus,

2188 2175 2314 2246 ﬁlia:
2339 2186 2386 2232 et
2404 2176 2530 2248 filice
2554 2177 2777 2247 ﬁliarum
2802 2182 2912 2250 ejus
2923 2196 3040 2235 cum
3060 2198 3137 2236 eo.
3163 2183 3519 2251 Quzerendum
3549 2203 3779 2258 quomo-

2188 2269 2259 2325 do
2284 2269 2426 2326 dicat
2447 2270 2588 2340 ﬁlias
2606 2281 2653 2324 et
2677 2272 2812 2340 ﬁlias
2840 2273 3070 2343 ﬁliarum
3091 2277 3202 2346 ejus
3231 2293 3345 2332 cum
3370 2295 3447 2346 eo,
3466 2281 3776 2351 cumﬁliam

2190 2377 2348 2417 unam
2367 2362 2574 2434 legatur
2601 2362 2868 2420 habuisse.
2900 2365 3155 2436 Superius
3179 2379 3358 2424 autem
3389 2370 3522 2426 ﬁlias
3546 2372 3662 2442 ejus
3687 2373 3776 2428 di-

2187 2472 2436 2512 xeramus
2464 2458 2629 2529 accipi
2659 2474 2816 2529 posse
2855 2469 3044 2531 neptes
3077 2464 3211 2532 ejus,
3267 2465 3404 2520 sicut
3447 2465 3541 2521 filii
3607 2467 3782 2525 Israel

2188 2565 2375 2606 omnes
2399 2551 2646 2606 dicuntur
2669 2552 2830 2608 etiam
2855 2554 3132 2610 universus
3159 2557 3386 2627 populus
3411 2558 3480 2614 ab
3531 2559 3624 2616 illo
3653 2575 3780 2632 pro-

2188 2655 2430 2716 pagatus.
2459 2644 2564 2702 Sed
2608 2661 2750 2702 nunc
2788 2662 2910 2702 cum
2935 2648 3084 2717 dicit,
3117 2650 3252 2719 ﬁlias
3273 2651 3520 2721 filiarum,
3554 2664 3782 2726 propter

2188 2749 2348 2789 unam
2377 2735 2586 2803 Dinam,
2619 2736 2836 2806 pluralis
2862 2751 3114 2794 numerus
3159 2755 3258 2810 pro
3284 2743 3542 2813 singulari
3569 2745 3780 2814 positus

2185 2835 2286 2894 est,
2313 2826 2450 2882 sicut
2477 2827 2637 2881 etiam
2670 2842 2764 2897 pro
2791 2827 2979 2898 plurali
3015 2829 3298 2901 singularis
3326 2835 3462 2890 solet
3495 2851 3510 2889 :
3540 2836 3643 2890 nisi
3673 2853 3778 2892 nu-

2187 2932 2280 2972 rus
2310 2917 2425 2986 ejus
2448 2914 2902 2989 quisque'asserat
2931 2920 3067 2978 filias
3089 2923 3204 2992 ejus
3227 2926 3466 2994 potuisse
3488 2928 3772 2998 appellari.

2255 3007 2362 3062 CL.
2393 3007 2470 3080 [In
2502 3023 2648 3074 var,
2669 3009 2758 3066 15.
2781 3007 2806 3083 ]
2827 3011 2980 3079 Quod
3010 3011 3141 3069 dicit
3173 3013 3446 3088 Scriptura
3468 3026 3546 3075 tot
3567 3019 3779 3078 animas

2186 3099 2462 3170 peperisse
2490 3097 2661 3167 Liam,
2691 3102 2776 3157 vel
2804 3110 2882 3157 tot
2907 3111 2997 3158 aut
3041 3113 3119 3160 tot
3143 3107 3348 3163 animas
3371 3110 3568 3167 exiisse
3591 3113 3659 3168 de
3685 3112 3772 3169 fe-

2184 3192 2422 3248 moribus
2445 3191 2642 3260 Iacob;
2675 3194 2964 3251 videndum
2984 3207 3066 3252 est
3089 3199 3216 3270 quid
3244 3199 3367 3256 hinc
3387 3205 3780 3274 respondeatur

2185 3285 2264 3341 eis
2291 3285 2379 3355 qui
2411 3285 2514 3340 hoc
2541 3288 2849 3344 testimonio
2863 3290 3180 3348 confirmare
3199 3293 3456 3362 nituntur,
3479 3311 3510 3350 a
3533 3299 3778 3368 parenti-

2183 3375 2283 3431 bus
2309 3373 2473 3430 simul
2500 3377 2705 3434 animas
2740 3393 2861 3435 cum
2890 3383 3200 3452 corporibus
3221 3386 3521 3458 propagari.
3549 3389 3778 3448 Animas

2183 3465 2328 3520 enim
2346 3465 2518 3522 dictas
2542 3482 2639 3538 pro
2664 3469 2988 3539 hominibus,
3016 3489 3047 3528 a
3071 3485 3223 3546 parte
3251 3484 3418 3532 totum
3440 3479 3779 3552 significante

2183 3559 2472 3629 locutione,
2501 3563 2676 3619 nullus
2700 3564 2940 3637 ambigit.
2990 3566 3096 3623 Sed
3142 3571 3411 3642 quomodo
3439 3572 3609 3644 ipsam
3650 3589 3782 3645 par-

2182 3659 2311 3720 tem,
2331 3669 2398 3710 ex
2427 3669 2529 3725 qua
2551 3663 2717 3711 totum
2738 3669 3215 3717 commemoratum
3254 3672 3356 3730 est,
3385 3663 3488 3719 hoc
3515 3675 3600 3721 est
3649 3666 3777 3722 ani-

2179 3759 2346 3812 mam,
2369 3747 2519 3817 cujus
2543 3747 2763 3804 nomine
2793 3759 2936 3807 totus
2969 3751 3131 3809 homo
3159 3753 3491 3826 significatus
3513 3765 3616 3825 est,
3637 3759 3773 3815 alie-

2179 3851 2371 3893 nemus
2398 3838 2466 3894 ab
2493 3854 2558 3894 eo
2589 3837 2738 3910 quod
2753 3840 2956 3898 dictum
2971 3853 3075 3912 est,
3117 3845 3346 3901 exierunt
3383 3847 3448 3902 de
3488 3848 3774 3919 femoribus

2179 3928 2305 3998 ejus,
2327 3936 2386 3984 ut
2408 3943 2597 3986 carnes
2616 3939 2818 3988 tantum
2840 3949 2906 3989 ex
2932 3935 3023 3989 illo
3047 3945 3220 4003 natas,
3242 3939 3484 4008 quamvis
3506 3940 3636 3996 sola:
3650 3941 3777 3997 ani-

2178 4031 2281 4073 ma:
2305 4021 2666 4088 nominentur,
2698 4025 3055 4095 accipiamus;
3081 4027 3356 4098 quaerendi
3382 4039 3514 4086 sunt
3540 4031 3777 4089 locutio-

2179 4127 2308 4167 num
2333 4113 2475 4168 modi
2500 4115 2790 4170 secundum
2819 4113 3145 4187 Scripturas.

2247 4203 2376 4260 CLI.
2407 4203 2520 4278 [lb.
2547 4221 2696 4275 xui,
2729 4207 2866 4282 l5.]
2903 4208 2976 4264 Hi
3001 4212 3100 4281 [itit
3135 4211 3262 4279 Lia,
3294 4229 3419 4284 quos
3451 4219 3644 4288 peperit
3668 4219 3776 4292 ipsi

2175 4295 2342 4352 Iacob
2381 4299 2434 4352 in
2478 4297 2852 4372 MesOpotamia
2881 4301 3069 4376 Syria,
3103 4315 3150 4360 et
3195 4306 3381 4362 binum
3421 4309 3582 4380 ﬁliam
3630 4314 3768 4384 ejus,

2177 4407 2349 4445 omnes
2372 4392 2556 4446 anima.
2572 4393 2676 4462 ﬁlii
2694 4403 2742 4448 et
2769 4393 2896 4463 filia!
2923 4397 3032 4464 ejus
3079 4398 3286 4470 triginta
3335 4408 3453 4456 tres.
3497 4402 3774 4474 Numquid

2177 4482 2300 4538 ista:
2313 4497 2499 4540 omnes
2526 4484 2739 4556 triginta
2765 4493 2874 4542 tres
2889 4488 3080 4544 animae
3105 4505 3170 4545 ex
3191 4490 3284 4546 Lia
3314 4492 3366 4546 in
3386 4492 3773 4564 Mesopotamia

2177 4571 2344 4646 Syria!
2363 4582 2501 4628 natae
2523 4574 2688 4630 sunt?
2717 4575 2822 4632 Sex
2845 4576 2862 4609 ί
2889 4578 3068 4649 utique
3091 4580 3182 4636 filii
3209 4589 3264 4636 et
3279 4597 3381 4637 una
3409 4584 3534 4650 filia,
3553 4600 3618 4640 ex
3641 4587 3772 4656 qui-

2178 4665 2274 4722 bus
2303 4674 2527 4737 nepotes
2555 4671 2958 4724 commemorati
2975 4680 3116 4727 sunt.
3137 4670 3193 4729 Si
3233 4688 3365 4745 ergo
3394 4675 3463 4732 de
3484 4690 3590 4731 uno
3616 4677 3769 4733 Ben-

2172 4757 2340 4829 jamin
2368 4721 2591 4829 quaestio
2613 4767 2733 4814 nata
2761 4760 2951 4828 fuerat,
2977 4763 3192 4834 quando
3233 4721 3530 4823 nuumeratis
3558 4721 3827 4856 (Μαάθ-ξ

2176 4850 2283 4905 cim
2311 4849 2434 4905 filiis
2473 4850 2640 4907 Iacob
2664 4859 2718 4907 et
2762 4853 3072 4909 nominatim
3098 4857 3526 4914 commemoratis
3561 4859 3772 4916 dictum
3791 4849 3827 4918 τί

2175 4899 2283 5007 is};
2308 4899 3824 5023 '5;'i.;;‘i.;;.5',.;;',;;;‘;;;.21:;";::.;;;;;.;;§;:1.

2174 5031 2268 5086 ria:
2288 5031 2504 5101 (Supra,
2528 5042 2705 5103 quiest.
2738 5031 2886 5109 ειη)
2912 5053 2926 5090 :
2950 5045 3148 5107 quanto
3165 5038 3336 5109 major
3355 5055 3499 5096 nunc
3537 5044 3776 5112 quzcstio

2175 5132 2276 5189 est,
2308 5123 2576 5192 quomodo
2605 5125 2813 5197 triginta
2835 5135 2944 5183 tres
2965 5129 3160 5184 anima:
3179 5144 3246 5185 ex
3270 5129 3363 5186 Lia
3388 5131 3442 5186 in
3466 5131 3778 5203 Mesopota-

2174 5214 2280 5268 mia
2309 5213 2482 5285 Syriae
2509 5222 2647 5270 nata:
2677 5226 2835 5284 sunt;
2868 5219 2968 5274 nisi
2990 5221 3112 5291 quia
3145 5221 3230 5276 illa
3257 5221 3456 5278 locutio
3476 5223 3778 5283 conﬁrma-

2174 5311 2280 5369 tur,
2323 5311 2572 5375 tanquam
2599 5306 2669 5360 ibi
2713 5322 2901 5364 omnes
2931 5312 3034 5366 orti
3066 5321 3208 5380 sunt,
3241 5329 3469 5385 quorum
3509 5327 3775 5388 parentes

2173 5394 2247 5449 ibi
2272 5395 2374 5450 orti
2394 5397 2556 5450 sunt?
2579 5397 2780 5456 Deinde
2800 5411 2853 5455 et
2891 5401 3021 5458 illud
3047 5403 3162 5474 jam
3199 5420 3306 5461 non
3331 5405 3547 5463 dubium
3573 5417 3674 5478 est,
3713 5411 3776 5466 in

2385 5510 2574 5587 uocaslo
2606 5509 2814 5587 Iibraltzi‘is
2846 5514 2935 5587 fuit
2972 5529 3083 5576 vox,
3111 5517 3442 5582 reliquiarium
3469 5533 3626 5587 :qua,
3647 5523 3782 5580 licet

2171 5569 2374 5643 barbara
2398 5586 2536 5643 voce,
2561 5571 2956 5643 haudillihcnter
2981 5569 3087 5640 post
3117 5569 3625 5643 semimarinisﬁiai
3646 5569 3784 5643 EE;

2171 5630 2260 5708 fuit.
2278 5625 2575 5708 augustinus
2599 5637 2646 5684 in
2667 5635 2752 5708 lib.
2778 5625 2921 5708 Sicori

2237 5695 2252 5768 ξ
2278 5695 2402 5773 hibi-i
2420 5697 2728 5773 omnesase‘d
2755 5700 2912 5762 utique
3091 5695 3300 5773 eicep'to
3317 5695 3413 5758 uno
3430 5709 3625 5773 evade.
3651 5717 3779 5773 μω,

2207 5756 2439 5882 Jhabet
2470 5769 2579 5811 sex.
2597 5756 2780 5812 Melius
2805 5756 3085 5829 {Scriptura
3118 5756 3413 5833 suffragante
3437 5756 3783 5839 Issa—iulia;
