  <div class='ocr_page' id='page_1' title='image "/cluster/home/n/w/nwhite01/storage/ocr_20150623/34/hvd.32044015706310/300.png"; bbox 0 0 4094 6456; ppageno 0'>
   <div class='ocr_carea' id='block_1_1' title="bbox 692 411 895 441">
    <p class='ocr_par' dir='ltr' id='par_1_1' title="bbox 692 411 895 441">
     <span class='ocr_line' id='line_1_1' title="bbox 692 411 895 441; baseline 0 0"><span class='ocrx_word' id='word_1_1' title='bbox 692 411 895 441; x_wconf 43' lang='grc' dir='ltr'><strong>κδ-υκην·</strong></span> 
     </span>
    </p>
   </div>
   <div class='ocr_carea' id='block_1_2' title="bbox 242 561 1885 643">
    <p class='ocr_par' dir='ltr' id='par_1_2' title="bbox 242 561 1885 643">
     <span class='ocr_line' id='line_1_2' title="bbox 242 561 1885 643; baseline -0.004 -11"><span class='ocrx_word' id='word_1_2' title='bbox 242 561 255 576; x_wconf 86' lang='grc'><strong>’</strong></span> <span class='ocrx_word' id='word_1_3' title='bbox 292 590 398 633; x_wconf 85' lang='lat' dir='ltr'><strong>una</strong></span> <span class='ocrx_word' id='word_1_4' title='bbox 418 573 529 631; x_wconf 81' lang='lat' dir='ltr'><strong>tilia</strong></span> <span class='ocrx_word' id='word_1_5' title='bbox 552 572 691 629; x_wconf 81' lang='lat' dir='ltr'><strong>ﬁlias</strong></span> <span class='ocrx_word' id='word_1_6' title='bbox 718 569 1007 637; x_wconf 82' lang='lat' dir='ltr'><strong>nominari,</strong></span> <span class='ocrx_word' id='word_1_7' title='bbox 1036 568 1227 643; x_wconf 81' lang='lat' dir='ltr'><strong>plurali</strong></span> <span class='ocrx_word' id='word_1_8' title='bbox 1253 584 1477 627; x_wconf 87' lang='lat' dir='ltr'><strong>numero</strong></span> <span class='ocrx_word' id='word_1_9' title='bbox 1499 584 1597 643; x_wconf 88' lang='lat' dir='ltr'><strong>pro</strong></span> <span class='ocrx_word' id='word_1_10' title='bbox 1627 570 1885 642; x_wconf 77' lang='lat' dir='ltr'><strong>singulari</strong></span> 
     </span>
    </p>
   </div>
   <div class='ocr_carea' id='block_1_3' title="bbox 364 754 1889 832">
    <p class='ocr_par' dir='ltr' id='par_1_3' title="bbox 364 754 1889 832">
     <span class='ocr_line' id='line_1_3' title="bbox 364 754 1889 832; baseline -0.002 -15"><span class='ocrx_word' id='word_1_11' title='bbox 364 760 521 822; x_wconf 77' lang='lat' dir='ltr'><strong>CLII.</strong></span> <span class='ocrx_word' id='word_1_12' title='bbox 552 758 573 832; x_wconf 84' lang='lat'><strong>[</strong></span> <span class='ocrx_word' id='word_1_13' title='bbox 604 757 686 815; x_wconf 85' lang='lat' dir='ltr'><strong>1h.</strong></span> <span class='ocrx_word' id='word_1_14' title='bbox 718 773 870 827; x_wconf 77' lang='lat' dir='ltr'><strong>nvi,</strong></span> <span class='ocrx_word' id='word_1_15' title='bbox 910 756 1004 826; x_wconf 68' lang='grc' dir='ltr'><strong>ΞΒ,</strong></span> <span class='ocrx_word' id='word_1_16' title='bbox 1033 756 1122 813; x_wconf 73' lang='lat'><strong>27.</strong></span> <span class='ocrx_word' id='word_1_17' title='bbox 1150 754 1172 829; x_wconf 92' lang='lat'>]</span> <span class='ocrx_word' id='word_1_18' title='bbox 1198 755 1349 825; x_wconf 84' lang='lat' dir='ltr'><strong>Quod</strong></span> <span class='ocrx_word' id='word_1_19' title='bbox 1374 757 1566 829; x_wconf 87' lang='lat' dir='ltr'><strong>legitur</strong></span> <span class='ocrx_word' id='word_1_20' title='bbox 1609 758 1889 830; x_wconf 75' lang='lat' dir='ltr'><strong>sexaginta</strong></span> 
     </span>
    </p>
   </div>
   <div class='ocr_carea' id='block_1_4' title="bbox 293 847 1885 920">
    <p class='ocr_par' dir='ltr' id='par_1_4' title="bbox 293 847 1885 920">
     <span class='ocr_line' id='line_1_4' title="bbox 293 847 1885 920; baseline -0.002 -12"><span class='ocrx_word' id='word_1_21' title='bbox 293 866 394 908; x_wconf 82' lang='lat' dir='ltr'><strong>sex</strong></span> <span class='ocrx_word' id='word_1_22' title='bbox 426 850 637 907; x_wconf 69' lang='lat' dir='ltr'><strong>ultimas</strong></span> <span class='ocrx_word' id='word_1_23' title='bbox 668 849 895 904; x_wconf 87' lang='lat' dir='ltr'><strong>intrasse</strong></span> <span class='ocrx_word' id='word_1_24' title='bbox 920 863 1044 903; x_wconf 91' lang='lat' dir='ltr'><strong>cum</strong></span> <span class='ocrx_word' id='word_1_25' title='bbox 1072 847 1239 905; x_wconf 82' lang='lat' dir='ltr'><strong>Jacob</strong></span> <span class='ocrx_word' id='word_1_26' title='bbox 1283 849 1336 903; x_wconf 86' lang='lat' dir='ltr'><strong>in</strong></span> <span class='ocrx_word' id='word_1_27' title='bbox 1381 847 1693 920; x_wconf 65' lang='lat' dir='ltr'><strong>Egyptum,</strong></span> <span class='ocrx_word' id='word_1_28' title='bbox 1724 864 1885 905; x_wconf 88' lang='lat' dir='ltr'><strong>exce-</strong></span> 
     </span>
    </p>
   </div>
   <div class='ocr_carea' id='block_1_5' title="bbox 294 937 1889 1015">
    <p class='ocr_par' dir='ltr' id='par_1_5' title="bbox 294 937 1889 1015">
     <span class='ocr_line' id='line_1_5' title="bbox 294 937 1889 1015; baseline 0 -19"><span class='ocrx_word' id='word_1_29' title='bbox 294 944 404 1015; x_wconf 80' lang='lat' dir='ltr'><strong>ptis</strong></span> <span class='ocrx_word' id='word_1_30' title='bbox 420 941 673 999; x_wconf 80' lang='lat' dir='ltr'><strong>videlicet</strong></span> <span class='ocrx_word' id='word_1_31' title='bbox 688 939 811 994; x_wconf 80' lang='lat' dir='ltr'><strong>(iliis</strong></span> <span class='ocrx_word' id='word_1_32' title='bbox 835 937 1057 1011; x_wconf 87' lang='lat' dir='ltr'><strong>Joseph,</strong></span> <span class='ocrx_word' id='word_1_33' title='bbox 1084 946 1145 994; x_wconf 92' lang='lat' dir='ltr'><strong>et</strong></span> <span class='ocrx_word' id='word_1_34' title='bbox 1169 938 1364 995; x_wconf 88' lang='lat' dir='ltr'><strong>deinde</strong></span> <span class='ocrx_word' id='word_1_35' title='bbox 1391 939 1496 994; x_wconf 87' lang='lat' dir='ltr'><strong>illis</strong></span> <span class='ocrx_word' id='word_1_36' title='bbox 1520 940 1889 996; x_wconf 82' lang='lat' dir='ltr'><strong>armumeratis</strong></span> 
     </span>
    </p>
   </div>
   <div class='ocr_carea' id='block_1_6' title="bbox 295 1031 1891 1104">
    <p class='ocr_par' dir='ltr' id='par_1_6' title="bbox 295 1031 1891 1104">
     <span class='ocr_line' id='line_1_6' title="bbox 295 1031 1891 1104; baseline -0.003 -14"><span class='ocrx_word' id='word_1_37' title='bbox 295 1033 547 1101; x_wconf 66' lang='lat' dir='ltr'><strong>infertur,</strong></span> <span class='ocrx_word' id='word_1_38' title='bbox 576 1032 913 1104; x_wconf 73' lang='lat' dir='ltr'><strong>Septuaginta</strong></span> <span class='ocrx_word' id='word_1_39' title='bbox 937 1031 1154 1103; x_wconf 82' lang='lat' dir='ltr'><strong>quinque</strong></span> <span class='ocrx_word' id='word_1_40' title='bbox 1180 1031 1365 1086; x_wconf 69' lang='lat' dir='ltr'><strong>mittite</strong></span> <span class='ocrx_word' id='word_1_41' title='bbox 1383 1042 1549 1099; x_wconf 83' lang='lat' dir='ltr'><strong>erant,</strong></span> <span class='ocrx_word' id='word_1_42' title='bbox 1574 1049 1689 1086; x_wconf 86' lang='lat' dir='ltr'><strong>cum</strong></span> <span class='ocrx_word' id='word_1_43' title='bbox 1712 1032 1891 1104; x_wconf 84' lang='lat' dir='ltr'><strong>quibus</strong></span> 
     </span>
    </p>
   </div>
   <div class='ocr_carea' id='block_1_7' title="bbox 292 1119 1893 1195">
    <p class='ocr_par' dir='ltr' id='par_1_7' title="bbox 292 1119 1893 1195">
     <span class='ocr_line' id='line_1_7' title="bbox 292 1119 1893 1195; baseline 0 -15"><span class='ocrx_word' id='word_1_44' title='bbox 292 1124 459 1180; x_wconf 80' lang='lat' dir='ltr'><strong>Jacob</strong></span> <span class='ocrx_word' id='word_1_45' title='bbox 487 1123 689 1177; x_wconf 72' lang='lat' dir='ltr'><strong>intravit</strong></span> <span class='ocrx_word' id='word_1_46' title='bbox 727 1122 782 1177; x_wconf 82' lang='lat' dir='ltr'><strong>in</strong></span> <span class='ocrx_word' id='word_1_47' title='bbox 805 1119 1143 1194; x_wconf 65' lang='lat' dir='ltr'><strong>Egyptian;</strong></span> <span class='ocrx_word' id='word_1_48' title='bbox 1172 1121 1251 1178; x_wconf 90' lang='lat' dir='ltr'><strong>sic</strong></span> <span class='ocrx_word' id='word_1_49' title='bbox 1274 1122 1643 1192; x_wconf 83' lang='lat' dir='ltr'><strong>accipiendum</strong></span> <span class='ocrx_word' id='word_1_50' title='bbox 1667 1132 1769 1188; x_wconf 91' lang='lat' dir='ltr'><strong>est,</strong></span> <span class='ocrx_word' id='word_1_51' title='bbox 1799 1123 1893 1195; x_wconf 88' lang='lat' dir='ltr'><strong>qui</strong></span> 
     </span>
    </p>
   </div>
   <div class='ocr_carea' id='block_1_8' title="bbox 301 1213 1889 1288">
    <p class='ocr_par' dir='ltr' id='par_1_8' title="bbox 301 1213 1889 1288">
     <span class='ocr_line' id='line_1_8' title="bbox 301 1213 1889 1288; baseline -0.002 -15"><span class='ocrx_word' id='word_1_52' title='bbox 301 1224 465 1273; x_wconf 84' lang='lat' dir='ltr'><strong>erant</strong></span> <span class='ocrx_word' id='word_1_53' title='bbox 492 1215 543 1269; x_wconf 85' lang='lat' dir='ltr'><strong>in</strong></span> <span class='ocrx_word' id='word_1_54' title='bbox 566 1214 728 1270; x_wconf 87' lang='lat' dir='ltr'><strong>domo</strong></span> <span class='ocrx_word' id='word_1_55' title='bbox 749 1213 935 1280; x_wconf 79' lang='lat' dir='ltr'><strong>Jaeob,</strong></span> <span class='ocrx_word' id='word_1_56' title='bbox 974 1213 1189 1285; x_wconf 84' lang='lat' dir='ltr'><strong>quando</strong></span> <span class='ocrx_word' id='word_1_57' title='bbox 1240 1214 1456 1269; x_wconf 90' lang='lat' dir='ltr'><strong>intravit</strong></span> <span class='ocrx_word' id='word_1_58' title='bbox 1492 1214 1548 1269; x_wconf 90' lang='lat' dir='ltr'><strong>in</strong></span> <span class='ocrx_word' id='word_1_59' title='bbox 1574 1213 1889 1288; x_wconf 62' lang='lat' dir='ltr'><strong>Egyptum.</strong></span> 
     </span>
    </p>
   </div>
   <div class='ocr_carea' id='block_1_9' title="bbox 294 1307 1886 1379">
    <p class='ocr_par' dir='ltr' id='par_1_9' title="bbox 294 1307 1886 1379">
     <span class='ocr_line' id='line_1_9' title="bbox 294 1307 1886 1379; baseline -0.001 -14"><span class='ocrx_word' id='word_1_60' title='bbox 294 1308 435 1365; x_wconf 77' lang='lat' dir='ltr'><strong>Nam</strong></span> <span class='ocrx_word' id='word_1_61' title='bbox 475 1308 658 1379; x_wconf 82' lang='lat' dir='ltr'><strong>utique</strong></span> <span class='ocrx_word' id='word_1_62' title='bbox 686 1322 822 1379; x_wconf 78' lang='lat' dir='ltr'><strong>quos</strong></span> <span class='ocrx_word' id='word_1_63' title='bbox 867 1307 939 1362; x_wconf 86' lang='lat' dir='ltr'><strong>ibi</strong></span> <span class='ocrx_word' id='word_1_64' title='bbox 970 1308 1197 1373; x_wconf 84' lang='lat' dir='ltr'><strong>invenit,</strong></span> <span class='ocrx_word' id='word_1_65' title='bbox 1245 1321 1353 1363; x_wconf 85' lang='lat' dir='ltr'><strong>non</strong></span> <span class='ocrx_word' id='word_1_66' title='bbox 1401 1322 1523 1363; x_wconf 84' lang='lat' dir='ltr'><strong>cum</strong></span> <span class='ocrx_word' id='word_1_67' title='bbox 1548 1308 1626 1364; x_wconf 89' lang='lat' dir='ltr'><strong>eis</strong></span> <span class='ocrx_word' id='word_1_68' title='bbox 1650 1310 1886 1365; x_wconf 84' lang='lat' dir='ltr'><strong>intravit.</strong></span> 
     </span>
    </p>
   </div>
   <div class='ocr_carea' id='block_1_10' title="bbox 297 1396 1891 1472">
    <p class='ocr_par' dir='ltr' id='par_1_10' title="bbox 297 1396 1891 1472">
     <span class='ocr_line' id='line_1_10' title="bbox 297 1396 1891 1472; baseline -0.001 -15"><span class='ocrx_word' id='word_1_69' title='bbox 297 1399 407 1457; x_wconf 85' lang='lat' dir='ltr'><strong>Sed</strong></span> <span class='ocrx_word' id='word_1_70' title='bbox 427 1400 683 1471; x_wconf 84' lang='lat' dir='ltr'><strong>quoniam</strong></span> <span class='ocrx_word' id='word_1_71' title='bbox 704 1396 1014 1470; x_wconf 84' lang='lat' dir='ltr'><strong>diligentius</strong></span> <span class='ocrx_word' id='word_1_72' title='bbox 1032 1398 1272 1453; x_wconf 87' lang='lat' dir='ltr'><strong>discussa</strong></span> <span class='ocrx_word' id='word_1_73' title='bbox 1302 1398 1531 1455; x_wconf 85' lang='lat' dir='ltr'><strong>veritate</strong></span> <span class='ocrx_word' id='word_1_74' title='bbox 1552 1400 1891 1472; x_wconf 86' lang='lat' dir='ltr'><strong>reperiuntur</strong></span> 
     </span>
    </p>
   </div>
   <div class='ocr_carea' id='block_1_11' title="bbox 296 1490 1871 1562">
    <p class='ocr_par' dir='ltr' id='par_1_11' title="bbox 296 1490 1871 1562">
     <span class='ocr_line' id='line_1_11' title="bbox 296 1490 1871 1562; baseline -0.003 -12"><span class='ocrx_word' id='word_1_75' title='bbox 296 1494 407 1551; x_wconf 79' lang='lat' dir='ltr'><strong>duo</strong></span> <span class='ocrx_word' id='word_1_76' title='bbox 430 1493 544 1549; x_wconf 85' lang='lat' dir='ltr'><strong>nati</strong></span> <span class='ocrx_word' id='word_1_77' title='bbox 559 1494 674 1562; x_wconf 79' lang='lat' dir='ltr'><strong>jam</strong></span> <span class='ocrx_word' id='word_1_78' title='bbox 694 1491 860 1548; x_wconf 79' lang='lat' dir='ltr'><strong>fuisse</strong></span> <span class='ocrx_word' id='word_1_79' title='bbox 884 1506 1011 1547; x_wconf 80' lang='lat' dir='ltr'><strong>cum</strong></span> <span class='ocrx_word' id='word_1_80' title='bbox 1037 1490 1271 1558; x_wconf 79' lang='lat' dir='ltr'><strong>intravit,</strong></span> <span class='ocrx_word' id='word_1_81' title='bbox 1300 1490 1549 1561; x_wconf 70' lang='lat' dir='ltr'><strong>Ephrazm</strong></span> <span class='ocrx_word' id='word_1_82' title='bbox 1579 1500 1635 1547; x_wconf 90' lang='lat' dir='ltr'><strong>et</strong></span> <span class='ocrx_word' id='word_1_83' title='bbox 1658 1491 1871 1547; x_wconf 77' lang='lat' dir='ltr'><strong>Manas-</strong></span> 
     </span>
    </p>
   </div>
   <div class='ocr_carea' id='block_1_12' title="bbox 298 1576 1893 1655">
    <p class='ocr_par' dir='ltr' id='par_1_12' title="bbox 298 1576 1893 1655">
     <span class='ocr_line' id='line_1_12' title="bbox 298 1576 1893 1655; baseline -0.001 -16"><span class='ocrx_word' id='word_1_84' title='bbox 298 1600 407 1650; x_wconf 65' lang='grc' dir='ltr'><strong>δας,</strong></span> <span class='ocrx_word' id='word_1_85' title='bbox 436 1582 581 1655; x_wconf 85' lang='lat' dir='ltr'><strong>quod</strong></span> <span class='ocrx_word' id='word_1_86' title='bbox 600 1598 706 1638; x_wconf 91' lang='lat' dir='ltr'><strong>non</strong></span> <span class='ocrx_word' id='word_1_87' title='bbox 734 1582 911 1638; x_wconf 87' lang='lat' dir='ltr'><strong>solum</strong></span> <span class='ocrx_word' id='word_1_88' title='bbox 935 1583 1037 1638; x_wconf 91' lang='lat' dir='ltr'><strong>hoc</strong></span> <span class='ocrx_word' id='word_1_89' title='bbox 1063 1581 1181 1639; x_wconf 90' lang='lat' dir='ltr'><strong>loco</strong></span> <span class='ocrx_word' id='word_1_90' title='bbox 1210 1581 1411 1637; x_wconf 79' lang='lat' dir='ltr'><strong>hebraei</strong></span> <span class='ocrx_word' id='word_1_91' title='bbox 1434 1581 1647 1639; x_wconf 87' lang='lat' dir='ltr'><strong>codices</strong></span> <span class='ocrx_word' id='word_1_92' title='bbox 1692 1576 1893 1638; x_wconf 86' lang='lat' dir='ltr'><strong>habere</strong></span> 
     </span>
    </p>
   </div>
   <div class='ocr_carea' id='block_1_13' title="bbox 298 1676 1895 1750">
    <p class='ocr_par' dir='ltr' id='par_1_13' title="bbox 298 1676 1895 1750">
     <span class='ocr_line' id='line_1_13' title="bbox 298 1676 1895 1750; baseline -0.003 -15"><span class='ocrx_word' id='word_1_93' title='bbox 298 1680 575 1748; x_wconf 83' lang='lat' dir='ltr'><strong>dicuntur,</strong></span> <span class='ocrx_word' id='word_1_94' title='bbox 601 1694 786 1735; x_wconf 89' lang='lat' dir='ltr'><strong>verum</strong></span> <span class='ocrx_word' id='word_1_95' title='bbox 837 1680 998 1735; x_wconf 87' lang='lat' dir='ltr'><strong>etiam</strong></span> <span class='ocrx_word' id='word_1_96' title='bbox 1043 1678 1159 1750; x_wconf 89' lang='lat' dir='ltr'><strong>ipsa</strong></span> <span class='ocrx_word' id='word_1_97' title='bbox 1212 1676 1506 1734; x_wconf 91' lang='lat' dir='ltr'><strong>secundum</strong></span> <span class='ocrx_word' id='word_1_98' title='bbox 1548 1676 1895 1749; x_wconf 75' lang='lat' dir='ltr'><strong>Septuaginta</strong></span> 
     </span>
    </p>
   </div>
   <div class='ocr_carea' id='block_1_14' title="bbox 299 1756 1896 1843">
    <p class='ocr_par' dir='ltr' id='par_1_14' title="bbox 299 1756 1896 1843">
     <span class='ocr_line' id='line_1_14' title="bbox 299 1756 1896 1843; baseline -0.002 -15"><span class='ocrx_word' id='word_1_99' title='bbox 299 1772 675 1843; x_wconf 79' lang='lat' dir='ltr'><strong>interpretatio</strong></span> <span class='ocrx_word' id='word_1_100' title='bbox 703 1772 756 1827; x_wconf 90' lang='lat' dir='ltr'><strong>in</strong></span> <span class='ocrx_word' id='word_1_101' title='bbox 799 1756 986 1828; x_wconf 62' lang='lat' dir='ltr'><strong>Exodo</strong></span> <span class='ocrx_word' id='word_1_102' title='bbox 1012 1770 1285 1838; x_wconf 82' lang='lat' dir='ltr'><strong>declarat;</strong></span> <span class='ocrx_word' id='word_1_103' title='bbox 1314 1786 1412 1825; x_wconf 91' lang='lat' dir='ltr'><strong>nec</strong></span> <span class='ocrx_word' id='word_1_104' title='bbox 1437 1768 1781 1841; x_wconf 77' lang='lat' dir='ltr'><strong>Septuaginta</strong></span> <span class='ocrx_word' id='word_1_105' title='bbox 1815 1769 1896 1825; x_wconf 90' lang='lat' dir='ltr'><strong>in-</strong></span> 
     </span>
    </p>
   </div>
   <div class='ocr_carea' id='block_1_15' title="bbox 300 1854 1895 1934">
    <p class='ocr_par' dir='ltr' id='par_1_15' title="bbox 300 1854 1895 1934">
     <span class='ocr_line' id='line_1_15' title="bbox 300 1854 1895 1934; baseline -0.001 -13"><span class='ocrx_word' id='word_1_106' title='bbox 300 1872 573 1934; x_wconf 83' lang='lat' dir='ltr'><strong>terpretes</strong></span> <span class='ocrx_word' id='word_1_107' title='bbox 618 1863 752 1919; x_wconf 86' lang='lat' dir='ltr'><strong>mihi</strong></span> <span class='ocrx_word' id='word_1_108' title='bbox 796 1864 850 1918; x_wconf 89' lang='lat' dir='ltr'><strong>in</strong></span> <span class='ocrx_word' id='word_1_109' title='bbox 892 1864 996 1919; x_wconf 88' lang='lat' dir='ltr'><strong>hoc</strong></span> <span class='ocrx_word' id='word_1_110' title='bbox 1019 1861 1266 1920; x_wconf 85' lang='lat' dir='ltr'><strong>videntur</strong></span> <span class='ocrx_word' id='word_1_111' title='bbox 1291 1878 1529 1929; x_wconf 77' lang='lat' dir='ltr'><strong>errasse,</strong></span> <span class='ocrx_word' id='word_1_112' title='bbox 1560 1854 1649 1934; x_wconf 80' lang='lat' dir='ltr'><strong>qtii</strong></span> <span class='ocrx_word' id='word_1_113' title='bbox 1676 1872 1895 1933; x_wconf 86' lang='lat' dir='ltr'><strong>propter</strong></span> 
     </span>
    </p>
   </div>
   <div class='ocr_carea' id='block_1_16' title="bbox 298 1953 1891 2028">
    <p class='ocr_par' dir='ltr' id='par_1_16' title="bbox 298 1953 1891 2028">
     <span class='ocr_line' id='line_1_16' title="bbox 298 1953 1891 2028; baseline -0.003 -16"><span class='ocrx_word' id='word_1_114' title='bbox 298 1956 536 2027; x_wconf 81' lang='lat' dir='ltr'><strong>aliquam</strong></span> <span class='ocrx_word' id='word_1_115' title='bbox 563 1955 844 2028; x_wconf 75' lang='lat' dir='ltr'><strong>mysticam</strong></span> <span class='ocrx_word' id='word_1_116' title='bbox 869 1953 1311 2026; x_wconf 75' lang='lat' dir='ltr'><strong>signiﬁcationem</strong></span> <span class='ocrx_word' id='word_1_117' title='bbox 1337 1953 1564 2026; x_wconf 91' lang='lat' dir='ltr'><strong>quadam</strong></span> <span class='ocrx_word' id='word_1_118' title='bbox 1588 1953 1733 2008; x_wconf 91' lang='lat' dir='ltr'><strong>velut</strong></span> <span class='ocrx_word' id='word_1_119' title='bbox 1758 1967 1891 2023; x_wconf 92' lang='lat' dir='ltr'><strong>pro-</strong></span> 
     </span>
    </p>
   </div>
   <div class='ocr_carea' id='block_1_17' title="bbox 300 2046 1893 2117">
    <p class='ocr_par' dir='ltr' id='par_1_17' title="bbox 300 2046 1893 2117">
     <span class='ocr_line' id='line_1_17' title="bbox 300 2046 1893 2117; baseline -0.001 -15"><span class='ocrx_word' id='word_1_120' title='bbox 300 2048 519 2117; x_wconf 84' lang='lat' dir='ltr'><strong>phetica</strong></span> <span class='ocrx_word' id='word_1_121' title='bbox 548 2047 798 2104; x_wconf 84' lang='lat' dir='ltr'><strong>libertate</strong></span> <span class='ocrx_word' id='word_1_122' title='bbox 818 2046 958 2103; x_wconf 87' lang='lat' dir='ltr'><strong>hunc</strong></span> <span class='ocrx_word' id='word_1_123' title='bbox 977 2062 1259 2104; x_wconf 78' lang='lat' dir='ltr'><strong>numerum</strong></span> <span class='ocrx_word' id='word_1_124' title='bbox 1295 2046 1893 2117; x_wconf 80' lang='lat' dir='ltr'><strong>eomplere‘voluerunt,</strong></span> 
     </span>
    </p>
   </div>
   <div class='ocr_carea' id='block_1_18' title="bbox 302 2140 1896 2198">
    <p class='ocr_par' dir='ltr' id='par_1_18' title="bbox 302 2140 1896 2198">
     <span class='ocr_line' id='line_1_18' title="bbox 302 2140 1896 2198; baseline 0 -1"><span class='ocrx_word' id='word_1_125' title='bbox 302 2142 353 2197; x_wconf 79' lang='lat' dir='ltr'><strong>si</strong></span> <span class='ocrx_word' id='word_1_126' title='bbox 380 2141 559 2197; x_wconf 82' lang='lat' dir='ltr'><strong>adhuc</strong></span> <span class='ocrx_word' id='word_1_127' title='bbox 587 2142 800 2197; x_wconf 85' lang='lat' dir='ltr'><strong>vivente</strong></span> <span class='ocrx_word' id='word_1_128' title='bbox 835 2140 1001 2197; x_wconf 82' lang='lat' dir='ltr'><strong>Jacob</strong></span> <span class='ocrx_word' id='word_1_129' title='bbox 1029 2140 1108 2197; x_wconf 91' lang='lat' dir='ltr'><strong>illi</strong></span> <span class='ocrx_word' id='word_1_130' title='bbox 1135 2157 1204 2198; x_wconf 86' lang='lat' dir='ltr'><strong>ex</strong></span> <span class='ocrx_word' id='word_1_131' title='bbox 1233 2140 1439 2198; x_wconf 88' lang='lat' dir='ltr'><strong>duobus</strong></span> <span class='ocrx_word' id='word_1_132' title='bbox 1480 2140 1605 2197; x_wconf 81' lang='lat' dir='ltr'><strong>ﬁliis</strong></span> <span class='ocrx_word' id='word_1_133' title='bbox 1650 2140 1896 2197; x_wconf 82' lang='lat' dir='ltr'><strong>Manasse</strong></span> 
     </span>
    </p>
   </div>
   <div class='ocr_carea' id='block_1_19' title="bbox 300 2232 1894 2305">
    <p class='ocr_par' dir='ltr' id='par_1_19' title="bbox 300 2232 1894 2305">
     <span class='ocr_line' id='line_1_19' title="bbox 300 2232 1894 2305; baseline 0 -17"><span class='ocrx_word' id='word_1_134' title='bbox 300 2244 362 2289; x_wconf 84' lang='lat' dir='ltr'><strong>et</strong></span> <span class='ocrx_word' id='word_1_135' title='bbox 387 2233 638 2305; x_wconf 70' lang='lat' dir='ltr'><strong>Ephram</strong></span> <span class='ocrx_word' id='word_1_136' title='bbox 682 2232 962 2305; x_wconf 82' lang='lat' dir='ltr'><strong>propagati</strong></span> <span class='ocrx_word' id='word_1_137' title='bbox 1000 2242 1145 2301; x_wconf 90' lang='lat' dir='ltr'><strong>sunt,</strong></span> <span class='ocrx_word' id='word_1_138' title='bbox 1174 2248 1310 2304; x_wconf 90' lang='lat' dir='ltr'><strong>quos</strong></span> <span class='ocrx_word' id='word_1_139' title='bbox 1345 2232 1520 2289; x_wconf 89' lang='lat' dir='ltr'><strong>eidem</strong></span> <span class='ocrx_word' id='word_1_140' title='bbox 1545 2248 1770 2290; x_wconf 88' lang='lat' dir='ltr'><strong>numero</strong></span> <span class='ocrx_word' id='word_1_141' title='bbox 1794 2232 1894 2288; x_wconf 91' lang='lat' dir='ltr'><strong>do-</strong></span> 
     </span>
    </p>
   </div>
   <div class='ocr_carea' id='block_1_20' title="bbox 303 2324 1897 2400">
    <p class='ocr_par' dir='ltr' id='par_1_20' title="bbox 303 2324 1897 2400">
     <span class='ocr_line' id='line_1_20' title="bbox 303 2324 1897 2400; baseline -0.003 -16"><span class='ocrx_word' id='word_1_142' title='bbox 303 2343 429 2384; x_wconf 68' lang='lat' dir='ltr'><strong>ntis</strong></span> <span class='ocrx_word' id='word_1_143' title='bbox 459 2326 631 2384; x_wconf 69' lang='lat' dir='ltr'><strong>Iacob</strong></span> <span class='ocrx_word' id='word_1_144' title='bbox 649 2328 1012 2400; x_wconf 70' lang='lat' dir='ltr'><strong>aggregandos</strong></span> <span class='ocrx_word' id='word_1_145' title='bbox 1048 2325 1436 2397; x_wconf 73' lang='lat' dir='ltr'><strong>iudicaverunt.</strong></span> <span class='ocrx_word' id='word_1_146' title='bbox 1470 2325 1575 2382; x_wconf 87' lang='lat' dir='ltr'><strong>Sed</strong></span> <span class='ocrx_word' id='word_1_147' title='bbox 1602 2325 1722 2396; x_wconf 85' lang='lat' dir='ltr'><strong>quia</strong></span> <span class='ocrx_word' id='word_1_148' title='bbox 1751 2324 1897 2380; x_wconf 84' lang='lat' dir='ltr'><strong>inve-</strong></span> 
     </span>
    </p>
   </div>
   <div class='ocr_carea' id='block_1_21' title="bbox 304 2417 1897 2491">
    <p class='ocr_par' dir='ltr' id='par_1_21' title="bbox 304 2417 1897 2491">
     <span class='ocr_line' id='line_1_21' title="bbox 304 2417 1897 2491; baseline -0.001 -14"><span class='ocrx_word' id='word_1_149' title='bbox 304 2421 454 2477; x_wconf 67' lang='lat' dir='ltr'><strong>nitu</strong></span> <span class='ocrx_word' id='word_1_150' title='bbox 472 2421 636 2478; x_wconf 82' lang='lat' dir='ltr'><strong>Jacob</strong></span> <span class='ocrx_word' id='word_1_151' title='bbox 655 2421 843 2478; x_wconf 80' lang='lat' dir='ltr'><strong>decem</strong></span> <span class='ocrx_word' id='word_1_152' title='bbox 872 2430 929 2477; x_wconf 87' lang='lat' dir='ltr'><strong>et</strong></span> <span class='ocrx_word' id='word_1_153' title='bbox 950 2429 1157 2491; x_wconf 82' lang='lat' dir='ltr'><strong>septem</strong></span> <span class='ocrx_word' id='word_1_154' title='bbox 1178 2436 1349 2477; x_wconf 78' lang='lat' dir='ltr'><strong>annos</strong></span> <span class='ocrx_word' id='word_1_155' title='bbox 1364 2419 1560 2475; x_wconf 76' lang='lat' dir='ltr'><strong>vixisse</strong></span> <span class='ocrx_word' id='word_1_156' title='bbox 1587 2419 1642 2475; x_wconf 92' lang='lat' dir='ltr'><strong>in</strong></span> <span class='ocrx_word' id='word_1_157' title='bbox 1662 2417 1897 2491; x_wconf 63' lang='lat' dir='ltr'><strong>Egypto</strong></span> 
     </span>
    </p>
   </div>
   <div class='ocr_carea' id='block_1_22' title="bbox 302 2511 1897 2587">
    <p class='ocr_par' dir='ltr' id='par_1_22' title="bbox 302 2511 1897 2587">
     <span class='ocr_line' id='line_1_22' title="bbox 302 2511 1897 2587; baseline 0 -18"><span class='ocrx_word' id='word_1_158' title='bbox 302 2514 327 2584; x_wconf 91' lang='lat'><strong>(</strong></span> <span class='ocrx_word' id='word_1_159' title='bbox 350 2512 484 2570; x_wconf 75' lang='lat' dir='ltr'><strong>Gen.</strong></span> <span class='ocrx_word' id='word_1_160' title='bbox 512 2524 681 2583; x_wconf 70' lang='lat' dir='ltr'><strong>xnvn,</strong></span> <span class='ocrx_word' id='word_1_161' title='bbox 701 2512 835 2587; x_wconf 75' lang='lat'><strong>28),</strong></span> <span class='ocrx_word' id='word_1_162' title='bbox 858 2513 1128 2585; x_wconf 81' lang='lat' dir='ltr'><strong>quomodo</strong></span> <span class='ocrx_word' id='word_1_163' title='bbox 1150 2520 1443 2585; x_wconf 84' lang='lat' dir='ltr'><strong>potuerunt</strong></span> <span class='ocrx_word' id='word_1_164' title='bbox 1463 2512 1556 2568; x_wconf 80' lang='lat' dir='ltr'><strong>lilii</strong></span> <span class='ocrx_word' id='word_1_165' title='bbox 1581 2511 1779 2583; x_wconf 79' lang='lat' dir='ltr'><strong>Joseph</strong></span> <span class='ocrx_word' id='word_1_166' title='bbox 1805 2512 1897 2569; x_wconf 88' lang='lat' dir='ltr'><strong>illo</strong></span> 
     </span>
    </p>
   </div>
   <div class='ocr_carea' id='block_1_23' title="bbox 300 2603 1893 2679">
    <p class='ocr_par' dir='ltr' id='par_1_23' title="bbox 300 2603 1893 2679">
     <span class='ocr_line' id='line_1_23' title="bbox 300 2603 1893 2679; baseline -0.002 -17"><span class='ocrx_word' id='word_1_167' title='bbox 300 2606 613 2663; x_wconf 68' lang='lat' dir='ltr'><strong>vivoetiam</strong></span> <span class='ocrx_word' id='word_1_168' title='bbox 644 2614 869 2679; x_wconf 86' lang='lat' dir='ltr'><strong>nepotes</strong></span> <span class='ocrx_word' id='word_1_169' title='bbox 888 2604 1108 2673; x_wconf 85' lang='lat' dir='ltr'><strong>habere,</strong></span> <span class='ocrx_word' id='word_1_170' title='bbox 1160 2620 1270 2660; x_wconf 80' lang='lat' dir='ltr'><strong>non</strong></span> <span class='ocrx_word' id='word_1_171' title='bbox 1299 2604 1585 2660; x_wconf 85' lang='lat' dir='ltr'><strong>invenitur.</strong></span> <span class='ocrx_word' id='word_1_172' title='bbox 1614 2603 1893 2675; x_wconf 76' lang='lat' dir='ltr'><strong>Ingressus</strong></span> 
     </span>
    </p>
   </div>
   <div class='ocr_carea' id='block_1_24' title="bbox 301 2694 1895 2770">
    <p class='ocr_par' dir='ltr' id='par_1_24' title="bbox 301 2694 1895 2770">
     <span class='ocr_line' id='line_1_24' title="bbox 301 2694 1895 2770; baseline -0.003 -15"><span class='ocrx_word' id='word_1_173' title='bbox 301 2706 391 2755; x_wconf 65' lang='lat' dir='ltr'><strong>ea</strong></span> <span class='ocrx_word' id='word_1_174' title='bbox 415 2697 560 2753; x_wconf 82' lang='lat' dir='ltr'><strong>enim</strong></span> <span class='ocrx_word' id='word_1_175' title='bbox 588 2697 879 2770; x_wconf 61' lang='lat' dir='ltr'><strong>Egyptum</strong></span> <span class='ocrx_word' id='word_1_176' title='bbox 924 2696 1093 2754; x_wconf 83' lang='lat' dir='ltr'><strong>Jaeob</strong></span> <span class='ocrx_word' id='word_1_177' title='bbox 1136 2695 1378 2753; x_wconf 79' lang='lat' dir='ltr'><strong>secundo</strong></span> <span class='ocrx_word' id='word_1_178' title='bbox 1405 2711 1548 2752; x_wconf 84' lang='lat' dir='ltr'><strong>anno</strong></span> <span class='ocrx_word' id='word_1_179' title='bbox 1585 2695 1741 2751; x_wconf 86' lang='lat' dir='ltr'><strong>famis</strong></span> <span class='ocrx_word' id='word_1_180' title='bbox 1767 2694 1895 2767; x_wconf 88' lang='lat' dir='ltr'><strong>(Id.</strong></span> 
     </span>
    </p>
   </div>
   <div class='ocr_carea' id='block_1_25' title="bbox 299 2790 1894 2864">
    <p class='ocr_par' dir='ltr' id='par_1_25' title="bbox 299 2790 1894 2864">
     <span class='ocr_line' id='line_1_25' title="bbox 299 2790 1894 2864; baseline -0.001 -17"><span class='ocrx_word' id='word_1_181' title='bbox 299 2807 435 2860; x_wconf 64' lang='lat' dir='ltr'><strong>nr,</strong></span> <span class='ocrx_word' id='word_1_182' title='bbox 462 2792 496 2847; x_wconf 82' lang='lat'><strong>6</strong></span> <span class='ocrx_word' id='word_1_183' title='bbox 516 2790 579 2863; x_wconf 80' lang='lat'><strong>);</strong></span> <span class='ocrx_word' id='word_1_184' title='bbox 606 2792 721 2847; x_wconf 77' lang='lat' dir='ltr'><strong>nati</strong></span> <span class='ocrx_word' id='word_1_185' title='bbox 739 2800 865 2848; x_wconf 88' lang='lat' dir='ltr'><strong>sunt</strong></span> <span class='ocrx_word' id='word_1_186' title='bbox 889 2800 1069 2848; x_wconf 82' lang='lat' dir='ltr'><strong>autem</strong></span> <span class='ocrx_word' id='word_1_187' title='bbox 1090 2791 1187 2847; x_wconf 83' lang='lat' dir='ltr'><strong>ﬁlii</strong></span> <span class='ocrx_word' id='word_1_188' title='bbox 1225 2790 1425 2864; x_wconf 78' lang='lat' dir='ltr'><strong>Joseph</strong></span> <span class='ocrx_word' id='word_1_189' title='bbox 1454 2792 1512 2847; x_wconf 91' lang='lat' dir='ltr'><strong>in</strong></span> <span class='ocrx_word' id='word_1_190' title='bbox 1532 2791 1688 2847; x_wconf 89' lang='lat' dir='ltr'><strong>annis</strong></span> <span class='ocrx_word' id='word_1_191' title='bbox 1724 2792 1894 2846; x_wconf 90' lang='lat' dir='ltr'><strong>abun-</strong></span> 
     </span>
    </p>
   </div>
   <div class='ocr_carea' id='block_1_26' title="bbox 299 2880 1894 2956">
    <p class='ocr_par' dir='ltr' id='par_1_26' title="bbox 299 2880 1894 2956">
     <span class='ocr_line' id='line_1_26' title="bbox 299 2880 1894 2956; baseline -0.001 -17"><span class='ocrx_word' id='word_1_192' title='bbox 299 2882 500 2939; x_wconf 68' lang='lat' dir='ltr'><strong>dantiae</strong></span> <span class='ocrx_word' id='word_1_193' title='bbox 520 2881 643 2956; x_wconf 85' lang='lat' dir='ltr'><strong>(1d.</strong></span> <span class='ocrx_word' id='word_1_194' title='bbox 670 2899 783 2950; x_wconf 80' lang='lat' dir='ltr'><strong>xu,</strong></span> <span class='ocrx_word' id='word_1_195' title='bbox 804 2880 921 2956; x_wconf 76' lang='lat'><strong>50)</strong></span> <span class='ocrx_word' id='word_1_196' title='bbox 949 2900 964 2938; x_wconf 92' lang='lat'><strong>:</strong></span> <span class='ocrx_word' id='word_1_197' title='bbox 992 2881 1317 2954; x_wconf 74' lang='lat' dir='ltr'><strong>quibuslibet</strong></span> <span class='ocrx_word' id='word_1_198' title='bbox 1339 2882 1493 2938; x_wconf 89' lang='lat' dir='ltr'><strong>annis</strong></span> <span class='ocrx_word' id='word_1_199' title='bbox 1519 2883 1777 2938; x_wconf 83' lang='lat' dir='ltr'><strong>ubertatis</strong></span> <span class='ocrx_word' id='word_1_200' title='bbox 1798 2897 1894 2937; x_wconf 88' lang='lat' dir='ltr'><strong>na-</strong></span> 
     </span>
    </p>
   </div>
   <div class='ocr_carea' id='block_1_27' title="bbox 302 2970 1892 3043">
    <p class='ocr_par' dir='ltr' id='par_1_27' title="bbox 302 2970 1892 3043">
     <span class='ocr_line' id='line_1_27' title="bbox 302 2970 1892 3043; baseline -0.001 -15"><span class='ocrx_word' id='word_1_201' title='bbox 302 2973 346 3028; x_wconf 83' lang='lat' dir='ltr'><strong>ti</strong></span> <span class='ocrx_word' id='word_1_202' title='bbox 372 2970 771 3040; x_wconf 77' lang='lat' dir='ltr'><strong>existimentur,</strong></span> <span class='ocrx_word' id='word_1_203' title='bbox 799 2986 831 3027; x_wconf 85' lang='lat' dir='ltr'><strong>a</strong></span> <span class='ocrx_word' id='word_1_204' title='bbox 855 2972 1030 3043; x_wconf 87' lang='lat' dir='ltr'><strong>primo</strong></span> <span class='ocrx_word' id='word_1_205' title='bbox 1057 2982 1200 3027; x_wconf 84' lang='lat' dir='ltr'><strong>anno</strong></span> <span class='ocrx_word' id='word_1_206' title='bbox 1226 2972 1485 3027; x_wconf 81' lang='lat' dir='ltr'><strong>ubertatis</strong></span> <span class='ocrx_word' id='word_1_207' title='bbox 1514 2987 1684 3043; x_wconf 90' lang='lat' dir='ltr'><strong>usque</strong></span> <span class='ocrx_word' id='word_1_208' title='bbox 1705 2971 1771 3028; x_wconf 90' lang='lat' dir='ltr'><strong>ad</strong></span> <span class='ocrx_word' id='word_1_209' title='bbox 1805 2986 1892 3027; x_wconf 86' lang='lat' dir='ltr'><strong>se-</strong></span> 
     </span>
    </p>
   </div>
   <div class='ocr_carea' id='block_1_28' title="bbox 307 3062 1879 3135">
    <p class='ocr_par' dir='ltr' id='par_1_28' title="bbox 307 3062 1879 3135">
     <span class='ocr_line' id='line_1_28' title="bbox 307 3062 1879 3135; baseline -0.002 -15"><span class='ocrx_word' id='word_1_210' title='bbox 307 3062 543 3120; x_wconf 76' lang='lat' dir='ltr'><strong>cundum</strong></span> <span class='ocrx_word' id='word_1_211' title='bbox 569 3078 770 3119; x_wconf 69' lang='lat' dir='ltr'><strong>uitium</strong></span> <span class='ocrx_word' id='word_1_212' title='bbox 825 3062 999 3129; x_wconf 82' lang='lat' dir='ltr'><strong>famis,</strong></span> <span class='ocrx_word' id='word_1_213' title='bbox 1028 3078 1135 3134; x_wconf 89' lang='lat' dir='ltr'><strong>quo</strong></span> <span class='ocrx_word' id='word_1_214' title='bbox 1180 3063 1455 3135; x_wconf 84' lang='lat' dir='ltr'><strong>ingressus</strong></span> <span class='ocrx_word' id='word_1_215' title='bbox 1488 3071 1571 3119; x_wconf 87' lang='lat' dir='ltr'><strong>est</strong></span> <span class='ocrx_word' id='word_1_216' title='bbox 1612 3062 1779 3119; x_wconf 77' lang='lat' dir='ltr'><strong>Jacob</strong></span> <span class='ocrx_word' id='word_1_217' title='bbox 1826 3063 1879 3118; x_wconf 91' lang='lat' dir='ltr'><strong>in</strong></span> 
     </span>
    </p>
   </div>
   <div class='ocr_carea' id='block_1_29' title="bbox 300 3153 1897 3227">
    <p class='ocr_par' dir='ltr' id='par_1_29' title="bbox 300 3153 1897 3227">
     <span class='ocr_line' id='line_1_29' title="bbox 300 3153 1897 3227; baseline 0.001 -18"><span class='ocrx_word' id='word_1_218' title='bbox 300 3153 617 3227; x_wconf 70' lang='lat' dir='ltr'><strong>Egyptum,</strong></span> <span class='ocrx_word' id='word_1_219' title='bbox 667 3168 863 3211; x_wconf 81' lang='lat' dir='ltr'><strong>novem</strong></span> <span class='ocrx_word' id='word_1_220' title='bbox 888 3154 1015 3209; x_wconf 85' lang='lat' dir='ltr'><strong>anni</strong></span> <span class='ocrx_word' id='word_1_221' title='bbox 1056 3163 1215 3221; x_wconf 88' lang='lat' dir='ltr'><strong>sunt;</strong></span> <span class='ocrx_word' id='word_1_222' title='bbox 1267 3155 1371 3209; x_wconf 88' lang='lat' dir='ltr'><strong>huc</strong></span> <span class='ocrx_word' id='word_1_223' title='bbox 1395 3154 1592 3210; x_wconf 84' lang='lat' dir='ltr'><strong>additis</strong></span> <span class='ocrx_word' id='word_1_224' title='bbox 1620 3154 1808 3210; x_wconf 91' lang='lat' dir='ltr'><strong>decem</strong></span> <span class='ocrx_word' id='word_1_225' title='bbox 1838 3160 1897 3210; x_wconf 89' lang='lat' dir='ltr'><strong>et</strong></span> 
     </span>
    </p>
   </div>
   <div class='ocr_carea' id='block_1_30' title="bbox 300 3246 1895 3319">
    <p class='ocr_par' dir='ltr' id='par_1_30' title="bbox 300 3246 1895 3319">
     <span class='ocr_line' id='line_1_30' title="bbox 300 3246 1895 3319; baseline -0.003 -13"><span class='ocrx_word' id='word_1_226' title='bbox 300 3256 514 3319; x_wconf 75' lang='lat' dir='ltr'><strong>septem</strong></span> <span class='ocrx_word' id='word_1_227' title='bbox 537 3247 734 3319; x_wconf 79' lang='lat' dir='ltr'><strong>quibus</strong></span> <span class='ocrx_word' id='word_1_228' title='bbox 757 3247 830 3303; x_wconf 91' lang='lat' dir='ltr'><strong>ibi</strong></span> <span class='ocrx_word' id='word_1_229' title='bbox 851 3247 982 3302; x_wconf 83' lang='lat' dir='ltr'><strong>vixit</strong></span> <span class='ocrx_word' id='word_1_230' title='bbox 1006 3246 1193 3315; x_wconf 84' lang='lat' dir='ltr'><strong>Jacob,</strong></span> <span class='ocrx_word' id='word_1_231' title='bbox 1224 3248 1410 3319; x_wconf 78' lang='lat' dir='ltr'><strong>viginti</strong></span> <span class='ocrx_word' id='word_1_232' title='bbox 1449 3263 1543 3304; x_wconf 89' lang='lat' dir='ltr'><strong>sex</strong></span> <span class='ocrx_word' id='word_1_233' title='bbox 1587 3248 1715 3303; x_wconf 89' lang='lat' dir='ltr'><strong>anni</strong></span> <span class='ocrx_word' id='word_1_234' title='bbox 1741 3262 1895 3318; x_wconf 88' lang='lat' dir='ltr'><strong>repe-</strong></span> 
     </span>
    </p>
   </div>
   <div class='ocr_carea' id='block_1_31' title="bbox 298 3336 1893 3410">
    <p class='ocr_par' dir='ltr' id='par_1_31' title="bbox 298 3336 1893 3410">
     <span class='ocr_line' id='line_1_31' title="bbox 298 3336 1893 3410; baseline -0.001 -15"><span class='ocrx_word' id='word_1_235' title='bbox 298 3339 550 3395; x_wconf 82' lang='lat' dir='ltr'><strong>riuntur.</strong></span> <span class='ocrx_word' id='word_1_236' title='bbox 604 3336 887 3406; x_wconf 71' lang='lat' dir='ltr'><strong>Quoniodo</strong></span> <span class='ocrx_word' id='word_1_237' title='bbox 936 3352 1063 3410; x_wconf 77' lang='lat' dir='ltr'><strong>ergo</strong></span> <span class='ocrx_word' id='word_1_238' title='bbox 1089 3338 1266 3393; x_wconf 83' lang='lat' dir='ltr'><strong>minus</strong></span> <span class='ocrx_word' id='word_1_239' title='bbox 1307 3354 1469 3410; x_wconf 89' lang='lat' dir='ltr'><strong>quam</strong></span> <span class='ocrx_word' id='word_1_240' title='bbox 1498 3338 1683 3410; x_wconf 82' lang='lat' dir='ltr'><strong>viginti</strong></span> <span class='ocrx_word' id='word_1_241' title='bbox 1706 3348 1762 3395; x_wconf 93' lang='lat' dir='ltr'><strong>et</strong></span> <span class='ocrx_word' id='word_1_242' title='bbox 1797 3352 1893 3395; x_wconf 86' lang='lat' dir='ltr'><strong>sex</strong></span> 
     </span>
    </p>
   </div>
   <div class='ocr_carea' id='block_1_32' title="bbox 298 3428 1895 3501">
    <p class='ocr_par' dir='ltr' id='par_1_32' title="bbox 298 3428 1895 3501">
     <span class='ocr_line' id='line_1_32' title="bbox 298 3428 1895 3501; baseline -0.002 -14"><span class='ocrx_word' id='word_1_243' title='bbox 298 3444 566 3487; x_wconf 78' lang='lat' dir='ltr'><strong>annorum</strong></span> <span class='ocrx_word' id='word_1_244' title='bbox 604 3428 833 3501; x_wconf 63' lang='lat' dir='ltr'><strong>juvena</strong></span> <span class='ocrx_word' id='word_1_245' title='bbox 859 3428 1021 3485; x_wconf 83' lang='lat' dir='ltr'><strong>etiam</strong></span> <span class='ocrx_word' id='word_1_246' title='bbox 1066 3440 1291 3499; x_wconf 79' lang='lat' dir='ltr'><strong>nepotes</strong></span> <span class='ocrx_word' id='word_1_247' title='bbox 1336 3429 1534 3486; x_wconf 86' lang='lat' dir='ltr'><strong>habere</strong></span> <span class='ocrx_word' id='word_1_248' title='bbox 1563 3429 1895 3498; x_wconf 79' lang='lat' dir='ltr'><strong>potuerunt?</strong></span> 
     </span>
    </p>
   </div>
   <div class='ocr_carea' id='block_1_33' title="bbox 299 3522 1889 3594">
    <p class='ocr_par' dir='ltr' id='par_1_33' title="bbox 299 3522 1889 3594">
     <span class='ocr_line' id='line_1_33' title="bbox 299 3522 1889 3594; baseline -0.002 -14"><span class='ocrx_word' id='word_1_249' title='bbox 299 3524 411 3580; x_wconf 88' lang='lat' dir='ltr'><strong>Sed</strong></span> <span class='ocrx_word' id='word_1_250' title='bbox 437 3540 613 3594; x_wconf 83' lang='lat' dir='ltr'><strong>neque</strong></span> <span class='ocrx_word' id='word_1_251' title='bbox 631 3524 739 3579; x_wconf 79' lang='lat' dir='ltr'><strong>ulla</strong></span> <span class='ocrx_word' id='word_1_252' title='bbox 758 3522 1007 3580; x_wconf 80' lang='lat' dir='ltr'><strong>hebraica</strong></span> <span class='ocrx_word' id='word_1_253' title='bbox 1030 3524 1263 3579; x_wconf 82' lang='lat' dir='ltr'><strong>veritate</strong></span> <span class='ocrx_word' id='word_1_254' title='bbox 1279 3523 1377 3578; x_wconf 84' lang='lat' dir='ltr'><strong>ista</strong></span> <span class='ocrx_word' id='word_1_255' title='bbox 1396 3522 1626 3579; x_wconf 81' lang='lat' dir='ltr'><strong>solvitur</strong></span> <span class='ocrx_word' id='word_1_256' title='bbox 1646 3523 1889 3593; x_wconf 65' lang='lat' dir='ltr'><strong>quaestio.</strong></span> 
     </span>
    </p>
   </div>
   <div class='ocr_carea' id='block_1_34' title="bbox 300 3612 1897 3685">
    <p class='ocr_par' dir='ltr' id='par_1_34' title="bbox 300 3612 1897 3685">
     <span class='ocr_line' id='line_1_34' title="bbox 300 3612 1897 3685; baseline 0 -15"><span class='ocrx_word' id='word_1_257' title='bbox 300 3612 764 3681; x_wconf 73' lang='lat' dir='ltr'><strong>Quemadmodum</strong></span> <span class='ocrx_word' id='word_1_258' title='bbox 796 3615 940 3670; x_wconf 64' lang='lat' dir='ltr'><strong>extim</strong></span> <span class='ocrx_word' id='word_1_259' title='bbox 976 3615 1181 3684; x_wconf 88' lang='lat' dir='ltr'><strong>impleri</strong></span> <span class='ocrx_word' id='word_1_260' title='bbox 1229 3613 1420 3685; x_wconf 86' lang='lat' dir='ltr'><strong>potuit,</strong></span> <span class='ocrx_word' id='word_1_261' title='bbox 1466 3621 1529 3670; x_wconf 88' lang='lat' dir='ltr'><strong>ut</strong></span> <span class='ocrx_word' id='word_1_262' title='bbox 1566 3622 1643 3669; x_wconf 92' lang='lat' dir='ltr'><strong>tot</strong></span> <span class='ocrx_word' id='word_1_263' title='bbox 1668 3626 1897 3685; x_wconf 85' lang='lat' dir='ltr'><strong>nepotes</strong></span> 
     </span>
    </p>
   </div>
   <div class='ocr_carea' id='block_1_35' title="bbox 301 3703 1895 3778">
    <p class='ocr_par' dir='ltr' id='par_1_35' title="bbox 301 3703 1895 3778">
     <span class='ocr_line' id='line_1_35' title="bbox 301 3703 1895 3778; baseline 0 -18"><span class='ocrx_word' id='word_1_264' title='bbox 301 3704 599 3774; x_wconf 68' lang='lat' dir='ltr'><strong>miperet</strong></span> <span class='ocrx_word' id='word_1_265' title='bbox 616 3703 781 3761; x_wconf 81' lang='lat' dir='ltr'><strong>Jaeob</strong></span> <span class='ocrx_word' id='word_1_266' title='bbox 795 3712 1077 3775; x_wconf 81' lang='lat' dir='ltr'><strong>antequam</strong></span> <span class='ocrx_word' id='word_1_267' title='bbox 1094 3705 1318 3761; x_wconf 85' lang='lat' dir='ltr'><strong>intraret</strong></span> <span class='ocrx_word' id='word_1_268' title='bbox 1336 3704 1388 3759; x_wconf 91' lang='lat' dir='ltr'><strong>in</strong></span> <span class='ocrx_word' id='word_1_269' title='bbox 1404 3704 1717 3778; x_wconf 59' lang='lat' dir='ltr'><strong>Egyptum,</strong></span> <span class='ocrx_word' id='word_1_270' title='bbox 1731 3704 1895 3761; x_wconf 85' lang='lat' dir='ltr'><strong>etiam</strong></span> 
     </span>
    </p>
   </div>
   <div class='ocr_carea' id='block_1_36' title="bbox 302 3794 1893 3865">
    <p class='ocr_par' dir='ltr' id='par_1_36' title="bbox 302 3794 1893 3865">
     <span class='ocr_line' id='line_1_36' title="bbox 302 3794 1893 3865; baseline 0.003 -15"><span class='ocrx_word' id='word_1_271' title='bbox 302 3794 373 3850; x_wconf 87' lang='lat' dir='ltr'><strong>de</strong></span> <span class='ocrx_word' id='word_1_272' title='bbox 389 3795 670 3865; x_wconf 76' lang='lat' dir='ltr'><strong>Beniamin</strong></span> <span class='ocrx_word' id='word_1_273' title='bbox 698 3795 791 3865; x_wconf 84' lang='lat' dir='ltr'><strong>qui</strong></span> <span class='ocrx_word' id='word_1_274' title='bbox 814 3795 901 3850; x_wconf 91' lang='lat' dir='ltr'><strong>illa</strong></span> <span class='ocrx_word' id='word_1_275' title='bbox 922 3803 1081 3852; x_wconf 65' lang='lat' dir='ltr'><strong>aitate</strong></span> <span class='ocrx_word' id='word_1_276' title='bbox 1105 3797 1251 3851; x_wconf 86' lang='lat' dir='ltr'><strong>venit</strong></span> <span class='ocrx_word' id='word_1_277' title='bbox 1289 3796 1358 3852; x_wconf 87' lang='lat' dir='ltr'><strong>ad</strong></span> <span class='ocrx_word' id='word_1_278' title='bbox 1382 3796 1641 3853; x_wconf 78' lang='lat' dir='ltr'><strong>fratrem?</strong></span> <span class='ocrx_word' id='word_1_279' title='bbox 1664 3796 1783 3854; x_wconf 86' lang='lat' dir='ltr'><strong>Non</strong></span> <span class='ocrx_word' id='word_1_280' title='bbox 1804 3810 1893 3854; x_wconf 84' lang='lat' dir='ltr'><strong>so-</strong></span> 
     </span>
    </p>
   </div>
   <div class='ocr_carea' id='block_1_37' title="bbox 302 3885 1892 3958">
    <p class='ocr_par' dir='ltr' id='par_1_37' title="bbox 302 3885 1892 3958">
     <span class='ocr_line' id='line_1_37' title="bbox 302 3885 1892 3958; baseline 0.004 -18"><span class='ocrx_word' id='word_1_281' title='bbox 302 3885 417 3941; x_wconf 81' lang='lat' dir='ltr'><strong>lum</strong></span> <span class='ocrx_word' id='word_1_282' title='bbox 446 3894 623 3941; x_wconf 82' lang='lat' dir='ltr'><strong>autem</strong></span> <span class='ocrx_word' id='word_1_283' title='bbox 647 3885 922 3958; x_wconf 79' lang='lat' dir='ltr'><strong>Scriptura</strong></span> <span class='ocrx_word' id='word_1_284' title='bbox 975 3900 1096 3942; x_wconf 89' lang='lat' dir='ltr'><strong>eum</strong></span> <span class='ocrx_word' id='word_1_285' title='bbox 1125 3886 1265 3943; x_wconf 71' lang='lat' dir='ltr'><strong>ﬁlios</strong></span> <span class='ocrx_word' id='word_1_286' title='bbox 1289 3886 1538 3945; x_wconf 89' lang='lat' dir='ltr'><strong>habuisse</strong></span> <span class='ocrx_word' id='word_1_287' title='bbox 1562 3903 1892 3946; x_wconf 86' lang='lat' dir='ltr'><strong>commemo-</strong></span> 
     </span>
    </p>
   </div>
   <div class='ocr_carea' id='block_1_38' title="bbox 300 3979 1897 4051">
    <p class='ocr_par' dir='ltr' id='par_1_38' title="bbox 300 3979 1897 4051">
     <span class='ocr_line' id='line_1_38' title="bbox 300 3979 1897 4051; baseline 0.003 -16"><span class='ocrx_word' id='word_1_288' title='bbox 300 3989 407 4045; x_wconf 72' lang='lat' dir='ltr'><strong>rat,</strong></span> <span class='ocrx_word' id='word_1_289' title='bbox 430 3979 525 4035; x_wconf 87' lang='lat' dir='ltr'><strong>sed</strong></span> <span class='ocrx_word' id='word_1_290' title='bbox 548 3988 602 4035; x_wconf 92' lang='lat' dir='ltr'><strong>et</strong></span> <span class='ocrx_word' id='word_1_291' title='bbox 614 3988 840 4050; x_wconf 75' lang='lat' dir='ltr'><strong>nepotes</strong></span> <span class='ocrx_word' id='word_1_292' title='bbox 863 3988 919 4035; x_wconf 89' lang='lat' dir='ltr'><strong>et</strong></span> <span class='ocrx_word' id='word_1_293' title='bbox 935 3981 1411 4051; x_wconf 86' lang='lat' dir='ltr'><strong>pronepotem,qui</strong></span> <span class='ocrx_word' id='word_1_294' title='bbox 1428 3996 1616 4037; x_wconf 83' lang='lat' dir='ltr'><strong>omnes</strong></span> <span class='ocrx_word' id='word_1_295' title='bbox 1632 3995 1897 4039; x_wconf 77' lang='lat' dir='ltr'><strong>annume-</strong></span> 
     </span>
    </p>
   </div>
   <div class='ocr_carea' id='block_1_39' title="bbox 300 4073 1898 4145">
    <p class='ocr_par' dir='ltr' id='par_1_39' title="bbox 300 4073 1898 4145">
     <span class='ocr_line' id='line_1_39' title="bbox 300 4073 1898 4145; baseline 0.001 -16"><span class='ocrx_word' id='word_1_296' title='bbox 300 4084 493 4129; x_wconf 79' lang='lat' dir='ltr'><strong>rantur</strong></span> <span class='ocrx_word' id='word_1_297' title='bbox 514 4073 789 4145; x_wconf 71' lang='lat' dir='ltr'><strong>sexaginta</strong></span> <span class='ocrx_word' id='word_1_298' title='bbox 818 4088 911 4129; x_wconf 88' lang='lat' dir='ltr'><strong>sex</strong></span> <span class='ocrx_word' id='word_1_299' title='bbox 938 4073 1261 4140; x_wconf 79' lang='lat' dir='ltr'><strong>hominibus,</strong></span> <span class='ocrx_word' id='word_1_300' title='bbox 1293 4088 1414 4128; x_wconf 91' lang='lat' dir='ltr'><strong>cum</strong></span> <span class='ocrx_word' id='word_1_301' title='bbox 1436 4074 1628 4144; x_wconf 85' lang='lat' dir='ltr'><strong>quibus</strong></span> <span class='ocrx_word' id='word_1_302' title='bbox 1648 4074 1815 4131; x_wconf 79' lang='lat' dir='ltr'><strong>Jacob</strong></span> <span class='ocrx_word' id='word_1_303' title='bbox 1836 4075 1898 4130; x_wconf 83' lang='lat' dir='ltr'><strong>in</strong></span> 
     </span>
    </p>
   </div>
   <div class='ocr_carea' id='block_1_40' title="bbox 304 4164 1897 4237">
    <p class='ocr_par' dir='ltr' id='par_1_40' title="bbox 304 4164 1897 4237">
     <span class='ocr_line' id='line_1_40' title="bbox 304 4164 1897 4237; baseline -0.003 -15"><span class='ocrx_word' id='word_1_304' title='bbox 304 4164 621 4237; x_wconf 68' lang='lat' dir='ltr'><strong>Egyptum,</strong></span> <span class='ocrx_word' id='word_1_305' title='bbox 641 4166 803 4222; x_wconf 82' lang='lat' dir='ltr'><strong>etiam</strong></span> <span class='ocrx_word' id='word_1_306' title='bbox 821 4164 1112 4220; x_wconf 87' lang='lat' dir='ltr'><strong>secundum</strong></span> <span class='ocrx_word' id='word_1_307' title='bbox 1134 4164 1442 4220; x_wconf 85' lang='lat' dir='ltr'><strong>hebraicam</strong></span> <span class='ocrx_word' id='word_1_308' title='bbox 1467 4165 1743 4220; x_wconf 82' lang='lat' dir='ltr'><strong>veritatem</strong></span> <span class='ocrx_word' id='word_1_309' title='bbox 1764 4180 1897 4235; x_wconf 82' lang='lat' dir='ltr'><strong>per-</strong></span> 
     </span>
    </p>
   </div>
   <div class='ocr_carea' id='block_1_41' title="bbox 302 4254 1888 4326">
    <p class='ocr_par' dir='ltr' id='par_1_41' title="bbox 302 4254 1888 4326">
     <span class='ocr_line' id='line_1_41' title="bbox 302 4254 1888 4326; baseline -0.002 -14"><span class='ocrx_word' id='word_1_310' title='bbox 302 4254 521 4313; x_wconf 69' lang='lat' dir='ltr'><strong>hibetur</strong></span> <span class='ocrx_word' id='word_1_311' title='bbox 548 4256 797 4312; x_wconf 84' lang='lat' dir='ltr'><strong>intrasse.</strong></span> <span class='ocrx_word' id='word_1_312' title='bbox 817 4256 1114 4311; x_wconf 84' lang='lat' dir='ltr'><strong>Videndum</strong></span> <span class='ocrx_word' id='word_1_313' title='bbox 1131 4264 1216 4311; x_wconf 89' lang='lat' dir='ltr'><strong>est</strong></span> <span class='ocrx_word' id='word_1_314' title='bbox 1242 4255 1423 4323; x_wconf 89' lang='lat' dir='ltr'><strong>etiam,</strong></span> <span class='ocrx_word' id='word_1_315' title='bbox 1452 4254 1580 4326; x_wconf 83' lang='lat' dir='ltr'><strong>quid</strong></span> <span class='ocrx_word' id='word_1_316' title='bbox 1606 4254 1710 4311; x_wconf 89' lang='lat' dir='ltr'><strong>sibi</strong></span> <span class='ocrx_word' id='word_1_317' title='bbox 1737 4254 1888 4322; x_wconf 89' lang='lat' dir='ltr'><strong>velit,</strong></span> 
     </span>
    </p>
   </div>
   <div class='ocr_carea' id='block_1_42' title="bbox 300 4346 1899 4421">
    <p class='ocr_par' dir='ltr' id='par_1_42' title="bbox 300 4346 1899 4421">
     <span class='ocr_line' id='line_1_42' title="bbox 300 4346 1899 4421; baseline -0.003 -14"><span class='ocrx_word' id='word_1_318' title='bbox 300 4349 591 4421; x_wconf 83' lang='lat' dir='ltr'><strong>quodcum</strong></span> <span class='ocrx_word' id='word_1_319' title='bbox 617 4347 816 4420; x_wconf 68' lang='lat' dir='ltr'><strong>Ioseph</strong></span> <span class='ocrx_word' id='word_1_320' title='bbox 836 4357 893 4403; x_wconf 93' lang='lat' dir='ltr'><strong>et</strong></span> <span class='ocrx_word' id='word_1_321' title='bbox 918 4347 1010 4402; x_wconf 79' lang='lat' dir='ltr'><strong>lilii</strong></span> <span class='ocrx_word' id='word_1_322' title='bbox 1034 4347 1159 4418; x_wconf 84' lang='lat' dir='ltr'><strong>ejus</strong></span> <span class='ocrx_word' id='word_1_323' title='bbox 1190 4361 1297 4402; x_wconf 91' lang='lat' dir='ltr'><strong>non</strong></span> <span class='ocrx_word' id='word_1_324' title='bbox 1321 4346 1552 4418; x_wconf 87' lang='lat' dir='ltr'><strong>amplius</strong></span> <span class='ocrx_word' id='word_1_325' title='bbox 1579 4361 1741 4418; x_wconf 83' lang='lat' dir='ltr'><strong>quam</strong></span> <span class='ocrx_word' id='word_1_326' title='bbox 1764 4353 1899 4403; x_wconf 89' lang='lat' dir='ltr'><strong>octo</strong></span> 
     </span>
    </p>
   </div>
   <div class='ocr_carea' id='block_1_43' title="bbox 301 4439 1897 4511">
    <p class='ocr_par' dir='ltr' id='par_1_43' title="bbox 301 4439 1897 4511">
     <span class='ocr_line' id='line_1_43' title="bbox 301 4439 1897 4511; baseline -0.001 -14"><span class='ocrx_word' id='word_1_327' title='bbox 301 4449 815 4507; x_wconf 76' lang='lat' dir='ltr'><strong>commemorentur,</strong></span> <span class='ocrx_word' id='word_1_328' title='bbox 860 4439 1139 4510; x_wconf 83' lang='lat' dir='ltr'><strong>Benjamin</strong></span> <span class='ocrx_word' id='word_1_329' title='bbox 1163 4454 1295 4495; x_wconf 81' lang='lat' dir='ltr'><strong>vero</strong></span> <span class='ocrx_word' id='word_1_330' title='bbox 1331 4448 1387 4495; x_wconf 86' lang='lat' dir='ltr'><strong>et</strong></span> <span class='ocrx_word' id='word_1_331' title='bbox 1428 4440 1548 4511; x_wconf 88' lang='lat' dir='ltr'><strong>ejus</strong></span> <span class='ocrx_word' id='word_1_332' title='bbox 1597 4440 1693 4495; x_wconf 83' lang='lat' dir='ltr'><strong>ﬁlii</strong></span> <span class='ocrx_word' id='word_1_333' title='bbox 1733 4439 1897 4496; x_wconf 82' lang='lat' dir='ltr'><strong>simul</strong></span> 
     </span>
    </p>
   </div>
   <div class='ocr_carea' id='block_1_44' title="bbox 300 4532 1894 4603">
    <p class='ocr_par' dir='ltr' id='par_1_44' title="bbox 300 4532 1894 4603">
     <span class='ocr_line' id='line_1_44' title="bbox 300 4532 1894 4603; baseline 0.001 -15"><span class='ocrx_word' id='word_1_334' title='bbox 300 4533 921 4603; x_wconf 83' lang='lat' dir='ltr'><strong>undecimreperiantur,</strong></span> <span class='ocrx_word' id='word_1_335' title='bbox 943 4546 1051 4587; x_wconf 91' lang='lat' dir='ltr'><strong>non</strong></span> <span class='ocrx_word' id='word_1_336' title='bbox 1066 4532 1257 4589; x_wconf 85' lang='lat' dir='ltr'><strong>decem</strong></span> <span class='ocrx_word' id='word_1_337' title='bbox 1274 4540 1330 4590; x_wconf 92' lang='lat' dir='ltr'><strong>et</strong></span> <span class='ocrx_word' id='word_1_338' title='bbox 1352 4549 1546 4590; x_wconf 88' lang='lat' dir='ltr'><strong>novem</strong></span> <span class='ocrx_word' id='word_1_339' title='bbox 1566 4548 1755 4589; x_wconf 90' lang='lat' dir='ltr'><strong>omnes</strong></span> <span class='ocrx_word' id='word_1_340' title='bbox 1782 4534 1894 4589; x_wconf 90' lang='lat' dir='ltr'><strong>sic-</strong></span> 
     </span>
    </p>
   </div>
   <div class='ocr_carea' id='block_1_45' title="bbox 303 4624 1896 4691">
    <p class='ocr_par' dir='ltr' id='par_1_45' title="bbox 303 4624 1896 4691">
     <span class='ocr_line' id='line_1_45' title="bbox 303 4624 1896 4691; baseline 0.001 -12"><span class='ocrx_word' id='word_1_341' title='bbox 303 4633 365 4679; x_wconf 87' lang='lat' dir='ltr'><strong>ut</strong></span> <span class='ocrx_word' id='word_1_342' title='bbox 403 4634 532 4680; x_wconf 76' lang='lat' dir='ltr'><strong>eum</strong></span> <span class='ocrx_word' id='word_1_343' title='bbox 554 4634 681 4681; x_wconf 85' lang='lat' dir='ltr'><strong>octo</strong></span> <span class='ocrx_word' id='word_1_344' title='bbox 700 4632 757 4680; x_wconf 86' lang='lat' dir='ltr'><strong>et</strong></span> <span class='ocrx_word' id='word_1_345' title='bbox 785 4624 1056 4691; x_wconf 84' lang='lat' dir='ltr'><strong>undecim,</strong></span> <span class='ocrx_word' id='word_1_346' title='bbox 1098 4625 1193 4680; x_wconf 86' lang='lat' dir='ltr'><strong>sed</strong></span> <span class='ocrx_word' id='word_1_347' title='bbox 1220 4624 1413 4682; x_wconf 85' lang='lat' dir='ltr'><strong>decem</strong></span> <span class='ocrx_word' id='word_1_348' title='bbox 1433 4636 1489 4681; x_wconf 85' lang='lat' dir='ltr'><strong>et</strong></span> <span class='ocrx_word' id='word_1_349' title='bbox 1513 4634 1641 4680; x_wconf 90' lang='lat' dir='ltr'><strong>octo</strong></span> <span class='ocrx_word' id='word_1_350' title='bbox 1654 4624 1896 4680; x_wconf 69' lang='lat' dir='ltr'><strong>referan-</strong></span> 
     </span>
    </p>
   </div>
   <div class='ocr_carea' id='block_1_46' title="bbox 304 4714 1888 4788">
    <p class='ocr_par' dir='ltr' id='par_1_46' title="bbox 304 4714 1888 4788">
     <span class='ocr_line' id='line_1_46' title="bbox 304 4714 1888 4788; baseline 0.003 -17"><span class='ocrx_word' id='word_1_351' title='bbox 304 4714 393 4771; x_wconf 76' lang='lat' dir='ltr'><strong>tui-</strong></span> <span class='ocrx_word' id='word_1_352' title='bbox 410 4718 467 4773; x_wconf 90' lang='lat' dir='ltr'><strong>in</strong></span> <span class='ocrx_word' id='word_1_353' title='bbox 487 4732 783 4775; x_wconf 82' lang='lat' dir='ltr'><strong>summam:</strong></span> <span class='ocrx_word' id='word_1_354' title='bbox 810 4726 863 4772; x_wconf 89' lang='lat' dir='ltr'><strong>et</strong></span> <span class='ocrx_word' id='word_1_355' title='bbox 888 4725 1078 4787; x_wconf 85' lang='lat' dir='ltr'><strong>postea</strong></span> <span class='ocrx_word' id='word_1_356' title='bbox 1098 4717 1298 4788; x_wconf 84' lang='lat' dir='ltr'><strong>Joseph</strong></span> <span class='ocrx_word' id='word_1_357' title='bbox 1329 4734 1453 4774; x_wconf 88' lang='lat' dir='ltr'><strong>cum</strong></span> <span class='ocrx_word' id='word_1_358' title='bbox 1477 4719 1750 4786; x_wconf 81' lang='lat' dir='ltr'><strong>tiliissuis,</strong></span> <span class='ocrx_word' id='word_1_359' title='bbox 1780 4734 1888 4775; x_wconf 89' lang='lat' dir='ltr'><strong>non</strong></span> 
     </span>
    </p>
   </div>
   <div class='ocr_carea' id='block_1_47' title="bbox 301 4808 1894 4877">
    <p class='ocr_par' dir='ltr' id='par_1_47' title="bbox 301 4808 1894 4877">
     <span class='ocr_line' id='line_1_47' title="bbox 301 4808 1894 4877; baseline 0.003 -16"><span class='ocrx_word' id='word_1_360' title='bbox 301 4809 502 4864; x_wconf 73' lang='lat' dir='ltr'><strong>animae</strong></span> <span class='ocrx_word' id='word_1_361' title='bbox 524 4818 666 4876; x_wconf 81' lang='lat' dir='ltr'><strong>octo,</strong></span> <span class='ocrx_word' id='word_1_362' title='bbox 694 4808 790 4864; x_wconf 89' lang='lat' dir='ltr'><strong>sed</strong></span> <span class='ocrx_word' id='word_1_363' title='bbox 816 4824 1011 4864; x_wconf 10' lang='lat' dir='ltr'><strong>novem.</strong></span> <span class='ocrx_word' id='word_1_364' title='bbox 1035 4808 1196 4863; x_wconf 82' lang='lat' dir='ltr'><strong>fuisse</strong></span> <span class='ocrx_word' id='word_1_365' title='bbox 1217 4808 1484 4877; x_wconf 78' lang='lat' dir='ltr'><strong>dicantur,</strong></span> <span class='ocrx_word' id='word_1_366' title='bbox 1511 4826 1634 4866; x_wconf 92' lang='lat' dir='ltr'><strong>cum</strong></span> <span class='ocrx_word' id='word_1_367' title='bbox 1658 4820 1783 4867; x_wconf 87' lang='lat' dir='ltr'><strong>octo</strong></span> <span class='ocrx_word' id='word_1_368' title='bbox 1808 4812 1894 4866; x_wconf 84' lang='lat' dir='ltr'><strong>in-</strong></span> 
     </span>
    </p>
   </div>
   <div class='ocr_carea' id='block_1_48' title="bbox 304 4898 1899 4975">
    <p class='ocr_par' dir='ltr' id='par_1_48' title="bbox 304 4898 1899 4975">
     <span class='ocr_line' id='line_1_48' title="bbox 304 4898 1899 4975; baseline 0.005 -23"><span class='ocrx_word' id='word_1_369' title='bbox 304 4900 589 4956; x_wconf 81' lang='lat' dir='ltr'><strong>veniantur</strong></span> <span class='ocrx_word' id='word_1_370' title='bbox 611 4900 631 4971; x_wconf 95' lang='lat'><strong>(</strong></span> <span class='ocrx_word' id='word_1_371' title='bbox 653 4898 742 4954; x_wconf 74' lang='lat' dir='ltr'><strong>Id.</strong></span> <span class='ocrx_word' id='word_1_372' title='bbox 790 4915 934 4967; x_wconf 76' lang='lat' dir='ltr'><strong>XLVI,</strong></span> <span class='ocrx_word' id='word_1_373' title='bbox 960 4900 1053 4967; x_wconf 76' lang='grc'><strong>21,</strong></span> <span class='ocrx_word' id='word_1_374' title='bbox 1094 4899 1188 4968; x_wconf 69' lang='lat'><strong>22,</strong></span> <span class='ocrx_word' id='word_1_375' title='bbox 1219 4899 1289 4955; x_wconf 68' lang='lat'><strong>27</strong></span> <span class='ocrx_word' id='word_1_376' title='bbox 1320 4901 1361 4973; x_wconf 82' lang='lat'><strong>).</strong></span> <span class='ocrx_word' id='word_1_377' title='bbox 1391 4902 1518 4959; x_wconf 57' lang='lat' dir='ltr'><strong>illeo</strong></span> <span class='ocrx_word' id='word_1_378' title='bbox 1540 4903 1737 4971; x_wconf 90' lang='lat' dir='ltr'><strong>omnia,</strong></span> <span class='ocrx_word' id='word_1_379' title='bbox 1773 4918 1899 4975; x_wconf 68' lang='lat' dir='ltr'><strong>qum</strong></span> 
     </span>
    </p>
   </div>
   <div class='ocr_carea' id='block_1_49' title="bbox 303 4991 1898 5064">
    <p class='ocr_par' dir='ltr' id='par_1_49' title="bbox 303 4991 1898 5064">
     <span class='ocr_line' id='line_1_49' title="bbox 303 4991 1898 5064; baseline 0.003 -17"><span class='ocrx_word' id='word_1_380' title='bbox 303 4991 713 5049; x_wconf 69' lang='lat' dir='ltr'><strong>indissolubilis</strong></span> <span class='ocrx_word' id='word_1_381' title='bbox 733 4992 1004 5057; x_wconf 89' lang='lat' dir='ltr'><strong>videntur,</strong></span> <span class='ocrx_word' id='word_1_382' title='bbox 1028 5008 1275 5064; x_wconf 85' lang='lat' dir='ltr'><strong>magnam</strong></span> <span class='ocrx_word' id='word_1_383' title='bbox 1301 4995 1579 5049; x_wconf 85' lang='lat' dir='ltr'><strong>continent</strong></span> <span class='ocrx_word' id='word_1_384' title='bbox 1596 4995 1712 5051; x_wconf 89' lang='lat' dir='ltr'><strong>sine</strong></span> <span class='ocrx_word' id='word_1_385' title='bbox 1741 4996 1898 5051; x_wconf 91' lang='lat' dir='ltr'><strong>dubi-</strong></span> 
     </span>
    </p>
   </div>
   <div class='ocr_carea' id='block_1_50' title="bbox 304 5083 1897 5155">
    <p class='ocr_par' dir='ltr' id='par_1_50' title="bbox 304 5083 1897 5155">
     <span class='ocr_line' id='line_1_50' title="bbox 304 5083 1897 5155; baseline 0.002 -17"><span class='ocrx_word' id='word_1_386' title='bbox 304 5083 508 5139; x_wconf 80' lang='lat' dir='ltr'><strong>tatione</strong></span> <span class='ocrx_word' id='word_1_387' title='bbox 558 5083 823 5139; x_wconf 74' lang='lat' dir='ltr'><strong>mtidnem</strong></span> <span class='ocrx_word' id='word_1_388' title='bbox 852 5100 869 5149; x_wconf 89' lang='lat'><strong>;</strong></span> <span class='ocrx_word' id='word_1_389' title='bbox 897 5084 992 5139; x_wconf 84' lang='lat' dir='ltr'><strong>sed</strong></span> <span class='ocrx_word' id='word_1_390' title='bbox 1041 5085 1231 5140; x_wconf 86' lang='lat' dir='ltr'><strong>nescio</strong></span> <span class='ocrx_word' id='word_1_391' title='bbox 1265 5093 1443 5141; x_wconf 86' lang='lat' dir='ltr'><strong>utrum</strong></span> <span class='ocrx_word' id='word_1_392' title='bbox 1469 5087 1678 5155; x_wconf 90' lang='lat' dir='ltr'><strong>possint</strong></span> <span class='ocrx_word' id='word_1_393' title='bbox 1702 5096 1897 5142; x_wconf 84' lang='lat' dir='ltr'><strong>cuncta</strong></span> 
     </span>
    </p>
   </div>
   <div class='ocr_carea' id='block_1_51' title="bbox 302 5174 1893 5249">
    <p class='ocr_par' dir='ltr' id='par_1_51' title="bbox 302 5174 1893 5249">
     <span class='ocr_line' id='line_1_51' title="bbox 302 5174 1893 5249; baseline 0.002 -18"><span class='ocrx_word' id='word_1_394' title='bbox 302 5174 371 5231; x_wconf 84' lang='lat' dir='ltr'><strong>ad</strong></span> <span class='ocrx_word' id='word_1_395' title='bbox 401 5175 634 5232; x_wconf 75' lang='lat' dir='ltr'><strong>litteram</strong></span> <span class='ocrx_word' id='word_1_396' title='bbox 659 5176 970 5242; x_wconf 89' lang='lat' dir='ltr'><strong>convenire,</strong></span> <span class='ocrx_word' id='word_1_397' title='bbox 995 5178 1269 5248; x_wconf 60' lang='lat' dir='ltr'><strong>praecipue</strong></span> <span class='ocrx_word' id='word_1_398' title='bbox 1308 5177 1364 5233; x_wconf 89' lang='lat' dir='ltr'><strong>in</strong></span> <span class='ocrx_word' id='word_1_399' title='bbox 1392 5179 1653 5245; x_wconf 86' lang='lat' dir='ltr'><strong>numeris,</strong></span> <span class='ocrx_word' id='word_1_400' title='bbox 1682 5194 1817 5249; x_wconf 86' lang='lat' dir='ltr'><strong>quos</strong></span> <span class='ocrx_word' id='word_1_401' title='bbox 1839 5180 1893 5234; x_wconf 91' lang='lat' dir='ltr'><strong>in</strong></span> 
     </span>
    </p>
   </div>
   <div class='ocr_carea' id='block_1_52' title="bbox 304 5268 1894 5343">
    <p class='ocr_par' dir='ltr' id='par_1_52' title="bbox 304 5268 1894 5343">
     <span class='ocr_line' id='line_1_52' title="bbox 304 5268 1894 5343; baseline 0.001 -18"><span class='ocrx_word' id='word_1_402' title='bbox 304 5268 603 5338; x_wconf 77' lang='lat' dir='ltr'><strong>Scripturis</strong></span> <span class='ocrx_word' id='word_1_403' title='bbox 622 5282 746 5323; x_wconf 82' lang='lat' dir='ltr'><strong>esse</strong></span> <span class='ocrx_word' id='word_1_404' title='bbox 765 5269 1161 5324; x_wconf 74' lang='lat' dir='ltr'><strong>secretissimos</strong></span> <span class='ocrx_word' id='word_1_405' title='bbox 1182 5279 1238 5325; x_wconf 88' lang='lat' dir='ltr'><strong>et</strong></span> <span class='ocrx_word' id='word_1_406' title='bbox 1270 5270 1647 5343; x_wconf 80' lang='lat' dir='ltr'><strong>mysteriorum</strong></span> <span class='ocrx_word' id='word_1_407' title='bbox 1684 5270 1894 5341; x_wconf 82' lang='lat' dir='ltr'><strong>plenis-</strong></span> 
     </span>
    </p>
   </div>
   <div class='ocr_carea' id='block_1_53' title="bbox 302 5361 1898 5435">
    <p class='ocr_par' dir='ltr' id='par_1_53' title="bbox 302 5361 1898 5435">
     <span class='ocr_line' id='line_1_53' title="bbox 302 5361 1898 5435; baseline 0.003 -18"><span class='ocrx_word' id='word_1_408' title='bbox 302 5362 494 5429; x_wconf 86' lang='lat' dir='ltr'><strong>simos,</strong></span> <span class='ocrx_word' id='word_1_409' title='bbox 511 5376 581 5416; x_wconf 80' lang='lat' dir='ltr'><strong>ex</strong></span> <span class='ocrx_word' id='word_1_410' title='bbox 599 5361 1065 5433; x_wconf 76' lang='lat' dir='ltr'><strong>quibusdamquee</strong></span> <span class='ocrx_word' id='word_1_411' title='bbox 1077 5363 1201 5419; x_wconf 88' lang='lat' dir='ltr'><strong>inde</strong></span> <span class='ocrx_word' id='word_1_412' title='bbox 1212 5376 1379 5421; x_wconf 9' lang='lat' dir='ltr'><strong>vitasse</strong></span> <span class='ocrx_word' id='word_1_413' title='bbox 1392 5364 1681 5434; x_wconf 84' lang='lat' dir='ltr'><strong>potuimus,</strong></span> <span class='ocrx_word' id='word_1_414' title='bbox 1697 5365 1898 5435; x_wconf 81' lang='lat' dir='ltr'><strong>dignis-</strong></span> 
     </span>
    </p>
   </div>
   <div class='ocr_carea' id='block_1_54' title="bbox 300 5452 761 5511">
    <p class='ocr_par' dir='ltr' id='par_1_54' title="bbox 300 5452 761 5511">
     <span class='ocr_line' id='line_1_54' title="bbox 300 5452 761 5511; baseline -0.004 0"><span class='ocrx_word' id='word_1_415' title='bbox 300 5452 439 5511; x_wconf 78' lang='lat' dir='ltr'><strong>sime</strong></span> <span class='ocrx_word' id='word_1_416' title='bbox 466 5452 761 5509; x_wconf 73' lang='lat' dir='ltr'><strong>credimus.</strong></span> 
     </span>
    </p>
   </div>
   <div class='ocr_carea' id='block_1_55' title="bbox 374 5542 1894 5619">
    <p class='ocr_par' dir='ltr' id='par_1_55' title="bbox 374 5542 1894 5619">
     <span class='ocr_line' id='line_1_55' title="bbox 374 5542 1894 5619; baseline 0.001 -18"><span class='ocrx_word' id='word_1_417' title='bbox 374 5542 555 5601; x_wconf 82' lang='lat' dir='ltr'><strong>CLIII.</strong></span> <span class='ocrx_word' id='word_1_418' title='bbox 586 5542 688 5619; x_wconf 87' lang='lat' dir='ltr'><strong>[lb.</strong></span> <span class='ocrx_word' id='word_1_419' title='bbox 714 5558 871 5613; x_wconf 74' lang='lat' dir='ltr'><strong>xui,</strong></span> <span class='ocrx_word' id='word_1_420' title='bbox 897 5542 1013 5618; x_wconf 74' lang='lat'><strong>52.]</strong></span> <span class='ocrx_word' id='word_1_421' title='bbox 1041 5544 1451 5602; x_wconf 82' lang='lat' dir='ltr'><strong>Gommendatur</strong></span> <span class='ocrx_word' id='word_1_422' title='bbox 1477 5547 1530 5601; x_wconf 92' lang='lat' dir='ltr'><strong>in</strong></span> <span class='ocrx_word' id='word_1_423' title='bbox 1551 5547 1894 5615; x_wconf 83' lang='lat' dir='ltr'><strong>Patriarchis,</strong></span> 
     </span>
    </p>
   </div>
   <div class='ocr_carea' id='block_1_56' title="bbox 302 5638 1897 5714">
    <p class='ocr_par' dir='ltr' id='par_1_56' title="bbox 302 5638 1897 5714">
     <span class='ocr_line' id='line_1_56' title="bbox 302 5638 1897 5714; baseline 0.003 -22"><span class='ocrx_word' id='word_1_424' title='bbox 302 5638 446 5711; x_wconf 74' lang='lat' dir='ltr'><strong>quod</strong></span> <span class='ocrx_word' id='word_1_425' title='bbox 478 5652 741 5708; x_wconf 77' lang='lat' dir='ltr'><strong>peeorem</strong></span> <span class='ocrx_word' id='word_1_426' title='bbox 756 5638 1221 5694; x_wconf 73' lang='lat' dir='ltr'><strong>nutritoreserarn</strong></span> <span class='ocrx_word' id='word_1_427' title='bbox 1250 5654 1281 5693; x_wconf 91' lang='lat' dir='ltr'><strong>a</strong></span> <span class='ocrx_word' id='word_1_428' title='bbox 1308 5640 1533 5709; x_wconf 83' lang='lat' dir='ltr'><strong>pueritia</strong></span> <span class='ocrx_word' id='word_1_429' title='bbox 1559 5656 1653 5697; x_wconf 90' lang='lat' dir='ltr'><strong>sua</strong></span> <span class='ocrx_word' id='word_1_430' title='bbox 1675 5652 1727 5696; x_wconf 87' lang='lat' dir='ltr'><strong>et</strong></span> <span class='ocrx_word' id='word_1_431' title='bbox 1753 5657 1781 5697; x_wconf 88' lang='lat' dir='ltr'><strong>a</strong></span> <span class='ocrx_word' id='word_1_432' title='bbox 1800 5658 1897 5714; x_wconf 78' lang='lat' dir='ltr'><strong>pe-</strong></span> 
     </span>
    </p>
   </div>
   <div class='ocr_carea' id='block_1_57' title="bbox 302 5731 1896 5800">
    <p class='ocr_par' dir='ltr' id='par_1_57' title="bbox 302 5731 1896 5800">
     <span class='ocr_line' id='line_1_57' title="bbox 302 5731 1896 5800; baseline 0.002 -12"><span class='ocrx_word' id='word_1_433' title='bbox 302 5732 552 5788; x_wconf 87' lang='lat' dir='ltr'><strong>rentibus</strong></span> <span class='ocrx_word' id='word_1_434' title='bbox 578 5732 710 5787; x_wconf 88' lang='lat' dir='ltr'><strong>suis.</strong></span> <span class='ocrx_word' id='word_1_435' title='bbox 742 5731 813 5786; x_wconf 84' lang='lat' dir='ltr'><strong>Et</strong></span> <span class='ocrx_word' id='word_1_436' title='bbox 837 5734 1051 5800; x_wconf 83' lang='lat' dir='ltr'><strong>merito,</strong></span> <span class='ocrx_word' id='word_1_437' title='bbox 1082 5744 1203 5787; x_wconf 83' lang='lat' dir='ltr'><strong>nam</strong></span> <span class='ocrx_word' id='word_1_438' title='bbox 1234 5731 1347 5788; x_wconf 69' lang='lat' dir='ltr'><strong>hmo</strong></span> <span class='ocrx_word' id='word_1_439' title='bbox 1367 5743 1449 5789; x_wconf 89' lang='lat' dir='ltr'><strong>est</strong></span> <span class='ocrx_word' id='word_1_440' title='bbox 1480 5735 1597 5791; x_wconf 89' lang='lat' dir='ltr'><strong>sine</strong></span> <span class='ocrx_word' id='word_1_441' title='bbox 1617 5735 1720 5791; x_wconf 89' lang='lat' dir='ltr'><strong>ulla</strong></span> <span class='ocrx_word' id='word_1_442' title='bbox 1740 5736 1896 5791; x_wconf 42' lang='lat' dir='ltr'><strong>dubie</strong></span> 
     </span>
    </p>
   </div>
   <div class='ocr_carea' id='block_1_58' title="bbox 302 5814 1972 5898">
    <p class='ocr_par' dir='ltr' id='par_1_58' title="bbox 302 5814 1972 5898">
     <span class='ocr_line' id='line_1_58' title="bbox 302 5814 1972 5898; baseline 0.001 -19"><span class='ocrx_word' id='word_1_443' title='bbox 302 5824 671 5895; x_wconf 76' lang='lat' dir='ltr'><strong>tationejusta</strong></span> <span class='ocrx_word' id='word_1_444' title='bbox 697 5824 928 5880; x_wconf 83' lang='lat' dir='ltr'><strong>servitus</strong></span> <span class='ocrx_word' id='word_1_445' title='bbox 953 5825 1164 5894; x_wconf 87' lang='lat' dir='ltr'><strong>ctjusta</strong></span> <span class='ocrx_word' id='word_1_446' title='bbox 1199 5825 1509 5894; x_wconf 86' lang='lat' dir='ltr'><strong>dominatio,</strong></span> <span class='ocrx_word' id='word_1_447' title='bbox 1540 5843 1658 5883; x_wconf 90' lang='lat' dir='ltr'><strong>cum</strong></span> <span class='ocrx_word' id='word_1_448' title='bbox 1700 5843 1892 5898; x_wconf 83' lang='lat' dir='ltr'><strong>pecora</strong></span> <span class='ocrx_word' id='word_1_449' title='bbox 1953 5814 1972 5836; x_wconf 83' lang='grc'><strong>’</strong></span> 
     </span>
    </p>
   </div>
   <div class='ocr_carea' id='block_1_59' title="bbox 301 5917 1969 5997">
    <p class='ocr_par' dir='ltr' id='par_1_59' title="bbox 301 5917 1969 5997">
     <span class='ocr_line' id='line_1_59' title="bbox 301 5917 1969 5997; baseline -0.001 -17"><span class='ocrx_word' id='word_1_450' title='bbox 301 5918 511 5980; x_wconf 81' lang='lat' dir='ltr'><strong>homini</strong></span> <span class='ocrx_word' id='word_1_451' title='bbox 536 5917 798 5989; x_wconf 87' lang='lat' dir='ltr'><strong>serviunt,</strong></span> <span class='ocrx_word' id='word_1_452' title='bbox 829 5926 884 5976; x_wconf 87' lang='lat' dir='ltr'><strong>et</strong></span> <span class='ocrx_word' id='word_1_453' title='bbox 907 5918 1067 5977; x_wconf 89' lang='lat' dir='ltr'><strong>homo</strong></span> <span class='ocrx_word' id='word_1_454' title='bbox 1114 5919 1401 5992; x_wconf 80' lang='lat' dir='ltr'><strong>pecoribus</strong></span> <span class='ocrx_word' id='word_1_455' title='bbox 1442 5920 1761 5979; x_wconf 77' lang='lat' dir='ltr'><strong>dominatur.</strong></span> <span class='ocrx_word' id='word_1_456' title='bbox 1800 5920 1893 5979; x_wconf 90' lang='lat' dir='ltr'><strong>Sic</strong></span> <span class='ocrx_word' id='word_1_457' title='bbox 1923 5982 1969 5997; x_wconf 44' lang='grc' dir='ltr'><em>η</em></span> 
     </span>
    </p>
   </div>
   <div class='ocr_carea' id='block_1_60' title="bbox 1648 442 2161 514">
    <p class='ocr_par' dir='ltr' id='par_1_60' title="bbox 1648 442 2161 514">
     <span class='ocr_line' id='line_1_60' title="bbox 1648 442 2161 514; baseline 0.002 -1"><span class='ocrx_word' id='word_1_458' title='bbox 1648 453 1851 513; x_wconf 82' lang='lat' dir='ltr'><strong>LIBER</strong></span> <span class='ocrx_word' id='word_1_459' title='bbox 1890 442 2161 514; x_wconf 76' lang='lat' dir='ltr'><strong>PRIMUS.</strong></span> 
     </span>
    </p>
   </div>
   <div class='ocr_carea' id='block_1_61' title="bbox 3480 469 3588 527">
    <p class='ocr_par' dir='ltr' id='par_1_61' title="bbox 3480 469 3588 527">
     <span class='ocr_line' id='line_1_61' title="bbox 3480 469 3588 527; baseline 0.009 -1"><span class='ocrx_word' id='word_1_460' title='bbox 3480 469 3588 527; x_wconf 84' lang='lat'><strong>590</strong></span> 
     </span>
    </p>
   </div>
   <div class='ocr_carea' id='block_1_62' title="bbox 1995 571 3591 645">
    <p class='ocr_par' dir='ltr' id='par_1_62' title="bbox 1995 571 3591 645">
     <span class='ocr_line' id='line_1_62' title="bbox 1995 571 3591 645; baseline 0.011 -17"><span class='ocrx_word' id='word_1_461' title='bbox 1995 571 2138 628; x_wconf 91' lang='lat' dir='ltr'><strong>enim</strong></span> <span class='ocrx_word' id='word_1_462' title='bbox 2159 572 2356 629; x_wconf 87' lang='lat' dir='ltr'><strong>dictum</strong></span> <span class='ocrx_word' id='word_1_463' title='bbox 2387 586 2486 645; x_wconf 89' lang='lat' dir='ltr'><strong>est,</strong></span> <span class='ocrx_word' id='word_1_464' title='bbox 2516 592 2638 634; x_wconf 89' lang='lat' dir='ltr'><strong>cum</strong></span> <span class='ocrx_word' id='word_1_465' title='bbox 2665 589 2936 636; x_wconf 87' lang='lat' dir='ltr'><strong>crearetur</strong></span> <span class='ocrx_word' id='word_1_466' title='bbox 2968 599 2982 637; x_wconf 89' lang='lat'><strong>:</strong></span> <span class='ocrx_word' id='word_1_467' title='bbox 3012 578 3287 639; x_wconf 80' lang='lat' dir='ltr'><strong>Faciamus</strong></span> <span class='ocrx_word' id='word_1_468' title='bbox 3341 584 3591 644; x_wconf 83' lang='lat' dir='ltr'><strong>hominem</strong></span> 
     </span>
    </p>
   </div>
   <div class='ocr_carea' id='block_1_63' title="bbox 1994 664 3594 753">
    <p class='ocr_par' dir='ltr' id='par_1_63' title="bbox 1994 664 3594 753">
     <span class='ocr_line' id='line_1_63' title="bbox 1994 664 3594 753; baseline 0.012 -34"><span class='ocrx_word' id='word_1_469' title='bbox 1994 664 2065 719; x_wconf 90' lang='lat' dir='ltr'><strong>ad</strong></span> <span class='ocrx_word' id='word_1_470' title='bbox 2090 666 2362 738; x_wconf 76' lang='lat' dir='ltr'><strong>imaginem</strong></span> <span class='ocrx_word' id='word_1_471' title='bbox 2405 678 2452 725; x_wconf 88' lang='lat' dir='ltr'><strong>et</strong></span> <span class='ocrx_word' id='word_1_472' title='bbox 2497 666 2876 728; x_wconf 72' lang='lat' dir='ltr'><strong>similitudinem</strong></span> <span class='ocrx_word' id='word_1_473' title='bbox 2903 685 3145 747; x_wconf 80' lang='lat' dir='ltr'><strong>nostram,</strong></span> <span class='ocrx_word' id='word_1_474' title='bbox 3177 686 3224 734; x_wconf 88' lang='lat' dir='ltr'><strong>et</strong></span> <span class='ocrx_word' id='word_1_475' title='bbox 3252 678 3429 735; x_wconf 82' lang='lat' dir='ltr'><strong>habeat</strong></span> <span class='ocrx_word' id='word_1_476' title='bbox 3452 692 3594 753; x_wconf 82' lang='lat' dir='ltr'><strong>pote-</strong></span> 
     </span>
    </p>
   </div>
   <div class='ocr_carea' id='block_1_64' title="bbox 1995 760 3590 846">
    <p class='ocr_par' dir='ltr' id='par_1_64' title="bbox 1995 760 3590 846">
     <span class='ocr_line' id='line_1_64' title="bbox 1995 760 3590 846; baseline 0.013 -34"><span class='ocrx_word' id='word_1_477' title='bbox 1995 765 2174 812; x_wconf 73' lang='lat' dir='ltr'><strong>statem</strong></span> <span class='ocrx_word' id='word_1_478' title='bbox 2196 760 2411 830; x_wconf 75' lang='lat' dir='ltr'><strong>piscium</strong></span> <span class='ocrx_word' id='word_1_479' title='bbox 2439 764 2595 819; x_wconf 85' lang='lat' dir='ltr'><strong>maris</strong></span> <span class='ocrx_word' id='word_1_480' title='bbox 2638 775 2684 820; x_wconf 88' lang='lat' dir='ltr'><strong>et</strong></span> <span class='ocrx_word' id='word_1_481' title='bbox 2704 768 2982 824; x_wconf 83' lang='lat' dir='ltr'><strong>volatilium</strong></span> <span class='ocrx_word' id='word_1_482' title='bbox 3013 762 3145 838; x_wconf 78' lang='lat' dir='ltr'><strong>caeli,</strong></span> <span class='ocrx_word' id='word_1_483' title='bbox 3177 781 3223 827; x_wconf 88' lang='lat' dir='ltr'><strong>et</strong></span> <span class='ocrx_word' id='word_1_484' title='bbox 3248 774 3470 829; x_wconf 87' lang='lat' dir='ltr'><strong>omnium</strong></span> <span class='ocrx_word' id='word_1_485' title='bbox 3500 793 3590 846; x_wconf 84' lang='lat' dir='ltr'><strong>pe-</strong></span> 
     </span>
    </p>
   </div>
   <div class='ocr_carea' id='block_1_65' title="bbox 1996 858 3588 939">
    <p class='ocr_par' dir='ltr' id='par_1_65' title="bbox 1996 858 3588 939">
     <span class='ocr_line' id='line_1_65' title="bbox 1996 858 3588 939; baseline 0.016 -37"><span class='ocrx_word' id='word_1_486' title='bbox 1996 865 2171 903; x_wconf 85' lang='lat' dir='ltr'><strong>corum</strong></span> <span class='ocrx_word' id='word_1_487' title='bbox 2189 868 2302 923; x_wconf 71' lang='lat' dir='ltr'><strong>qua:</strong></span> <span class='ocrx_word' id='word_1_488' title='bbox 2324 864 2438 939; x_wconf 79' lang='lat' dir='ltr'><strong>sunt</strong></span> <span class='ocrx_word' id='word_1_489' title='bbox 2458 873 2609 929; x_wconf 83' lang='lat' dir='ltr'><strong>super</strong></span> <span class='ocrx_word' id='word_1_490' title='bbox 2637 858 2821 914; x_wconf 82' lang='lat' dir='ltr'><strong>terram</strong></span> <span class='ocrx_word' id='word_1_491' title='bbox 2842 861 2995 934; x_wconf 84' lang='lat' dir='ltr'><strong>(Gen.</strong></span> <span class='ocrx_word' id='word_1_492' title='bbox 3030 881 3066 931; x_wconf 86' lang='grc' dir='ltr'><strong>ι,</strong></span> <span class='ocrx_word' id='word_1_493' title='bbox 3085 864 3201 938; x_wconf 70' lang='grc'><strong>26).</strong></span> <span class='ocrx_word' id='word_1_494' title='bbox 3226 866 3329 923; x_wconf 88' lang='lat' dir='ltr'><strong>Ubi</strong></span> <span class='ocrx_word' id='word_1_495' title='bbox 3349 867 3588 926; x_wconf 90' lang='lat' dir='ltr'><strong>insinua-</strong></span> 
     </span>
    </p>
   </div>
   <div class='ocr_carea' id='block_1_66' title="bbox 1996 942 3593 1016">
    <p class='ocr_par' dir='ltr' id='par_1_66' title="bbox 1996 942 3593 1016">
     <span class='ocr_line' id='line_1_66' title="bbox 1996 942 3593 1016; baseline 0.015 -23"><span class='ocrx_word' id='word_1_496' title='bbox 1996 947 2084 995; x_wconf 87' lang='lat' dir='ltr'><strong>tur</strong></span> <span class='ocrx_word' id='word_1_497' title='bbox 2107 942 2368 999; x_wconf 88' lang='lat' dir='ltr'><strong>rationem</strong></span> <span class='ocrx_word' id='word_1_498' title='bbox 2398 945 2592 1003; x_wconf 80' lang='lat' dir='ltr'><strong>debere</strong></span> <span class='ocrx_word' id='word_1_499' title='bbox 2612 948 2875 1007; x_wconf 88' lang='lat' dir='ltr'><strong>dominari</strong></span> <span class='ocrx_word' id='word_1_500' title='bbox 2919 954 3265 1012; x_wconf 88' lang='lat' dir='ltr'><strong>irrationabili</strong></span> <span class='ocrx_word' id='word_1_501' title='bbox 3297 958 3435 1014; x_wconf 69' lang='lat' dir='ltr'><strong>vitai.</strong></span> <span class='ocrx_word' id='word_1_502' title='bbox 3466 959 3593 1016; x_wconf 90' lang='lat' dir='ltr'><strong>Ser-</strong></span> 
     </span>
    </p>
   </div>
   <div class='ocr_carea' id='block_1_67' title="bbox 1996 1038 3590 1121">
    <p class='ocr_par' dir='ltr' id='par_1_67' title="bbox 1996 1038 3590 1121">
     <span class='ocr_line' id='line_1_67' title="bbox 1996 1038 3590 1121; baseline 0.014 -32"><span class='ocrx_word' id='word_1_503' title='bbox 1996 1049 2122 1091; x_wconf 86' lang='lat' dir='ltr'><strong>vum</strong></span> <span class='ocrx_word' id='word_1_504' title='bbox 2141 1044 2320 1094; x_wconf 89' lang='lat' dir='ltr'><strong>autem</strong></span> <span class='ocrx_word' id='word_1_505' title='bbox 2339 1038 2611 1099; x_wconf 88' lang='lat' dir='ltr'><strong>hominem</strong></span> <span class='ocrx_word' id='word_1_506' title='bbox 2641 1043 2862 1114; x_wconf 86' lang='lat' dir='ltr'><strong>homini,</strong></span> <span class='ocrx_word' id='word_1_507' title='bbox 2892 1049 2976 1103; x_wconf 91' lang='lat' dir='ltr'><strong>vel</strong></span> <span class='ocrx_word' id='word_1_508' title='bbox 3006 1050 3252 1121; x_wconf 88' lang='lat' dir='ltr'><strong>iniquitas</strong></span> <span class='ocrx_word' id='word_1_509' title='bbox 3270 1053 3351 1108; x_wconf 86' lang='lat' dir='ltr'><strong>vel</strong></span> <span class='ocrx_word' id='word_1_510' title='bbox 3397 1054 3590 1111; x_wconf 87' lang='lat' dir='ltr'><strong>adver—</strong></span> 
     </span>
    </p>
   </div>
   <div class='ocr_carea' id='block_1_68' title="bbox 1998 1127 3593 1214">
    <p class='ocr_par' dir='ltr' id='par_1_68' title="bbox 1998 1127 3593 1214">
     <span class='ocr_line' id='line_1_68' title="bbox 1998 1127 3593 1214; baseline 0.011 -31"><span class='ocrx_word' id='word_1_511' title='bbox 1998 1127 2131 1184; x_wconf 90' lang='lat' dir='ltr'><strong>sitas</strong></span> <span class='ocrx_word' id='word_1_512' title='bbox 2156 1128 2282 1186; x_wconf 82' lang='lat' dir='ltr'><strong>fecit</strong></span> <span class='ocrx_word' id='word_1_513' title='bbox 2303 1131 2320 1163; x_wconf 86' lang='grc'>¹</span> <span class='ocrx_word' id='word_1_514' title='bbox 2346 1149 2361 1186; x_wconf 91' lang='lat'><strong>:</strong></span> <span class='ocrx_word' id='word_1_515' title='bbox 2393 1133 2641 1205; x_wconf 86' lang='lat' dir='ltr'><strong>iniquitas</strong></span> <span class='ocrx_word' id='word_1_516' title='bbox 2665 1137 2900 1207; x_wconf 84' lang='lat' dir='ltr'><strong>quidem,</strong></span> <span class='ocrx_word' id='word_1_517' title='bbox 2954 1141 3306 1197; x_wconf 90' lang='lat' dir='ltr'><strong>sicutdictum</strong></span> <span class='ocrx_word' id='word_1_518' title='bbox 3336 1153 3439 1214; x_wconf 90' lang='lat' dir='ltr'><strong>est,</strong></span> <span class='ocrx_word' id='word_1_519' title='bbox 3473 1132 3593 1200; x_wconf 84' lang='lat' dir='ltr'><strong>Ma—</strong></span> 
     </span>
    </p>
   </div>
   <div class='ocr_carea' id='block_1_69' title="bbox 1999 1218 3588 1309">
    <p class='ocr_par' dir='ltr' id='par_1_69' title="bbox 1999 1218 3588 1309">
     <span class='ocr_line' id='line_1_69' title="bbox 1999 1218 3588 1309; baseline 0.013 -37"><span class='ocrx_word' id='word_1_520' title='bbox 1999 1218 2209 1276; x_wconf 68' lang='lat' dir='ltr'><strong>(edictus</strong></span> <span class='ocrx_word' id='word_1_521' title='bbox 2234 1221 2499 1292; x_wconf 84' lang='lat' dir='ltr'><strong>Chanaan,</strong></span> <span class='ocrx_word' id='word_1_522' title='bbox 2526 1227 2617 1280; x_wconf 87' lang='lat' dir='ltr'><strong>erit</strong></span> <span class='ocrx_word' id='word_1_523' title='bbox 2637 1244 2808 1283; x_wconf 77' lang='lat' dir='ltr'><strong>servus</strong></span> <span class='ocrx_word' id='word_1_524' title='bbox 2830 1230 3068 1301; x_wconf 82' lang='lat' dir='ltr'><strong>fratribus</strong></span> <span class='ocrx_word' id='word_1_525' title='bbox 3082 1234 3186 1288; x_wconf 82' lang='lat' dir='ltr'><strong>suis</strong></span> <span class='ocrx_word' id='word_1_526' title='bbox 3207 1233 3315 1307; x_wconf 82' lang='lat' dir='ltr'><strong>(1d.</strong></span> <span class='ocrx_word' id='word_1_527' title='bbox 3338 1237 3544 1309; x_wconf 73' lang='lat' dir='ltr'><strong>1x,25)</strong></span> <span class='ocrx_word' id='word_1_528' title='bbox 3572 1255 3588 1306; x_wconf 87' lang='lat'><strong>;</strong></span> 
     </span>
    </p>
   </div>
   <div class='ocr_carea' id='block_1_70' title="bbox 1998 1311 3585 1395">
    <p class='ocr_par' dir='ltr' id='par_1_70' title="bbox 1998 1311 3585 1395">
     <span class='ocr_line' id='line_1_70' title="bbox 1998 1311 3585 1395; baseline 0.013 -29"><span class='ocrx_word' id='word_1_529' title='bbox 1998 1311 2293 1370; x_wconf 79' lang='lat' dir='ltr'><strong>adversitas</strong></span> <span class='ocrx_word' id='word_1_530' title='bbox 2314 1331 2461 1383; x_wconf 88' lang='lat' dir='ltr'><strong>vero,</strong></span> <span class='ocrx_word' id='word_1_531' title='bbox 2488 1317 2623 1374; x_wconf 89' lang='lat' dir='ltr'><strong>sicut</strong></span> <span class='ocrx_word' id='word_1_532' title='bbox 2646 1321 2836 1376; x_wconf 87' lang='lat' dir='ltr'><strong>accidit</strong></span> <span class='ocrx_word' id='word_1_533' title='bbox 2863 1322 2965 1392; x_wconf 90' lang='lat' dir='ltr'><strong>ipsi</strong></span> <span class='ocrx_word' id='word_1_534' title='bbox 2991 1323 3211 1395; x_wconf 85' lang='lat' dir='ltr'><strong>Joseph,</strong></span> <span class='ocrx_word' id='word_1_535' title='bbox 3248 1336 3304 1382; x_wconf 94' lang='lat' dir='ltr'><strong>ut</strong></span> <span class='ocrx_word' id='word_1_536' title='bbox 3336 1330 3585 1389; x_wconf 89' lang='lat' dir='ltr'><strong>venditus</strong></span> 
     </span>
    </p>
   </div>
   <div class='ocr_carea' id='block_1_71' title="bbox 1999 1402 3587 1491">
    <p class='ocr_par' dir='ltr' id='par_1_71' title="bbox 1999 1402 3587 1491">
     <span class='ocr_line' id='line_1_71' title="bbox 1999 1402 3587 1491; baseline 0.014 -34"><span class='ocrx_word' id='word_1_537' title='bbox 1999 1416 2030 1456; x_wconf 91' lang='lat' dir='ltr'><strong>a</strong></span> <span class='ocrx_word' id='word_1_538' title='bbox 2056 1402 2309 1461; x_wconf 82' lang='lat' dir='ltr'><strong>fratribus</strong></span> <span class='ocrx_word' id='word_1_539' title='bbox 2351 1422 2537 1465; x_wconf 89' lang='lat' dir='ltr'><strong>servus</strong></span> <span class='ocrx_word' id='word_1_540' title='bbox 2571 1410 2879 1483; x_wconf 70' lang='lat' dir='ltr'><strong>alienigenre</strong></span> <span class='ocrx_word' id='word_1_541' title='bbox 2905 1415 3056 1470; x_wconf 82' lang='lat' dir='ltr'><strong>ﬁeret</strong></span> <span class='ocrx_word' id='word_1_542' title='bbox 3099 1414 3224 1489; x_wconf 90' lang='lat' dir='ltr'><strong>(Id.</strong></span> <span class='ocrx_word' id='word_1_543' title='bbox 3258 1435 3465 1486; x_wconf 81' lang='lat' dir='ltr'><strong>xxxvn,</strong></span> <span class='ocrx_word' id='word_1_544' title='bbox 3496 1416 3587 1491; x_wconf 70' lang='lat'><strong>28,</strong></span> 
     </span>
    </p>
   </div>
   <div class='ocr_carea' id='block_1_72' title="bbox 1999 1493 3590 1577">
    <p class='ocr_par' dir='ltr' id='par_1_72' title="bbox 1999 1493 3590 1577">
     <span class='ocr_line' id='line_1_72' title="bbox 1999 1493 3590 1577; baseline 0.014 -29"><span class='ocrx_word' id='word_1_545' title='bbox 1999 1493 2068 1550; x_wconf 82' lang='lat'><strong>56</strong></span> <span class='ocrx_word' id='word_1_546' title='bbox 2098 1496 2140 1567; x_wconf 92' lang='lat'><strong>).</strong></span> <span class='ocrx_word' id='word_1_547' title='bbox 2174 1496 2354 1569; x_wconf 90' lang='lat' dir='ltr'><strong>Itaque</strong></span> <span class='ocrx_word' id='word_1_548' title='bbox 2380 1500 2578 1570; x_wconf 89' lang='lat' dir='ltr'><strong>primos</strong></span> <span class='ocrx_word' id='word_1_549' title='bbox 2600 1518 2803 1570; x_wconf 88' lang='lat' dir='ltr'><strong>servos,</strong></span> <span class='ocrx_word' id='word_1_550' title='bbox 2833 1505 3024 1577; x_wconf 91' lang='lat' dir='ltr'><strong>quibus</strong></span> <span class='ocrx_word' id='word_1_551' title='bbox 3041 1507 3143 1565; x_wconf 89' lang='lat' dir='ltr'><strong>hoc</strong></span> <span class='ocrx_word' id='word_1_552' title='bbox 3168 1524 3363 1566; x_wconf 88' lang='lat' dir='ltr'><strong>nomen</strong></span> <span class='ocrx_word' id='word_1_553' title='bbox 3390 1512 3440 1567; x_wconf 91' lang='lat' dir='ltr'><strong>in</strong></span> <span class='ocrx_word' id='word_1_554' title='bbox 3471 1513 3590 1569; x_wconf 88' lang='lat' dir='ltr'><strong>lati-</strong></span> 
     </span>
    </p>
   </div>
   <div class='ocr_carea' id='block_1_73' title="bbox 1999 1586 3633 1667">
    <p class='ocr_par' dir='ltr' id='par_1_73' title="bbox 1999 1586 3633 1667">
     <span class='ocr_line' id='line_1_73' title="bbox 1999 1586 3633 1667; baseline 0.013 -28"><span class='ocrx_word' id='word_1_555' title='bbox 1999 1600 2068 1640; x_wconf 88' lang='lat' dir='ltr'><strong>na</strong></span> <span class='ocrx_word' id='word_1_556' title='bbox 2094 1586 2270 1659; x_wconf 79' lang='lat' dir='ltr'><strong>lingua</strong></span> <span class='ocrx_word' id='word_1_557' title='bbox 2298 1589 2520 1646; x_wconf 87' lang='lat' dir='ltr'><strong>inditum</strong></span> <span class='ocrx_word' id='word_1_558' title='bbox 2549 1588 2651 1659; x_wconf 75' lang='lat' dir='ltr'><strong>est,</strong></span> <span class='ocrx_word' id='word_1_559' title='bbox 2680 1594 2817 1650; x_wconf 85' lang='lat' dir='ltr'><strong>bella</strong></span> <span class='ocrx_word' id='word_1_560' title='bbox 2846 1597 3105 1654; x_wconf 83' lang='lat' dir='ltr'><strong>fecerunt.</strong></span> <span class='ocrx_word' id='word_1_561' title='bbox 3128 1600 3229 1667; x_wconf 88' lang='lat' dir='ltr'><strong>Qui</strong></span> <span class='ocrx_word' id='word_1_562' title='bbox 3257 1603 3401 1657; x_wconf 86' lang='lat' dir='ltr'><strong>enim</strong></span> <span class='ocrx_word' id='word_1_563' title='bbox 3424 1604 3587 1662; x_wconf 82' lang='lat' dir='ltr'><strong>homo</strong></span> <span class='ocrx_word' id='word_1_564' title='bbox 3632 1608 3633 1611; x_wconf 61' lang='grc'><em>“</em></span> 
     </span>
    </p>
   </div>
   <div class='ocr_carea' id='block_1_74' title="bbox 2000 1676 3584 1767">
    <p class='ocr_par' dir='ltr' id='par_1_74' title="bbox 2000 1676 3584 1767">
     <span class='ocr_line' id='line_1_74' title="bbox 2000 1676 3584 1767; baseline 0.015 -37"><span class='ocrx_word' id='word_1_565' title='bbox 2000 1676 2069 1733; x_wconf 90' lang='lat' dir='ltr'><strong>ab</strong></span> <span class='ocrx_word' id='word_1_566' title='bbox 2097 1676 2313 1765; x_wconf 88' lang='lat' dir='ltr'><strong>homine</strong></span> <span class='ocrx_word' id='word_1_567' title='bbox 2333 1686 2742 1757; x_wconf 88' lang='lat' dir='ltr'><strong>superatusjure</strong></span> <span class='ocrx_word' id='word_1_568' title='bbox 2761 1687 2881 1744; x_wconf 86' lang='lat' dir='ltr'><strong>belli</strong></span> <span class='ocrx_word' id='word_1_569' title='bbox 2900 1700 3081 1760; x_wconf 89' lang='lat' dir='ltr'><strong>posset</strong></span> <span class='ocrx_word' id='word_1_570' title='bbox 3100 1694 3293 1761; x_wconf 88' lang='lat' dir='ltr'><strong>occidi,</strong></span> <span class='ocrx_word' id='word_1_571' title='bbox 3323 1696 3443 1767; x_wconf 89' lang='lat' dir='ltr'><strong>quia</strong></span> <span class='ocrx_word' id='word_1_572' title='bbox 3465 1714 3584 1753; x_wconf 87' lang='lat' dir='ltr'><strong>ser-</strong></span> 
     </span>
    </p>
   </div>
   <div class='ocr_carea' id='block_1_75' title="bbox 1999 1779 3579 1860">
    <p class='ocr_par' dir='ltr' id='par_1_75' title="bbox 1999 1779 3579 1860">
     <span class='ocr_line' id='line_1_75' title="bbox 1999 1779 3579 1860; baseline 0.013 -36"><span class='ocrx_word' id='word_1_573' title='bbox 1999 1779 2153 1827; x_wconf 89' lang='lat' dir='ltr'><strong>vatus</strong></span> <span class='ocrx_word' id='word_1_574' title='bbox 2180 1781 2283 1842; x_wconf 90' lang='lat' dir='ltr'><strong>est,</strong></span> <span class='ocrx_word' id='word_1_575' title='bbox 2315 1789 2502 1833; x_wconf 89' lang='lat' dir='ltr'><strong>servus</strong></span> <span class='ocrx_word' id='word_1_576' title='bbox 2529 1788 2610 1834; x_wconf 90' lang='lat' dir='ltr'><strong>est</strong></span> <span class='ocrx_word' id='word_1_577' title='bbox 2637 1782 2930 1851; x_wconf 84' lang='lat' dir='ltr'><strong>appellatus</strong></span> <span class='ocrx_word' id='word_1_578' title='bbox 2959 1801 2971 1836; x_wconf 88' lang='lat'>:</span> <span class='ocrx_word' id='word_1_579' title='bbox 3006 1784 3129 1841; x_wconf 90' lang='lat' dir='ltr'><strong>inde</strong></span> <span class='ocrx_word' id='word_1_580' title='bbox 3200 1796 3254 1842; x_wconf 92' lang='lat' dir='ltr'><strong>et</strong></span> <span class='ocrx_word' id='word_1_581' title='bbox 3294 1788 3579 1860; x_wconf 89' lang='lat' dir='ltr'><strong>mancipia,</strong></span> 
     </span>
    </p>
   </div>
   <div class='ocr_carea' id='block_1_76' title="bbox 2000 1863 3580 1939">
    <p class='ocr_par' dir='ltr' id='par_1_76' title="bbox 2000 1863 3580 1939">
     <span class='ocr_line' id='line_1_76' title="bbox 2000 1863 3580 1939; baseline 0.014 -23"><span class='ocrx_word' id='word_1_582' title='bbox 2000 1863 2123 1933; x_wconf 89' lang='lat' dir='ltr'><strong>quia</strong></span> <span class='ocrx_word' id='word_1_583' title='bbox 2138 1880 2299 1921; x_wconf 90' lang='lat' dir='ltr'><strong>manu</strong></span> <span class='ocrx_word' id='word_1_584' title='bbox 2323 1878 2477 1939; x_wconf 89' lang='lat' dir='ltr'><strong>capta</strong></span> <span class='ocrx_word' id='word_1_585' title='bbox 2503 1880 2647 1928; x_wconf 91' lang='lat' dir='ltr'><strong>sunt.</strong></span> <span class='ocrx_word' id='word_1_586' title='bbox 2670 1874 2764 1929; x_wconf 84' lang='lat' dir='ltr'><strong>Est</strong></span> <span class='ocrx_word' id='word_1_587' title='bbox 2782 1874 2943 1930; x_wconf 88' lang='lat' dir='ltr'><strong>etiam</strong></span> <span class='ocrx_word' id='word_1_588' title='bbox 2964 1876 3096 1932; x_wconf 85' lang='lat' dir='ltr'><strong>ordo</strong></span> <span class='ocrx_word' id='word_1_589' title='bbox 3122 1880 3378 1937; x_wconf 89' lang='lat' dir='ltr'><strong>naturalis</strong></span> <span class='ocrx_word' id='word_1_590' title='bbox 3408 1883 3459 1937; x_wconf 89' lang='lat' dir='ltr'><strong>in</strong></span> <span class='ocrx_word' id='word_1_591' title='bbox 3483 1885 3580 1939; x_wconf 88' lang='lat' dir='ltr'><strong>ho-</strong></span> 
     </span>
    </p>
   </div>
   <div class='ocr_carea' id='block_1_77' title="bbox 2000 1954 3581 2041">
    <p class='ocr_par' dir='ltr' id='par_1_77' title="bbox 2000 1954 3581 2041">
     <span class='ocr_line' id='line_1_77' title="bbox 2000 1954 3581 2041; baseline 0.015 -33"><span class='ocrx_word' id='word_1_592' title='bbox 2000 1954 2257 2025; x_wconf 88' lang='lat' dir='ltr'><strong>minibus,</strong></span> <span class='ocrx_word' id='word_1_593' title='bbox 2280 1968 2335 2013; x_wconf 93' lang='lat' dir='ltr'><strong>ut</strong></span> <span class='ocrx_word' id='word_1_594' title='bbox 2364 1961 2598 2018; x_wconf 84' lang='lat' dir='ltr'><strong>serviant</strong></span> <span class='ocrx_word' id='word_1_595' title='bbox 2626 1962 2839 2019; x_wconf 72' lang='lat' dir='ltr'><strong>fetninm</strong></span> <span class='ocrx_word' id='word_1_596' title='bbox 2867 1956 3013 2033; x_wconf 84' lang='lat' dir='ltr'><strong>viris,</strong></span> <span class='ocrx_word' id='word_1_597' title='bbox 3033 1978 3087 2023; x_wconf 89' lang='lat' dir='ltr'><strong>et</strong></span> <span class='ocrx_word' id='word_1_598' title='bbox 3116 1958 3209 2024; x_wconf 81' lang='lat' dir='ltr'><strong>lilii</strong></span> <span class='ocrx_word' id='word_1_599' title='bbox 3240 1973 3581 2041; x_wconf 83' lang='lat' dir='ltr'><strong>parentibus;</strong></span> 
     </span>
    </p>
   </div>
   <div class='ocr_carea' id='block_1_78' title="bbox 2001 2044 3582 2124">
    <p class='ocr_par' dir='ltr' id='par_1_78' title="bbox 2001 2044 3582 2124">
     <span class='ocr_line' id='line_1_78' title="bbox 2001 2044 3582 2124; baseline 0.013 -22"><span class='ocrx_word' id='word_1_600' title='bbox 2001 2046 2126 2120; x_wconf 77' lang='lat' dir='ltr'><strong>quia</strong></span> <span class='ocrx_word' id='word_1_601' title='bbox 2150 2057 2205 2105; x_wconf 93' lang='lat' dir='ltr'><strong>et</strong></span> <span class='ocrx_word' id='word_1_602' title='bbox 2233 2050 2340 2105; x_wconf 86' lang='lat' dir='ltr'><strong>illic</strong></span> <span class='ocrx_word' id='word_1_603' title='bbox 2370 2052 2483 2107; x_wconf 59' lang='lat' dir='ltr'><strong>huic</strong></span> <span class='ocrx_word' id='word_1_604' title='bbox 2504 2052 2707 2124; x_wconf 79' lang='lat' dir='ltr'><strong>justitia</strong></span> <span class='ocrx_word' id='word_1_605' title='bbox 2735 2046 2817 2110; x_wconf 88' lang='lat' dir='ltr'><strong>est</strong></span> <span class='ocrx_word' id='word_1_606' title='bbox 2845 2064 2903 2111; x_wconf 89' lang='lat' dir='ltr'><strong>ut</strong></span> <span class='ocrx_word' id='word_1_607' title='bbox 2930 2044 3189 2114; x_wconf 76' lang='lat' dir='ltr'><strong>inﬁrmior</strong></span> <span class='ocrx_word' id='word_1_608' title='bbox 3218 2062 3354 2117; x_wconf 82' lang='lat' dir='ltr'><strong>ratio</strong></span> <span class='ocrx_word' id='word_1_609' title='bbox 3384 2066 3582 2122; x_wconf 85' lang='lat' dir='ltr'><strong>serviat</strong></span> 
     </span>
    </p>
   </div>
   <div class='ocr_carea' id='block_1_79' title="bbox 2001 2128 3588 2215">
    <p class='ocr_par' dir='ltr' id='par_1_79' title="bbox 2001 2128 3588 2215">
     <span class='ocr_line' id='line_1_79' title="bbox 2001 2128 3588 2215; baseline 0.011 -22"><span class='ocrx_word' id='word_1_610' title='bbox 2001 2128 2227 2196; x_wconf 76' lang='lat' dir='ltr'><strong>fortiori.</strong></span> <span class='ocrx_word' id='word_1_611' title='bbox 2261 2142 2386 2197; x_wconf 75' lang='lat' dir='ltr'><strong>[hec</strong></span> <span class='ocrx_word' id='word_1_612' title='bbox 2410 2143 2566 2215; x_wconf 86' lang='lat' dir='ltr'><strong>igitur</strong></span> <span class='ocrx_word' id='word_1_613' title='bbox 2591 2145 2644 2201; x_wconf 91' lang='lat' dir='ltr'><strong>in</strong></span> <span class='ocrx_word' id='word_1_614' title='bbox 2671 2146 3117 2204; x_wconf 88' lang='lat' dir='ltr'><strong>dominationibus</strong></span> <span class='ocrx_word' id='word_1_615' title='bbox 3145 2159 3198 2205; x_wconf 87' lang='lat' dir='ltr'><strong>et</strong></span> <span class='ocrx_word' id='word_1_616' title='bbox 3242 2140 3588 2211; x_wconf 84' lang='lat' dir='ltr'><strong>servitutibus</strong></span> 
     </span>
    </p>
   </div>
   <div class='ocr_carea' id='block_1_80' title="bbox 2001 2228 3593 2310">
    <p class='ocr_par' dir='ltr' id='par_1_80' title="bbox 2001 2228 3593 2310">
     <span class='ocr_line' id='line_1_80' title="bbox 2001 2228 3593 2310; baseline 0.011 -27"><span class='ocrx_word' id='word_1_617' title='bbox 2001 2228 2141 2285; x_wconf 89' lang='lat' dir='ltr'><strong>clara</strong></span> <span class='ocrx_word' id='word_1_618' title='bbox 2158 2230 2360 2301; x_wconf 85' lang='lat' dir='ltr'><strong>justitia</strong></span> <span class='ocrx_word' id='word_1_619' title='bbox 2386 2243 2485 2301; x_wconf 92' lang='lat' dir='ltr'><strong>est,</strong></span> <span class='ocrx_word' id='word_1_620' title='bbox 2520 2244 2576 2290; x_wconf 92' lang='lat' dir='ltr'><strong>ut</strong></span> <span class='ocrx_word' id='word_1_621' title='bbox 2619 2237 2709 2307; x_wconf 91' lang='lat' dir='ltr'><strong>qui</strong></span> <span class='ocrx_word' id='word_1_622' title='bbox 2738 2238 3003 2293; x_wconf 84' lang='lat' dir='ltr'><strong>excellunt</strong></span> <span class='ocrx_word' id='word_1_623' title='bbox 3052 2228 3277 2310; x_wconf 88' lang='lat' dir='ltr'><strong>ratione,</strong></span> <span class='ocrx_word' id='word_1_624' title='bbox 3328 2246 3593 2300; x_wconf 73' lang='lat' dir='ltr'><strong>excellant</strong></span> 
     </span>
    </p>
   </div>
   <div class='ocr_carea' id='block_1_81' title="bbox 2005 2318 3585 2404">
    <p class='ocr_par' dir='ltr' id='par_1_81' title="bbox 2005 2318 3585 2404">
     <span class='ocr_line' id='line_1_81' title="bbox 2005 2318 3585 2404; baseline 0.011 -30"><span class='ocrx_word' id='word_1_625' title='bbox 2005 2318 2370 2379; x_wconf 89' lang='lat' dir='ltr'><strong>dominatione</strong></span> <span class='ocrx_word' id='word_1_626' title='bbox 2400 2340 2412 2375; x_wconf 93' lang='lat'>:</span> <span class='ocrx_word' id='word_1_627' title='bbox 2442 2324 2583 2394; x_wconf 91' lang='lat' dir='ltr'><strong>quod</strong></span> <span class='ocrx_word' id='word_1_628' title='bbox 2612 2342 2732 2381; x_wconf 89' lang='lat' dir='ltr'><strong>cum</strong></span> <span class='ocrx_word' id='word_1_629' title='bbox 2762 2328 2815 2381; x_wconf 90' lang='lat' dir='ltr'><strong>in</strong></span> <span class='ocrx_word' id='word_1_630' title='bbox 2843 2328 2944 2383; x_wconf 90' lang='lat' dir='ltr'><strong>hoc</strong></span> <span class='ocrx_word' id='word_1_631' title='bbox 2967 2324 3163 2386; x_wconf 69' lang='lat' dir='ltr'><strong>szeculo</strong></span> <span class='ocrx_word' id='word_1_632' title='bbox 3196 2348 3295 2403; x_wconf 86' lang='lat' dir='ltr'><strong>per</strong></span> <span class='ocrx_word' id='word_1_633' title='bbox 3335 2332 3585 2404; x_wconf 71' lang='lat' dir='ltr'><strong>iniquita-</strong></span> 
     </span>
    </p>
   </div>
   <div class='ocr_carea' id='block_1_82' title="bbox 2005 2412 3591 2489">
    <p class='ocr_par' dir='ltr' id='par_1_82' title="bbox 2005 2412 3591 2489">
     <span class='ocr_line' id='line_1_82' title="bbox 2005 2412 3591 2489; baseline 0.011 -25"><span class='ocrx_word' id='word_1_634' title='bbox 2005 2417 2112 2465; x_wconf 92' lang='lat' dir='ltr'><strong>tem</strong></span> <span class='ocrx_word' id='word_1_635' title='bbox 2137 2412 2410 2481; x_wconf 87' lang='lat' dir='ltr'><strong>hominum</strong></span> <span class='ocrx_word' id='word_1_636' title='bbox 2440 2412 2810 2485; x_wconf 76' lang='lat' dir='ltr'><strong>perturbatur,</strong></span> <span class='ocrx_word' id='word_1_637' title='bbox 2840 2412 2923 2473; x_wconf 80' lang='lat' dir='ltr'><strong>vei</strong></span> <span class='ocrx_word' id='word_1_638' title='bbox 2948 2418 3043 2489; x_wconf 87' lang='lat' dir='ltr'><strong>per</strong></span> <span class='ocrx_word' id='word_1_639' title='bbox 3074 2414 3376 2477; x_wconf 82' lang='lat' dir='ltr'><strong>naturarum</strong></span> <span class='ocrx_word' id='word_1_640' title='bbox 3404 2440 3591 2481; x_wconf 88' lang='lat' dir='ltr'><strong>carna-</strong></span> 
     </span>
    </p>
   </div>
   <div class='ocr_carea' id='block_1_83' title="bbox 2001 2494 3589 2582">
    <p class='ocr_par' dir='ltr' id='par_1_83' title="bbox 2001 2494 3589 2582">
     <span class='ocr_line' id='line_1_83' title="bbox 2001 2494 3589 2582; baseline 0.009 -27"><span class='ocrx_word' id='word_1_641' title='bbox 2001 2494 2130 2557; x_wconf 88' lang='lat' dir='ltr'><strong>lium</strong></span> <span class='ocrx_word' id='word_1_642' title='bbox 2149 2503 2531 2573; x_wconf 87' lang='lat' dir='ltr'><strong>diversitatem,</strong></span> <span class='ocrx_word' id='word_1_643' title='bbox 2560 2505 2739 2562; x_wconf 84' lang='lat' dir='ltr'><strong>ferunt</strong></span> <span class='ocrx_word' id='word_1_644' title='bbox 2754 2508 2883 2577; x_wconf 85' lang='lat' dir='ltr'><strong>justi</strong></span> <span class='ocrx_word' id='word_1_645' title='bbox 2902 2511 3250 2580; x_wconf 84' lang='lat' dir='ltr'><strong>temporalem</strong></span> <span class='ocrx_word' id='word_1_646' title='bbox 3269 2514 3589 2582; x_wconf 88' lang='lat' dir='ltr'><strong>perversita-</strong></span> 
     </span>
    </p>
   </div>
   <div class='ocr_carea' id='block_1_84' title="bbox 2004 2590 3587 2675">
    <p class='ocr_par' dir='ltr' id='par_1_84' title="bbox 2004 2590 3587 2675">
     <span class='ocr_line' id='line_1_84' title="bbox 2004 2590 3587 2675; baseline 0.007 -25"><span class='ocrx_word' id='word_1_647' title='bbox 2004 2590 2136 2663; x_wconf 83' lang='lat' dir='ltr'><strong>tem,</strong></span> <span class='ocrx_word' id='word_1_648' title='bbox 2168 2596 2221 2650; x_wconf 82' lang='lat' dir='ltr'><strong>in‘</strong></span> <span class='ocrx_word' id='word_1_649' title='bbox 2245 2596 2351 2652; x_wconf 82' lang='lat' dir='ltr'><strong>ﬁne</strong></span> <span class='ocrx_word' id='word_1_650' title='bbox 2382 2590 2613 2654; x_wconf 86' lang='lat' dir='ltr'><strong>habituri</strong></span> <span class='ocrx_word' id='word_1_651' title='bbox 2641 2594 3095 2657; x_wconf 82' lang='lat' dir='ltr'><strong>ordinatissimam&#39;</strong></span> <span class='ocrx_word' id='word_1_652' title='bbox 3119 2606 3173 2658; x_wconf 86' lang='lat' dir='ltr'><strong>ct</strong></span> <span class='ocrx_word' id='word_1_653' title='bbox 3213 2604 3587 2675; x_wconf 88' lang='lat' dir='ltr'><strong>sempiternam</strong></span> 
     </span>
    </p>
   </div>
   <div class='ocr_carea' id='block_1_85' title="bbox 2001 2685 2331 2744">
    <p class='ocr_par' dir='ltr' id='par_1_85' title="bbox 2001 2685 2331 2744">
     <span class='ocr_line' id='line_1_85' title="bbox 2001 2685 2331 2744; baseline 0 -3"><span class='ocrx_word' id='word_1_654' title='bbox 2001 2685 2331 2744; x_wconf 76' lang='lat' dir='ltr'><strong>felicitatem.</strong></span> 
     </span>
    </p>
   </div>
   <div class='ocr_carea' id='block_1_86' title="bbox 2071 2777 3589 2861">
    <p class='ocr_par' dir='ltr' id='par_1_86' title="bbox 2071 2777 3589 2861">
     <span class='ocr_line' id='line_1_86' title="bbox 2071 2777 3589 2861; baseline 0.007 -27"><span class='ocrx_word' id='word_1_655' title='bbox 2071 2777 2248 2835; x_wconf 84' lang='lat' dir='ltr'><strong>CLIV.</strong></span> <span class='ocrx_word' id='word_1_656' title='bbox 2282 2778 2379 2853; x_wconf 80' lang='lat' dir='ltr'><strong>[lb.</strong></span> <span class='ocrx_word' id='word_1_657' title='bbox 2425 2790 2572 2850; x_wconf 76' lang='lat' dir='ltr'><strong>XLVI,</strong></span> <span class='ocrx_word' id='word_1_658' title='bbox 2604 2782 2691 2836; x_wconf 68' lang='grc'><strong>54.</strong></span> <span class='ocrx_word' id='word_1_659' title='bbox 2722 2780 2743 2855; x_wconf 96' lang='grc'>]</span> <span class='ocrx_word' id='word_1_660' title='bbox 2771 2782 3090 2839; x_wconf 71' lang='lat' dir='ltr'><strong>Abominatio</strong></span> <span class='ocrx_word' id='word_1_661' title='bbox 3117 2796 3189 2838; x_wconf 81' lang='lat' dir='ltr'><strong>est</strong></span> <span class='ocrx_word' id='word_1_662' title='bbox 3230 2786 3359 2851; x_wconf 79' lang='lat' dir='ltr'><strong>enim</strong></span> <span class='ocrx_word' id='word_1_663' title='bbox 3414 2787 3589 2861; x_wconf 64' lang='lat' dir='ltr'><strong>digg-</strong></span> 
     </span>
    </p>
   </div>
   <div class='ocr_carea' id='block_1_87' title="bbox 2000 2870 3583 2950">
    <p class='ocr_par' dir='ltr' id='par_1_87' title="bbox 2000 2870 3583 2950">
     <span class='ocr_line' id='line_1_87' title="bbox 2000 2870 3583 2950; baseline 0.008 -27"><span class='ocrx_word' id='word_1_664' title='bbox 2000 2870 2120 2943; x_wconf 81' lang='lat' dir='ltr'><strong>ptiis</strong></span> <span class='ocrx_word' id='word_1_665' title='bbox 2149 2871 2311 2927; x_wconf 82' lang='lat' dir='ltr'><strong>omnis</strong></span> <span class='ocrx_word' id='word_1_666' title='bbox 2336 2881 2508 2944; x_wconf 87' lang='lat' dir='ltr'><strong>pastor</strong></span> <span class='ocrx_word' id='word_1_667' title='bbox 2527 2874 2715 2927; x_wconf 85' lang='lat' dir='ltr'><strong>ovium.</strong></span> <span class='ocrx_word' id='word_1_668' title='bbox 2749 2874 2934 2929; x_wconf 85' lang='lat' dir='ltr'><strong>Merito</strong></span> <span class='ocrx_word' id='word_1_669' title='bbox 2975 2874 3260 2947; x_wconf 67' lang='lat' dir='ltr'><strong>Egyptiis,</strong></span> <span class='ocrx_word' id='word_1_670' title='bbox 3291 2877 3343 2932; x_wconf 92' lang='lat' dir='ltr'><strong>in</strong></span> <span class='ocrx_word' id='word_1_671' title='bbox 3390 2879 3583 2950; x_wconf 85' lang='lat' dir='ltr'><strong>quibus</strong></span> 
     </span>
    </p>
   </div>
   <div class='ocr_carea' id='block_1_88' title="bbox 2001 2960 3583 3041">
    <p class='ocr_par' dir='ltr' id='par_1_88' title="bbox 2001 2960 3583 3041">
     <span class='ocr_line' id='line_1_88' title="bbox 2001 2960 3583 3041; baseline 0.006 -25"><span class='ocrx_word' id='word_1_672' title='bbox 2001 2960 2169 3033; x_wconf 84' lang='lat' dir='ltr'><strong>ﬁgura</strong></span> <span class='ocrx_word' id='word_1_673' title='bbox 2193 2972 2274 3018; x_wconf 88' lang='lat' dir='ltr'><strong>est</strong></span> <span class='ocrx_word' id='word_1_674' title='bbox 2291 2966 2567 3034; x_wconf 74' lang='lat' dir='ltr'><strong>przesentis</strong></span> <span class='ocrx_word' id='word_1_675' title='bbox 2596 2965 2795 3033; x_wconf 80' lang='lat' dir='ltr'><strong>saeculi,</strong></span> <span class='ocrx_word' id='word_1_676' title='bbox 2821 2966 2873 3019; x_wconf 92' lang='lat' dir='ltr'><strong>in</strong></span> <span class='ocrx_word' id='word_1_677' title='bbox 2900 2983 3003 3036; x_wconf 91' lang='lat' dir='ltr'><strong>quo</strong></span> <span class='ocrx_word' id='word_1_678' title='bbox 3042 2967 3274 3023; x_wconf 81' lang='lat' dir='ltr'><strong>abundat</strong></span> <span class='ocrx_word' id='word_1_679' title='bbox 3315 2968 3583 3041; x_wconf 87' lang='lat' dir='ltr'><strong>iniquitas,</strong></span> 
     </span>
    </p>
   </div>
   <div class='ocr_carea' id='block_1_89' title="bbox 2000 3055 3589 3131">
    <p class='ocr_par' dir='ltr' id='par_1_89' title="bbox 2000 3055 3589 3131">
     <span class='ocr_line' id='line_1_89' title="bbox 2000 3055 3589 3131; baseline 0.008 -23"><span class='ocrx_word' id='word_1_680' title='bbox 2000 3055 2325 3110; x_wconf 88' lang='lat' dir='ltr'><strong>abominatio</strong></span> <span class='ocrx_word' id='word_1_681' title='bbox 2361 3066 2445 3114; x_wconf 90' lang='lat' dir='ltr'><strong>est</strong></span> <span class='ocrx_word' id='word_1_682' title='bbox 2490 3058 2665 3113; x_wconf 91' lang='lat' dir='ltr'><strong>omnis</strong></span> <span class='ocrx_word' id='word_1_683' title='bbox 2709 3069 2887 3128; x_wconf 90' lang='lat' dir='ltr'><strong>pastor</strong></span> <span class='ocrx_word' id='word_1_684' title='bbox 2939 3075 3189 3131; x_wconf 90' lang='lat' dir='ltr'><strong>pecorum</strong></span> <span class='ocrx_word' id='word_1_685' title='bbox 3224 3080 3237 3116; x_wconf 93' lang='lat'><strong>:</strong></span> <span class='ocrx_word' id='word_1_686' title='bbox 3268 3062 3589 3121; x_wconf 87' lang='lat' dir='ltr'><strong>abominatio</strong></span> 
     </span>
    </p>
   </div>
   <div class='ocr_carea' id='block_1_90' title="bbox 1999 3146 2769 3220">
    <p class='ocr_par' dir='ltr' id='par_1_90' title="bbox 1999 3146 2769 3220">
     <span class='ocr_line' id='line_1_90' title="bbox 1999 3146 2769 3220; baseline 0.004 -18"><span class='ocrx_word' id='word_1_687' title='bbox 1999 3155 2082 3202; x_wconf 92' lang='lat' dir='ltr'><strong>est</strong></span> <span class='ocrx_word' id='word_1_688' title='bbox 2097 3146 2241 3203; x_wconf 89' lang='lat' dir='ltr'><strong>enim</strong></span> <span class='ocrx_word' id='word_1_689' title='bbox 2270 3149 2450 3220; x_wconf 88' lang='lat' dir='ltr'><strong>iniquo</strong></span> <span class='ocrx_word' id='word_1_690' title='bbox 2473 3150 2553 3204; x_wconf 91' lang='lat' dir='ltr'><strong>vir</strong></span> <span class='ocrx_word' id='word_1_691' title='bbox 2576 3150 2769 3220; x_wconf 85' lang='lat' dir='ltr'><strong>justus.</strong></span> 
     </span>
    </p>
   </div>
   <div class='ocr_carea' id='block_1_91' title="bbox 2071 3237 3591 3321">
    <p class='ocr_par' dir='ltr' id='par_1_91' title="bbox 2071 3237 3591 3321">
     <span class='ocr_line' id='line_1_91' title="bbox 2071 3237 3591 3321; baseline 0.006 -25"><span class='ocrx_word' id='word_1_692' title='bbox 2071 3237 2223 3296; x_wconf 86' lang='lat' dir='ltr'><strong>CLV.</strong></span> <span class='ocrx_word' id='word_1_693' title='bbox 2253 3239 2355 3315; x_wconf 89' lang='lat' dir='ltr'><strong>[lb.</strong></span> <span class='ocrx_word' id='word_1_694' title='bbox 2374 3257 2543 3310; x_wconf 72' lang='lat' dir='ltr'><strong>xnvn,</strong></span> <span class='ocrx_word' id='word_1_695' title='bbox 2566 3242 2620 3309; x_wconf 84' lang='lat'><strong>5,</strong></span> <span class='ocrx_word' id='word_1_696' title='bbox 2649 3240 2726 3315; x_wconf 89' lang='lat'><strong>6.]</strong></span> <span class='ocrx_word' id='word_1_697' title='bbox 2764 3240 3019 3299; x_wconf 82' lang='lat' dir='ltr'><strong>Venerunt</strong></span> <span class='ocrx_word' id='word_1_698' title='bbox 3038 3254 3207 3301; x_wconf 87' lang='lat' dir='ltr'><strong>autem</strong></span> <span class='ocrx_word' id='word_1_699' title='bbox 3228 3247 3281 3301; x_wconf 84' lang='lat' dir='ltr'><strong>in</strong></span> <span class='ocrx_word' id='word_1_700' title='bbox 3302 3247 3591 3321; x_wconf 64' lang='lat' dir='ltr'><strong>Egyptum</strong></span> 
     </span>
    </p>
   </div>
   <div class='ocr_carea' id='block_1_92' title="bbox 1999 3329 3588 3404">
    <p class='ocr_par' dir='ltr' id='par_1_92' title="bbox 1999 3329 3588 3404">
     <span class='ocr_line' id='line_1_92' title="bbox 1999 3329 3588 3404; baseline 0.008 -19"><span class='ocrx_word' id='word_1_701' title='bbox 1999 3329 2272 3401; x_wconf 78' lang='lat' dir='ltr'><strong>adJoseph</strong></span> <span class='ocrx_word' id='word_1_702' title='bbox 2322 3332 2485 3387; x_wconf 76' lang='lat' dir='ltr'><strong>Iacob</strong></span> <span class='ocrx_word' id='word_1_703' title='bbox 2531 3343 2579 3388; x_wconf 86' lang='lat' dir='ltr'><strong>et</strong></span> <span class='ocrx_word' id='word_1_704' title='bbox 2618 3332 2716 3403; x_wconf 79' lang='lat' dir='ltr'><strong>ﬁlii</strong></span> <span class='ocrx_word' id='word_1_705' title='bbox 2736 3335 2891 3404; x_wconf 87' lang='lat' dir='ltr'><strong>ejus:</strong></span> <span class='ocrx_word' id='word_1_706' title='bbox 2918 3345 2965 3390; x_wconf 85' lang='lat' dir='ltr'><strong>et</strong></span> <span class='ocrx_word' id='word_1_707' title='bbox 3002 3337 3192 3392; x_wconf 86' lang='lat' dir='ltr'><strong>audivit</strong></span> <span class='ocrx_word' id='word_1_708' title='bbox 3243 3338 3452 3395; x_wconf 81' lang='lat' dir='ltr'><strong>Pharao</strong></span> <span class='ocrx_word' id='word_1_709' title='bbox 3496 3359 3588 3397; x_wconf 76' lang='lat' dir='ltr'><strong>rex</strong></span> 
     </span>
    </p>
   </div>
   <div class='ocr_carea' id='block_1_93' title="bbox 1999 3420 3577 3498">
    <p class='ocr_par' dir='ltr' id='par_1_93' title="bbox 1999 3420 3577 3498">
     <span class='ocr_line' id='line_1_93' title="bbox 1999 3420 3577 3498; baseline 0.007 -20"><span class='ocrx_word' id='word_1_710' title='bbox 1999 3420 2240 3493; x_wconf 56' lang='lat' dir='ltr'><strong>ﬂgypti,</strong></span> <span class='ocrx_word' id='word_1_711' title='bbox 2270 3433 2316 3477; x_wconf 88' lang='lat' dir='ltr'><strong>et</strong></span> <span class='ocrx_word' id='word_1_712' title='bbox 2344 3424 2413 3476; x_wconf 89' lang='lat' dir='ltr'><strong>ait</strong></span> <span class='ocrx_word' id='word_1_713' title='bbox 2436 3421 2642 3477; x_wconf 84' lang='lat' dir='ltr'><strong>Pharao</strong></span> <span class='ocrx_word' id='word_1_714' title='bbox 2660 3423 2727 3478; x_wconf 89' lang='lat' dir='ltr'><strong>ad</strong></span> <span class='ocrx_word' id='word_1_715' title='bbox 2745 3424 2939 3498; x_wconf 73' lang='lat' dir='ltr'><strong>Ioseph</strong></span> <span class='ocrx_word' id='word_1_716' title='bbox 2980 3425 3171 3496; x_wconf 85' lang='lat' dir='ltr'><strong>dicens,</strong></span> <span class='ocrx_word' id='word_1_717' title='bbox 3206 3426 3365 3484; x_wconf 84' lang='lat' dir='ltr'><strong>Pater</strong></span> <span class='ocrx_word' id='word_1_718' title='bbox 3390 3440 3508 3487; x_wconf 86' lang='lat' dir='ltr'><strong>tuus</strong></span> <span class='ocrx_word' id='word_1_719' title='bbox 3528 3444 3577 3489; x_wconf 87' lang='lat' dir='ltr'><strong>et</strong></span> 
     </span>
    </p>
   </div>
   <div class='ocr_carea' id='block_1_94' title="bbox 2000 3516 3583 3595">
    <p class='ocr_par' dir='ltr' id='par_1_94' title="bbox 2000 3516 3583 3595">
     <span class='ocr_line' id='line_1_94' title="bbox 2000 3516 3583 3595; baseline 0.007 -27"><span class='ocrx_word' id='word_1_720' title='bbox 2000 3516 2184 3587; x_wconf 68' lang='lat' dir='ltr'><strong>fratres</strong></span> <span class='ocrx_word' id='word_1_721' title='bbox 2202 3517 2274 3570; x_wconf 86' lang='lat' dir='ltr'><strong>tui</strong></span> <span class='ocrx_word' id='word_1_722' title='bbox 2297 3527 2533 3571; x_wconf 85' lang='lat' dir='ltr'><strong>venerunt</strong></span> <span class='ocrx_word' id='word_1_723' title='bbox 2549 3518 2617 3570; x_wconf 89' lang='lat' dir='ltr'><strong>ad</strong></span> <span class='ocrx_word' id='word_1_724' title='bbox 2636 3527 2683 3571; x_wconf 87' lang='lat' dir='ltr'><strong>te</strong></span> <span class='ocrx_word' id='word_1_725' title='bbox 2700 3534 2719 3573; x_wconf 83' lang='lat'><strong>.°</strong></span> <span class='ocrx_word' id='word_1_726' title='bbox 2739 3536 2849 3573; x_wconf 86' lang='lat' dir='ltr'><strong>ecce</strong></span> <span class='ocrx_word' id='word_1_727' title='bbox 2875 3529 3007 3575; x_wconf 87' lang='lat' dir='ltr'><strong>terra</strong></span> <span class='ocrx_word' id='word_1_728' title='bbox 3027 3518 3251 3595; x_wconf 59' lang='grc' dir='ltr'><strong>Αἴθρη)ιὶ</strong></span> <span class='ocrx_word' id='word_1_729' title='bbox 3276 3533 3393 3579; x_wconf 84' lang='lat' dir='ltr'><strong>ante</strong></span> <span class='ocrx_word' id='word_1_730' title='bbox 3416 3534 3469 3580; x_wconf 78' lang='lat' dir='ltr'><strong>te</strong></span> <span class='ocrx_word' id='word_1_731' title='bbox 3491 3536 3583 3595; x_wconf 87' lang='lat' dir='ltr'><strong>est,</strong></span> 
     </span>
    </p>
   </div>
   <div class='ocr_carea' id='block_1_95' title="bbox 1998 3604 3581 3684">
    <p class='ocr_par' dir='ltr' id='par_1_95' title="bbox 1998 3604 3581 3684">
     <span class='ocr_line' id='line_1_95' title="bbox 1998 3604 3581 3684; baseline 0.008 -24"><span class='ocrx_word' id='word_1_732' title='bbox 1998 3604 2051 3661; x_wconf 81' lang='lat' dir='ltr'><strong>in</strong></span> <span class='ocrx_word' id='word_1_733' title='bbox 2079 3612 2211 3661; x_wconf 81' lang='lat' dir='ltr'><strong>terra</strong></span> <span class='ocrx_word' id='word_1_734' title='bbox 2239 3608 2428 3678; x_wconf 81' lang='lat' dir='ltr'><strong>Optima</strong></span> <span class='ocrx_word' id='word_1_735' title='bbox 2449 3607 2641 3662; x_wconf 82' lang='lat' dir='ltr'><strong>colloca</strong></span> <span class='ocrx_word' id='word_1_736' title='bbox 2659 3620 2850 3679; x_wconf 87' lang='lat' dir='ltr'><strong>patrem</strong></span> <span class='ocrx_word' id='word_1_737' title='bbox 2866 3621 3005 3665; x_wconf 85' lang='lat' dir='ltr'><strong>tuum</strong></span> <span class='ocrx_word' id='word_1_738' title='bbox 3033 3621 3080 3667; x_wconf 85' lang='lat' dir='ltr'><strong>et</strong></span> <span class='ocrx_word' id='word_1_739' title='bbox 3104 3615 3287 3684; x_wconf 78' lang='lat' dir='ltr'><strong>fratres</strong></span> <span class='ocrx_word' id='word_1_740' title='bbox 3299 3625 3431 3671; x_wconf 83' lang='lat' dir='ltr'><strong>tuos.</strong></span> <span class='ocrx_word' id='word_1_741' title='bbox 3455 3616 3581 3673; x_wconf 65' lang='lat'><strong>&quot;35¢</strong></span> 
     </span>
    </p>
   </div>
   <div class='ocr_carea' id='block_1_96' title="bbox 2000 3702 3589 3779">
    <p class='ocr_par' dir='ltr' id='par_1_96' title="bbox 2000 3702 3589 3779">
     <span class='ocr_line' id='line_1_96' title="bbox 2000 3702 3589 3779; baseline 0.005 -21"><span class='ocrx_word' id='word_1_742' title='bbox 2000 3702 2248 3773; x_wconf 88' lang='lat' dir='ltr'><strong>repetitio</strong></span> <span class='ocrx_word' id='word_1_743' title='bbox 2268 3718 2375 3757; x_wconf 93' lang='lat' dir='ltr'><strong>non</strong></span> <span class='ocrx_word' id='word_1_744' title='bbox 2414 3703 2786 3773; x_wconf 69' lang='lat' dir='ltr'><strong>prmtermissze</strong></span> <span class='ocrx_word' id='word_1_745' title='bbox 2810 3706 2908 3773; x_wconf 89' lang='lat' dir='ltr'><strong>rei,</strong></span> <span class='ocrx_word' id='word_1_746' title='bbox 2938 3705 3005 3761; x_wconf 92' lang='lat' dir='ltr'><strong>ad</strong></span> <span class='ocrx_word' id='word_1_747' title='bbox 3042 3722 3200 3777; x_wconf 84' lang='lat' dir='ltr'><strong>quam</strong></span> <span class='ocrx_word' id='word_1_748' title='bbox 3226 3724 3367 3779; x_wconf 51' lang='lat' dir='ltr'><strong>saepe</strong></span> <span class='ocrx_word' id='word_1_749' title='bbox 3394 3709 3589 3766; x_wconf 81' lang='lat' dir='ltr'><strong>obscu-</strong></span> 
     </span>
    </p>
   </div>
   <div class='ocr_carea' id='block_1_97' title="bbox 1998 3794 3587 3873">
    <p class='ocr_par' dir='ltr' id='par_1_97' title="bbox 1998 3794 3587 3873">
     <span class='ocr_line' id='line_1_97' title="bbox 1998 3794 3587 3873; baseline 0.004 -23"><span class='ocrx_word' id='word_1_750' title='bbox 1998 3808 2060 3850; x_wconf 89' lang='lat' dir='ltr'><strong>re</strong></span> <span class='ocrx_word' id='word_1_751' title='bbox 2085 3809 2180 3865; x_wconf 91' lang='lat' dir='ltr'><strong>per</strong></span> <span class='ocrx_word' id='word_1_752' title='bbox 2210 3794 2699 3864; x_wconf 89' lang='lat' dir='ltr'><strong>recapitulationem</strong></span> <span class='ocrx_word' id='word_1_753' title='bbox 2726 3796 2948 3864; x_wconf 86' lang='lat' dir='ltr'><strong>reditur,</strong></span> <span class='ocrx_word' id='word_1_754' title='bbox 2987 3798 3080 3853; x_wconf 91' lang='lat' dir='ltr'><strong>sed</strong></span> <span class='ocrx_word' id='word_1_755' title='bbox 3139 3800 3363 3856; x_wconf 91' lang='lat' dir='ltr'><strong>omnino</strong></span> <span class='ocrx_word' id='word_1_756' title='bbox 3403 3810 3587 3873; x_wconf 81' lang='lat' dir='ltr'><strong>aperta</strong></span> 
     </span>
    </p>
   </div>
   <div class='ocr_carea' id='block_1_98' title="bbox 1997 3885 3586 3959">
    <p class='ocr_par' dir='ltr' id='par_1_98' title="bbox 1997 3885 3586 3959">
     <span class='ocr_line' id='line_1_98' title="bbox 1997 3885 3586 3959; baseline 0.003 -15"><span class='ocrx_word' id='word_1_757' title='bbox 1997 3894 2102 3944; x_wconf 85' lang='lat' dir='ltr'><strong>est.</strong></span> <span class='ocrx_word' id='word_1_758' title='bbox 2123 3885 2243 3943; x_wconf 80' lang='lat' dir='ltr'><strong>Jam</strong></span> <span class='ocrx_word' id='word_1_759' title='bbox 2272 3887 2414 3943; x_wconf 88' lang='lat' dir='ltr'><strong>enim</strong></span> <span class='ocrx_word' id='word_1_760' title='bbox 2440 3885 2649 3942; x_wconf 89' lang='lat' dir='ltr'><strong>dixerat</strong></span> <span class='ocrx_word' id='word_1_761' title='bbox 2676 3886 2949 3958; x_wconf 72' lang='lat' dir='ltr'><strong>Scriptura“</strong></span> <span class='ocrx_word' id='word_1_762' title='bbox 2963 3891 3229 3959; x_wconf 89' lang='lat' dir='ltr'><strong>quomodo</strong></span> <span class='ocrx_word' id='word_1_763' title='bbox 3247 3892 3490 3948; x_wconf 88' lang='lat' dir='ltr'><strong>venerint</strong></span> <span class='ocrx_word' id='word_1_764' title='bbox 3517 3891 3586 3948; x_wconf 83' lang='lat' dir='ltr'><strong>ad</strong></span> 
     </span>
    </p>
   </div>
   <div class='ocr_carea' id='block_1_99' title="bbox 1998 3976 3583 4050">
    <p class='ocr_par' dir='ltr' id='par_1_99' title="bbox 1998 3976 3583 4050">
     <span class='ocr_line' id='line_1_99' title="bbox 1998 3976 3583 4050; baseline 0.004 -15"><span class='ocrx_word' id='word_1_765' title='bbox 1998 3976 2332 4036; x_wconf 89' lang='lat' dir='ltr'><strong>Pharaonem</strong></span> <span class='ocrx_word' id='word_1_766' title='bbox 2361 3977 2551 4033; x_wconf 84' lang='lat' dir='ltr'><strong>fratres</strong></span> <span class='ocrx_word' id='word_1_767' title='bbox 2576 3977 2795 4048; x_wconf 82' lang='lat' dir='ltr'><strong>Joseph,</strong></span> <span class='ocrx_word' id='word_1_768' title='bbox 2825 3988 2878 4033; x_wconf 85' lang='lat' dir='ltr'><strong>et</strong></span> <span class='ocrx_word' id='word_1_769' title='bbox 2907 3979 3033 4050; x_wconf 90' lang='lat' dir='ltr'><strong>quid</strong></span> <span class='ocrx_word' id='word_1_770' title='bbox 3055 3982 3133 4038; x_wconf 90' lang='lat' dir='ltr'><strong>eis</strong></span> <span class='ocrx_word' id='word_1_771' title='bbox 3157 3981 3369 4049; x_wconf 82' lang='lat' dir='ltr'><strong>dixerit,</strong></span> <span class='ocrx_word' id='word_1_772' title='bbox 3390 3985 3475 4041; x_wconf 86' lang='lat' dir='ltr'><strong>vel</strong></span> <span class='ocrx_word' id='word_1_773' title='bbox 3513 3984 3583 4041; x_wconf 89' lang='lat' dir='ltr'><strong>ab&#39;</strong></span> 
     </span>
    </p>
   </div>
   <div class='ocr_carea' id='block_1_100' title="bbox 1998 4069 3588 4142">
    <p class='ocr_par' dir='ltr' id='par_1_100' title="bbox 1998 4069 3588 4142">
     <span class='ocr_line' id='line_1_100' title="bbox 1998 4069 3588 4142; baseline 0.003 -15"><span class='ocrx_word' id='word_1_774' title='bbox 1998 4071 2076 4127; x_wconf 89' lang='lat' dir='ltr'><strong>eis</strong></span> <span class='ocrx_word' id='word_1_775' title='bbox 2128 4069 2395 4142; x_wconf 88' lang='lat' dir='ltr'><strong>audierit(</strong></span> <span class='ocrx_word' id='word_1_776' title='bbox 2426 4069 2512 4124; x_wconf 86' lang='lat' dir='ltr'><strong>Id.</strong></span> <span class='ocrx_word' id='word_1_777' title='bbox 2546 4076 2670 4139; x_wconf 58' lang='lat' dir='ltr'><strong>xxiv,</strong></span> <span class='ocrx_word' id='word_1_778' title='bbox 2700 4070 2868 4126; x_wconf 72' lang='grc'><strong>16-20</strong></span> <span class='ocrx_word' id='word_1_779' title='bbox 2893 4070 2947 4141; x_wconf 91' lang='grc'><strong>);</strong></span> <span class='ocrx_word' id='word_1_780' title='bbox 2978 4072 3073 4127; x_wconf 83' lang='lat' dir='ltr'><strong>sed</strong></span> <span class='ocrx_word' id='word_1_781' title='bbox 3115 4074 3217 4128; x_wconf 90' lang='lat' dir='ltr'><strong>hoc</strong></span> <span class='ocrx_word' id='word_1_782' title='bbox 3242 4089 3382 4129; x_wconf 86' lang='lat' dir='ltr'><strong>nunc</strong></span> <span class='ocrx_word' id='word_1_783' title='bbox 3442 4076 3588 4131; x_wconf 78' lang='lat' dir='ltr'><strong>velut</strong></span> 
     </span>
    </p>
   </div>
   <div class='ocr_carea' id='block_1_101' title="bbox 1997 4162 3585 4234">
    <p class='ocr_par' dir='ltr' id='par_1_101' title="bbox 1997 4162 3585 4234">
     <span class='ocr_line' id='line_1_101' title="bbox 1997 4162 3585 4234; baseline 0.004 -17"><span class='ocrx_word' id='word_1_784' title='bbox 1997 4162 2066 4217; x_wconf 89' lang='lat' dir='ltr'><strong>ab</strong></span> <span class='ocrx_word' id='word_1_785' title='bbox 2086 4163 2237 4219; x_wconf 91' lang='lat' dir='ltr'><strong>initio</strong></span> <span class='ocrx_word' id='word_1_786' title='bbox 2258 4162 2525 4234; x_wconf 89' lang='lat' dir='ltr'><strong>repetivit,</strong></span> <span class='ocrx_word' id='word_1_787' title='bbox 2558 4171 2615 4217; x_wconf 91' lang='lat' dir='ltr'><strong>ut</strong></span> <span class='ocrx_word' id='word_1_788' title='bbox 2636 4162 2759 4218; x_wconf 90' lang='lat' dir='ltr'><strong>inde</strong></span> <span class='ocrx_word' id='word_1_789' title='bbox 2784 4172 3093 4219; x_wconf 81' lang='lat' dir='ltr'><strong>centexeret</strong></span> <span class='ocrx_word' id='word_1_790' title='bbox 3128 4167 3486 4221; x_wconf 87' lang='lat' dir='ltr'><strong>narrationem</strong></span> <span class='ocrx_word' id='word_1_791' title='bbox 3518 4166 3585 4223; x_wconf 90' lang='lat' dir='ltr'><strong>ab</strong></span> 
     </span>
    </p>
   </div>
   <div class='ocr_carea' id='block_1_102' title="bbox 1999 4244 3587 4326">
    <p class='ocr_par' dir='ltr' id='par_1_102' title="bbox 1999 4244 3587 4326">
     <span class='ocr_line' id='line_1_102' title="bbox 1999 4244 3587 4326; baseline 0.003 -19"><span class='ocrx_word' id='word_1_792' title='bbox 1999 4244 2085 4307; x_wconf 83' lang='lat' dir='ltr'><strong>his</strong></span> <span class='ocrx_word' id='word_1_793' title='bbox 2122 4252 2323 4319; x_wconf 88' lang='lat' dir='ltr'><strong>verbis,</strong></span> <span class='ocrx_word' id='word_1_794' title='bbox 2361 4269 2479 4323; x_wconf 68' lang='lat' dir='ltr'><strong>qua:</strong></span> <span class='ocrx_word' id='word_1_795' title='bbox 2520 4250 2618 4308; x_wconf 69' lang='lat' dir='ltr'><strong>seri</strong></span> <span class='ocrx_word' id='word_1_796' title='bbox 2661 4252 2859 4323; x_wconf 86' lang='lat' dir='ltr'><strong>Joscph</strong></span> <span class='ocrx_word' id='word_1_797' title='bbox 2905 4252 3113 4307; x_wconf 86' lang='lat' dir='ltr'><strong>Pharao</strong></span> <span class='ocrx_word' id='word_1_798' title='bbox 3160 4250 3326 4309; x_wconf 87' lang='lat' dir='ltr'><strong>dixit:</strong></span> <span class='ocrx_word' id='word_1_799' title='bbox 3359 4268 3587 4326; x_wconf 89' lang='lat' dir='ltr'><strong>quorum</strong></span> 
     </span>
    </p>
   </div>
   <div class='ocr_carea' id='block_1_103' title="bbox 1999 4344 3577 4415">
    <p class='ocr_par' dir='ltr' id='par_1_103' title="bbox 1999 4344 3577 4415">
     <span class='ocr_line' id='line_1_103' title="bbox 1999 4344 3577 4415; baseline 0.003 -17"><span class='ocrx_word' id='word_1_800' title='bbox 1999 4345 2233 4400; x_wconf 82' lang='lat' dir='ltr'><strong>Omnium</strong></span> <span class='ocrx_word' id='word_1_801' title='bbox 2252 4346 2309 4399; x_wconf 92' lang='lat' dir='ltr'><strong>in</strong></span> <span class='ocrx_word' id='word_1_802' title='bbox 2328 4344 2597 4400; x_wconf 89' lang='lat' dir='ltr'><strong>codicibus</strong></span> <span class='ocrx_word' id='word_1_803' title='bbox 2611 4345 2815 4415; x_wconf 66' lang='lat' dir='ltr'><strong>graecis,</strong></span> <span class='ocrx_word' id='word_1_804' title='bbox 2842 4346 2931 4415; x_wconf 86' lang='lat' dir='ltr'><strong>qui</strong></span> <span class='ocrx_word' id='word_1_805' title='bbox 2950 4358 2978 4398; x_wconf 87' lang='lat' dir='ltr'><strong>a</strong></span> <span class='ocrx_word' id='word_1_806' title='bbox 2996 4345 3419 4414; x_wconf 82' lang='lat' dir='ltr'><strong>diligentioribus</strong></span> <span class='ocrx_word' id='word_1_807' title='bbox 3445 4363 3577 4402; x_wconf 89' lang='lat' dir='ltr'><strong>con-</strong></span> 
     </span>
    </p>
   </div>
   <div class='ocr_carea' id='block_1_104' title="bbox 1999 4437 3587 4511">
    <p class='ocr_par' dir='ltr' id='par_1_104' title="bbox 1999 4437 3587 4511">
     <span class='ocr_line' id='line_1_104' title="bbox 1999 4437 3587 4511; baseline 0.001 -17"><span class='ocrx_word' id='word_1_808' title='bbox 1999 4438 2180 4509; x_wconf 86' lang='lat' dir='ltr'><strong>scripti</strong></span> <span class='ocrx_word' id='word_1_809' title='bbox 2208 4446 2352 4506; x_wconf 91' lang='lat' dir='ltr'><strong>sunt,</strong></span> <span class='ocrx_word' id='word_1_810' title='bbox 2388 4437 2632 4507; x_wconf 86' lang='lat' dir='ltr'><strong>quaedam</strong></span> <span class='ocrx_word' id='word_1_811' title='bbox 2657 4437 2921 4492; x_wconf 83' lang='lat' dir='ltr'><strong>obeliscos</strong></span> <span class='ocrx_word' id='word_1_812' title='bbox 2950 4438 3164 4506; x_wconf 89' lang='lat' dir='ltr'><strong>habent,</strong></span> <span class='ocrx_word' id='word_1_813' title='bbox 3194 4447 3248 4494; x_wconf 90' lang='lat' dir='ltr'><strong>et</strong></span> <span class='ocrx_word' id='word_1_814' title='bbox 3273 4439 3587 4511; x_wconf 62' lang='lat' dir='ltr'><strong>significant”</strong></span> 
     </span>
    </p>
   </div>
   <div class='ocr_carea' id='block_1_105' title="bbox 1998 4528 3588 4603">
    <p class='ocr_par' dir='ltr' id='par_1_105' title="bbox 1998 4528 3588 4603">
     <span class='ocr_line' id='line_1_105' title="bbox 1998 4528 3588 4603; baseline 0.003 -20"><span class='ocrx_word' id='word_1_815' title='bbox 1998 4542 2061 4584; x_wconf 89' lang='lat' dir='ltr'><strong>ea</strong></span> <span class='ocrx_word' id='word_1_816' title='bbox 2090 4545 2207 4599; x_wconf 70' lang='lat' dir='ltr'><strong>qua:</strong></span> <span class='ocrx_word' id='word_1_817' title='bbox 2236 4529 2290 4583; x_wconf 91' lang='lat' dir='ltr'><strong>in</strong></span> <span class='ocrx_word' id='word_1_818' title='bbox 2321 4528 2535 4583; x_wconf 83' lang='lat' dir='ltr'><strong>hcbraco</strong></span> <span class='ocrx_word' id='word_1_819' title='bbox 2559 4544 2663 4582; x_wconf 88' lang='lat' dir='ltr'><strong>non</strong></span> <span class='ocrx_word' id='word_1_820' title='bbox 2692 4528 3049 4597; x_wconf 85' lang='lat' dir='ltr'><strong>inveniuntur,</strong></span> <span class='ocrx_word' id='word_1_821' title='bbox 3069 4537 3123 4584; x_wconf 90' lang='lat' dir='ltr'><strong>et</strong></span> <span class='ocrx_word' id='word_1_822' title='bbox 3154 4530 3208 4584; x_wconf 89' lang='lat' dir='ltr'><strong>in</strong></span> <span class='ocrx_word' id='word_1_823' title='bbox 3244 4530 3588 4603; x_wconf 80' lang='lat' dir='ltr'><strong>Septuaginta</strong></span> 
     </span>
    </p>
   </div>
   <div class='ocr_carea' id='block_1_106' title="bbox 1999 4620 3585 4695">
    <p class='ocr_par' dir='ltr' id='par_1_106' title="bbox 1999 4620 3585 4695">
     <span class='ocr_line' id='line_1_106' title="bbox 1999 4620 3585 4695; baseline 0.003 -19"><span class='ocrx_word' id='word_1_824' title='bbox 1999 4620 2373 4688; x_wconf 88' lang='lat' dir='ltr'><strong>inveniuntur;</strong></span> <span class='ocrx_word' id='word_1_825' title='bbox 2404 4620 2645 4691; x_wconf 84' lang='lat' dir='ltr'><strong>quaedam</strong></span> <span class='ocrx_word' id='word_1_826' title='bbox 2671 4620 2973 4688; x_wconf 84' lang='lat' dir='ltr'><strong>asteriscos,</strong></span> <span class='ocrx_word' id='word_1_827' title='bbox 2997 4622 3190 4692; x_wconf 88' lang='lat' dir='ltr'><strong>quibus</strong></span> <span class='ocrx_word' id='word_1_828' title='bbox 3205 4636 3267 4677; x_wconf 89' lang='lat' dir='ltr'><strong>ea</strong></span> <span class='ocrx_word' id='word_1_829' title='bbox 3280 4624 3585 4695; x_wconf 78' lang='lat' dir='ltr'><strong>signiﬁcan-</strong></span> 
     </span>
    </p>
   </div>
   <div class='ocr_carea' id='block_1_107' title="bbox 2000 4710 3416 4786">
    <p class='ocr_par' dir='ltr' id='par_1_107' title="bbox 2000 4710 3416 4786">
     <span class='ocr_line' id='line_1_107' title="bbox 2000 4710 3416 4786; baseline 0.001 -19"><span class='ocrx_word' id='word_1_830' title='bbox 2000 4719 2087 4767; x_wconf 89' lang='lat' dir='ltr'><strong>tur</strong></span> <span class='ocrx_word' id='word_1_831' title='bbox 2109 4728 2227 4783; x_wconf 83' lang='lat' dir='ltr'><strong>quae</strong></span> <span class='ocrx_word' id='word_1_832' title='bbox 2251 4711 2449 4767; x_wconf 89' lang='lat' dir='ltr'><strong>habent</strong></span> <span class='ocrx_word' id='word_1_833' title='bbox 2473 4710 2692 4778; x_wconf 84' lang='lat' dir='ltr'><strong>hebraei,</strong></span> <span class='ocrx_word' id='word_1_834' title='bbox 2720 4726 2820 4767; x_wconf 89' lang='lat' dir='ltr'><strong>nec</strong></span> <span class='ocrx_word' id='word_1_835' title='bbox 2839 4710 3416 4786; x_wconf 78' lang='lat' dir='ltr'><strong>habent‘Se&#39;ptuaginta.</strong></span> 
     </span>
    </p>
   </div>
   <div class='ocr_carea' id='block_1_108' title="bbox 2072 4800 3588 4877">
    <p class='ocr_par' dir='ltr' id='par_1_108' title="bbox 2072 4800 3588 4877">
     <span class='ocr_line' id='line_1_108' title="bbox 2072 4800 3588 4877; baseline 0.004 -16"><span class='ocrx_word' id='word_1_836' title='bbox 2072 4803 2246 4861; x_wconf 80' lang='lat' dir='ltr'><strong>CLVI.</strong></span> <span class='ocrx_word' id='word_1_837' title='bbox 2289 4803 2404 4877; x_wconf 92' lang='lat' dir='ltr'><strong>[lb.</strong></span> <span class='ocrx_word' id='word_1_838' title='bbox 2431 4818 2606 4869; x_wconf 69' lang='lat' dir='ltr'><strong>xcvn,</strong></span> <span class='ocrx_word' id='word_1_839' title='bbox 2628 4801 2721 4877; x_wconf 91' lang='lat'><strong>9.]</strong></span> <span class='ocrx_word' id='word_1_840' title='bbox 2751 4800 2887 4872; x_wconf 85' lang='lat' dir='ltr'><strong>Quid</strong></span> <span class='ocrx_word' id='word_1_841' title='bbox 2937 4811 3019 4858; x_wconf 87' lang='lat' dir='ltr'><strong>est</strong></span> <span class='ocrx_word' id='word_1_842' title='bbox 3059 4806 3202 4875; x_wconf 85' lang='lat' dir='ltr'><strong>quod</strong></span> <span class='ocrx_word' id='word_1_843' title='bbox 3253 4806 3395 4863; x_wconf 75' lang='lat' dir='ltr'><strong>dixit</strong></span> <span class='ocrx_word' id='word_1_844' title='bbox 3422 4800 3588 4867; x_wconf 55' lang='grc' dir='ltr'><strong>ωσι)</strong></span> 
     </span>
    </p>
   </div>
   <div class='ocr_carea' id='block_1_109' title="bbox 2000 4894 3580 4969">
    <p class='ocr_par' dir='ltr' id='par_1_109' title="bbox 2000 4894 3580 4969">
     <span class='ocr_line' id='line_1_109' title="bbox 2000 4894 3580 4969; baseline 0.002 -16"><span class='ocrx_word' id='word_1_845' title='bbox 2000 4896 2262 4955; x_wconf 82' lang='lat' dir='ltr'><strong>Pharaoni</strong></span> <span class='ocrx_word' id='word_1_846' title='bbox 2287 4937 2303 4965; x_wconf 93' lang='lat'><strong>,</strong></span> <span class='ocrx_word' id='word_1_847' title='bbox 2329 4894 2455 4950; x_wconf 74' lang='lat' dir='ltr'><strong>Dies</strong></span> <span class='ocrx_word' id='word_1_848' title='bbox 2484 4902 2732 4949; x_wconf 85' lang='lat' dir='ltr'><strong>annorum</strong></span> <span class='ocrx_word' id='word_1_849' title='bbox 2775 4896 2889 4949; x_wconf 66' lang='lat' dir='ltr'><strong>vitae</strong></span> <span class='ocrx_word' id='word_1_850' title='bbox 2914 4908 3039 4949; x_wconf 68' lang='lat' dir='ltr'><strong>mea:</strong></span> <span class='ocrx_word' id='word_1_851' title='bbox 3058 4938 3072 4963; x_wconf 93' lang='lat'><strong>,</strong></span> <span class='ocrx_word' id='word_1_852' title='bbox 3105 4912 3229 4969; x_wconf 82' lang='lat' dir='ltr'><strong>quos</strong></span> <span class='ocrx_word' id='word_1_853' title='bbox 3257 4899 3461 4954; x_wconf 71' lang='lat' dir='ltr'><strong>incola?</strong></span> <span class='ocrx_word' id='word_1_854' title='bbox 3488 4894 3580 4956; x_wconf 65' lang='lat' dir='ltr'><strong>sn:</strong></span> 
     </span>
    </p>
   </div>
   <div class='ocr_carea' id='block_1_110' title="bbox 2000 4989 3586 5063">
    <p class='ocr_par' dir='ltr' id='par_1_110' title="bbox 2000 4989 3586 5063">
     <span class='ocr_line' id='line_1_110' title="bbox 2000 4989 3586 5063; baseline -0.001 -15"><span class='ocrx_word' id='word_1_855' title='bbox 2000 4993 2143 5049; x_wconf 87' lang='lat' dir='ltr'><strong>enim</strong></span> <span class='ocrx_word' id='word_1_856' title='bbox 2173 4991 2369 5046; x_wconf 86' lang='lat' dir='ltr'><strong>habent</strong></span> <span class='ocrx_word' id='word_1_857' title='bbox 2395 4990 2552 5062; x_wconf 73' lang='lat' dir='ltr'><strong>grreci</strong></span> <span class='ocrx_word' id='word_1_858' title='bbox 2578 5031 2593 5057; x_wconf 90' lang='lat'><strong>,</strong></span> <span class='ocrx_word' id='word_1_859' title='bbox 2625 4989 2766 5060; x_wconf 89' lang='lat' dir='ltr'><strong>quod</strong></span> <span class='ocrx_word' id='word_1_860' title='bbox 2792 4989 2938 5043; x_wconf 88' lang='lat' dir='ltr'><strong>latini</strong></span> <span class='ocrx_word' id='word_1_861' title='bbox 2964 4990 3163 5046; x_wconf 79' lang='lat' dir='ltr'><strong>habent</strong></span> <span class='ocrx_word' id='word_1_862' title='bbox 3182 5032 3197 5057; x_wconf 92' lang='lat'><strong>,</strong></span> <span class='ocrx_word' id='word_1_863' title='bbox 3229 5009 3324 5063; x_wconf 82' lang='lat' dir='ltr'><strong>ago</strong></span> <span class='ocrx_word' id='word_1_864' title='bbox 3344 5034 3359 5061; x_wconf 93' lang='lat'><strong>,</strong></span> <span class='ocrx_word' id='word_1_865' title='bbox 3382 4992 3467 5048; x_wconf 89' lang='lat' dir='ltr'><strong>vel</strong></span> <span class='ocrx_word' id='word_1_866' title='bbox 3488 4993 3586 5046; x_wconf 77' lang='lat' dir='ltr'><strong>Ita-</strong></span> 
     </span>
    </p>
   </div>
   <div class='ocr_carea' id='block_1_111' title="bbox 2000 5080 3588 5156">
    <p class='ocr_par' dir='ltr' id='par_1_111' title="bbox 2000 5080 3588 5156">
     <span class='ocr_line' id='line_1_111' title="bbox 2000 5080 3588 5156; baseline 0 -16"><span class='ocrx_word' id='word_1_867' title='bbox 2000 5087 2108 5153; x_wconf 86' lang='lat' dir='ltr'><strong>beo,</strong></span> <span class='ocrx_word' id='word_1_868' title='bbox 2142 5085 2223 5140; x_wconf 88' lang='lat' dir='ltr'><strong>vel</strong></span> <span class='ocrx_word' id='word_1_869' title='bbox 2252 5083 2444 5155; x_wconf 90' lang='lat' dir='ltr'><strong>siquid</strong></span> <span class='ocrx_word' id='word_1_870' title='bbox 2483 5082 2645 5138; x_wconf 86' lang='lat' dir='ltr'><strong>aliud.</strong></span> <span class='ocrx_word' id='word_1_871' title='bbox 2679 5080 2869 5138; x_wconf 89' lang='lat' dir='ltr'><strong>Utrum</strong></span> <span class='ocrx_word' id='word_1_872' title='bbox 2912 5094 3040 5154; x_wconf 86' lang='lat' dir='ltr'><strong>ergo</strong></span> <span class='ocrx_word' id='word_1_873' title='bbox 3088 5082 3208 5138; x_wconf 89' lang='lat' dir='ltr'><strong>ideo</strong></span> <span class='ocrx_word' id='word_1_874' title='bbox 3255 5083 3407 5152; x_wconf 82' lang='lat' dir='ltr'><strong>dixit,</strong></span> <span class='ocrx_word' id='word_1_875' title='bbox 3463 5088 3588 5156; x_wconf 76' lang='lat' dir='ltr'><strong>quos</strong></span> 
     </span>
    </p>
   </div>
   <div class='ocr_carea' id='block_1_112' title="bbox 2002 5174 3588 5246">
    <p class='ocr_par' dir='ltr' id='par_1_112' title="bbox 2002 5174 3588 5246">
     <span class='ocr_line' id='line_1_112' title="bbox 2002 5174 3588 5246; baseline 0.001 -14"><span class='ocrx_word' id='word_1_876' title='bbox 2002 5176 2192 5244; x_wconf 82' lang='lat' dir='ltr'><strong>incolo,</strong></span> <span class='ocrx_word' id='word_1_877' title='bbox 2220 5174 2338 5246; x_wconf 87' lang='lat' dir='ltr'><strong>quia</strong></span> <span class='ocrx_word' id='word_1_878' title='bbox 2368 5176 2420 5229; x_wconf 91' lang='lat' dir='ltr'><strong>in</strong></span> <span class='ocrx_word' id='word_1_879' title='bbox 2449 5184 2589 5229; x_wconf 89' lang='lat' dir='ltr'><strong>terra</strong></span> <span class='ocrx_word' id='word_1_880' title='bbox 2618 5181 2772 5228; x_wconf 87' lang='lat' dir='ltr'><strong>natus</strong></span> <span class='ocrx_word' id='word_1_881' title='bbox 2802 5180 2902 5237; x_wconf 92' lang='lat' dir='ltr'><strong>est,</strong></span> <span class='ocrx_word' id='word_1_882' title='bbox 2930 5188 3084 5243; x_wconf 89' lang='lat' dir='ltr'><strong>quam</strong></span> <span class='ocrx_word' id='word_1_883' title='bbox 3103 5174 3337 5230; x_wconf 91' lang='lat' dir='ltr'><strong>nondum</strong></span> <span class='ocrx_word' id='word_1_884' title='bbox 3360 5175 3588 5246; x_wconf 77' lang='lat' dir='ltr'><strong>papulas</strong></span> 
     </span>
    </p>
   </div>
   <div class='ocr_carea' id='block_1_113' title="bbox 2000 5265 3587 5340">
    <p class='ocr_par' dir='ltr' id='par_1_113' title="bbox 2000 5265 3587 5340">
     <span class='ocr_line' id='line_1_113' title="bbox 2000 5265 3587 5340; baseline 0 -15"><span class='ocrx_word' id='word_1_885' title='bbox 2000 5268 2177 5325; x_wconf 85' lang='lat' dir='ltr'><strong>divina</strong></span> <span class='ocrx_word' id='word_1_886' title='bbox 2206 5267 2557 5340; x_wconf 89' lang='lat' dir='ltr'><strong>promissione</strong></span> <span class='ocrx_word' id='word_1_887' title='bbox 2573 5265 2903 5321; x_wconf 63' lang='lat' dir='ltr'><strong>haereditatis</strong></span> <span class='ocrx_word' id='word_1_888' title='bbox 2921 5276 3199 5336; x_wconf 87' lang='lat' dir='ltr'><strong>acceperat</strong></span> <span class='ocrx_word' id='word_1_889' title='bbox 3220 5283 3234 5334; x_wconf 90' lang='lat'><strong>;</strong></span> <span class='ocrx_word' id='word_1_890' title='bbox 3254 5275 3307 5323; x_wconf 87' lang='lat' dir='ltr'><strong>et</strong></span> <span class='ocrx_word' id='word_1_891' title='bbox 3331 5268 3403 5323; x_wconf 86' lang='lat' dir='ltr'><strong>ibi</strong></span> <span class='ocrx_word' id='word_1_892' title='bbox 3425 5269 3587 5326; x_wconf 83' lang='lat' dir='ltr'><strong>vitam</strong></span> 
     </span>
    </p>
   </div>
   <div class='ocr_carea' id='block_1_114' title="bbox 2002 5358 3585 5431">
    <p class='ocr_par' dir='ltr' id='par_1_114' title="bbox 2002 5358 3585 5431">
     <span class='ocr_line' id='line_1_114' title="bbox 2002 5358 3585 5431; baseline 0.001 -15"><span class='ocrx_word' id='word_1_893' title='bbox 2002 5360 2222 5425; x_wconf 90' lang='lat' dir='ltr'><strong>ducens,</strong></span> <span class='ocrx_word' id='word_1_894' title='bbox 2249 5360 2434 5429; x_wconf 89' lang='lat' dir='ltr'><strong>utique</strong></span> <span class='ocrx_word' id='word_1_895' title='bbox 2458 5358 2513 5412; x_wconf 91' lang='lat' dir='ltr'><strong>in</strong></span> <span class='ocrx_word' id='word_1_896' title='bbox 2534 5358 2706 5413; x_wconf 86' lang='lat' dir='ltr'><strong>aliena</strong></span> <span class='ocrx_word' id='word_1_897' title='bbox 2730 5365 2872 5413; x_wconf 89' lang='lat' dir='ltr'><strong>terra</strong></span> <span class='ocrx_word' id='word_1_898' title='bbox 2889 5366 3022 5423; x_wconf 89' lang='lat' dir='ltr'><strong>erat,</strong></span> <span class='ocrx_word' id='word_1_899' title='bbox 3047 5374 3152 5412; x_wconf 85' lang='lat' dir='ltr'><strong>non</strong></span> <span class='ocrx_word' id='word_1_900' title='bbox 3174 5359 3343 5414; x_wconf 90' lang='lat' dir='ltr'><strong>solum</strong></span> <span class='ocrx_word' id='word_1_901' title='bbox 3373 5360 3585 5431; x_wconf 86' lang='lat' dir='ltr'><strong>quando</strong></span> 
     </span>
    </p>
   </div>
   <div class='ocr_carea' id='block_1_115' title="bbox 2004 5448 3586 5524">
    <p class='ocr_par' dir='ltr' id='par_1_115' title="bbox 2004 5448 3586 5524">
     <span class='ocr_line' id='line_1_115' title="bbox 2004 5448 3586 5524; baseline 0.001 -16"><span class='ocrx_word' id='word_1_902' title='bbox 2004 5448 2442 5524; x_wconf 84' lang='lat' dir='ltr'><strong>peregrinabatur</strong></span> <span class='ocrx_word' id='word_1_903' title='bbox 2461 5489 2474 5513; x_wconf 88' lang='lat'><strong>,</strong></span> <span class='ocrx_word' id='word_1_904' title='bbox 2506 5448 2645 5505; x_wconf 87' lang='lat' dir='ltr'><strong>sicut</strong></span> <span class='ocrx_word' id='word_1_905' title='bbox 2683 5450 2735 5503; x_wconf 91' lang='lat' dir='ltr'><strong>in</strong></span> <span class='ocrx_word' id='word_1_906' title='bbox 2775 5448 3183 5519; x_wconf 82' lang='lat' dir='ltr'><strong>Mesopotamia,</strong></span> <span class='ocrx_word' id='word_1_907' title='bbox 3214 5464 3403 5506; x_wconf 88' lang='lat' dir='ltr'><strong>verum</strong></span> <span class='ocrx_word' id='word_1_908' title='bbox 3424 5453 3586 5509; x_wconf 84' lang='lat' dir='ltr'><strong>etiam</strong></span> 
     </span>
    </p>
   </div>
   <div class='ocr_carea' id='block_1_116' title="bbox 2004 5542 3584 5618">
    <p class='ocr_par' dir='ltr' id='par_1_116' title="bbox 2004 5542 3584 5618">
     <span class='ocr_line' id='line_1_116' title="bbox 2004 5542 3584 5618; baseline 0.003 -17"><span class='ocrx_word' id='word_1_909' title='bbox 2004 5544 2217 5618; x_wconf 72' lang='lat' dir='ltr'><strong>Quando</strong></span> <span class='ocrx_word' id='word_1_910' title='bbox 2243 5543 2313 5601; x_wconf 92' lang='lat' dir='ltr'><strong>ibi</strong></span> <span class='ocrx_word' id='word_1_911' title='bbox 2339 5552 2450 5599; x_wconf 90' lang='lat' dir='ltr'><strong>crat</strong></span> <span class='ocrx_word' id='word_1_912' title='bbox 2471 5542 2559 5599; x_wconf 90' lang='lat' dir='ltr'><strong>ubi</strong></span> <span class='ocrx_word' id='word_1_913' title='bbox 2586 5552 2740 5597; x_wconf 88' lang='lat' dir='ltr'><strong>natus</strong></span> <span class='ocrx_word' id='word_1_914' title='bbox 2763 5543 2879 5599; x_wconf 89' lang='lat' dir='ltr'><strong>est?</strong></span> <span class='ocrx_word' id='word_1_915' title='bbox 2906 5543 2986 5596; x_wconf 76' lang='lat' dir='ltr'><strong>An</strong></span> <span class='ocrx_word' id='word_1_916' title='bbox 3018 5544 3193 5613; x_wconf 90' lang='lat' dir='ltr'><strong>potius</strong></span> <span class='ocrx_word' id='word_1_917' title='bbox 3213 5546 3502 5603; x_wconf 85' lang='lat' dir='ltr'><strong>secundum</strong></span> <span class='ocrx_word' id='word_1_918' title='bbox 3528 5547 3584 5606; x_wconf 86' lang='lat' dir='ltr'><strong>id</strong></span> 
     </span>
    </p>
   </div>
   <div class='ocr_carea' id='block_1_117' title="bbox 2000 5636 3589 5710">
    <p class='ocr_par' dir='ltr' id='par_1_117' title="bbox 2000 5636 3589 5710">
     <span class='ocr_line' id='line_1_117' title="bbox 2000 5636 3589 5710; baseline 0.003 -16"><span class='ocrx_word' id='word_1_919' title='bbox 2000 5638 2367 5710; x_wconf 86' lang='lat' dir='ltr'><strong>accipiendum</strong></span> <span class='ocrx_word' id='word_1_920' title='bbox 2398 5645 2497 5701; x_wconf 90' lang='lat' dir='ltr'><strong>est,</strong></span> <span class='ocrx_word' id='word_1_921' title='bbox 2529 5636 2667 5705; x_wconf 90' lang='lat' dir='ltr'><strong>quod</strong></span> <span class='ocrx_word' id='word_1_922' title='bbox 2695 5636 2768 5689; x_wconf 92' lang='lat' dir='ltr'><strong>ait</strong></span> <span class='ocrx_word' id='word_1_923' title='bbox 2790 5636 3074 5705; x_wconf 88' lang='lat' dir='ltr'><strong>Apostolus</strong></span> <span class='ocrx_word' id='word_1_924' title='bbox 3093 5677 3109 5704; x_wconf 95' lang='lat'><strong>,</strong></span> <span class='ocrx_word' id='word_1_925' title='bbox 3142 5638 3397 5703; x_wconf 85' lang='lat' dir='ltr'><strong>Quamdiu</strong></span> <span class='ocrx_word' id='word_1_926' title='bbox 3415 5657 3589 5699; x_wconf 71' lang='lat' dir='ltr'><strong>eumue</strong></span> 
     </span>
    </p>
   </div>
   <div class='ocr_carea' id='block_1_118' title="bbox 1999 5724 3587 5807">
    <p class='ocr_par' dir='ltr' id='par_1_118' title="bbox 1999 5724 3587 5807">
     <span class='ocr_line' id='line_1_118' title="bbox 1999 5724 3587 5807; baseline 0.003 -21"><span class='ocrx_word' id='word_1_927' title='bbox 1999 5734 2053 5787; x_wconf 85' lang='lat' dir='ltr'><strong>in</strong></span> <span class='ocrx_word' id='word_1_928' title='bbox 2084 5748 2314 5802; x_wconf 83' lang='lat' dir='ltr'><strong>corpore,</strong></span> <span class='ocrx_word' id='word_1_929' title='bbox 2346 5727 2722 5800; x_wconf 77' lang='lat' dir='ltr'><strong>peregrinantur</strong></span> <span class='ocrx_word' id='word_1_930' title='bbox 2756 5742 2786 5778; x_wconf 91' lang='lat' dir='ltr'><strong>a</strong></span> <span class='ocrx_word' id='word_1_931' title='bbox 2830 5724 3051 5781; x_wconf 81' lang='lat' dir='ltr'><strong>Domino</strong></span> <span class='ocrx_word' id='word_1_932' title='bbox 3096 5727 3165 5801; x_wconf 83' lang='grc'><strong>(11</strong></span> <span class='ocrx_word' id='word_1_933' title='bbox 3218 5729 3332 5785; x_wconf 78' lang='lat' dir='ltr'><strong>Cor.</strong></span> <span class='ocrx_word' id='word_1_934' title='bbox 3387 5749 3439 5802; x_wconf 79' lang='grc' dir='ltr'>γ,</span> <span class='ocrx_word' id='word_1_935' title='bbox 3490 5732 3587 5807; x_wconf 71' lang='lat'><strong>6)?</strong></span> 
     </span>
    </p>
   </div>
   <div class='ocr_carea' id='block_1_119' title="bbox 2065 5859 3589 5925">
    <p class='ocr_par' dir='ltr' id='par_1_119' title="bbox 2065 5859 3589 5925">
     <span class='ocr_line' id='line_1_119' title="bbox 2065 5859 3589 5925; baseline 0.008 -13"><span class='ocrx_word' id='word_1_936' title='bbox 2065 5868 2077 5897; x_wconf 72' lang='grc' dir='ltr'><strong>ε</strong></span> <span class='ocrx_word' id='word_1_937' title='bbox 2101 5873 2198 5913; x_wconf 77' lang='lat' dir='ltr'><strong>Am.</strong></span> <span class='ocrx_word' id='word_1_938' title='bbox 2219 5871 2291 5913; x_wconf 74' lang='lat' dir='ltr'><strong>Er.</strong></span> <span class='ocrx_word' id='word_1_939' title='bbox 2314 5870 2363 5912; x_wconf 88' lang='lat' dir='ltr'><strong>et</strong></span> <span class='ocrx_word' id='word_1_940' title='bbox 2378 5870 2504 5925; x_wconf 73' lang='lat' dir='ltr'><strong>t.ov.,</strong></span> <span class='ocrx_word' id='word_1_941' title='bbox 2526 5859 2763 5912; x_wconf 78' lang='lat' dir='ltr'><strong>dominari</strong></span> <span class='ocrx_word' id='word_1_942' title='bbox 2776 5860 2903 5925; x_wconf 76' lang='lat' dir='ltr'><strong>fecit.</strong></span> <span class='ocrx_word' id='word_1_943' title='bbox 2933 5864 3081 5917; x_wconf 79' lang='lat' dir='ltr'><strong>Abest</strong></span> <span class='ocrx_word' id='word_1_944' title='bbox 3102 5863 3342 5923; x_wconf 76' lang='lat' dir='ltr'><strong>dominari</strong></span> <span class='ocrx_word' id='word_1_945' title='bbox 3362 5871 3421 5920; x_wconf 83' lang='lat' dir='ltr'><strong>ab</strong></span> <span class='ocrx_word' id='word_1_946' title='bbox 3438 5884 3589 5923; x_wconf 83' lang='lat' dir='ltr'><strong>ennu-</strong></span> 
     </span>
    </p>
   </div>
   <div class='ocr_carea' id='block_1_120' title="bbox 1998 5924 2737 5983">
    <p class='ocr_par' dir='ltr' id='par_1_120' title="bbox 1998 5924 2737 5983">
     <span class='ocr_line' id='line_1_120' title="bbox 1998 5924 2737 5983; baseline -0.016 0"><span class='ocrx_word' id='word_1_947' title='bbox 1998 5930 2092 5983; x_wconf 80' lang='lat' dir='ltr'><strong>bus</strong></span> <span class='ocrx_word' id='word_1_948' title='bbox 2246 5932 2297 5979; x_wconf 84' lang='lat' dir='ltr'><strong>et</strong></span> <span class='ocrx_word' id='word_1_949' title='bbox 2319 5929 2381 5982; x_wconf 72' lang='lat' dir='ltr'><strong>ab</strong></span> <span class='ocrx_word' id='word_1_950' title='bbox 2406 5924 2618 5978; x_wconf 79' lang='lat' dir='ltr'><strong>editione</strong></span> <span class='ocrx_word' id='word_1_951' title='bbox 2640 5930 2737 5977; x_wconf 72' lang='lat' dir='ltr'><strong>ttat.</strong></span> 
     </span>
    </p>
   </div>
  </div>
