4094 6454
544 405 644 464 59I

543 519 849 581 Secundum
876 519 978 574 hoc
1001 523 1056 573 et
1084 512 1212 569 illud
1243 511 1295 566 in
1325 511 1538 566 Psalmo
1563 506 1762 562 dictum
1794 499 2123 571 intelligitur,

544 612 837 682 Inquilinus
867 626 958 681 ego
986 623 1097 664 sunt
1125 607 1180 660 in
1213 615 1378 670 terra,
1405 610 1450 656 et
1478 597 1768 672 peregrinus
1801 595 1927 649 sicut
1959 607 2130 647 omnes

547 715 718 776 patres
756 703 852 758 mei
886 700 1060 773 (Psal.
1103 712 1322 762 xxxviii,
1363 692 1476 765 15).
1518 690 1651 749 Nam
1681 690 1872 746 iterum
1911 685 2038 741 dicit
2061 682 2128 738 de

545 795 678 867 ipsis
716 793 904 850 diebus
942 792 1066 846 vitae
1092 804 1224 856 sum,
1260 786 1382 842 Non
1407 790 1736 856 pervenerunt
1757 781 1811 834 in
1839 778 1946 833 dies
1964 791 2127 867 anno-

540 866 660 944 rum
692 889 805 941 vita:
841 895 1042 956 patrum
1076 895 1331 946 meorum,
1367 892 1490 949 quos
1509 875 1615 929 dies
1640 871 1978 927 incoluerunt.
2009 866 2126 923 Non

549 979 690 1036 enim
718 977 805 1032 hic
839 973 981 1030 aliud
1013 972 1179 1028 voluit
1220 967 1464 1041 intelligi,
1510 979 1668 1038 quam
1707 963 1761 1018 id
1801 959 1942 1032 quod
1979 957 2127 1014 latini

545 1068 762 1128 codices
783 1066 999 1133 habent,
1032 1066 1294 1128 vixerunt;
1319 1076 1380 1116 ac
1405 1074 1502 1131 per
1526 1057 1629 1114 hoc
1657 1051 1972 1126 significavit
1990 1049 2128 1104 hanc

546 1164 711 1219 vitam
741 1161 1026 1218 incolatum
1053 1171 1172 1213 esse
1200 1169 1360 1225 super
1388 1159 1605 1217 terram,
1632 1147 1687 1204 id
1715 1153 1798 1203 est
1817 1141 2126 1216 peregrina-

499 1252 501 1254 ’
548 1259 710 1315 tionis
733 1252 1136 1311 habitationem.
1167 1247 1274 1304 Sed
1293 1244 1455 1302 credo
1480 1241 1678 1298 sanctis
1693 1239 1795 1294 hoc
1818 1233 2124 1299 convenire,

545 1349 738 1421 quibus
781 1346 940 1401 aliam
983 1342 1207 1414 patriam
1238 1348 1493 1394 aeternam
1533 1330 1788 1388 Dominus
1829 1327 2124 1399 pollicetur.

547 1417 701 1497 finde
723 1434 1010 1492 videndum
1030 1439 1114 1488 est
1139 1425 1580 1501 quemadmodum
1605 1423 1806 1479 dictum
1833 1427 1915 1475 est
1934 1417 2003 1474 de
2023 1417 2128 1472 im-

546 1529 682 1602 piis,
727 1526 960 1582 Incolent
1007 1532 1054 1578 et
1102 1520 1437 1584 abscondent,
1481 1516 1581 1589 ipsi
1627 1515 1916 1569 calcaneum
1963 1525 2129 1564 meum

545 1618 875 1678 observabant
906 1614 1075 1688 (Psal.
1109 1629 1175 1669 Lv
1197 1655 1214 1681 ,
1239 1613 1321 1683 7).
1353 1612 1428 1666 De
1462 1610 1545 1665 his
1564 1608 1706 1665 enim
1727 1603 2129 1662 convenientius

545 1712 826 1783 accipitur,
852 1708 942 1781 qui
963 1717 1023 1763 ut
1049 1692 1374 1763 abscondant
1392 1703 1659 1767 incolunt;
1687 1700 1738 1756 id
1768 1707 1851 1755 est
1870 1738 1887 1766 ,
1910 1704 1970 1753 ut
1993 1695 2126 1752 insi-

546 1803 762 1860 dientur
788 1801 931 1868 ﬁliis,
957 1815 1065 1856 non
1090 1805 1308 1853 manent
1335 1797 1388 1851 in
1421 1794 1582 1850 domo
1609 1793 1662 1847 in
1689 1800 1967 1847 aeternum.

617 1893 816 1952 CLVII.
859 1893 959 1967 [11).
988 1907 1148 1959 ιινιι,
1179 1889 1291 1964 11.]
1315 1889 1382 1944 Et
1409 1887 1543 1942 dedit
1575 1886 1646 1942 eis
1688 1884 2050 1958 possessionem
2073 1883 2129 1937 in

549 1996 684 2043 terra
702 1986 912 2057 optima,
941 1984 996 2039 in
1015 1991 1150 2038 terra
1167 1981 1478 2045 Ramessem,
1494 1979 1623 2034 sicut
1649 1977 1882 2047 praecepit
1897 1975 2124 2029 Pharao.

546 2076 904 2148 Quaerendum
954 2083 1039 2131 est
1088 2082 1266 2129 utrum
1330 2079 1470 2127 terra
1519 2069 1826 2124 Ramessem
1885 2067 1997 2136 ipsa
2059 2065 2129 2120 sit

546 2156 771 2227 GesSen.
801 2167 973 2240 Ipsam
1003 2165 1146 2221 enim
1170 2163 1453 2236 petierant,
1493 2169 1549 2218 et
1591 2159 1763 2231 ipsam
1807 2159 1887 2215 eis
1921 2156 2128 2213 Pharao

548 2263 665 2322 dari
695 2267 1039 2335 praeceperat.

618 2353 841 2412 CLVIII.
883 2353 982 2427 [lb.
1009 2365 1181 2420 van,
1203 2347 1315 2422 42.]
1345 2347 1414 2403 Et
1437 2344 1727 2402 metiebatur
1761 2345 1979 2399 triticum
1995 2342 2127 2414 patri

546 2465 640 2505 suo
667 2445 892 2518 Joseph;
919 2453 972 2500 et
1013 2452 1191 2499 tamen
1227 2455 1349 2496 eum
1389 2447 1538 2512 pater
1591 2452 1692 2492 nec
1744 2436 1955 2508 quando
1997 2434 2129 2490 vidit

549 2541 824 2607 adoravit,
869 2553 972 2594 nec
1012 2535 1224 2608 quando
1268 2533 1336 2588 ab
1383 2532 1474 2589 illo
1515 2531 1747 2587 triticum
1785 2529 2122 2601 accipiebat:

548 2631 816 2704 quomodo
841 2645 966 2701 ergo
992 2627 1258 2684 somnium
1290 2623 1487 2695 Ioseph
1512 2621 1672 2678 modo
1718 2621 1990 2691 impletum
2030 2634 2128 2690 pu-

548 2724 778 2780 tabimus
815 2720 965 2793 (Gen.
1000 2733 1203 2786 xxxvn,
1243 2715 1321 2788 9),
1366 2723 1422 2772 et
1451 2730 1560 2770 non
1591 2713 1765 2784 potius
1795 2712 2011 2782 majoris
2048 2711 2126 2766 rei

549 2817 826 2874 continere
847 2809 1213 2884 prOphetiam?

617 2905 796 2964 CLIX.
818 2903 916 2977 [11).
943 2917 1104 2968 vau,
1129 2897 1239 2972 14.]
1266 2898 1332 2953 Et
1359 2897 1527 2951 intulit
1547 2893 1740 2965 Ioseph
1764 2909 1960 2946 omnem
1976 2908 2128 2964 pecu-

546 3001 687 3055 niam
709 2998 762 3052 in
784 2996 987 3051 domum
1014 2990 1320 3046 Pharaonis.
1352 2987 1610 3043 Pertinuit
1632 2986 1699 3039 ad
1719 2985 2046 3054 Scripturam
2071 2982 2126 3037 in

547 3090 649 3146 hac
666 3089 822 3145 etiam
852 3101 911 3141 re
929 3081 1304 3140 commendare
1325 3079 1483 3134 ﬁdem
1513 3077 1692 3133 famuli
1722 3076 1815 3131 Dei
1837 3076 1878 3130 ¹.

617 3203 774 3260 CLX.
816 3200 914 3276 [11).
942 3215 1084 3256 xum
1103 3239 1118 3266 ,
1150 3197 1215 3252 16
1235 3237 1251 3263 ,
1277 3194 1357 3268 4.]
1386 3193 1530 3248 Dixit
1554 3202 1720 3246 autent
1759 3190 1862 3245 illis
1895 3187 2122 3260 Ioseph,

543 3285 793 3354 Adducite
819 3309 1002 3366 pecora
1027 3299 1205 3356 vestra,
1227 3299 1272 3343 et
1287 3287 1416 3342 dabo
1430 3286 1568 3340 vobis
1588 3299 1740 3355 panes
1757 3299 1848 3354 pro
1866 3281 2125 3353 pecoribus

544 3389 742 3454 uestris,
768 3387 813 3440 si
835 3383 1052 3454 defecit‘
1073 3388 1352 3453 argentum.
1372 3377 1547 3444 Quaeri
1563 3382 1737 3446 potest
1755 3415 1770 3441 ,
1794 3388 1913 3428 cum
1925 3369 2123 3442 Ioseph

541 3481 810 3537 frumenta
841 3473 1114 3544 collegerit
1151 3469 1289 3526 unde
1327 3467 1568 3522 homines
1611 3466 1881 3530 viverent,
1931 3478 2124 3533 pecora

547 3571 688 3626 unde
712 3566 979 3632 vivebant,
1002 3578 1121 3619 cum
1148 3565 1292 3616 tanta
1307 3560 1472 3614 fames
1489 3556 1837 3612 invalesceret
1859 3571 1872 3608 :
1895 3555 2125 3610 maxime

545 3662 668 3732 quia
688 3658 879 3714 fratres
905 3653 1102 3725 Ioseph
1129 3650 1389 3707 Pharaoni
1415 3648 1679 3713 dixerant,
1707 3645 1826 3700 Non
1851 3654 1966 3700 sunt
1989 3645 2123 3698 enim

544 3767 736 3826 pascua
761 3748 1021 3821 pecoribus
1049 3759 1317 3816 puerorum
1353 3750 1590 3804 tuorum;
1628 3737 1837 3792 invaluit
1871 3736 2005 3790 enim
2037 3739 2123 3806 fa-

544 3859 650 3899 mes
677 3841 732 3895 in
759 3850 891 3895 terra
913 3837 1195 3900 Chanaan;
1222 3841 1276 3888 et
1302 3841 1518 3903 propter
1547 3829 1685 3883 hanc
1708 3829 1867 3882 etiam
1893 3827 2123 3896 inopiam

543 3945 860 4006 pascuorum
889 3943 948 3983 se
983 3926 1193 3982 venisse
1226 3928 1790 3978 commemoraverant.
1821 3916 2048 3972 Proinde
2076 3919 2123 3972 si

545 4039 612 4080 ea
646 4021 784 4076 fame
807 4033 1000 4090 pascua
1032 4015 1337 4071 defecerant
1365 4012 1419 4068 in
1462 4019 1603 4066 terra
1634 4009 1920 4078 Chanaan,
1949 4025 2044 4063 cur
2067 4009 2120 4064 in

543 4114 777 4186 Egypto
823 4127 930 4167 non
967 4109 1304 4172 defecerant,
1337 4104 1523 4161 eadem
1570 4112 1694 4158 tunc
1743 4102 1882 4158 fame
1927 4104 2122 4174 ubique

541 4202 937 4264 iuvalescente?
963 4201 1049 4257 An
1086 4199 1223 4255 sicut
1259 4197 1567 4269 perhibetur
1620 4195 1688 4250 ab
1739 4195 1817 4249 eis
1867 4195 1959 4266 qui
2003 4195 2120 4250 loca

541 4299 738 4368 sciunt,
779 4298 833 4353 in
874 4294 1055 4351 multis
1095 4292 1309 4364 Egypti
1338 4289 1614 4361 paludibus
1642 4295 1886 4358 poterant
1925 4303 2120 4358 pascua

541 4406 650 4446 non
675 4388 883 4451 deesse,
902 4387 1060 4442 etiam
1089 4398 1210 4439 cum
1231 4381 1398 4438 fames
1417 4388 1559 4436 esset
1574 4377 1978 4446 frumentorum,
2001 4395 2120 4450 qua:

543 4483 717 4539 solent
763 4479 866 4536 Nili
917 4475 1149 4532 ﬂuminis
1197 4473 1543 4529 inundatione
1590 4471 1907 4543 provenire?
1958 4471 2120 4542 Magis

542 4573 686 4628 enim
710 4571 958 4626 dicuntur
981 4567 1200 4639 paludes
1233 4566 1336 4621 illa:
1365 4563 1556 4619 feracia
1587 4562 1608 4594 ³
1633 4576 1826 4634 pascua
1865 4562 2080 4633 gignere
2099 4603 2115 4630 ,

543 4663 757 4736 quando
781 4677 917 4734 aqua
944 4661 1049 4716 Nili
1076 4660 1250 4716 minus
1274 4657 1552 4714 excrescit.

611 4773 791 4832 CLXI.
835 4772 935 4846 [11).
976 4788 1142 4840 van,
1183 4769 1297 4844 29.]
1329 4770 1610 4825 Moriturus
1656 4767 1822 4824 Iacob
1867 4767 1978 4821 tilio
2021 4781 2119 4822 suo

540 4865 743 4936 Ioseph
765 4865 894 4920 dicit
925 4879 940 4916 :
972 4862 1033 4919 Si
1060 4863 1225 4918 inveni
1248 4862 1466 4933 gratiam
1492 4861 1544 4914 in
1571 4867 1836 4930 conspectu
1865 4868 1970 4926 tuo,
1997 4859 2118 4913 sub-

530 4957 638 5028 jice
655 4971 862 5010 manum
881 4962 1020 5007 tuam
1042 4952 1132 5009 sub
1152 4957 1340 5023 femore
1367 4967 1496 5017 meo,
1525 4959 1572 5004 et
1597 4951 1751 5022 facies
1789 4951 1843 5003 in
1867 4966 1947 5005 me
1970 4951 2120 5005 mise-

541 5046 816 5102 ricordiam
843 5053 891 5100 et
911 5044 1184 5098 ueritatem.
1215 5043 1293 5098 Ea
1318 5042 1483 5098 lilium
1495 5041 1760 5113 juratione
1783 5041 2116 5114 constringit,

541 5155 646 5210 qua
665 5153 878 5194 servum
902 5137 1218 5193 constrinxit
1237 5135 1508 5191 Abraham
1535 5133 1688 5207 (Gen.
1715 5151 1861 5204 xxiv,
1887 5135 1982 5209 2);
2028 5135 2118 5192 ille

541 5232 803 5290 mandans
822 5232 964 5288 unde
988 5245 1120 5287 uxor
1141 5230 1363 5286 ducatur
1389 5229 1496 5284 lilio
1520 5243 1636 5295 suo,
1667 5229 1765 5284 iste
1793 5230 2118 5300 sepulturam

541 5322 924 5382 commendans
963 5321 1202 5391 corporis
1239 5320 1341 5376 sui.
1373 5319 1430 5374 In
1475 5328 1698 5390 utraque
1743 5328 1916 5375 tamen
1959 5333 2118 5375 causa

542 5415 813 5470 nominata
855 5420 980 5469 sunt
1021 5412 1126 5468 duo
1159 5413 1269 5477 illa,
1315 5426 1433 5481 qua!
1468 5412 1644 5480 magni
1685 5409 1922 5465 habenda
1959 5420 2119 5481 atque

542 5506 824 5577 pendentia
849 5513 974 5563 sunt
997 5505 1049 5559 in
1075 5504 1360 5574 Scripturis
1388 5504 1654 5570 omnibus,
1680 5518 2006 5574 quacumque
2033 5503 2116 5558 di-

601 5702 619 5735 ¹
645 5709 796 5753 vetus
814 5701 971 5764 codex
991 5699 1314 5762 cor-beiensis,
1335 5697 1527 5764 [mulis
1549 5709 1656 5753 Des.

600 5765 780 5832 fFAIiti,
815 5761 997 5832 deﬁcit.
1017 5769 1125 5832 Mss:
1150 5761 1446 5832 verp,'juxta
1466 5776 1695 5827 gramm,
1719 5762 1908 5827 defecit.

601 5826 624 5867 δ
769 5824 1071 5886 Quindecim,
1094 5824 1300 5887 feracius

1323 384 1791 462 QUESTIONUM
1825 383 1884 441 S.
1923 375 2290 441 AUGUSTINI
2328 375 2394 432 IN
2432 372 2989 432 IIEPTATEUCIIUM

2236 499 2461 563 'spersmi
2485 489 2758 562 leguntur,
2797 484 3161 543 misericordia
3186 493 3240 542 et
3261 485 3501 557 iustitia,
3530 482 3615 542 vel
3657 487 3818 546 mise-

2231 582 2460 640 ricordia
2510 590 2563 637 et
2607 580 2885 651 judicium,
2935 579 3020 635 vel
3070 578 3434 634 misericordia
3485 587 3543 636 et
3586 581 3813 648 veritas,

2231 673 2660 748 quandoquidem
2690 672 2745 727 in
2765 671 2992 743 quodam
3016 671 3138 726 loco
3153 670 3406 740 scriptum
3423 677 3526 738 est,
3557 669 3822 727 Universae

2230 766 2325 824 vite
2369 766 2576 821 Domini
2626 765 2966 820 misericordia
3012 773 3059 819 et
3104 763 3285 818 veritas
3327 761 3496 832 (Psal.
3528 779 3672 830 xxxv,
3704 763 3815 833 10).

2233 860 2310 916 Ita
2339 860 2454 916 hazc
2497 859 2602 916 duo
2641 859 2868 914 multum
2907 855 3274 913 commendata
3313 856 3536 910 multum
3565 855 3818 912 conside-

2230 953 2398 1008 randa
2426 961 2570 1007 sunt.
2603 950 2805 1008 Servus
2831 958 3009 1005 autem
3039 947 3268 1004 Abrahae
3293 947 3532 1013 dixerat,
3561 946 3624 1002 Si
3649 947 3820 1018 facitis

2231 1043 2283 1098 in
2308 1043 2568 1098 dominum
2585 1057 2748 1097 meum
2763 1039 3155 1095 misericordiam
3167 1049 3212 1092 et
3226 1038 3473 1107 iustitiam
3501 1036 3652 1109 (Gen.
3666 1053 3816 1106 xxiv,

2229 1133 2360 1206 49);
2389 1133 2525 1190 sicut
2549 1141 2604 1189 et
2630 1133 2732 1189 iste
2757 1131 2868 1187 ﬁlio
2896 1145 2994 1186 suo
3017 1129 3178 1196 dicit,
3209 1127 3275 1184 Ut
3299 1129 3460 1200 facias
3487 1129 3540 1182 in
3562 1144 3642 1182 me
3667 1129 3822 1184 mise-

2229 1226 2502 1281 ricordiam
2533 1233 2579 1280 et
2616 1225 2894 1280 veritatem.
2929 1222 3070 1292 Quid
3114 1221 3214 1276 sibi
3250 1230 3424 1276 autem
3448 1220 3577 1276 velit
3608 1235 3638 1275 a
3670 1230 3822 1277 tanto

2229 1320 2348 1375 viro
2396 1327 2502 1373 tam
2539 1316 2764 1374 sollicita
2800 1315 3041 1387 corporis
3073 1313 3462 1370 commendatio
3480 1355 3496 1382 ,
3538 1322 3594 1369 ut
3624 1329 3734 1370 non
3765 1315 3819 1370 in

2229 1408 2460 1482 Egypto
2485 1408 2793 1479 sepeliatur,
2821 1407 2917 1464 sed
2941 1407 2998 1462 in
3021 1414 3161 1462 terra
3185 1405 3438 1460 Chanaan
3461 1405 3610 1477 juxta
3634 1415 3822 1478 patres

2231 1518 2378 1572 suos,
2409 1501 2604 1558 mirum
2627 1501 2876 1570 videtur,
2907 1509 2962 1556 et
2983 1499 3135 1572 quasi
3161 1498 3473 1566 absurdum,
3499 1514 3599 1557 nec
3621 1513 3824 1557 conve-

2233 1597 2390 1652 niens
2419 1602 2580 1650 tantae
2606 1592 2933 1650 excellentiae
2951 1593 3146 1649 mentis
3169 1591 3514 1663 propheticis,
3543 1593 3590 1648 si
3617 1591 3722 1649 hoc
3752 1608 3822 1650 ex

2233 1688 2511 1744 hominum
2551 1685 2936 1744 consuetudine
2971 1685 3274 1742 metiamur.
3313 1685 3372 1741 Si
3407 1693 3586 1741 autem
3635 1685 3691 1742 in
3737 1685 3824 1741 his

2232 1778 2481 1834 omnibus
2505 1787 2840 1835 sacramenta
2862 1784 3187 1848 quaerantur,
3206 1775 3428 1847 majoris
3450 1776 3822 1834 admirationis

2231 1872 2478 1944 gaudium
2493 1871 2595 1942 ipsi
2611 1872 2700 1943 qui
2722 1871 2989 1926 invenerit
3001 1868 3222 1925 orietur.
3241 1868 3601 1926 Cadaveribus
3618 1871 3822 1941 quippe

2233 1973 2568 2021 mortuorum
2597 1972 2816 2034 peccata
2843 1961 3132 2034 signiﬁcari
3159 1962 3212 2017 in
3241 1959 3416 2033 Lege,
3447 1976 3554 2017 non
3595 1961 3821 2019 dubium

2233 2063 2316 2112 est
2338 2097 2354 2124 ,
2386 2070 2506 2111 cum
2532 2055 2790 2126 jubentur
2814 2053 3057 2110 homines
3086 2063 3206 2125 post
3230 2069 3415 2109 eorum
3445 2054 3824 2111 contrectatio-

2231 2163 2378 2215 nem,
2434 2148 2545 2202 sive
2591 2148 3034 2218 qualemcumque
3081 2155 3407 2212 contactum,
3454 2154 3705 2217 tanquam
3751 2147 3824 2203 ab

2234 2240 2570 2297 immunditia
2597 2240 2883 2310 purificari.
2914 2239 2983 2294 Et
3005 2239 3130 2294 hinc
3155 2239 3243 2293 illa
3264 2239 3524 2294 sententia
3541 2237 3699 2294 ducta
3714 2249 3816 2306 est,

2237 2332 2336 2399 Qui
2367 2331 2652 2403 baptizatur
2683 2349 2714 2385 a
2747 2340 2945 2386 mortuo
2964 2373 2978 2397 ,
3010 2341 3056 2386 et
3084 2331 3267 2385 iterum
3299 2331 3460 2402 tangit
3494 2329 3661 2399 illum,
3695 2330 3824 2402 quid

2233 2424 2638 2496 proﬁcitlavatio
2665 2424 2815 2495 ejus?
2847 2422 2937 2478 Sic
2965 2431 3013 2477 et
3048 2422 3133 2493 qui
3165 2422 3369 2493 jejunat
3413 2437 3566 2492 super
3616 2431 3823 2491 peccata

2231 2527 2344 2576 sua,
2376 2517 2423 2564 et
2441 2510 2622 2563 iterum
2649 2507 2917 2561 ambulans
2940 2506 3046 2561 Iuec
3067 2505 3242 2561 eadem
3266 2506 3387 2578 facit
3417 2505 3602 2577 (Eccli.
3634 2521 3820 2574 xxxw,

2231 2601 2323 2669 50,
2379 2603 2496 2673 51).
2551 2601 2834 2671 Sepultura
2887 2615 3013 2670 ergo
3059 2607 3392 2655 mortuorum
3441 2599 3819 2656 remissionem

2231 2691 2497 2763 significat
2518 2700 2880 2762 peccatorum,
2911 2705 2976 2745 eo
3003 2690 3273 2760 pertinens
3304 2689 3446 2760 quod
3470 2689 3667 2744 dictum
3695 2698 3814 2757 est,

2229 2783 2375 2838 Beati
2416 2800 2633 2856 quorum
2667 2783 2888 2837 remissa
2913 2791 3030 2838 sunt
3058 2781 3361 2851 iniquitates,
3386 2792 3433 2836 et
3453 2798 3669 2853 quorum
3687 2792 3820 2837 tecta

2231 2883 2349 2928 sunt
2376 2884 2581 2945 peccata
2610 2873 2777 2947 (Psal.
2803 2890 2949 2940 xxxi,
2972 2871 3046 2944 1).
3071 2873 3172 2930 Ubi
3191 2889 3318 2944 ergo
3334 2873 3638 2944 sepelienda
3662 2884 3821 2930 erant

2231 2965 2332 3020 hoc
2356 2967 2713 3036 significantia
2739 2966 2997 3020 cadavera
3027 2964 3485 3029 Patriarcharum,
3522 2964 3625 3020 nisi
3665 2965 3717 3020 in
3751 2981 3817 3022 ea

2232 3069 2372 3113 terra
2410 3058 2499 3113 ubi
2535 3058 2622 3114 ille
2663 3057 2948 3112 crucifixus
2979 3065 3091 3123 est,
3121 3056 3272 3126 cujus
3298 3057 3552 3128 sanguine
3575 3058 3709 3114 facta
3736 3067 3818 3114 est

2230 3149 2472 3205 remissio
2509 3149 2883 3220 peccatorum?
2909 3149 3170 3204 Mortibus
3208 3149 3351 3205 enim
3385 3150 3816 3209 Patriarcharum

2233 3250 2448 3309 peccata
2476 3239 2749 3294 hominum
2781 3239 3004 3310 figurata
3032 3249 3176 3294 sunt.
3219 3239 3422 3297 Dicitur
3448 3251 3626 3297 autem
3652 3243 3721 3298 ab
3748 3258 3817 3299 eo

2233 3330 2372 3398 loco,
2399 3332 2540 3401 quod
2571 3331 2954 3386 Ahrahamium
2976 3339 3219 3400 vocatur,
3242 3331 3334 3387 ubi
3351 3341 3476 3387 sunt
3498 3333 3600 3389 ista
3625 3348 3818 3405 corpo-

2229 3438 2307 3487 ra,
2340 3423 2531 3479 abesse
2572 3423 2747 3478 locum
2793 3423 2881 3478 ubi
2931 3422 3217 3479 cruciﬁxus
3259 3431 3345 3480 est
3387 3425 3645 3481 Dominus
3700 3424 3816 3482 fere

2229 3515 2439 3585 triginta
2468 3515 2700 3570 millibus
2727 3557 2744 3582 ,
2772 3522 2830 3570 ut
2853 3515 3013 3570 etiam
3038 3515 3153 3586 ipse
3182 3531 3434 3572 numerus
3460 3532 3583 3572 eum
3613 3517 3817 3589 signifi-

2227 3621 2354 3662 care
2379 3607 2724 3678 intelligatur,
2746 3607 2837 3678 qui
2863 3606 2916 3662 in
2935 3606 3200 3678 baptismo
3212 3608 3456 3678 apparuit
3473 3608 3585 3664 fere
3597 3611 3814 3681 triginta

2227 3713 2486 3754 annorum
2514 3715 2527 3752 :
2560 3707 2614 3755 et
2638 3699 2685 3754 si
2706 3698 2832 3768 quid
2861 3699 3005 3754 aliud
3031 3698 3098 3754 de
3126 3715 3186 3753 re
3221 3708 3362 3754 tanta
3381 3740 3398 3767 ,
3424 3700 3506 3755 vel
3529 3699 3634 3757 hoc
3653 3701 3816 3759 modo

2225 3790 2312 3844 vel
2345 3788 2622 3843 sublimius
2648 3789 2869 3860 intelligi
2893 3797 3095 3860 potest,
3124 3788 3251 3844 dum
3283 3800 3456 3847 tamen
3481 3806 3588 3847 non
3617 3792 3812 3847 frustra

2226 3880 2544 3936 arbitremur
2563 3880 2695 3936 tales
2709 3896 2772 3936 ac
2789 3889 2963 3936 tantos
2979 3881 3222 3938 homines
3243 3883 3338 3938 Dei
3359 3891 3558 3938 tantam
3580 3885 3812 3955 gessisse

2225 3984 2407 4024 curam
2436 3985 2534 4040 pro
2563 3971 2880 4041 sepeliendis
2904 3972 3218 4043 corporibus
3243 3973 3393 4040 suis;
3415 3989 3539 4029 cum
3559 3976 3628 4029 sit
3650 3984 3812 4047 atque

2224 4075 2345 4117 esse
2373 4062 2565 4118 debeat
2604 4063 2840 4119 ﬁdelium
2872 4063 2972 4119 ista
3005 4065 3293 4132 securitas,
3321 4065 3462 4136 quod
3490 4066 3813 4137 ubicumque

2223 4167 2446 4223 corpora
2487 4169 2673 4209 eorum
2715 4155 3040 4225 sepeliantur
3081 4155 3166 4211 vel
3209 4156 3467 4226 insepulta
3513 4158 3674 4212 etiam
3718 4174 3810 4228 per

2223 4245 2556 4300 inimicorum
2572 4245 2770 4302 rabiem
2787 4247 3172 4317 relinquantur,
3187 4257 3378 4318 autpro
3389 4263 3574 4304 eorum
3591 4250 3816 4306 libidine

2221 4334 2507 4391 dilacerata
2532 4336 2902 4404 absumantur,
2930 4352 3039 4393 non
3067 4337 3188 4394 ideo
3210 4339 3294 4394 vel
3321 4339 3497 4395 minus
3520 4340 3804 4412 integram,

2223 4425 2308 4480 vel
2349 4426 2528 4482 minus
2561 4427 2845 4498 gloriosam
2869 4442 3054 4484 eorum
3078 4430 3526 4486 resurrectionem
3549 4429 3808 4488 futuram.

2293 4515 2492 4572 CLXII.
2517 4517 2616 4590 [Ib.
2649 4534 2814 4585 van,
2845 4519 2908 4575 51
2920 4517 2960 4592 .]
2989 4518 3142 4587 Quod
3169 4521 3367 4577 habent
3385 4522 3532 4578 latini
3555 4522 3806 4594 codices,

2221 4606 2292 4661 Et
2318 4607 2546 4662 adoravit
2583 4624 2738 4679 super
2759 4618 2912 4680 caput
2950 4610 3105 4683 virga:
3121 4612 3262 4682 ejus;
3309 4612 3550 4672 nonnulli
3593 4613 3808 4670 codices

2219 4700 2552 4755 emendatius
2578 4699 2795 4768 habent,
2826 4701 3067 4758 Adoratn't
3103 4719 3252 4774 super
3279 4715 3432 4775 caput
3469 4707 3623 4778 uirgis
3655 4723 3767 4764 sua
3788 4751 3804 4776 ,

2220 4789 2307 4846 vel
2332 4791 2386 4845 in
2418 4791 2582 4861 capite
2619 4792 2773 4864 virga
2801 4808 2929 4861 sua,
2961 4794 3074 4848 sive
3105 4797 3159 4848 in
3191 4797 3450 4852 cacumine
3473 4798 3510 4864 ί,
3545 4798 3626 4856 vel
3651 4815 3809 4869 super

2221 4897 2480 4936 cacumen.
2518 4882 2674 4937 Fallit
2707 4898 2801 4939 eos
2823 4882 2967 4939 enim
2986 4884 3206 4940 verbum
3243 4901 3496 4956 graecum,
3526 4889 3669 4959 quod
3692 4891 3806 4945 eis-

2221 4975 2344 5031 dem
2371 4976 2562 5031 litteris
2585 4976 2851 5043 scribitur,
2880 4977 2998 5034 sive
3021 4979 3150 5050 ejus,
3179 4979 3290 5034 sive
3315 4996 3420 5036 suce
3446 4997 3467 5036 :
3490 4981 3585 5038 sed
3609 4997 3807 5039 accen-

2224 5078 2310 5123 tus
2332 5069 2571 5139 dispares
2590 5078 2732 5137 sunt,
2756 5079 2811 5126 et
2837 5071 2905 5127 ab
2927 5071 3007 5126 eis
3042 5071 3133 5142 qui
3162 5072 3262 5127 ista
3294 5083 3556 5131 noverunt
3577 5117 3593 5144 ,
3626 5076 3683 5132 in
3711 5093 3805 5132 co-

2221 5161 2430 5218 dicibus
2465 5177 2574 5216 non
2599 5171 3053 5232 contemnuntur;
3083 5165 3261 5220 valent
3283 5167 3428 5221 enim
3462 5167 3528 5222 ad
3556 5183 3804 5239 magnam

2222 5251 2616 5308 discretionem.
2651 5253 2902 5321 Quamvis
2925 5264 2980 5311 et
3006 5271 3166 5311 unam
3203 5257 3322 5326 plus
3350 5258 3576 5314 litteram
3605 5259 3806 5315 habere

2222 5352 2419 5415 posset,
2440 5343 2484 5399 si
2512 5353 2654 5400 esset
2671 5360 2798 5414 stite,
2825 5354 2882 5400 ut
2905 5361 3014 5402 non
3037 5355 3181 5403 esset
3203 5352 3369 5416 αὐτοῦ,
3385 5350 3476 5404 sed
3504 5359 3695 5406 ἑαυτοῦ.
3725 5354 3805 5408 Ac

2222 5454 2316 5510 per
2344 5437 2446 5493 hoc
2475 5437 2663 5494 merito
2691 5440 2943 5508 quaeritur
2977 5438 3102 5510 quid
3148 5441 3220 5496 sit
3259 5441 3401 5511 quod
3444 5443 3643 5499 dictum
3696 5453 3802 5500 est.

2220 5530 2354 5588 Nam
2397 5529 2550 5586 facile
2577 5530 2956 5601 intelligeretur
2984 5546 3199 5600 senem,
3228 5534 3318 5604 qui
3350 5535 3550 5608 virgam
3595 5536 3806 5594 ferebat

2221 5637 2288 5678 eo
2314 5637 2481 5690 more,
2511 5637 2616 5690 quo
2645 5621 2734 5676 illa
2762 5629 2890 5676 aetas
2914 5623 3158 5680 baculum
3178 5623 3333 5691 solet,
3360 5634 3417 5681 ut
3445 5641 3504 5682 se
3532 5629 3806 5685 inclinavit

2221 5713 2288 5770 ad
2313 5713 2475 5768 Deum
2497 5711 2843 5778 adorandum,
2876 5713 2929 5768 id
2948 5715 3129 5785 utique
3155 5715 3342 5771 fecisse
3362 5732 3521 5787 super
3544 5734 3801 5776 cacumen

2287 5830 2304 5860 ι
2329 5830 2551 5899 Plerique
2573 5836 2698 5890 Mss.,
2720 5828 2816 5880 sive
2841 5828 2889 5880 in
2910 5842 3174 5894 cacumen;
3195 5845 3301 5904 pro,
3324 5845 3374 5885 tn
3395 5834 3661 5885 cacianine.
