4094 6488
328 431 441 488 595

331 548 496 616 virga:
522 559 652 612 sua},
685 559 844 617 quam
875 545 952 600 sic
978 537 1201 612 ferebat,
1224 553 1281 599 ut
1306 559 1464 615 super
1488 560 1605 601 eam
1642 555 1800 617 caput
1832 547 1914 600 in~

329 637 584 691 clinando
607 637 854 692 adoraret
871 638 1055 693 Deum.
1076 637 1211 705 Quid
1237 646 1476 708 estergo,
1508 638 1747 692 Adoravit
1768 654 1918 708 super

329 743 572 782 cacumen
595 729 750 799 uirgae
777 731 885 798 ejus
904 769 919 797 ,
944 728 995 783 id
1020 738 1101 784 est
1122 729 1214 782 ﬁlii
1253 729 1334 782 sui
1375 729 1608 800 Ioseph?
1652 731 1733 784 An
1781 730 1916 784 forte

329 820 530 874 tulerat
558 819 625 874 ab
646 834 711 874 eo
731 819 952 891 virgam,
983 821 1193 890 quando
1213 822 1260 876 ei
1283 821 1496 891 jurabat
1515 821 1652 876 idem
1679 821 1840 888 ﬁlius,
1862 829 1916 876 et

1744 432 1944 488 LIBER
1981 430 2249 488 PRIMUS.

3500 442 3607 498 594

2023 561 2117 616 per
2143 546 2411 601 Christum
2441 548 2995 618 futurusgeneratione
3017 549 3296 619 spirituali,
3323 563 3605 623 superatu-

2024 651 2116 691 rus
2136 646 2251 692 erat
2279 639 2529 709 populum
2553 641 2782 710 priorem
2809 640 2878 696 de
2905 641 3103 696 carnali
3139 650 3348 712 patrum
3376 658 3603 714 genera-

2024 727 2166 781 tione
2191 727 2523 797 gloriantem.

2093 816 2340 873 CLXVII.
2363 818 2460 890 [lb.
2480 836 2661 888 vam,
2687 821 2802 895 22.]
2828 822 2976 889 Quod
2996 822 3123 879 dicit
3135 823 3298 882 Iacob
3312 823 3602 884 Sicbimam

327 910 455 966 dum
485 925 603 966 eam
652 919 819 978 tenet,
869 921 991 982 post
1048 913 1209 968 verba
1255 913 1500 983 jurantis,
1546 913 1780 968 nondum
1825 913 1915 969 illa
2019 922 2078 964 se
2114 911 2434 980 praecipuam
2472 913 2598 969 dare
2644 915 2752 970 ﬁlio
2796 930 2894 972 suo
2939 917 3155 988 Ioseph,
3185 928 3238 974 et
3264 919 3409 974 addit
3460 921 3602 990 quod

326 1003 538 1058 reddita
569 1018 692 1058 mox
719 1003 958 1058 adoravit
981 1004 1185 1058 Deum?
1208 1003 1323 1058 Non
1344 1004 1484 1059 enim
1519 1003 1750 1073 pudebat
1789 1019 1912 1060 eum

327 1094 472 1151 ferre
497 1097 758 1166 tantisper
781 1096 986 1166 insigne
1026 1097 1306 1166 potestatis
1348 1097 1440 1152 ﬁlii
1475 1098 1577 1164 sui,
1617 1097 1704 1152 ubi
1740 1097 1910 1168 ﬁgura

324 1203 534 1259 magna
561 1189 637 1244 rei
669 1189 857 1243 futura:
882 1188 1301 1259 praesignabatur
1324 1205 1336 1240 :
1360 1189 1598 1258 quamvis
1623 1189 1678 1243 in
1699 1189 1912 1244 hebraao

321 1279 576 1334 facillima
601 1279 758 1350 hujus
783 1279 1091 1349 quaestionis
1118 1280 1380 1335 absolutio
1401 1295 1520 1336 esse
1554 1279 1760 1335 dicatur
1778 1322 1792 1347 ,
1822 1280 1910 1334 ubi

323 1370 582 1441 scriptum
608 1370 926 1439 perhibent,
949 1370 1016 1425 Et
1063 1371 1288 1425 adoravit
1317 1370 1480 1425 Israel
1499 1373 1566 1425 ad
1588 1382 1740 1440 caput
1764 1371 1907 1440 lecti,

321 1463 377 1516 in
404 1478 512 1533 quo
541 1463 722 1534 utique
752 1474 916 1518 senex
942 1462 1155 1534 jacebat
1175 1505 1189 1531 ,
1219 1471 1273 1519 et
1304 1464 1381 1518 sic
1409 1467 1637 1533 positum
1659 1462 1904 1530 habebat,

319 1557 454 1610 utin
481 1571 544 1611 eo
569 1555 684 1611 sine
707 1556 908 1624 labore,
938 1555 1150 1627 quando
1177 1556 1354 1623 vellet,
1388 1563 1603 1622 oraret;
1649 1570 1748 1610 nec
1786 1555 1907 1611 ideo

319 1659 500 1706 tamen
528 1651 670 1722 quod
695 1651 1035 1721 Septuaginta
1061 1651 1390 1720 interpretati
1418 1658 1562 1718 sunt,
1592 1650 1792 1704 nullum
1822 1649 1905 1704 vel

317 1742 491 1798 levem
518 1758 732 1799 sensum
753 1743 952 1799 habere
975 1743 1268 1815 putandum
1293 1752 1394 1799 est.

387 1835 617 1890 CLXIII.
660 1834 758 1909 [lb.
801 1851 1006 1902 vam,
1035 1833 1116 1907 4.]
1160 1835 1330 1890 Etiam
1359 1834 1445 1888 hic
1480 1848 1904 1890 commemorans

314 1926 484 1982 Iacob
512 1929 894 1997 promissiones
921 1927 1020 1981 Dei
1048 1941 1173 1998 erga
1208 1941 1267 1981 se
1305 1925 1489 1991 factas,
1527 1926 1656 1981 dicit
1683 1919 1787 1981 'sibi
1826 1924 1905 1980 di-

313 2029 484 2088 ctum,
536 2018 750 2074 Faciam
791 2028 838 2074 te
877 2020 931 2074 in
974 2019 1380 2091 congregationes
1419 2019 1641 2090 gentium
1670 2034 1689 2073 :
1714 2019 1903 2089 quibus

313 2113 496 2168 verbis
542 2113 710 2184 magis
757 2113 990 2168 ﬁdelium
1039 2113 1371 2169 vocationem
1412 2112 1692 2184 signiﬁcat,
1745 2126 1902 2182 quam

312 2205 546 2258 carnalis
570 2205 783 2275 generis
808 2203 1264 2275 propagationem.

384 2295 614 2351 CLXIV.
635 2295 732 2369 [lb.
753 2311 934 2363 xtvm,
953 2297 1009 2363 5,
1033 2294 1111 2368 6.]
1139 2295 1289 2365 Quod
1309 2296 1561 2368 scriptum
1579 2304 1679 2362 est,
1695 2295 1904 2352 dicente

313 2386 482 2442 Iacob
508 2388 575 2443 de
596 2389 845 2460 Ephraem
870 2396 924 2443 et
941 2387 1204 2456 Manasse,
1239 2387 1391 2443 Nunc
1416 2405 1533 2460 ergo
1555 2388 1651 2458 ﬁlii
1676 2390 1748 2442 tui
1768 2389 1899 2456 duo,

311 2481 398 2549 qui
427 2481 552 2551 facti
577 2491 691 2534 sunt
717 2480 804 2534 tibi
830 2481 881 2535 in
907 2489 1040 2535 terra
1069 2479 1290 2553 Egypti
1320 2482 1615 2554 priusquam
1651 2482 1718 2535 ad
1749 2492 1794 2537 te
1821 2499 1902 2536 ve-

311 2573 476 2627 nirem
515 2574 568 2627 in
611 2572 930 2645 Egyptum,
978 2574 1078 2629 mei
1116 2584 1254 2642 sunt,
1289 2573 1530 2644 Ephraam
1563 2583 1611 2629 et
1641 2575 1898 2643 Manasse,

313 2675 557 2736 tanquam
589 2665 766 2720 Ruben
791 2675 835 2720 et
865 2665 1075 2722 Simeon
1111 2675 1256 2721 erunt
1290 2667 1412 2720 mihi
1451 2665 1619 2740 (natos
1657 2676 1823 2722 autem
1859 2668 1902 2720 si

309 2761 546 2830 genueris
569 2769 738 2832 postea
756 2802 771 2827 ,
801 2759 888 2814 tibi
918 2759 1126 2832 erunt);
1156 2762 1209 2815 in
1237 2761 1436 2815 nomine
1455 2765 1671 2832 fratrum
1696 2778 1900 2816 suorum

310 2852 704 2924 appellabuntur
727 2853 780 2906 in
807 2851 1022 2908 sortibus
1049 2869 1249 2908 eorum:
1270 2851 1654 2922 fallitlegentes
1665 2853 1900 2924 aliquan-

309 2944 403 3009 do,
425 2954 484 2999 ut
506 2944 814 3000 existiment
833 2945 903 3000 ita
920 2944 1138 3010 dictum,
1157 2954 1406 3015 tanquam
1425 2945 1468 2999 si
1485 2945 1618 3000 alios
1633 2945 1901 3015 genuisset

310 3036 535 3108 Ioseph,
568 3038 790 3094 istorum
821 3039 1126 3094 nominibus
1153 3053 1246 3094 eos
1281 3038 1446 3095 Iacob
1470 3040 1726 3111 appellari
1761 3056 1898 3110 pra:-

309 3131 543 3202 ciperet;
590 3132 730 3204 quod
781 3146 886 3188 non
935 3132 1006 3187 ita
1046 3141 1148 3188 est.
1182 3131 1478 3188 Verborum
1533 3133 1726 3204 quippe
1767 3133 1900 3190 ordo

312 3226 634 3292 contexitur,
669 3224 826 3280 Nunc
863 3242 981 3296 ergo
1015 3225 1111 3296 ﬁlii
1145 3226 1218 3279 tui
1246 3226 1348 3279 duo
1371 3268 1386 3294 ,
1414 3225 1499 3296 qui
1525 3226 1648 3295 facti
1672 3235 1788 3280 sunt
1814 3225 1900 3279 tibi

311 3317 364 3371 in
387 3327 522 3371 terra
544 3316 760 3389 Ερυρή
786 3317 1080 3388 priusquam
1101 3315 1169 3370 ad
1197 3325 1243 3370 te
1264 3316 1483 3370 uenirem
1510 3317 1563 3370 in
1587 3314 1896 3388 ﬁgyptum,

311 3411 411 3464 mei
442 3418 562 3464 sunt
591 3409 852 3479 Ephrem,
888 3419 934 3463 et
973 3407 1213 3464 Manasse
1235 3450 1249 3476 ,
1282 3417 1518 3480 tanquam
1549 3408 1725 3462 Ruben
1745 3418 1790 3463 et
1813 3409 1898 3464 Si-

310 3520 458 3558 meon
491 3513 638 3557 erunt
679 3503 804 3556 mihi
816 3518 836 3567 ;
869 3502 924 3556 in
966 3502 1167 3557 nomine
1192 3502 1404 3572 fratrum
1433 3518 1638 3556 suorum
1666 3501 1897 3572 appella-

310 3596 500 3650 buntur
517 3597 572 3648 in
590 3595 807 3650 sortibus
832 3609 1042 3660 eorum;
1069 3593 1170 3648 hoc
1208 3602 1326 3660 est,
1351 3593 1505 3648 simul
1533 3591 1897 3647 haereditatem

311 3687 526 3756 capient
563 3700 684 3740 cum
711 3685 964 3739 fratribus
1002 3685 1134 3751 suis,
1189 3692 1246 3738 ut
1297 3685 1453 3738 simul
1499 3691 1754 3738 vocentur
1805 3682 1897 3740 ﬁlii

312 3777 496 3832 Israel.
556 3777 680 3831 Duae
725 3776 920 3846 quippe
958 3776 1089 3846 ipsa:
1139 3775 1307 3830 tribus
1352 3775 1615 3845 adjunctzc
1660 3783 1802 3841 sunt,
1843 3781 1900 3829 ut

313 3877 535 3938 excepta
561 3867 701 3924 tribu
728 3868 1020 3938 Levi,qu:e
1064 3867 1409 3922 sacerdotalis
1457 3866 1574 3934 fuit,
1618 3867 1896 3922 duodecim

311 3970 497 4016 essent
520 3977 638 4032 quae
663 3970 857 4016 terram
887 3961 1206 4028 dividerent,
1237 3971 1290 4015 et
1318 3961 1550 4016 decimas
1573 3961 1895 4032 praeberent.

311 4052 445 4109 Illud
469 4064 646 4110 autem
665 4055 1032 4124 interpositum
1051 4063 1152 4121 est,
1180 4054 1320 4125 quod
1337 4055 1403 4111 de
1417 4056 1534 4112 aliis
1555 4056 1679 4112 ﬁliis
1699 4056 1897 4126 Ioseph

313 4148 356 4200 si
386 4157 737 4203 nascerentur
765 4148 918 4202 dixit.

383 4239 591 4295 CLXV.
641 4238 739 4314 [lb.
763 4257 946 4307 xevm,
980 4240 1056 4315 7.]
1081 4241 1230 4310 Quod
1259 4241 1422 4298 Iacob
1450 4243 1556 4297 ﬁlio
1583 4258 1678 4298 suo
1701 4244 1897 4314 Ioseph

314 4341 566 4400 umquam
598 4333 854 4388 nescienti
884 4334 1050 4387 voluit
1079 4325 1311 4388 indicare
1337 4375 1348 4399 ,
1379 4333 1467 4388 ubi
1496 4343 1550 4389 et
1573 4336 1783 4405 quando
1808 4351 1898 4391 se-

312 4423 526 4491 pelierit
549 4431 771 4478 matrem
812 4423 946 4494 ejus,
988 4438 1109 4478 cum
1138 4433 1191 4478 et
1228 4425 1341 4494 ipse
1384 4425 1540 4479 simul
1586 4426 1740 4481 fuerit
1776 4441 1897 4482 cum

313 4513 572 4570 fratribus
593 4516 732 4581 suis;
764 4515 857 4570 sed
878 4516 978 4570 etsi
1008 4525 1122 4571 erat
1142 4525 1248 4569 tam
1268 4531 1463 4586 parvus
1484 4526 1660 4584 aetate,
1689 4528 1741 4573 ut
1770 4518 1896 4574 illud

311 4607 397 4662 vel
440 4622 628 4663 curare
672 4610 758 4664 vel
807 4610 986 4665 animo
1035 4612 1268 4666 retinere
1301 4626 1406 4665 non
1447 4623 1642 4682 posset,
1670 4631 1786 4683 qua:
1814 4630 1899 4670 res

312 4701 575 4769 compulit
599 4701 758 4756 modo
789 4701 935 4756 dici?
966 4703 1066 4756 nisi
1088 4701 1224 4757 forte
1249 4703 1313 4755 ad
1339 4718 1450 4757 rem
1482 4705 1734 4773 pertinuit
1752 4721 1900 4760 com-

312 4806 616 4847 memorare
643 4793 713 4848 ihi
740 4793 1000 4864 sepultam
1030 4802 1256 4849 matrem
1285 4793 1505 4864 Ioseph,
1539 4795 1626 4851 ubi
1653 4796 1898 4854 Christus

313 4884 491 4940 fuerat
512 4887 831 4941 nasciturus.

384 4975 615 5030 CLXVI.
650 4975 747 5048 [lb.
779 4979 1072 5044 xtvm,.H,
1097 4977 1211 5049 49.]
1237 4977 1386 5045 Quod
1419 4977 1487 5032 ita
1516 4977 1781 5036 benedicit
1808 4996 1902 5036 ne-

312 5076 467 5137 potes
499 5082 629 5123 suos
656 5067 853 5135 Israel,
882 5078 940 5124 ut
967 5069 1237 5125 dexteram
1268 5085 1482 5124 manum
1513 5072 1702 5127 minori
1729 5073 1901 5144 impo-

313 5171 425 5227 nat,
475 5163 664 5232 majori
703 5171 878 5217 autem
906 5164 1196 5231 sinistram,
1226 5172 1276 5219 cl
1301 5163 1400 5218 hoc
1436 5164 1545 5220 ﬁlio
1570 5181 1666 5222 suo
1703 5167 1901 5237 Ioseph

310 5254 513 5309 volenti
532 5257 798 5326 corrigere
820 5256 968 5325 quasi
987 5265 1251 5311 errantem
1279 5266 1436 5328 atque
1465 5259 1810 5326 nescientem,
1831 5261 1900 5314 ita

312 5344 623 5414 respondet,
658 5346 800 5412 Scio,
828 5347 922 5416 ﬁli,
949 5347 1070 5411 scio,
1101 5357 1145 5400 et
1167 5348 1246 5400 hic
1271 5348 1362 5400 erit
1389 5349 1439 5400 in
1470 5349 1732 5418 papulum,
1756 5359 1802 5403 et
1823 5351 1904 5404 hic

314 5438 652 5503 mltabitur;
682 5440 769 5494 sed
807 5443 961 5512 frater
981 5442 1088 5511 ejus
1101 5442 1280 5510 junior
1307 5444 1472 5513 major
1492 5443 1582 5496 illo
1609 5445 1720 5510 erit,
1753 5453 1796 5498 et
1821 5461 1902 5499 se-

313 5551 426 5586 men
470 5536 578 5606 ejus
607 5536 701 5588 erit
745 5536 797 5588 in
837 5535 1205 5588 multitudinem
1239 5537 1458 5604 gentium
1492 5536 1794 5592 :‘hactenus
1835 5537 1904 5593 de

314 5625 530 5680 Christo
561 5628 924 5697 accipiendum
956 5637 1056 5694 est,
1087 5637 1344 5699 quatenus
1375 5630 1535 5684 etiam
1563 5630 1629 5684 de
1660 5631 1774 5699 ipso
1817 5630 1904 5684 Ia-

314 5720 416 5773 cob
443 5731 496 5775 et
524 5720 683 5776 fratre
705 5722 818 5790 ejus
842 5721 1040 5776 dictum
1057 5732 1157 5788 est,
1185 5723 1316 5788 Quia
1339 5725 1500 5792 major
1527 5725 1698 5778 serviet
1726 5726 1904 5783 minori

317 5811 472 5880 (Gen.
497 5829 624 5881 xxv,
646 5813 757 5884 25).
787 5811 1086 5868 Secundum
1106 5813 1205 5867 hoc
1219 5815 1358 5868 enim
1381 5815 1691 5884 signiﬁcavit
1708 5817 1902 5886 aliquid

2019 1017 2136 1058 eam
2173 1005 2470 1073 possederit
2507 1007 2558 1062 in
2589 1008 2760 1078 gladio
2804 1024 2900 1064 suo
2920 1018 2972 1065 et
3015 1025 3162 1078 arcu,
3208 1013 3374 1082 quaeri
3427 1022 3604 1080 potest

2016 1095 2456 1164 quemadmodum
2504 1099 2682 1154 valeat
2720 1100 2786 1154 ad
2833 1101 3059 1156 litteram
3104 1105 3408 1159 convenire.
3460 1105 3604 1160 Emit

2015 1185 2155 1240 enim
2168 1194 2377 1241 centum
2394 1189 2542 1258 agnis
2555 1192 2940 1259 possessionem
2960 1193 3100 1247 illam
3115 1193 3179 1265 (G
3185 1212 3263 1248 en.
3284 1212 3464 1262 xxxni,
3485 1196 3570 1268 l9)
3581 1237 3597 1263 ,

2015 1290 2121 1329 non
2148 1278 2288 1347 cepit
2322 1277 2442 1348 jure
2486 1279 2722 1336 victoriae
2750 1281 2974 1338 bellicae.
3008 1286 3086 1338 An
3117 1285 3236 1352 quia
3269 1285 3441 1340 Salem
3467 1288 3600 1341 civi-

2016 1376 2176 1423 tatem
2199 1369 2551 1426 Sichimorum
2572 1372 2662 1427 ﬁlii
2694 1373 2808 1443 ejus
2834 1386 3265 1445 expugnaverunt
3285 1376 3394 1446 (Id.
3413 1395 3592 1446 xxxw,

2015 1459 2337 1531 25),etjure
2360 1463 2482 1518 belli
2525 1466 2693 1534 potuit
2712 1466 2828 1535 ejus
2875 1468 3008 1534 ﬁeri,
3049 1477 3107 1522 ut
3153 1469 3352 1538 justum
3400 1471 3597 1526 bellum

2013 1566 2128 1607 cum
2154 1554 2233 1610 eis
2261 1563 2465 1626 gestum
2491 1558 2748 1623 videatur,
2773 1559 2858 1628 qui
2886 1567 3082 1613 tantam
3106 1561 3309 1630 priores
3353 1562 3596 1632 injuriam

2011 1644 2251 1702 fecerunt
2281 1649 2332 1702 in
2358 1649 2471 1718 ejus
2493 1649 2597 1703 ﬁlia
2623 1650 3062 1706 contaminanda?
3090 1648 3197 1706 Cur
3213 1669 3318 1707 non
3338 1669 3464 1726 ergo
3493 1656 3596 1710 illis

2012 1737 2154 1791 illam
2185 1746 2378 1793 terram
2408 1739 2571 1803 dedit,
2613 1742 2701 1811 qui
2747 1741 2846 1796 hoc
2884 1752 3338 1812 perpetraverunt,
3364 1744 3462 1800 hoc
3491 1756 3591 1814 est,

2009 1829 2301 1899 majoribus
2328 1831 2452 1886 ﬁliis
2477 1833 2621 1886 suis?
2651 1833 2848 1888 Deinde
2881 1835 2925 1888 si
2969 1834 3126 1889 modo
3167 1850 3232 1890 ex
3259 1836 3344 1890 illa
3375 1838 3594 1894 victoria

2010 1922 2269 1992 glorians,
2293 1923 2383 1976 dat
2411 1939 2526 1978 eam
2549 1933 2745 1980 terram
2774 1926 2882 1980 ﬁlio
2911 1940 3007 1982 suo
3036 1926 3251 1997 Ioseph,
3286 1945 3380 1983 cur
3405 1931 3452 1984 ei
3481 1932 3592 1986 dis-

2009 2011 2311 2080 plicuerunt
2338 2021 2463 2067 tunc
2491 2012 2585 2068 ﬁlii
2608 2015 2696 2084 qui
2728 2016 2828 2069 hoc
2861 2016 3281 2071 commiserunt?
3315 2019 3420 2073 Cur
3444 2019 3596 2074 deni-

2009 2118 2111 2173 que
2138 2102 2300 2158 etiam
2347 2119 2507 2169 nunc,
2554 2120 2672 2160 cum
2712 2120 2805 2161 eos
2834 2106 3192 2176 benediceret,
3224 2107 3594 2178 exprobrando

2008 2194 2060 2248 id
2087 2197 2526 2252 commemoravit
2551 2197 2605 2251 in
2630 2194 2784 2251 factis
2812 2212 2996 2252 eorum
3024 2196 3132 2270 (Id.
3165 2214 3307 2261 xmx.
3339 2199 3429 2270 5)?
3459 2198 3591 2252 Pro-

2007 2287 2094 2341 cul
2120 2286 2283 2342 dubio
2310 2303 2440 2359 ergo
2469 2287 2684 2358 aliquod
2713 2287 2798 2342 hic
2827 2289 2957 2344 latet
3004 2287 3369 2360 propheticum
3414 2303 3593 2343 sacra-

2006 2386 2244 2431 mentum
2280 2395 2292 2431 :
2321 2379 2440 2447 quia
2468 2387 2522 2433 et
2554 2377 2752 2448 Ioseph
2790 2378 3016 2448 quadam
3040 2379 3303 2448 prmcipua
3331 2379 3593 2449 signiﬁca-

2006 2470 2150 2524 tione
2177 2469 2446 2526 Christum
2475 2470 2850 2542 przeﬁguravit,
2877 2481 2931 2527 et
2952 2473 3000 2527 ei
3019 2472 3171 2527 datur
3200 2474 3284 2529 illa
3307 2482 3464 2538 terra,
3502 2475 3592 2531 ubi

2005 2562 2392 2633 disperdiderat
2433 2566 2704 2622 obruendo
2729 2567 2856 2623 deos
2883 2568 3087 2623 alienos
3116 2567 3313 2635 Iacob;
3346 2578 3400 2622 ut
3425 2569 3584 2624 Chri-

2005 2663 2116 2711 stus
2147 2657 2466 2728 intelligatur
2491 2673 2833 2728 possessurus
2854 2670 3044 2732 gentes
3071 2661 3172 2716 diis
3202 2671 3411 2732 patrum
3462 2678 3589 2719 suo-

2003 2764 2122 2803 rum
2154 2751 2537 2817 renuntiantes,
2560 2760 2613 2808 et
2639 2753 2916 2810 credentes
2946 2754 2998 2808 in
3025 2770 3166 2811 cum.

2005 2918 2008 2920 _
2075 2860 2346 2917 CLXVIII.
2376 2862 2474 2936 [lb.
2496 2880 2635 2932 xux,
2660 2865 2774 2937 32.]
2808 2866 3098 2922 Videndum
3126 2869 3392 2939 quomodo
3411 2869 3591 2926 dicant

2005 2951 2315 3023 Scripturae,
2344 2955 2482 3026 quod
2501 2956 2711 3011 assidue
2737 2957 2919 3012 dicunt
2943 2958 3010 3013 de
3038 2961 3281 3026 mortuis,
3301 2959 3368 3014 Et
3393 2964 3587 3031 apposi-

2004 3054 2083 3100 tus
2106 3058 2178 3101 est
2216 3047 2283 3102 ad
2322 3059 2488 3120 patres
2513 3066 2662 3105 suos:
2685 3051 2791 3118 vel,
2823 3051 3096 3122 Appositus
3132 3061 3202 3107 est
3244 3059 3310 3107 ad
3348 3055 3588 3126 populum

2003 3153 2171 3192 suum.
2216 3138 2353 3195 Ecce
2387 3141 2528 3194 enim
2558 3141 2625 3196 de
2645 3141 2810 3196 Iacob
2831 3142 3040 3209 dicitur,
3064 3143 3172 3214 jam
3199 3145 3410 3215 quidem
3441 3161 3587 3201 mor-

2006 3237 2116 3296 tuo,
2145 3229 2239 3286 sed
2266 3231 2500 3286 nondum
2529 3233 2763 3304 sepulto;
2795 3242 2849 3289 et
2869 3234 2935 3290 ad
2964 3250 3123 3306 quem
3141 3238 3392 3307 p0pulum
3417 3253 3587 3310 appo-

2002 3329 2178 3387 natur,
2210 3337 2314 3376 non
2344 3322 2397 3377 in
2430 3332 2673 3394 promptu
2691 3334 2773 3380 est
2797 3325 2996 3382 videre.
3032 3326 3111 3382 Ex
3137 3327 3227 3381 illo
3251 3330 3390 3382 enim
3422 3344 3589 3398 popu-

2003 3411 2087 3468 Ius
2113 3409 2259 3482 prior
2291 3414 2544 3483 nascitur,
2576 3416 2666 3485 qui
2704 3416 2878 3470 dictus
2899 3424 2984 3472 est
3013 3411 3240 3487 populus
3268 3418 3430 3473 Israel
3456 3437 3469 3473 :
3497 3420 3586 3489 qui

2002 3519 2130 3558 vero
2154 3519 2276 3560 eum
2307 3516 2712 3575 praecesserunt,
2747 3517 2852 3562 tam
2880 3510 3031 3580 pauci
3062 3509 3191 3580 justi
3225 3512 3584 3579 nominantur,

2002 3597 2178 3664 ut:eos
2203 3596 2454 3667 populum
2481 3599 2748 3668 appellare
2775 3609 3103 3655 cunctemur.
3140 3601 3271 3656 Nam
3307 3603 3352 3658 si
3386 3603 3586 3660 dictum

2003 3697 2165 3756 esset,
2189 3690 2474 3760 Appositus
2504 3700 2584 3745 est
2611 3691 2678 3746 ad
2704 3700 2878 3762 patres
2905 3707 3052 3762 suos,
3071 3694 3215 3750 nulla
3241 3696 3462 3765 qumstio
3491 3695 3587 3752 ﬁe-

2002 3787 2102 3833 ret.
2125 3779 2206 3833 Au
2232 3779 2368 3837 forte
2395 3782 2619 3852 populus
2631 3792 2732 3850 est,
2751 3801 2857 3838 non
2884 3785 3056 3840 solum
3082 3786 3352 3843 hominum
3373 3797 3587 3844 sancto-

2001 3885 2142 3935 rum,
2179 3885 2364 3925 verum
2407 3881 2456 3926 et
2493 3873 2834 3943 Angelorum,
2875 3877 3106 3946 populus
3147 3878 3375 3935 civitatis
3423 3877 3580 3945 illius,

2002 3961 2145 4016 unde
2191 3961 2385 4016 dicitur
2425 3962 2490 4016 ad
2525 3962 2800 4029 Hebraeos,
2833 3965 2939 4020 Sed
2976 3969 3249 4022 accessistis
3275 3969 3344 4022 ad
3367 3977 3587 4024 montem

2003 4054 2150 4119 Sion,
2178 4061 2221 4108 et
2238 4055 2304 4108 ad
2318 4055 2563 4108 civitatem
2586 4053 2682 4109 Dei
2698 4055 2996 4126 Ierusalem,
3025 4068 3071 4112 et
3101 4060 3168 4113 ad
3188 4061 3346 4115 millia
3363 4051 3588 4133 Angela;

2001 4163 2115 4200 rum
2146 4148 2503 4201 exsultantium
2533 4147 2706 4218 (’Heb.
2729 4165 2822 4214 xu,
2851 4148 2919 4204 22
2938 4150 2991 4220 )?
3018 4150 3152 4206 Iluic
3197 4152 3391 4223 popqu
3423 4168 3587 4222 appo-

2002 4245 2200 4292 nuntur
2243 4238 2332 4307 qui
2381 4237 2516 4293 hanc
2543 4239 2702 4292 vitam
2740 4239 3011 4309 placentes
3036 4242 3142 4296 Deo
3158 4242 3345 4296 ﬁniunt
3374 4243 3415 4298 ¹.
3437 4243 3585 4298 Tunc

2003 4329 2146 4382 enim
2175 4327 2422 4384 dicuntur
2451 4330 2663 4400 apponi,
2687 4331 2897 4400 quando
2915 4331 3053 4384 nulla
3070 4332 3178 4401 jam
3206 4341 3446 4388 remanet
3472 4334 3583 4388 sol-

2003 4418 2219 4473 licitudo
2241 4421 2610 4484 tentationum,
2648 4428 2702 4475 et
2722 4422 3012 4490 periculum
3043 4434 3400 4492 peccatorum.
3429 4423 3585 4491 Quod

2003 4511 2214 4566 intuens
2235 4513 2306 4566 ait
2329 4511 2598 4581 Scriptura
2621 4512 2780 4565 :Ante
2806 4521 3011 4566 mortem
3039 4530 3102 4566 ne
3125 4514 3300 4569 laudes
3333 4515 3584 4572 hominem

2003 4621 2298 4675 quemquam
2327 4605 2508 4676 (Eccli.
2533 4621 2604 4670 χι,
2629 4605 2739 4677 50).

2074 4699 2302 4755 CLXIX.
2331 4697 2425 4770 [lb.
2445 4715 2495 4765 ι,
2516 4697 2592 4770 5.]
2621 4697 2976 4769 Quadraginta
2993 4700 3107 4756 dies
3131 4702 3584 4775 sepulturae,quos

2003 4798 2383 4845 commemorat
2412 4788 2704 4860 Scriptura,
2735 4791 2866 4845 forte
2894 4791 3188 4862 signiﬁcant
3222 4793 3420 4864 aliquid
3467 4805 3583 4866 pa:-

2004 4881 2261 4948 nitentiae,
2297 4896 2396 4952 qua
2428 4891 2641 4952 peccata
2669 4883 3014 4952 sepeliuntur.
3055 4883 3168 4939 Non
3195 4886 3335 4941 enim
3387 4886 3583 4940 frustra

2004 4973 2162 5028 etiam
2190 4973 2530 5043 quadraginta
2549 4974 2660 5030 dies
2681 4974 3004 5044 jejuniorum
3024 4985 3146 5030 sunt
3161 4978 3452 5043 constituti,
3471 4980 3583 5047 qui-

2004 5069 2103 5123 bus
2130 5069 2336 5141 Moyses
2364 5069 2849 5141 (Exod.xxx1v,28)
2871 5079 2925 5125 et
2946 5070 3087 5125 Elias
3115 5069 3203 5144 (lll
3229 5071 3480 5140 Ileg.x1x,
3501 5070 3579 5142 8),

2005 5169 2058 5215 et
2083 5160 2197 5230 ipse
2228 5161 2481 5215 Dominus
2515 5161 2770 5231 jejunavit
2814 5160 3022 5230 (Matt—li.
3050 5177 3122 5228 iv,
3153 5161 3207 5230 2)
3234 5180 3246 5215 :
3273 5171 3325 5216 et
3347 5162 3584 5217 Ecclesia

2006 5254 2322 5323 praecipuam
2346 5253 2768 5309 observationem
2782 5255 3099 5325 jejuniorum
3117 5255 3585 5325 Quadragesimam

2006 5357 2176 5402 vocat.
2230 5347 2382 5404 Unde
2407 5357 2461 5402 et
2502 5348 2552 5401 in
2582 5348 2795 5402 hebrteo
2827 5349 2894 5404 de
2934 5348 3176 5403 Ninivitis
3211 5349 3350 5417 apud
3394 5347 3584 5404 Ionam

2005 5438 2317 5509 prophetam
2365 5439 2618 5508 scriptum
2664 5439 2963 5509 perhibent,
2995 5439 3342 5510 Quadraginta
3391 5440 3496 5494 dies
3540 5449 3588 5494 et

2008 5531 2194 5586 Ninive
2213 5541 2453 5586 evertetur
2479 5530 2650 5603 (Iona:
2671 5548 2745 5597 III,
2769 5531 2823 5598 4)
2864 5550 2876 5585 :
2908 5541 2962 5586 ut
2989 5547 3085 5603 per
3110 5540 3186 5585 tot
3205 5531 3339 5600 dies,
3371 5547 3588 5610 accom-

2008 5622 2246 5677 modatos
2291 5623 2535 5678 videlicet
2578 5624 2924 5678 humiliationi
2956 5625 3340 5693 pmniteutium,
3388 5625 3586 5681 intelli-

2071 5739 2088 5768 ι
2114 5736 2250 5796 Editi,
2291 5735 2374 5805 qui
2413 5742 2516 5799 post
2552 5734 2864 5805 [metutam
2895 5735 3130 5805 placentes
3154 5746 3253 5790 Deo
3285 5737 3422 5805 fiunt.
3457 5749 3592 5797 nunc

2006 5798 2502 5877 qupmﬂemendamus
2525 5798 2934 5877 auctoritateels's.
2971 5802 3146 5877 quibus
3168 5798 3380 5877 Eugjpii
3403 5807 3592 5858 abbatis

2007 5859 2228 5911 collectio
2247 5873 2356 5908 cum
2380 5861 2427 5909 in
2451 5862 2662 5922 excusis,
2686 5869 2786 5912 tum
2810 5864 2858 5912 in
2880 5859 3070 5914 duobus
3091 5859 3460 5920 Corbeié‘nsihus
3482 5877 3588 5922 Mss.

293 5901 628 5980 .prophetice
653 5904 754 5962 hoc
772 5903 1013 5962 faciendo
1033 5903 1215 5975 Israel,
1239 5905 1379 5980 quod
1395 5908 1618 5980 populus
1648 5913 1908 5980 posterior
2009 5901 2313 5980 simul};

1874 6011 1963 6036 “U.
