4094 6460
335 358 443 414 597

327 482 440 542 est,
475 474 529 530 id
558 482 642 530 est
661 481 910 544 parentes
930 487 1114 529 corum
1139 515 1152 537 ,
1183 479 1320 545 quas
1348 473 1421 530 ibi
1457 471 1556 530 Lia
1576 477 1820 548 peperit:
1847 477 1918 532 ita

335 567 592 639 quoniam
618 577 842 623 retusum
881 565 1114 621 intrandi
1157 566 1212 622 in
1246 566 1534 639 Egyptum
1563 567 1725 624 Jaeob
1751 569 1806 623 in
1831 568 1922 623 Joo

335 659 476 731 cepit
495 657 910 727 habuit,th
948 666 1159 731 tempus
1196 674 1301 731 quo
1323 661 1374 715 in
1401 658 1634 732 Aligypto
1669 659 1795 716 vixit
1827 661 1919 716 ιο-

1681 357 1883 414 LlBER
1914 358 2283 418 SECUNDL’S.

3510 368 3616 424 598

2025 475 2182 548 scph,
2233 479 2494 550 ingressio
2545 487 2659 536 erat
2708 479 2872 538 Jacoh
2923 481 2976 538 in
2999 483 3284 558 Egyptum
3336 499 3429 554 per
3465 499 3614 542 suam

2025 573 2354 642 progeniem,
2390 588 2512 644 qua:
2563 573 2656 630 illo
2710 575 2834 629 vivo
2888 577 3291 649 pmpagabatur,
3328 592 3424 649 per
3457 591 3616 650 quem

2027 662 2225 720 factum
2245 673 2329 721 est
2356 674 2416 721 ut
2445 665 2830 738 ingrederetur.

467 790 896 812 .,.,
3192 801 3213 820 ,,
3540 805 3546 822 ,

1261 867 1742 979 LIBER
1817 869 1999 977 SE
2014 871 2230 979 ΟΠ
2217 873 2331 979 Ν
2329 875 2442 980 1)
2467 875 2674 985 US.

1209 1035 1508 1097 Questioues
1529 1035 1578 1084 in
1599 1031 1830 1097 modum,
1855 1041 1909 1086 et
1931 1035 1981 1085 in
2000 1034 2097 1087 fine
2117 1036 2384 1101 descriptio
2402 1037 2734 1091 laboratum“.

1803 1151 2174 1210 εθξθθὲἱᾶαὶεδ

396 1249 677 1322 ρυεετλ.
691 1245 884 1326 [Exeo
904 1267 1018 1322 cap.
1033 1265 1072 1318 ι,
1093 1249 1128 1322 Ῡ
1164 1250 1199 1320 Ῡ
1224 1247 1340 1314 .19,
1358 1246 1473 1324 9.0.]
1490 1248 1562 1306 De
1579 1248 1924 1306 obstetricum

331 1347 643 1414 mendacio,
672 1362 778 1418 quo
807 1343 1104 1402 fefellerunt
1132 1343 1484 1412 Pharaonem,
1529 1360 1595 1400 ne
1624 1343 1926 1399 occiderent

331 1439 605 1495 masculos
627 1438 893 1494 lsraelitas
922 1436 1133 1507 quando
1157 1436 1528 1503 nascebantur,
1558 1435 1794 1491 dicentes
1818 1449 1924 1489 non

331 1532 404 1587 ite
428 1547 622 1602 parere
641 1531 894 1586 mulieres
914 1527 1166 1584 Hebracas
1183 1529 1317 1584 sicut
1337 1527 1612 1600 pariebant
1632 1526 1922 1598 Egyptim;

331 1625 502 1697 queri
543 1623 680 1678 solet
707 1631 882 1677 utrum
919 1621 1041 1677 talia
1075 1619 1345 1676 mendacia
1377 1620 1664 1689 approbata
1693 1618 1798 1672 sint
1827 1633 1923 1671 au-

335 1714 590 1770 ctoritate
635 1711 844 1778 divina,
890 1711 1318 1782 quandoquidem
1349 1712 1605 1782 scriptum
1645 1720 1726 1765 est
1755 1709 1923 1764 Deum

327 1803 473 1862 bene
500 1805 688 1860 fecisse
719 1801 1092 1859 obstetricibus
1120 1821 1132 1856 :
1161 1802 1256 1858 sed
1283 1811 1459 1856 utrum
1501 1817 1595 1872 pro
1623 1801 1927 1856 miscricor-

333 1897 421 1954 dia
452 1898 762 1970 ignoscebat
787 1896 1093 1963 mendacio;
1123 1913 1190 1950 an
1219 1905 1272 1951 ct
1298 1897 1468 1966 ipsum
1495 1894 1828 1951 mendacium
1856 1892 1930 1948 di-

333 2007 498 2062 gnum
550 1990 768 2061 prrctnio
792 1989 1092 2057 judicabat,
1134 1989 1392 2045 incertum
1441 1999 1540 2044 est.
1585 1987 1743 2042 Aliud
1787 1989 1928 2042 enim

333 2081 604 2138 faciebant
647 2082 961 2139 obstetrices
1006 2081 1320 2136 viviﬁcando
1367 2080 1594 2136 infantes
1642 2079 1927 2153 parvulos,

335 2174 479 2230 aliud
508 2173 772 2229 Pharaoni
817 2173 1122 2229 mentiendo
1152 2192 1163 2228 :
1197 2189 1319 2228 nam
1359 2173 1411 2227 in
1459 2173 1563 2228 illis
1594 2171 1928 2228 vivificandis

335 2281 475 2336 opus
507 2263 889 2320 misericordia:
931 2263 1062 2331 fuit;
1111 2264 1389 2321 mendacio
1431 2279 1563 2319 vero
1599 2264 1688 2318 illo
1729 2279 1826 2334 pro
1871 2279 1930 2320 se

335 2355 647 2424 utebantur,
692 2373 758 2411 ne
785 2366 1002 2412 noceret
1032 2357 1136 2411 illis
1182 2357 1407 2422 Pharao,
1441 2355 1580 2428 quod
1625 2357 1795 2426 potuit
1824 2371 1927 2412 non

334 2448 399 2501 ad
431 2445 666 2511 laudem,
699 2446 792 2502 sed
829 2446 896 2502 ad
922 2447 1131 2503 veniam
1166 2447 1448 2518 pertinere.
1477 2446 1658 2518 Neque
1682 2446 1806 2502 hinc
1834 2463 1930 2502 au-

333 2543 641 2596 ctoritatcm
669 2539 734 2595 ad
763 2540 1126 2596 mentiendum
1173 2557 1292 2597 esse
1333 2543 1658 2612 propositam
1691 2542 1819 2596 mihi
1848 2539 1930 2596 vi-

334 2633 495 2689 detur
534 2634 612 2690 eis
641 2632 708 2689 de
737 2634 928 2705 quibus
953 2633 1151 2689 dictum
1183 2645 1291 2702 est,
1335 2635 1398 2688 Iit
1442 2653 1542 2690 non
1571 2645 1643 2690 est
1677 2637 1931 2690 inventum

333 2727 386 2780 in
421 2743 506 2780 ore
535 2742 708 2779 eorum
742 2725 1061 2780 mendacium
1099 2725 1293 2797 (Apoc.
1321 2742 1431 2791 le,
1570 2727 1930 2794 Quorumdam

333 2817 478 2871 cnim
506 2816 614 2871 vita
656 2817 809 2887 longe
838 2816 1056 2871 inferior
1088 2832 1118 2870 a
1157 2818 1486 2888 professione
1516 2828 1819 2873 sanctorum
1841 2859 1856 2884 ,
1885 2817 1931 2873 si

335 2909 531 2965 haheat
562 2909 660 2964 ista
699 2909 1098 2965 mendaciorum
1143 2919 1390 2980 peccata,
1440 2919 1690 2982 provectu
1734 2910 1848 2981 ipso
1879 2917 1932 2966 et

335 3004 516 3060 indole
545 3003 804 3071 feruntur,
837 3003 1130 3075 prrescrtim
1154 3003 1198 3057 si
1218 3003 1471 3058 beneficia
1493 3003 1666 3058 dixina
1694 3003 1930 3059 nondum

337 3104 539 3151 norunt
569 3105 876 3166 exspectare
915 3095 1181 3159 coelesua,
1214 3094 1306 3149 sed
1350 3095 1488 3151 circa
1528 3105 1735 3150 terrena
1763 3110 1928 3150 occu-

334 3197 553 3259 pantur.
588 3185 690 3256 Qui
717 3197 895 3242 autem
925 3188 995 3242 ita
1029 3189 1229 3254 vivunt,
1262 3196 1319 3242 ut
1351 3203 1530 3244 eorum
1560 3189 1925 3255 conversatio,

332 3281 473 3336 sicut
497 3279 627 3336 dicit
654 3280 978 3350 Apostolus,
1013 3280 1066 3335 in
1107 3281 1258 3336 cretis
1297 3281 1365 3335 sit
1405 3278 1661 3352 (Philipp.
1689 3296 1766 3344 ιιι,
1798 3279 1924 3349 20),

332 3388 444 3427 non
473 3387 570 3428 eos
605 3372 853 3428 existimo
883 3371 1076 3442 linguae
1112 3387 1224 3427 suae
1269 3370 1518 3436 modum,
1562 3379 1817 3440 quantum
1861 3369 1928 3425 ad

333 3467 611 3522 veritatem
640 3465 985 3538 promendum
1008 3467 1199 3522 attinet
1225 3466 1612 3536 falsitatemqne
1635 3467 1924 3534 vitandam,

333 3558 584 3629 exemplo
610 3558 702 3614 illo
741 3558 1086 3614 obstetricum
1126 3557 1321 3613 debere
1362 3556 1613 3613 formare.
1658 3557 1762 3613 Sed
1804 3557 1926 3612 dili-

331 3654 548 3724 gentius
581 3653 650 3709 de
691 3653 792 3710 hac
829 3655 1124 3724 quzestione
1151 3653 1524 3709 disserendum
1567 3663 1679 3722 est,
1710 3663 1928 3726 propter

331 3745 438 3798 alia
468 3745 711 3816 exempla
737 3761 855 3816 quae
886 3745 939 3800 in
964 3744 1257 3815 Scripturis
1282 3745 1641 3815 reperiuntur.

406 3835 470 3890 ll.
505 3834 604 3910 [lb.
629 3850 688 3902 ιι,
730 3833 842 3909 12.]
875 3836 949 3892 De
980 3836 1123 3892 facto
1149 3835 1348 3909 Moysi,
1374 3853 1497 3892 cum
1534 3837 1728 3893 occidit
1757 3837 1926 3912 Egy-

332 3927 503 3998 ptium
528 3925 598 3983 ad
621 3925 980 3984 defendendos
999 3927 1195 3984 fratres
1213 3943 1360 3994 suos,
1387 3928 1516 3982 satis
1537 3928 1924 3998 disputavimus

333 4019 388 4076 in
418 4021 509 4074 illo
553 4035 719 4091 opere
767 4020 910 4091 quod
949 4019 1017 4074 de
1045 4019 1153 4074 vita
1200 4019 1630 4075 Patriarcharum
1669 4019 1925 4076 adversus

336 4112 590 4168 Faustum
621 4113 931 4183 scripsimus
955 4129 969 4166 :
993 4120 1170 4167 utrum
1210 4111 1416 4167 indoles
1451 4111 1505 4166 in
1539 4126 1606 4167 eo
1646 4109 1924 4168 laudabilis

334 4204 498 4261 fuerit
517 4247 534 4273 ,
560 4220 666 4276 qua
691 4202 798 4261 hoc
822 4212 1095 4276 peccatum
1122 4202 1432 4270 admiserit,
1461 4203 1594 4258 sicut
1621 4202 1758 4259 solet
1791 4202 1924 4260 uber

334 4306 517 4364 terra},
546 4298 705 4351 etiam
747 4304 871 4351 ante
913 4295 1064 4349 utilia
1107 4295 1310 4350 semina
1331 4333 1348 4361 ,
1380 4293 1606 4364 quadam
1638 4293 1922 4350 herbarum

333 4388 583 4460 quamvis
599 4388 861 4443 inutilium
882 4387 1154 4443 feracitate
1169 4387 1371 4441 laudari
1389 4402 1406 4453 ;
1423 4402 1488 4441 an
1508 4387 1725 4442 omnino
1746 4388 1921 4458 ipsum

331 4481 533 4536 factum
539 4479 935 4550 justifieandum
951 4480 1022 4536 sit
1041 4478 1250 4552 (Contra
1260 4478 1510 4533 Faustum
1527 4479 1614 4534 lib.
1628 4479 1720 4549 22,
1737 4496 1811 4534 cc.
1828 4478 1917 4545 60,

333 4573 497 4644 ηιμ).
529 4572 678 4640 Quod
700 4571 822 4628 ideo
851 4587 959 4626 non
986 4570 1352 4641 videtur,quia
1378 4571 1577 4626 nullam
1593 4571 1768 4628 adhuc
1787 4571 1920 4643 legi-

336 4664 524 4718 timam
567 4673 880 4735 potestatem
911 4662 1172 4734 gerebat,
1197 4678 1296 4718 nec
1334 4674 1606 4732 acceptam
1645 4663 1916 4730 divinitus,

331 4772 438 4812 nec
468 4757 700 4811 humana
729 4757 981 4812 societate
1013 4755 1331 4810 ordinatam.
1373 4755 1604 4820 Tamen,
1631 4755 1769 4811 sicut
1803 4754 1924 4812 Ste-

335 4847 548 4919 phanus
573 4849 701 4904 dicit
724 4849 776 4904 in
803 4849 1023 4904 Actibus
1049 4847 1447 4918 Apostolorum,
1479 4847 1696 4917 putabat
1725 4848 1921 4903 intelli-

329 4955 462 5012 gere
487 4940 681 4997 fratres
707 4955 852 5005 suos,
875 4938 1018 5012 quod
1046 4955 1144 5010 per
1165 4954 1287 4995 eum
1319 4939 1457 4996 Deus
1477 4939 1628 4994 daret
1649 4939 1753 4995 illis
1773 4941 1917 4996 salu-

334 5041 445 5088 tem
473 5032 611 5105 (Act.
639 5048 735 5100 vit,
761 5031 852 5104 25)
879 5049 891 5085 :
917 5039 976 5087 ut
1004 5047 1102 5102 per
1134 5030 1237 5086 hoc
1278 5031 1637 5088 testimonium
1678 5032 1920 5089 videatur

332 5122 548 5194 Moyses
584 5124 696 5195 jam
740 5123 1010 5202 divinitus
1033 5123 1336 5181 admonitus
1367 5123 1529 5196 (quod
1554 5124 1822 5196 Scriptura
1852 5141 1919 5183 eo

330 5213 455 5270 loco
483 5213 646 5288 tacet)
675 5215 776 5270 hoc
797 5215 998 5272 audere
1022 5215 1278 5286 potuisse.

291 5322 300 5380 ξ
406 5304 492 5360 Ill.
526 5305 626 5380 [lb.
663 5322 742 5376 ιιι,
758 5305 838 5380 4.]
880 5307 1127 5362 Clamavit
1152 5307 1297 5362 illum
1320 5308 1337 5340 ⁸
1381 5306 1629 5364 Dominus
1667 5309 1731 5363 de
1770 5309 1915 5364 rubo.

285 5374 300 5487 ξ
331 5374 594 5454 Dominus
621 5399 674 5452 in
705 5374 931 5469 angelo?
957 5413 1024 5453 an
1054 5398 1329 5464 Dominus,
1359 5399 1580 5470 angelus
1604 5401 1693 5457 ille
1719 5401 1811 5472 qui
1838 5401 1920 5456 di-

327 5497 447 5545 ctus
473 5499 576 5557 est,
612 5489 792 5562 Magni
815 5490 1012 5546 consilii
1036 5490 1247 5562 angelus
1273 5489 1426 5564 (Isai.
1454 5507 1535 5558 ix,
1565 5491 1645 5564 6),
1674 5500 1730 5548 et
1757 5494 1916 5550 intel-

327 5581 512 5654 ligitur
535 5582 819 5640 Christus?
847 5585 1022 5655 Supra
1049 5583 1192 5641 enim
1229 5585 1391 5652 dixit,
1423 5586 1674 5658 Apparuit
1714 5588 1794 5643 illi
1816 5605 1916 5644 an-

325 5673 472 5745 gelus
501 5673 713 5730 Domini
738 5676 794 5730 in
809 5677 1021 5748 ﬂamma
1041 5677 1173 5748 ignis
1198 5678 1261 5733 de
1284 5679 1430 5734 rubo.

391 5782 408 5814 ι
433 5779 576 5851 eum,
849 5783 916 5851 σει
949 5780 1106 5851 uaga.
1129 5789 1259 5845 ιω,
1289 5781 1680 5851 ςιαιιιαυίῌιζιιικ
1704 5797 1725 5837 .-
1745 5785 1796 5837 Id
1818 5795 1914 5851 est,

323 5844 537 5907 navit,
556 5844 629 5897 uti
647 5844 858 5898 lnbetm
878 5846 932 5898 in
950 5843 1166 5910 Vulgata.
1189 5843 1321 5899 apud
1342 5854 1470 5911 LXX,
1487 5845 1708 5901 ekalesen
1727 5854 1889 5904 aiam.

1675 5959 1702 5971 κ

2107 1243 2191 1298 lV.
2227 1244 2325 1317 [lb.
2348 1260 2426 1314 ιιι,
2457 1245 2536 1320 8.]
2582 1247 2810 1305 Edacere
2836 1251 2954 1306 illos
2984 1252 3046 1305 de
3083 1262 3214 1308 terra
3237 1255 3329 1309 illa
3369 1258 3421 1312 in
3441 1267 3620 1315 terram

2033 1336 2214 1391 bonam
2244 1347 2292 1392 et
2314 1340 2543 1404 anillam,
2568 1342 2618 1394 in
2642 1351 2824 1396 terram
2849 1345 3086 1414 ﬂuentem
3110 1346 3188 1400 lac
3212 1359 3257 1401 et
3282 1349 3377 1404 mel
3399 1365 3418 1404 :
3441 1359 3621 1408 utrum

2033 1438 2229 1485 terram
2261 1430 2512 1487 fluentem
2541 1433 2624 1490 lac
2648 1443 2702 1491 et
2743 1436 2849 1491 mel
2878 1436 3226 1507 spiritualiter
3256 1443 3497 1514 accipere
3524 1444 3618 1501 de-

2034 1521 2253 1588 bemus;
2303 1523 2423 1595 quia
2464 1526 2750 1582 secundum
2779 1530 3160 1600 proprietatem
3208 1545 3312 1588 non
3360 1533 3463 1590 hoc
3507 1547 3622 1592 erat

2035 1614 2121 1669 illa
2148 1630 2264 1685 qua:
2291 1615 2410 1670 data
2435 1625 2520 1672 est
2540 1618 2733 1688 populo
2759 1619 2954 1676 lsrael?
2983 1635 3050 1675 an
3074 1622 3357 1680 locutionis
3384 1634 3489 1692 est,
3518 1641 3618 1697 qua

2033 1704 2087 1759 id
2116 1705 2180 1759 ad
2209 1705 2419 1761 laudem
2449 1707 2704 1764 ubertatis
2731 1717 2784 1764 et
2807 1711 3082 1767 suavitatis
3114 1713 3410 1769 referatur?

2106 1797 2169 1850 V.
2195 1796 2298 1871 [lb.
2324 1815 2401 1866 ιιι,
2430 1798 2508 1873 9.]
2528 1799 2591 1854 Et
2609 1817 2744 1856 nunc
2761 1818 2871 1856 ecce
2895 1805 3087 1859 clamor
3105 1805 3328 1876 ﬁliorum
3351 1805 3519 1863 Israel
3543 1821 3622 1864 ve-

2033 1890 2107 1943 nit
2131 1889 2199 1942 ad
2219 1906 2339 1944 me:
2369 1908 2473 1946 non
2504 1892 2641 1948 sicut
2665 1894 2867 1949 clamor
2894 1895 3242 1953 Sodomorum
3277 1896 3424 1970 (Gen.
3459 1913 3615 1968 xvm,

2031 1979 2146 2054 20),
2176 1997 2282 2051 quo
2317 1983 2568 2054 iniquitas
2595 1985 2712 2042 sine
2743 1987 2937 2043 timore
2965 1996 3017 2044 et
3056 1990 3172 2045 sine
3199 1991 3518 2048 verecundia
3547 1993 3622 2049 si-

2025 2073 2331 2144 gnificatnr.

2110 2166 2197 2222 Vl.
2233 2165 2333 2240 [lb.
2361 2182 2436 2235 ιιι,
2467 2163 2582 2241 22.]
2617 2167 2769 2236 Quod
2797 2170 3064 2226 mandavit
3084 2173 3338 2229 Dominus
3384 2174 3621 2232 [lubricis

2034 2271 2132 2330 per
2155 2259 2370 2332 Moysen
2389 2303 2402 2325 ,
2434 2269 2493 2316 ut
2517 2263 2820 2332 acciperent
2845 2264 2911 2320 ab
2935 2264 3202 2338 Egyptiis
3228 2283 3353 2323 vasa
3381 2283 3541 2325 aurea
3567 2281 3622 2326 et

2036 2362 2288 2423 argentea
2316 2363 2370 2408 et
2401 2365 2602 2411 vestem
2623 2397 2638 2422 ,
2690 2366 2847 2428 atque
2891 2358 3125 2428 addidit,
3159 2359 3226 2414 Et
3270 2363 3622 2432 prredabimini

2035 2445 2425 2500 eos:mandati
2461 2446 2619 2518 hujus
2666 2463 2771 2502 non
2819 2457 2990 2520 potest
3041 2450 3293 2521 injustum
3337 2467 3457 2509 esse
3481 2455 3621 2524 judi-

2036 2535 2198 2593 cium.
2233 2537 2535 2593 Mandatum
2575 2540 2718 2596 enim
2746 2541 2840 2597 Dei
2868 2549 2980 2607 est,
3008 2541 3076 2598 de
3109 2558 3216 2614 quo
3245 2558 3348 2598 non
3371 2545 3618 2614 judican-

2036 2629 2184 2697 dum,
2208 2629 2301 2684 sed
2323 2630 2368 2684 ei
2389 2630 2860 2702 obtemperantium
2882 2633 2998 2687 fuit.
3023 2633 3118 2688 ille
3133 2634 3274 2689 enim
3295 2636 3441 2690 novit
3462 2651 3618 2706 quam

2033 2720 2173 2790 justc
2196 2721 2558 2777 mandaverit:
2587 2723 2653 2778 ad
2679 2738 2891 2780 servum
2917 2733 3096 2782 autem
3119 2726 3347 2798 pertinet
3366 2727 3621 2784 obedien-

2036 2819 2118 2867 ter
2145 2810 2317 2867 facere
2341 2813 2484 2884 quod
2505 2814 2794 2869 mandavit.
3249 2847 3251 2850 ‹

2108 2901 2218 2957 Vl-l.
2252 2901 2352 2976 [lb.
2384 2919 2458 2971 tv,
2489 2902 2600 2976 10.]
2643 2904 2794 2972 Quod
2842 2907 2916 2961 ait
2935 2905 3144 2979 Moyses
3186 2907 3253 2963 ad
3304 2908 3616 2975 Dominum,

2042 2990 2248 3058 Precor,
2276 2991 2510 3060 Domine,
2541 3010 2641 3048 non
2667 3011 2777 3049 sum
2801 2995 3036 3068 eloquens
3059 3007 3173 3052 ante
3196 2998 3500 3063 hesternum,
3533 3016 3622 3055 ne-

2033 3099 2128 3154 que
2152 3093 2266 3138 ante
2287 3086 2736 3140 nudiustertianum
2759 3088 2911 3154 diem,
2942 3107 3098 3162 neque
3122 3107 3184 3145 ea:
3207 3107 3304 3162 quo
3325 3093 3516 3164 crepiiiti
3546 3095 3622 3148 lo-

2029 3180 2117 3248 qui
2147 3175 2340 3250 famulo
2380 3191 2484 3247 tuo,
2518 3181 2828 3254 intelligitur
2852 3183 3074 3241 credere
3114 3201 3270 3255 posse
3295 3202 3355 3243 se
3385 3185 3496 3243 ﬁeri
3527 3189 3619 3245 Dei

2031 3268 2303 3323 voluntate
2332 3270 2507 3325 subito
2535 3271 2895 3342 eloquentem,
2924 3289 3044 3329 cum
3071 3275 3219 3344 dicit,
3250 3294 3407 3348 neque
3430 3295 3495 3334 ex
3521 3297 3618 3347 quo

2033 3360 2224 3427 cwpisti
2253 3360 2390 3430 loqui
2411 3363 2604 3429 [amulo
2631 3371 2750 3417 tuo:
2781 3372 3032 3434 tauquam
3058 3367 3346 3423 ostendens
3378 3369 3488 3425 fieri
3520 3385 3616 3442 po-

2033 3450 2197 3504 tuisse
2225 3460 2282 3506 ut
2307 3461 2430 3507 ante
2451 3454 2759 3509 hesternum
2786 3464 2839 3510 et
2861 3457 3337 3515 nudiustertianum
3361 3461 3500 3516 diem
3527 3464 3615 3533 qui

2031 3541 2289 3612 eloquens
2318 3559 2422 3598 non
2451 3544 2658 3614 fuisset,
2688 3557 2908 3617 repente
2937 3551 3116 3618 fieret,
3145 3565 3210 3606 ex
3235 3567 3340 3622 quo
3370 3567 3493 3609 cum
3524 3555 3616 3610 illo

2029 3631 2286 3687 Dominus
2311 3633 2456 3706 loqui
2485 3639 2665 3707 οωρίι.

2102 3721 2238 3777 Vlll.
2266 3722 2454 3796 [lb.tv,
2482 3725 2593 3800 1L]
2625 3727 2750 3795 Quis
2775 3731 2893 3801 fecit
2920 3741 3113 3786 mutum
3135 3740 3180 3788 et
3205 3735 3506 3803 audientem,
3538 3738 3615 3791 vi-

2025 3815 2230 3870 dentem
2259 3825 2304 3871 et
2329 3831 2516 3872 ciccum
2543 3833 2562 3875 :
2591 3837 2755 3876 nonne
2775 3839 2866 3894 ego
2890 3822 3140 3881 Dominus
3173 3825 3347 3882 Deus?
3369 3828 3502 3884 Sunt
3527 3831 3615 3900 qui

2030 3908 2142 3964 Deo
2175 3909 2593 3979 calumniantur,
2624 3914 2710 3969 vel
2753 3915 3042 3986 Scriptura:
3070 3919 3244 3988 potius
3271 3918 3481 3975 Veteris
3509 3919 3614 3976 Te-

2027 4002 2277 4056 stamenti
2296 4041 2311 4067 ,
2338 4004 2462 4072 quia
2485 4004 2678 4060 dixerit
2720 4007 2858 4062 Deus
2883 4008 3026 4078 quod
3063 4009 3176 4079 ipse
3202 4009 3388 4066 fecerit
3414 4026 3613 4068 czccutu

2027 4097 2084 4147 et
2111 4101 2338 4148 mutum.
2361 4094 2498 4163 Quid
2519 4111 2644 4167 ergo
2663 4097 2847 4152 dicunt
2867 4099 2933 4154 de
2955 4100 3176 4154 Domino
3197 4101 3408 4157 Christo
3431 4112 3614 4173 aperte

2025 4183 2082 4240 in
2109 4185 2398 4258 Evangelio
2437 4189 2666 4257 dicente,
2699 4188 2808 4262 Ego
2836 4192 2948 4246 veni
2978 4202 3030 4246 ut
3068 4194 3155 4262 qui
3183 4209 3283 4247 non
3312 4193 3510 4264 vident,
3541 4197 3615 4249 oi-

2027 4273 2217 4341 deant;
2243 4287 2289 4331 et
2314 4279 2399 4349 qui
2418 4278 2605 4346 vident,
2627 4281 2746 4335 caeci
2764 4283 2891 4350 fiant
2920 4279 3094 4353 (Joan.
3117 4298 3198 4348 ιιι,
3223 4281 3312 4353 59)
3332 4284 3356 4338 7
3379 4284 3506 4353 Quis
3526 4301 3614 4340 au-

2027 4374 2135 4422 tem
2168 4368 2269 4423 nisi
2295 4369 2549 4440 insipiens
2568 4371 2853 4427 crediderit
2871 4373 3065 4444 aliquid
3091 4373 3292 4428 homini
3319 4376 3611 4432 secundum

2025 4460 2155 4516 vitia
2181 4463 2475 4533 corporalia
2502 4478 2660 4534 posse
2688 4464 2950 4532 accidere,
2973 4465 3112 4536 quod
3147 4467 3286 4523 Deus
3310 4468 3478 4524 nolit?
3503 4469 3609 4526 Sed

2028 4565 2148 4608 eum
2172 4552 2312 4623 iuste
2337 4562 2503 4609 totum
2532 4556 2668 4612 velle
2690 4572 2846 4612 nemo
2873 4557 3109 4630 ambigit.

2098 4643 2190 4699 1X.
2224 4643 2322 4718 [lb.
2348 4661 2426 4712 tv,
2457 4644 2569 4719 ιλ]
2599 4647 2753 4715 Quod
2800 4648 3054 4705 Dominus
3079 4650 3206 4707 dicit
3245 4652 3311 4707 ad
3355 4652 3608 4726 Moysen,

2029 4733 2137 4792 Sed
2161 4752 2290 4791 nunc
2313 4737 2458 4806 uade,
2487 4748 2534 4794 et
2560 4755 2650 4810 ego
2671 4741 2897 4810 aperiam
2923 4757 2978 4796 os
3013 4751 3184 4811 tuum,
3213 4753 3257 4799 et
3290 4747 3536 4801 instruam
3563 4756 3610 4802 te

2026 4840 2140 4895 qua
2167 4825 2422 4882 locuturus
2465 4843 2551 4894 es;
2597 4829 2726 4884 satis
2762 4829 2852 4886 hic
2894 4842 3112 4902 apparet
3141 4851 3244 4889 non
3292 4845 3492 4892 tantum
3525 4838 3609 4893 in-
3654 4825 3661 4884 ἶ

2025 4917 2375 4973 structionem
2402 4917 2531 4987 oris,
2561 4918 2653 4974 sed
2679 4920 2846 4990 ipsam
2878 4923 3040 4976 etiam
3069 4925 3394 4993 apertionem
3423 4925 3487 4981 ad
3516 4927 3607 4983 Dei

2025 5007 2351 5064 voluntatem
2390 5017 2446 5065 et
2483 5011 2702 5081 gratiam
2746 5011 3034 5082 pertinere.
3064 5014 3177 5069 Non
3222 5016 3360 5071 enim
3390 5018 3497 5086 ait,
3529 5018 3608 5072 Tu

2025 5101 2172 5171 aperi
2201 5115 2262 5157 os
2290 5109 2458 5170 tuum,
2487 5109 2542 5158 et
2567 5117 2667 5174 ego
2687 5103 2945 5159 instruant
2969 5113 3050 5171 te;
3074 5106 3164 5162 sed
3187 5117 3467 5178 utrumque
3495 5109 3608 5178 ipse

2024 5194 2290 5264 promisit,
2333 5194 2569 5267 Aperiam
2591 5239 2603 5261 ,
2637 5206 2684 5252 et
2711 5197 2978 5252 instruant.
3025 5198 3166 5253 Alibi
3193 5210 3370 5254 autem
3401 5201 3526 5255 dicit
3555 5201 3606 5254 in

2025 5284 2258 5352 Psalmo,
2284 5286 2458 5343 Dilata
2475 5306 2530 5344 os
2551 5300 2711 5356 tuum,
2728 5300 2778 5347 et
2793 5292 3074 5365 adimple'bo
3093 5291 3223 5347 illud
3245 5291 3411 5368 (Psal.
3437 5309 3603 5358 Lxxx,

2027 5371 2141 5452 Η).
2178 5378 2276 5436 Ubi
2305 5379 2562 5452 signiﬁcat
2586 5382 2638 5436 in
2677 5383 2894 5440 homine
2945 5385 3269 5440 voluntatem
3316 5385 3607 5456 accipiendi

2024 5471 2165 5543 quod
2196 5471 2336 5527 Deus
2361 5471 2523 5528 donat
2552 5473 2750 5529 volenti
2776 5494 2788 5528 :
2835 5485 2893 5530 ut
2921 5475 2986 5531 ad
3015 5478 3304 5534 voluntatis
3328 5479 3607 5534 exordium

2022 5566 2317 5636 pertineat,
2360 5564 2535 5621 Dilata
2580 5583 2634 5622 os
2674 5578 2850 5634 tuum;
2898 5569 2964 5624 ad
3002 5570 3096 5626 Dei
3140 5581 3321 5628 autem
3347 5573 3600 5643 gratiam,

2023 5658 2092 5713 Et
2111 5657 2394 5730 adtmplebo
2408 5658 2559 5714 illud.
2598 5659 2695 5715 llic
2726 5675 2877 5727 vero,
2917 5661 2982 5714 Et
3001 5664 3228 5732 aperiam
3259 5681 3316 5718 os
3341 5677 3516 5732 ruunt,
3557 5676 3606 5720 et
3649 5655 3652 5660 ’

2021 5752 2270 5808 instruam
2297 5762 2362 5808 te.

2093 5843 2162 5900 Χ.
2190 5843 2287 5911 ΠΙ).
2310 5862 2379 5914 tv,
2401 5843 2610 5918 14-16.]
2636 5843 2703 5900 Et
2725 5845 2884 5902 iratus
2907 5847 3174 5904 iracundia
3193 5849 3441 5908 Dominus
