4062 6358
491 559 948 631 Quemadmodum
991 557 1161 630 possit
1204 553 1420 624 intelligi
1469 553 1703 606 irascens
1730 546 1906 609 Deus,
1950 539 2072 612 quia

495 670 602 710 non
632 655 769 712 sicut
795 655 957 710 homo
985 667 1082 724 per
1125 644 1536 705 irrationabilem
1587 631 2072 713 perturbationem,

496 762 593 818 per
621 746 797 802 omnia
841 744 1126 801 tenendum
1172 749 1286 804 est,
1319 738 1406 794 ubi
1436 737 1539 791 tale
1567 731 1764 804 aliquid
1806 729 2076 798 Scriptura

496 837 644 904 dicit,
673 854 741 894 ne
767 837 835 893 de
859 836 959 892 hoc
984 833 1174 892 eadem
1202 846 1344 902 saepe
1362 827 1586 885 dicenda
1607 826 1733 882 sint.
1763 823 1869 878 Sed
1889 819 2077 877 merito

497 936 754 1009 quaeritur
776 949 868 990 cur
894 932 981 987 hic
1008 932 1176 987 iratus
1204 928 1271 984 de
1297 925 1463 982 fratre
1490 921 1655 995 Moysi
1679 918 1904 983 dixerit,
1935 912 2078 986 quod

498 1029 614 1098 ipse
654 1027 731 1082 illi
766 1027 1074 1096 loqueretur
1112 1019 1181 1077 ad
1211 1019 1460 1091 populum
1492 1034 1506 1070 :
1540 1014 1748 1069 videtur
1775 1009 1915 1098 enim
1957 1015 2079 1061 tan-

498 1097 657 1189 quam
687 1115 944 1172 difﬁdenti
976 1129 1081 1168 non
1115 1111 1328 1166 dedisse
1356 1105 1712 1180 plenissimam
1751 1097 2076 1189 facultatem,

499 1187 655 1280 quam
683 1207 901 1262 daturus
929 1213 1082 1271 erat;
1113 1211 1168 1258 et
1189 1216 1282 1272 per
1305 1199 1438 1255 duos
1458 1197 1540 1268 agi
1564 1194 1798 1250 voluisse
1817 1230 1834 1258 ,
1861 1187 2001 1260 quod
2028 1195 2081 1242 et

499 1315 597 1372 per
622 1313 785 1354 unum
813 1305 1017 1368 posset,
1049 1297 1096 1351 si
1119 1291 1446 1349 credidisset.
1475 1289 1850 1344 Verumtamen
1894 1280 2079 1337 eadem

498 1391 660 1448 verba
690 1390 868 1446 omnia
897 1387 1202 1459 diligentius
1237 1381 1602 1446 considerata,
1650 1391 1756 1433 non
1786 1373 2084 1446 signiﬁcant

498 1485 692 1540 iratum
746 1481 1029 1537 Dominum
1079 1492 1178 1550 pro
1223 1474 1459 1532 vindicta
1503 1470 1713 1527 dedisse
1756 1469 1953 1524 Aaron.
1994 1463 2084 1521 Sic

499 1575 644 1632 enim
673 1576 824 1642 dicit,
855 1573 1043 1629 Nonne
1067 1588 1179 1628 ecce
1203 1569 1375 1626 Aaron
1403 1569 1562 1640 frater
1588 1573 1701 1618 tuus
1731 1559 1960 1616 Levites?
1981 1557 2085 1612 scio

499 1670 620 1741 quia
643 1669 852 1740 loquens
877 1667 1109 1738 loquetur
1133 1663 1241 1735 ipse
1265 1663 1306 1716 ¹.
1345 1659 1549 1728 Quibus
1579 1654 1756 1712 verbis
1790 1650 2088 1708 ostenditur

499 1763 645 1820 Deus
689 1763 998 1832 increpasse
1038 1759 1215 1830 potius
1255 1769 1403 1819 eum,
1449 1751 1540 1823 qui
1569 1751 1780 1806 timeret
1821 1746 1900 1801 ire
1945 1741 2087 1815 quod

501 1855 619 1928 ipse
645 1863 790 1914 esset
817 1855 994 1910 minus
1043 1851 1304 1916 idoneus,
1333 1861 1453 1903 cum
1498 1843 1719 1899 haberet
1747 1838 1964 1895 fratrem
1986 1849 2088 1928 per

502 1926 663 2019 quem
689 1953 873 2017 posset
903 1944 968 1999 ad
998 1941 1254 2014 populum
1285 1939 1424 2010 loqui
1450 1934 1590 2008 quod
1618 1932 1809 1996 vellet;
1839 1926 2088 2000 quoniam

501 2047 617 2094 erat
632 2038 748 2109 ipse
767 2037 979 2109 gracilis
1002 2035 1168 2101 vocis,
1199 2042 1253 2088 et
1267 2032 1458 2102 linguae
1479 2025 1762 2108 tardioris:
1787 2033 2088 2093 quanquam

502 2128 571 2184 de
613 2128 722 2184 Deo
762 2135 931 2183 totum
965 2139 1186 2196 sperare
1227 2122 1462 2176 deberet.
1506 2113 1706 2172 Deinde
1748 2112 1932 2168 eadem
1975 2111 2089 2180 ipsa

503 2235 622 2292 qua:
648 2219 807 2291 paulo
830 2225 953 2272 ante
980 2216 1318 2286 promiserat,
1347 2219 1400 2266 et
1427 2217 1769 2280 posteaquam
1793 2205 1958 2258 iratus
1978 2207 2083 2266 est,

503 2313 653 2370 dicit.
686 2313 906 2368 Dixerat
931 2311 1098 2375 enim,
1129 2307 1368 2379 Aperiam
1393 2320 1447 2357 os
1474 2313 1634 2366 tuum,
1661 2307 1709 2353 et
1736 2298 1983 2351 instruam
2007 2301 2091 2358 te;

503 2419 646 2460 nunc
675 2414 850 2460 autem
892 2400 1044 2465 dicit,
1077 2398 1313 2470 Aperiunt
1348 2411 1403 2448 os
1431 2403 1570 2447 tuum
1607 2399 1655 2444 et
1689 2406 1744 2444 os
1771 2388 1908 2460 ejus,
1939 2394 1985 2438 et
2009 2385 2092 2438 in-

503 2507 694 2554 struant
735 2512 820 2551 vos
853 2509 967 2565 qua:
1000 2490 1239 2561 faciatis:
1268 2487 1361 2543 sed
1387 2483 1636 2556 quoniam
1659 2479 1888 2546 addidit,
1919 2475 1988 2531 Et
2012 2475 2094 2530 lo-

505 2598 684 2660 quetur
711 2589 820 2658 ipse
847 2585 936 2640 tibi
964 2583 1033 2638 ad
1059 2581 1320 2654 populum,
1355 2579 1562 2633 videtur
1585 2575 1695 2630 oris
1723 2571 1928 2643 apertio
1951 2583 2092 2640 prae-

505 2683 658 2748 stita,
694 2686 913 2750 propter
938 2676 1078 2748 quod
1119 2673 1248 2729 dicit
1272 2672 1481 2744 Moyses
1509 2668 1704 2739 lingua:
1741 2681 1801 2721 se
1825 2663 2091 2720 tardioris.

507 2775 583 2829 De
611 2772 758 2829 vocis
795 2779 972 2826 autem
1004 2767 1299 2841 gracilitate
1328 2764 1458 2819 nihil
1481 2762 1528 2816 ei
1560 2769 1811 2840 praestare
1839 2756 2095 2812 Dominus

506 2867 706 2932 voluit,
738 2864 832 2920 sed
872 2871 1090 2934 propter
1123 2859 1226 2914 hoc
1254 2856 1573 2928 adjutorium
1604 2853 1782 2907 fratris
1819 2848 2089 2920 adjunxit,

507 2960 597 3030 qui
623 2965 806 3029 posset
831 2972 893 3012 ea
930 2956 1007 3009 uti
1039 2968 1169 3009 voce
1188 2994 1201 3018 ,
1234 2966 1352 3023 qua:
1383 2947 1578 3019 populo
1611 2943 1850 3001 docendo
1877 2941 2095 2997 sufﬁce-

509 3057 612 3104 ret.
657 3047 810 3116 Quod
835 3060 962 3116 ergo
997 3045 1105 3110 ait,
1157 3041 1224 3096 Et
1263 3041 1406 3094 dabis
1441 3037 1588 3092 verba
1625 3053 1735 3090 mea
1777 3035 1829 3088 in
1866 3049 1922 3087 os
1951 3032 2094 3103 ejus,

511 3138 745 3194 ostendit
771 3136 911 3208 quod
937 3151 1001 3190 ea
1033 3132 1294 3204 loquenda
1321 3138 1463 3186 esset
1488 3127 1743 3182 daturus:
1772 3139 1892 3179 nam
1913 3122 1960 3178 si
1982 3131 2101 3177 tan-

513 3229 785 3285 tummodo
813 3225 1111 3292 audienda,
1161 3225 1298 3280 sicut
1339 3221 1554 3293 populo,
1601 3219 1654 3273 in
1692 3229 1850 3272 aures
1875 3214 2096 3270 diceret.

515 3321 717 3377 Deinde
745 3320 884 3391 quod
918 3317 1078 3390 paulo
1103 3323 1226 3386 post
1251 3315 1354 3381 ait,
1405 3312 1472 3367 Et
1501 3311 1730 3382 loquetur
1763 3307 1870 3379 ipse
1910 3305 2000 3360 tibi
2031 3304 2100 3359 ad

514 3413 790 3486 populum,
821 3422 868 3466 et
905 3413 1014 3482 ipse
1045 3411 1138 3465 erit
1178 3416 1320 3462 tuum
1357 3421 1433 3471 os,
1464 3411 1518 3460 et
1560 3401 1648 3458 hic
1675 3398 2006 3464 subauditur,
2033 3395 2101 3451 ad

513 3507 788 3579 populum.
822 3505 890 3560 Et
918 3519 1041 3560 cum
1064 3501 1210 3566 dicit,
1235 3499 1348 3554 Tibi
1372 3498 1600 3569 loquetur
1624 3494 1691 3548 ad
1717 3490 1991 3563 papulum;
2017 3503 2104 3544 sa-

519 3601 583 3654 tis
613 3599 812 3654 indicat
854 3597 906 3652 in
937 3597 1122 3667 Moyse
1151 3592 1498 3664 principatum
1519 3630 1533 3656 ,
1573 3589 1628 3643 in
1658 3588 1832 3643 Aaron
1860 3584 2102 3639 ministe~

516 3692 674 3745 rium.
695 3689 894 3744 Deinde
911 3687 1050 3758 quod
1075 3687 1168 3748 ait,
1186 3684 1265 3739 Tu
1280 3693 1446 3737 autem
1461 3681 1540 3736 illi
1554 3681 1654 3735 eris
1667 3694 1779 3749 qua:
1793 3677 1860 3731 ad
1878 3677 2040 3731 Deum
2057 3676 2100 3743 ',

518 3797 765 3852 magnum
784 3780 869 3834 hic
885 3778 1126 3835 fortassis
1145 3774 1583 3849 perscrutandum
1597 3781 1678 3826 est
1688 3777 2102 3836 sacramentum,

520 3872 669 3941 cujus
698 3871 919 3941 ﬁguram
947 3876 1118 3940 gerat,
1146 3867 1306 3922 veluti
1329 3864 1535 3919 medius
1561 3863 1766 3934 Moyses
1788 3859 1924 3916 inter
1939 3859 2105 3914 Deum

520 3976 575 4020 et
613 3967 820 4030 Aaron,
843 3971 894 4019 et
917 3961 1122 4016 medius
1143 3963 1316 4015 Aaron
1345 3959 1482 4013 inter
1509 3955 1722 4027 Moysen
1753 3963 1806 4009 et
1828 3952 2106 4029 populum.

596 4055 687 4110 XI.
722 4053 821 4127 [1b.
855 4069 925 4118 ιν,
959 4049 1175 4123 24-25.]
1214 4049 1269 4103 In
1308 4063 1372 4104 eo
1409 4047 1548 4118 quod
1591 4045 1845 4114 scriptum
1883 4051 1994 4110 est,
2040 4041 2108 4096 Et

527 4151 715 4219 factum
743 4154 834 4212 est,
861 4145 913 4197 in
940 4144 1021 4197 via
1041 4141 1110 4195 ad
1133 4140 1455 4212 refectione»:
1489 4136 1696 4191 obuiauit
1722 4135 1766 4188 ei
1795 4133 2034 4205 angelus,
2059 4141 2110 4188 et

526 4235 776 4307 qutvrebat
800 4251 917 4291 eum
942 4233 1209 4287 occidere:
1239 4239 1284 4284 et
1307 4236 1564 4297 assumpto
1591 4227 1858 4296 Seppltora
1879 4223 2106 4290 calculo,

526 4327 837 4384 circumcidit
877 4325 1182 4397 prwputium
1227 4321 1322 4391 ﬁlii
1363 4319 1474 4383 sui;
1517 4327 1562 4372 et
1599 4316 1811 4388 procidit
1853 4316 1921 4368 ad
1961 4315 2111 4385 pedes

529 4421 659 4492 ejus,
690 4426 735 4472 et
755 4418 907 4483 dixit,
941 4415 1090 4470 Stetit
1115 4413 1323 4485 sanguis
1341 4407 1736 4464 circumcisionis
1755 4405 1966 4475 infantis
1991 4407 2108 4464 mei.

532 4513 598 4567 Et
623 4511 820 4566 recessit
840 4509 902 4563 ab
931 4525 988 4562 eo
1002 4523 1022 4572 ,'
1049 4515 1253 4578 propter
1270 4504 1405 4576 quod
1423 4502 1572 4568 dixit,
1601 4499 1760 4554 Desiit
1786 4499 1991 4571 sanguis
2014 4498 2115 4554 cir-

531 4601 888 4666 cumcisionis;
915 4599 1144 4669 primum
1169 4596 1446 4667 quarritur,
1475 4608 1631 4664 quem
1657 4591 1868 4646 volebat
1893 4591 2114 4663 angelus

532 4691 800 4757 occidere,
826 4699 1002 4745 utrum
1032 4688 1251 4760 Moysen
1273 4727 1288 4753 ,
1321 4685 1442 4756 quia
1469 4683 1668 4738 dictum
1697 4690 1800 4749 est,
1832 4683 2046 4744 occurrit
2069 4681 2116 4736 ei

533 4783 772 4857 angelus,
800 4790 849 4837 et
879 4781 1129 4852 qurerebat
1161 4794 1275 4833 eum
1299 4775 1541 4831 occidere.
1577 4774 1708 4829 Nam
1737 4773 1820 4828 cui
1848 4773 2116 4844 putabitur

534 4875 868 4940 occurrisse,
912 4871 1012 4926 nisi
1045 4870 1120 4924 illi
1161 4869 1250 4939 qui
1295 4868 1540 4923 universo
1583 4879 1799 4921 suorum
1843 4863 2114 4920 comitatui

503 5015 509 5026 .
535 4966 766 5038 prtefuit,
789 4974 843 5019 et
861 4979 891 5018 a
912 4977 1019 5034 quo
1042 4959 1222 5016 caeteri
1242 4957 1610 5014 ducebantur?
1634 4958 1715 5012 An
1738 4971 1962 5027 puerum
1981 4971 2118 5027 quae-

535 5063 690 5118 rebat
732 5059 1007 5125 occidere,
1055 5056 1142 5112 cui
1182 5064 1351 5110 mater
1381 5050 1812 5110 circumcidendo
1837 5049 2114 5115 subvenit;

536 5161 602 5208 ut'
617 5151 686 5207 ob
708 5151 812 5206 hoc
831 5149 1157 5220 intelligatur
1179 5145 1423 5202 occidere
1442 5144 1673 5200 voluisse
1697 5143 1972 5208 infantem,
1994 5141 2118 5210 quia

536 5260 644 5304 non
671 5251 787 5300 erat
827 5241 1200 5306 circumcisus,
1239 5246 1397 5308 atque
1435 5239 1506 5292 ita
1543 5235 1751 5306 sancire
1791 5239 2117 5305 praeceptum

536 5332 987 5397 circumcisionis,
1018 5329 1300 5385 severitate
1328 5325 1608 5382 vindicta)?
1632 5323 1783 5391 Quod
1813 5323 1860 5378 si
1888 5323 1957 5378 ita
1998 5330 2114 5390 est,

537 5430 800 5484 incertum
828 5434 911 5482 est
934 5424 1082 5497 prius
1108 5421 1176 5476 de
1202 5435 1307 5491 quo
1331 5418 1541 5485 dixerit,
1569 5416 1818 5485 quarrebat
1843 5429 1957 5468 eum
1981 5415 2117 5469 occi-

539 5525 695 5590 dere;
724 5521 846 5593 quia
891 5522 1160 5590 ignoratur
1201 5527 1393 5585 quem,
1439 5511 1538 5567 nisi
1569 5525 1635 5566 ex
1671 5506 2117 5590 consequentibus

604 5639 622 5670 ³
658 5639 733 5688 Sic
753 5645 859 5687 Mss.
871 5636 1008 5702 juxta
1021 5637 1148 5702 LXX,
1165 5628 1263 5680 hoti
1277 5624 1404 5680 laldn
1426 5623 1590 5677 lalései
1609 5629 1758 5674 autos.
1775 5628 1829 5672 At
1852 5621 1989 5682 editi,
2005 5621 2118 5685 quia

537 5697 761 5792 elaquens
781 5697 1103 5768 esa’toquetur
1124 5697 1243 5756 ipse.
1387 5748 1403 5764 .
1928 5758 1942 5771 ο
1981 5731 1990 5739 ,

645 5773 716 5809 sic
735 5767 843 5809 Mss.
869 5758 1111 5807 locutione
1134 5766 1310 5817 grznca,
1324 5764 1404 5817 ese
1426 5755 1474 5800 ta
1498 5761 1608 5817 pros
1630 5753 1720 5817 ton
1736 5744 1887 5796 Theon
1923 5784 1936 5798 .
1973 5757 2117 5817 quam

539 5808 828 5873 locutionem
851 5818 969 5868 alias
989 5808 1306 5867 retiuuverunt'
1321 5815 1370 5862 iu
1409 5808 1619 5870 excusis,
1662 5808 1778 5861 alias
1809 5808 2118 5861 mutaverunt

538 5885 667 5940 hunc
688 5886 739 5936 in
763 5882 975 5946 modum,
1003 5877 1098 5930 eris
1121 5878 1170 5930 in
1193 5875 1252 5930 iis
1275 5888 1383 5941 quea
1405 5874 1468 5924 ml
1499 5882 1662 5924 Deum.

1302 426 1762 502 QUESTIONUM
1797 425 1856 482 S.
1896 412 2265 480 AUGUSTINI
2309 412 2380 471 IN
2416 408 2971 470 HEPTATEUCHUM

2181 531 2514 603 reperiatur:
2543 527 2677 584 mira
2702 541 2831 584 sane
2859 524 3130 583 locutione
3155 529 3212 581 et
3239 522 3512 592 inusitata,
3534 529 3598 580 ut
3619 539 3770 596 prius

2182 623 2403 688 diceret,
2437 619 2652 677 occurrit
2689 619 2754 686 ei,
2786 626 2832 680 et
2857 617 3112 688 quaerebat
3133 631 3248 672 eum
3283 615 3536 684 occidere,
3567 615 3637 672 de
3659 631 3770 688 quo

2183 716 2316 772 nihil
2344 723 2498 771 antea
2527 713 2754 769 dixerat.
2784 710 2891 766 Sed
2927 710 3046 792 talis
3073 709 3236 766 estin
3264 707 3478 765 Psalmo
3505 725 3523 763 :
3554 707 3764 766 Funda-

2183 818 2350 864 menta
2373 808 2485 879 ejus
2508 806 2561 860 in
2592 803 2843 859 montibus
2867 802 3086 866 sanctis;
3115 801 3280 873 diligit
3317 800 3564 856 Dominus
3597 810 3764 873 portat

2185 899 2312 956 Sion
2337 898 2506 972 (Psal.
2539 911 2751 963 Lxxxvr,
2777 897 2829 962 l,
2857 893 2940 966 2).
2971 893 3099 949 lndc
3124 893 3267 949 enim
3297 892 3540 950 Psalmus
3565 893 3766 964 incipit,

2184 1009 2285 1049 nec
2325 988 2525 1062 aliquid
2559 989 2626 1045 de
2666 989 2759 1044 illo
2783 987 2866 1043 vel
2894 986 2963 1042 de
3007 986 3096 1041 illa
3134 985 3369 1053 dixerat,
3407 985 3554 1055 cujus
3583 983 3768 1040 funda-

2183 1089 2358 1139 menta
2382 1081 2599 1151 intelligi
2617 1079 2802 1144 voluit,
2827 1077 3031 1144 dicens,
3053 1075 3405 1130 Fundamenta
3424 1077 3534 1147 ejus
3552 1077 3607 1130 in
3625 1093 3771 1131 mon-

2187 1176 2322 1230 tibus
2348 1174 2554 1229 sanctis.
2584 1172 2691 1228 Sed
2715 1171 2837 1244 quia
2863 1171 3119 1240 sequitur,
3149 1168 3314 1240 diligit
3332 1169 3582 1226 Dominus
3603 1178 3773 1240 portas

2187 1264 2352 1332 Sion;
2383 1279 2511 1336 ergo
2551 1263 2895 1319 fundamenta
2934 1260 3022 1317 vel
3051 1261 3262 1316 Domini
3292 1261 3378 1316 vel
3412 1261 3578 1326 Sion,
3619 1269 3675 1316 et
3707 1259 3774 1315 ad

2186 1357 2476 1414 faciliorem
2502 1373 2717 1414 sensum
2740 1357 2907 1428 magis
2926 1354 3078 1423 Sion,
3101 1364 3159 1411 ut
3180 1354 3526 1412 fundamenta
3546 1354 3776 1410 civitatis

2185 1449 2531 1519 accipiantur.
2574 1448 2680 1505 Sed
2706 1448 2827 1520 quia
2867 1448 2921 1504 in
2959 1447 3065 1504 hoc
3102 1448 3446 1518 pronomine,
3491 1446 3633 1518 quod
3660 1455 3770 1514 est,

2187 1542 2328 1608 eius,
2371 1555 2540 1612 genus
2577 1541 2880 1611 ambiguum
2920 1549 3004 1596 est
3035 1539 3245 1612 (omnis
3273 1541 3417 1596 enim
3457 1539 3670 1611 generis
3694 1547 3779 1596 est

2189 1629 2292 1686 hoc
2321 1645 2646 1701 pronomen,
2687 1630 2738 1685 id
2766 1638 2849 1686 est
2875 1639 2929 1686 et
2971 1629 3284 1698 masculini,
3325 1638 3382 1686 et
3421 1628 3694 1698 feminini,
3725 1639 3779 1686 et

2190 1719 2414 1792 neutri),
2447 1723 2499 1776 in
2539 1737 2714 1792 grzeco
2757 1730 2936 1777 autem
2981 1721 3032 1776 in
3059 1719 3316 1776 feminino
3344 1735 3540 1792 genere
3581 1721 3780 1778 dicitur

2191 1817 2360 1880 αὖτῆς,
2392 1815 2686 1870 masculino
2713 1822 2767 1870 et
2791 1820 2980 1868 neutro
3002 1816 3170 1881 αὐτοῦ,
3192 1822 3247 1869 et
3271 1812 3435 1868 habet
3451 1812 3619 1868 codex
3645 1827 3782 1883 gne-

2191 1920 2317 1970 cus.
2365 1910 2544 1973 αὗτοΰς
2592 1907 2733 1977 cogit
2777 1905 3072 1977 intelligere
3099 1920 3204 1961 non
3235 1906 3574 1962 fundamenta
3613 1906 3777 1974 Sion,

2191 1998 2288 2055 sed
2316 1999 2658 2054 fundamenta
2686 1999 2914 2066 Domini,
2947 1998 2998 2054 id
3022 2006 3126 2066 est,
3154 2014 3272 2069 qua:
3298 1999 3570 2054 constituit
3595 1998 3782 2054 Domi-

2191 2105 2314 2158 nus,
2345 2091 2414 2146 de
2446 2106 2552 2163 quo
2580 2091 2776 2147 dictum
2807 2103 2920 2156 est,
2969 2088 3262 2161 £diﬁcans
3287 2089 3573 2145 Jerusalem
3600 2089 3782 2145 Domi-

2193 2200 2289 2240 nus
2317 2183 2487 2256 (Psal.
2521 2200 2700 2252 chvI,
2727 2182 2805 2257 2).
2835 2183 2946 2239 Nec
2968 2183 3098 2239 Sion
3125 2192 3301 2239 tamen
3320 2224 3334 2248 ,
3363 2198 3464 2239 nec
3500 2183 3782 2239 Dominum

2194 2285 2348 2331 antea
2379 2277 2777 2341 nominaverat,
2807 2289 2927 2330 cum
2963 2274 3183 2340 diceret,
3215 2272 3572 2328 Fundamenta
3597 2276 3707 2344 ejus
3729 2273 3784 2328 in

2196 2367 2450 2422 montibus
2472 2368 2660 2422 sanctis
2683 2382 2702 2421 :
2728 2368 2805 2422 sic
2831 2375 2884 2421 et
2913 2366 2999 2421 hic
3025 2365 3256 2420 nondum
3283 2365 3554 2420 nominato
3584 2363 3785 2420 infante

2195 2460 2394 2515 dictum
2425 2469 2540 2527 est,
2572 2459 2790 2514 occurrit
2830 2459 2892 2525 ei,
2937 2467 2986 2514 et
3013 2458 3266 2529 qurerebat
3297 2473 3412 2512 eum
3441 2456 3698 2523 occidere;
3727 2463 3787 2510 ut

2195 2549 2264 2606 de
2291 2564 2395 2620 quo
2419 2549 2634 2615 dixerit,
2662 2551 2716 2604 in
2742 2546 3190 2620 consequentibus
3211 2560 3578 2618 agnoscamus.
3603 2545 3787 2613 Quan-

2195 2654 2354 2710 quam
2379 2640 2480 2696 etsi
2506 2638 2574 2694 de
2603 2639 2784 2712 Moyse
2813 2639 3053 2708 accipere
3088 2636 3368 2708 quisquam
3389 2636 3646 2702 voluerit,
3678 2650 3787 2692 non

2195 2739 2276 2786 est
2315 2745 2640 2800 magnopere
2664 2729 3040 2785 resistendum.
3068 2727 3202 2784 Illud
3228 2727 3403 2798 potius
3430 2730 3570 2799 quod
3607 2727 3790 2798 sequi-

2199 2833 2307 2892 tur,
2335 2824 2381 2880 si
2405 2824 2518 2879 ﬁeri
2540 2830 2736 2894 potest,
2767 2822 3108 2892 intelligatur,
3138 2820 3264 2892 quid
3287 2819 3388 2876 sibi
3411 2820 3536 2875 velit
3558 2819 3680 2876 ideo
3701 2833 3792 2876 re-

2199 2917 2428 2971 cessisse
2457 2914 2702 2985 angelum
2747 2912 2815 2969 ab
2843 2911 3214 2969 interfectione
3241 2910 3524 2982 cujuslibet
3563 2924 3748 2966 eorum
3768 2950 3787 2978 ,

2199 3006 2322 3076 quia
2348 3005 2482 3061 dixit
2513 3005 2723 3072 mulier,
2757 3004 2909 3060 Stetit
2934 3003 3143 3076 sanguis
3184 3001 3574 3057 circumcisionis
3609 3001 3790 3073 infan-

2203 3098 2286 3150 tis.
2313 3095 2427 3151 Non
2457 3096 2599 3152 enim
2628 3096 2730 3160 ait,
2760 3094 3001 3150 Recessit
3025 3094 3094 3149 ab
3135 3107 3201 3148 eo
3220 3134 3235 3160 ,
3265 3100 3488 3164 propter
3511 3091 3652 3162 quod
3680 3092 3792 3147 cir-

2201 3185 2457 3243 eumcidit
2481 3184 2736 3241 infantem
2766 3202 2780 3240 :
2821 3184 2914 3238 sed
2943 3184 3063 3255 quia
3093 3183 3242 3239 stetit
3265 3181 3482 3254 sanguis
3506 3181 3794 3238 circumci-

2203 3277 2409 3342 sionis;
2461 3291 2567 3332 non
2593 3278 2716 3346 quia
2751 3274 3012 3341 cucurrit,
3058 3273 3152 3330 sed
3193 3273 3318 3345 quia
3355 3273 3538 3330 stetit:
3564 3286 3793 3344 magno,

2203 3369 2306 3425 nisi
2335 3369 2512 3435 fallor,
2543 3374 2899 3424 sacramento.

2277 3462 2397 3519 Xll.
2426 3462 2528 3536 [1b.
2554 3477 2609 3517 1v
2626 3502 2640 3528 ,
2668 3460 2786 3535 20.]
2811 3459 2964 3528 Quod
2991 3459 3236 3531 superius
3273 3458 3472 3516 dictum
3497 3465 3612 3524 est,
3653 3457 3798 3530 quod

2207 3553 2416 3626 Moyses
2456 3567 2675 3609 uxorem
2702 3560 2757 3608 et
2802 3550 3031 3607 infantes
3071 3565 3197 3606 suos
3231 3549 3483 3621 imposuit
3513 3549 3798 3619 vehiculis,

2207 3653 2266 3700 ut
2288 3659 2410 3700 cum
2432 3644 2510 3700 eis
2541 3645 2593 3698 in
2617 3642 2904 3715 Egyptum
2930 3650 3195 3714 pergeret,
3223 3650 3409 3714 postea
3430 3656 3556 3698 vero
3569 3641 3761 3698 Jothor
3778 3642 3798 3674 ι

2208 3745 2366 3792 socer
2397 3736 2514 3806 ejus
2557 3735 2633 3790 illi
2661 3749 2782 3790 cum
2821 3735 2902 3791 eis
2937 3733 3209 3801 occurrit,
3246 3741 3589 3805 posteaquam
3617 3731 3803 3788 eduxit

2208 3826 2463 3898 populum
2500 3841 2563 3880 ex
2585 3824 2819 3898 IEgypto
2846 3824 3037 3897 (Exod.
3057 3840 3212 3890 xvnr,
3243 3825 3404 3896 1-5);
3430 3824 3593 3896 quaeri
3623 3833 3804 3895 potest

2211 3917 2487 3989 quomodo
2506 3925 2788 3987 utrumque
2809 3917 2882 3973 sit
2904 3931 3109 3972 verum.
3141 3915 3247 3974 Sed
3269 3915 3668 3986 intelligendum
3693 3923 3800 3983 est,

2211 4019 2334 4082 post
2350 4011 2520 4076 illam,
2556 4025 2674 4080 quae
2703 4008 2771 4064 ab
2793 4009 2982 4080 angelo
3005 4007 3176 4062 futura
3204 4014 3348 4072 erat,
3380 4007 3803 4063 interfectionem

2212 4101 2379 4174 Moysi
2409 4101 2494 4157 vel
2511 4099 2745 4168 infantis,
2765 4114 3031 4156 reversam
3062 4096 3228 4154 fuisse
3251 4114 3370 4154 cum
3397 4099 3648 4170 parvulis.
3667 4098 3803 4155 Nam

2214 4191 2426 4262 quidam
2465 4199 2789 4263 putaverunt
2832 4197 3049 4260 propter
3088 4188 3191 4244 hoc
3231 4188 3475 4260 angelum
3525 4190 3803 4255 terruisse.

2213 4301 2284 4342 ne
2306 4285 2373 4342 ad
2403 4283 2838 4363 impedimentum
2866 4281 3163 4346 ministerii,
3194 4281 3335 4354 quod
3351 4281 3600 4338 divinitus
3627 4283 3807 4352 impo-

2214 4377 2374 4432 situm
2403 4375 2612 4448 Moyses
2636 4374 2892 4446 gerebat,
2936 4372 3200 4429 femineus
3247 4387 3408 4429 sexus
3437 4373 3805 4430 comitaretur.

2286 4465 2423 4522 Xlll.
2437 4465 2536 4540 [1b.
2559 4481 2616 4534 v,
2641 4463 2786 4538 l-3.]
2805 4464 3069 4532 Quaeritur
3087 4463 3355 4535 quomodo
3369 4463 3565 4534 populo
3577 4464 3806 4532 dicatur,

2216 4559 2358 4629 quod
2385 4557 2654 4614 mandavit
2680 4556 2823 4612 Deus
2857 4555 3151 4626 eiecturum
3179 4569 3237 4610 se
3261 4569 3356 4610 eos
3382 4554 3451 4610 de
3487 4553 3722 4626 Egypto
3751 4553 3811 4610 in

2219 4658 2416 4706 terram
2427 4649 2717 4714 Chanaan;
2745 4646 3009 4703 Pharaoni
3029 4655 3210 4703 autem
3230 4644 3458 4715 dicatur,
3482 4646 3622 4717 quod
3646 4646 3810 4701 trium

2221 4741 2427 4798 dierum
2459 4741 2561 4795 iter
2585 4738 2732 4795 exire
2771 4737 2973 4794 vellent
3011 4736 3065 4792 in
3097 4736 3364 4792 desertum
3393 4736 3671 4792 immolare
3699 4735 3813 4792 Deo

2220 4845 2318 4886 suo
2345 4845 2418 4886 ex
2442 4828 2692 4886 mandato
2729 4827 2866 4898 ejus.
2908 4823 3016 4881 Sed
3044 4824 3448 4896 intelligendum
3475 4835 3590 4891 est,
3622 4840 3816 4895 quam-

2220 4923 2303 4978 vis
2344 4922 2484 4977 Deus
2518 4921 2678 4976 sciret
2721 4918 2848 4990 quid
2892 4925 3037 4972 esset
3075 4915 3310 4972 facturus
3333 4957 3348 4984 ,
3389 4916 3635 4987 quoniam
3670 4931 3815 4986 pra:-

2221 5012 2424 5069 seiebat
2465 5027 2570 5066 non
2619 5023 3004 5065 consensurum
3069 5007 3400 5064 Pharaonem
3441 5006 3508 5062 ad
3550 5008 3811 5079 populum

2221 5104 2589 5162 dimittendum
2619 5142 2635 5169 ,
2681 5101 2810 5157 illud
2859 5102 3031 5171 primo
3062 5100 3262 5157 dictum
3288 5116 3441 5170 esse,
3472 5099 3610 5171 quod
3646 5101 3812 5156 etiam

2222 5199 2466 5272 primitus
2498 5197 2672 5264 ﬁeret,
2702 5196 2748 5251 si
2770 5195 2860 5250 ille
2887 5194 3206 5250 dimitteret.
3253 5193 3322 5251 Ut
3345 5192 3487 5249 enim
3515 5193 3592 5249 sie
3620 5192 3818 5251 ﬁerent

2225 5292 2399 5347 omnia
2428 5287 2874 5362 quemadmodum
2900 5301 3241 5357 consequens
3262 5286 3531 5358 Scriptura
3560 5295 3812 5354 testatur,

2205 5382 2514 5468 ,Pharaonis
2535 5380 2868 5438 contumacia
2889 5379 3085 5435 meruit
3113 5387 3169 5434 et
3193 5393 3430 5434 suorum.
3455 5377 3638 5448 Neque
3665 5379 3814 5434 enim

2222 5474 2547 5533 mendaciter
2580 5473 2723 5529 Deus
2759 5470 2911 5544 jubet
2957 5471 3095 5543 quod
3135 5470 3238 5526 scit
3279 5485 3384 5526 non
3427 5468 3687 5524 facturum
3722 5470 3815 5525 cui

2218 5569 2453 5641 jubetur,
2482 5575 2542 5620 ut
2565 5565 2763 5636 justum
2791 5564 3049 5635 judicium
3076 5572 3450 5645 consequatur.

2292 5660 2436 5716 XIV.
2465 5658 2564 5731 [lb.
2593 5675 2629 5713 v
2653 5701 2670 5727 ,
2699 5657 2772 5712 22
2794 5701 2807 5723 ,
2849 5657 2965 5730 25.]
3001 5656 3173 5714 Verba
3200 5672 3320 5728 quas
3350 5655 3476 5712 dicit
3509 5655 3718 5728 Moyses
3743 5655 3818 5712 ad

2224 5753 2526 5817 Dominum,
2559 5750 2730 5815 Quare
2749 5751 2968 5820 ιιι]ῑὶπὶεεὶ
2994 5749 3236 5821 populum
3261 5748 3393 5803 hunc
3410 5749 3436 5803 7
3462 5757 3508 5802 et
3527 5746 3706 5816 utquid
3733 5764 3821 5806 me

2287 5870 2304 5902 ί
2332 5874 2380 5919 in
2406 5867 2565 5932 editis,
2590 5866 2770 5920 .rctltro.
2797 5873 2850 5918 At
2867 5868 2915 5918 in
2939 5873 3042 5917 Mss.
3061 5865 3129 5917 uti
3152 5864 3277 5934 apud
3297 5870 3427 5932 Lxx,
3449 5862 3634 5919 rethor.
