4094 6488
391 454 491 513 601

388 576 576 631 utisisti
590 575 617 630 .9
650 572 736 629 Ea:
750 588 851 644 quo
866 572 998 627 enim
1022 569 1206 626 intravi
1227 569 1296 624 ad
1316 566 1640 624 Pharaonem
1664 568 1801 640 loqui
1823 571 1875 623 in
1896 577 1981 624 tuo

387 670 593 725 nomine
616 710 634 736 ,
680 668 736 722 in
776 668 909 721 hunc
952 666 1235 737 populum;
1278 673 1325 718 et
1354 680 1456 719 non
1490 663 1709 719 liberasti
1739 664 1981 735 pOpulum

391 768 575 826 tum;
611 773 720 814 non
746 757 1099 813 contumaciae
1137 755 1297 811 verba
1324 764 1450 811 sunt
1476 756 1557 810 vel
1584 754 1977 825 indignationis,

385 849 485 905 sed
532 849 888 920 inquisitionis
935 858 990 903 et
1024 846 1284 902 orationis
1318 864 1331 900 :
1363 845 1502 917 quod
1536 860 1600 901 ex
1627 845 1710 901 his
1738 854 1976 917 apparet,

385 956 510 1011 qua:
538 940 611 996 illi
638 941 894 996 Dominus
919 939 1225 1010 respondit.
1270 938 1385 994 Non
1412 938 1554 994 enim
1592 940 1762 1010 arguit
1794 938 1980 994 infide-

384 1034 593 1091 litatem
615 1035 750 1105 ejus,
782 1034 876 1091 sed
900 1034 1028 1105 quid
1050 1034 1120 1089 sit
1141 1032 1375 1089 facturus
1398 1032 1623 1103 apemit.

456 1126 575 1185 XV.
604 1126 795 1201 [lb.vr,
821 1125 1038 1201 14-28.]
1062 1125 1394 1183 Sacramenti
1416 1126 1589 1180 locum
1616 1139 1735 1180 esse
1760 1125 1977 1181 dubium

382 1233 492 1273 non
519 1228 641 1287 est,
681 1220 823 1291 quod
860 1218 1141 1289 Scriptura
1175 1217 1358 1273 volens
1387 1217 1643 1288 originem
1672 1216 1839 1288 Moysi
1877 1215 1976 1272 de-

381 1321 708 1379 monstrare,
736 1311 987 1383 quoniam
1031 1311 1148 1382 ejus
1185 1310 1323 1365 actio
1345 1309 1453 1380 jam
1476 1309 1776 1379 expetebat,
1804 1324 1833 1363 a
1864 1308 1975 1378 pri-

384 1405 654 1475 mogenito
680 1404 867 1472 Jacob,
892 1405 942 1460 id
974 1413 1055 1459 est
1080 1404 1275 1459 Ruben
1295 1444 1311 1471 ,
1337 1403 1615 1474 progenies
1639 1402 1820 1471 erepit,
1852 1399 1975 1456 inde

378 1497 453 1553 ad
482 1498 698 1554 Simeon
724 1539 741 1565 ,
772 1497 894 1553 inde
934 1497 1001 1552 ad
1046 1495 1217 1562 Levi;
1274 1496 1407 1551 ultra
1440 1509 1714 1565 progressa
1740 1509 1845 1549 non
1868 1501 1971 1560 est,

382 1590 640 1660 quoniam
662 1605 730 1645 ex
759 1589 885 1645 Levi
911 1589 1145 1661 Moyses.
1181 1588 1245 1643 lli
1271 1597 1447 1643 autem
1468 1594 1970 1653 commemorantur,

377 1680 470 1752 qui
507 1680 619 1750 jam
663 1680 1067 1736 commemorati
1117 1679 1329 1734 fuerant
1377 1679 1429 1733 in
1480 1678 1582 1732 illis
1636 1677 1969 1750 septuaginta

378 1771 636 1841 quinque,
666 1773 718 1826 in
748 1772 943 1842 quibus
972 1770 1136 1826 Israel
1166 1770 1381 1824 intravit
1410 1770 1463 1823 in
1486 1768 1773 1840 Egyptum
1804 1786 1817 1823 :
1849 1782 1967 1823 non

377 1865 525 1919 enim
555 1866 783 1935 primam
814 1879 985 1935 neque
1013 1863 1301 1919 secundam
1325 1904 1341 1928 ,
1382 1862 1476 1917 sed
1512 1863 1721 1917 tertiam
1752 1862 1966 1927 tribum,

376 1953 433 2007 id
462 1963 545 2009 est
575 1954 865 2010 Leviticam
895 1956 1035 2009 Deus
1061 1968 1182 2009 esse
1210 1952 1377 2009 voluit
1402 1953 1802 2008 sacerdotalem.

452 2046 589 2101 XVI.
623 2046 724 2120 [lb.
754 2064 825 2111 vt,
855 2046 970 2119 50.]
999 2046 1150 2115 Quod
1174 2046 1380 2118 Moyses
1408 2046 1554 2113 dicit,
1587 2046 1716 2100 Ecce
1740 2062 1828 2115 ego
1852 2062 1971 2117 gra-

374 2139 465 2191 cili
499 2155 616 2193 voce
657 2157 802 2207 sum,
845 2150 890 2193 et
928 2139 1180 2212 quomodo
1209 2138 1442 2192 exaudiet
1476 2155 1554 2192 me
1580 2137 1823 2192 Pharao?
1862 2152 1966 2192 non

374 2229 589 2285 videtur
609 2240 811 2286 tantum
836 2241 1050 2301 propter
1068 2229 1482 2300 magnitudinem
1507 2230 1685 2300 populi
1710 2243 1968 2285 excusare

373 2319 449 2374 de
480 2322 627 2376 vocis
656 2323 946 2392 gracilitate
966 2363 980 2386 ,
1030 2338 1213 2378 verum
1241 2321 1399 2376 etiam
1430 2329 1648 2391 propter
1676 2335 1837 2375 unum
1864 2319 1965 2376 ho-

374 2412 601 2467 minem.
644 2413 831 2468 Mirum
876 2413 919 2467 si
950 2423 1054 2468 tam
1086 2412 1299 2483 gracilis
1331 2412 1478 2466 vocis
1521 2411 1651 2478 fuit,
1696 2421 1753 2466 ut
1778 2426 1875 2467 nec
1900 2410 1967 2466 ab

371 2517 482 2558 uno
528 2502 745 2559 homine
801 2512 979 2574 posset
1027 2502 1197 2557 audiri
1228 2521 1240 2556 :
1271 2517 1338 2556 an
1393 2502 1528 2557 forte
1576 2502 1753 2572 regius
1798 2501 1965 2556 fastus

372 2608 483 2648 non
512 2609 608 2649 eos
628 2594 967 2663 permittebat
988 2593 1056 2649 de
1087 2593 1327 2664 proximo
1357 2592 1537 2663 loqui?
1564 2592 1764 2647 Dicitur
1783 2601 1959 2647 autem

370 2684 450 2739 illi
484 2704 497 2739 :
533 2686 667 2740 Ecce
695 2686 811 2740 dedi
841 2694 888 2741 te
910 2686 1059 2739 deum
1088 2684 1372 2748 Pharaoni,
1395 2694 1441 2739 ct
1466 2685 1636 2739 Aaron
1662 2688 1818 2755 frater
1845 2694 1963 2739 tuus

370 2779 467 2830 erit
498 2789 616 2832 tuus
642 2780 887 2849 propheta
912 2779 1103 2851 (Exod.
1138 2794 1231 2845 vlt,
1262 2779 1337 2849 1).

446 2870 607 2927 XVII.
641 2870 737 2943 [lb.
758 2888 831 2939 tv,
861 2871 971 2943 l6.]
996 2871 1294 2927 Notandum
1311 2872 1453 2942 quod
1478 2888 1596 2927 cum
1618 2872 1682 2927 ad
1708 2873 1960 2944 populum

362 2963 690 3032 mitteretur,
720 2980 824 3020 non
851 2966 899 3021 ei
928 2966 1127 3020 dictum
1156 2974 1267 3033 est,
1299 2966 1438 3021 Ecce
1456 2965 1579 3021 dedi
1607 2975 1657 3020 te
1684 2966 1840 3022 deum
1865 2982 1963 3037 po-

364 3055 517 3124 pulo,
546 3065 601 3112 et
620 3056 782 3111 frater
810 3066 927 3112 tuus
954 3057 1055 3112 erit
1081 3064 1201 3111 tuus
1226 3055 1514 3126 propheta;
1538 3057 1630 3111 sed
1653 3058 1809 3127 frater
1823 3066 1957 3126 tuus,

366 3146 571 3216 inquit,
604 3148 838 3216 loquetur
872 3148 962 3201 tibi
1005 3148 1072 3200 ad
1106 3146 1367 3219 populum.
1418 3147 1622 3202 Dictum
1658 3147 1814 3203 etiam
1855 3157 1957 3214 est,

365 3235 485 3291 Erit
508 3254 567 3292 os
591 3247 737 3292 tuum
761 3278 779 3305 ,
804 3248 849 3293 et
873 3247 927 3292 tu
951 3238 1028 3292 illi
1052 3253 1163 3309 qua:
1181 3236 1250 3291 ad
1270 3236 1433 3291 Deum
1465 3255 1483 3291 :
1509 3253 1613 3293 non
1634 3238 1831 3293 dictum
1855 3246 1957 3305 est,

367 3326 452 3382 Tu
481 3328 561 3383 illi
606 3328 757 3383 deus.
809 3329 1071 3384 Pharaoni
1110 3335 1286 3383 autem
1326 3327 1517 3384 dicitur
1555 3329 1764 3401 Moyses
1805 3328 1959 3385 datus

363 3417 527 3485 deus,
557 3428 611 3475 et
635 3420 924 3476 secundum
950 3419 1245 3489 analogiam
1272 3417 1529 3489 propheta
1557 3419 1725 3491 Moysi
1752 3420 1955 3488 Aaron,

363 3510 462 3565 sed
489 3510 557 3565 ad
584 3510 938 3567 Pharaonem.
992 3510 1091 3566 Hic
1130 3509 1430 3565 insinuatur
1472 3509 1662 3575 nobis,
1705 3526 1767 3565 ea
1812 3510 1955 3581 loqui

362 3600 657 3672 prephetas
684 3602 777 3657 Dei
808 3617 925 3673 quae
952 3601 1172 3657 audiunt
1192 3600 1258 3656 ab
1284 3615 1367 3666 eo,
1399 3598 1636 3670 nihilque
1664 3599 1803 3655 aliud
1839 3614 1958 3656 esse

367 3690 691 3761 prophetam
717 3692 839 3756 Dei,
878 3691 981 3746 nisi
1007 3691 1393 3746 enuntiatorem
1420 3689 1701 3745 verborum
1734 3690 1826 3744 Dei
1855 3689 1955 3744 ho-

364 3782 605 3839 minibus
629 3824 643 3849 ,
673 3784 765 3855 qui
800 3784 965 3839 Deum
995 3783 1077 3839 vel
1107 3798 1212 3838 non
1250 3789 1473 3853 possunt
1495 3782 1579 3838 vel
1609 3796 1712 3837 non
1740 3797 1953 3837 meren-

359 3884 453 3931 tur
496 3876 701 3932 audire.

438 3967 625 4025 XVIII.
656 3968 755 4041 [lb.
776 3983 872 4036 vn,
904 3967 983 4042 5.]
1004 3967 1231 4023 Assidue
1252 3968 1390 4024 Deus
1415 3966 1562 4035 dicit,
1585 3966 1842 4023 Indurabo
1869 3983 1955 4022 cor

356 4060 660 4117 Pharaonis
692 4077 711 4116 :
738 4071 793 4117 et
814 4062 959 4117 velut
984 4075 1196 4115 causam
1226 4060 1384 4115 infert
1408 4076 1503 4116 cur
1528 4060 1630 4115 hoc
1654 4059 1831 4127 faciat,
1860 4060 1955 4114 In-

357 4155 582 4221 durabo,
618 4156 807 4225 inquit,
839 4171 926 4209 cor
954 4154 1261 4219 Pharaonis,
1294 4163 1338 4208 et
1359 4153 1573 4225 implebo
1598 4153 1744 4223 signa
1771 4170 1879 4207 mea
1906 4163 1952 4207 et

356 4256 595 4317 portenta
629 4263 740 4299 mea
766 4247 818 4300 in
846 4244 1117 4317 Egypto;
1161 4253 1409 4315 tanquam
1453 4245 1751 4299 necessaria
1794 4243 1953 4299 fuerit

357 4337 648 4392 obduratio
675 4336 855 4393 cordis
883 4337 1174 4391 Pharaonis
1198 4376 1214 4403 ,
1244 4344 1303 4390 ut
1331 4334 1477 4404 signa
1509 4334 1603 4389 Dei
1630 4335 1949 4405 multiplica-

355 4438 549 4483 rentur
578 4428 660 4484 vel
692 4429 1042 4499 implerentur
1066 4428 1119 4481 in
1149 4425 1406 4498 Egypto.
1452 4425 1629 4483 Utitur
1655 4442 1785 4497 ergo
1810 4427 1950 4483 Deus

354 4518 502 4575 bene
525 4519 773 4575 cordibus
801 4518 976 4585 malis,
1000 4517 1066 4573 ad
1094 4517 1147 4573 id
1171 4517 1311 4587 quod
1334 4516 1446 4571 vult
1470 4517 1751 4572 ostendere
1771 4518 1944 4584 bonis,

352 4610 445 4664 vel
473 4609 616 4681 quod
648 4610 883 4665 facturus
907 4618 990 4666 est
1016 4609 1170 4664 bonis
1188 4609 1227 4662 .
1347 4607 1586 4679 quamvis
1615 4608 1951 4678 uniuscujus-

352 4717 461 4773 que
486 4701 665 4758 cordis
692 4702 743 4757 in
778 4701 976 4757 malitia
1002 4702 1261 4772 qualitas,
1310 4699 1361 4755 id
1393 4709 1507 4769 est,
1538 4700 1695 4770 quale
1730 4714 1823 4755 cor
1848 4700 1945 4755 ha-

352 4794 481 4848 beat
512 4793 578 4849 ad
601 4794 822 4860 malum,
857 4806 954 4848 suo
982 4792 1073 4848 fiat
1098 4790 1224 4846 vitio
1242 4832 1258 4858 ,
1294 4790 1435 4861 quod
1461 4790 1678 4846 inolevit
1706 4806 1772 4845 ex
1801 4790 1946 4846 arbi-

352 4885 460 4939 trio
485 4885 809 4950 voluntatis;
840 4898 902 4939 ea
933 4892 1109 4938 tamen
1151 4881 1410 4953 qualitate
1448 4880 1583 4935 mala
1622 4888 1680 4935 ut
1717 4878 1822 4935 huc
1860 4881 1943 4937 vel

350 4976 484 5033 illuc
508 4984 816 5043 moveatur,
860 4989 980 5030 cum
1011 4974 1121 5029 sive
1149 4973 1253 5028 huc
1282 4973 1395 5027 sive
1416 4971 1541 5027 illuc
1562 4971 1701 5027 male
1727 4986 1943 5027 movea-

351 5077 466 5131 tur,
499 5068 676 5123 causis
710 5067 766 5122 lit
793 5067 984 5138 quibus
1005 5066 1212 5121 animus
1238 5062 1551 5135 propellitur
1577 5079 1591 5117 :
1624 5078 1742 5135 quae
1767 5078 1943 5119 causa:

351 5171 411 5217 nt
434 5162 670 5217 existant
698 5161 778 5216 vel
810 5176 915 5215 non
945 5159 1212 5223 existant,
1255 5171 1363 5211 non
1387 5163 1470 5211 est
1502 5156 1554 5209 in
1588 5154 1821 5209 hominis
1848 5171 1944 5225 po-

351 5261 581 5315 testate;
614 5251 705 5307 sed
724 5251 945 5307 veniunt
967 5266 1031 5305 ex
1054 5248 1255 5303 occulta
1280 5246 1630 5318 providentia,
1648 5246 1939 5316 justissima

350 5344 508 5419 plane
530 5352 585 5397 et
606 5342 1021 5412 sapientissima,
1050 5340 1355 5395 universum
1378 5338 1517 5408 quod
1541 5338 1739 5393 creavit
1763 5337 1943 5408 dispo-

346 5434 532 5490 nentis
554 5441 612 5489 et
637 5432 1057 5488 administrantis
1081 5431 1195 5486 Dei.
1230 5430 1300 5486 Ut
1326 5444 1452 5500 ergo
1478 5430 1579 5483 tale
1604 5443 1697 5484 cor
1722 5428 1941 5484 haberet

345 5525 590 5591 Pharao,
622 5525 764 5596 quod
802 5524 1056 5593 patientia
1088 5523 1179 5578 Dei
1206 5537 1310 5577 non
1338 5529 1644 5577 moveretur
1672 5520 1739 5575 ad
1769 5522 1938 5591 pieta-

345 5627 494 5687 tem;
537 5619 633 5675 sed
676 5620 850 5690 potius
895 5617 959 5673 ad
1004 5618 1361 5688 impietatem,
1407 5614 1518 5669 vitii
1560 5614 1758 5684 proprii
1796 5614 1936 5669 fuit:

344 5714 489 5785 quod
518 5729 650 5768 vero
691 5728 753 5769 ea
798 5713 935 5767 facta
978 5720 1138 5778 sunt,
1184 5709 1375 5781 quibus
1403 5722 1497 5763 cor
1536 5723 1634 5763 suo
1660 5708 1787 5763 vitio
1828 5715 1935 5762 tam

364 5839 373 5844 O
455 5876 607 5919 Vetus
628 5868 781 5918 codex
804 5868 1125 5931 Corbelensis,
1151 5874 1203 5918 et
1224 5866 1418 5931 Eugyptt
1440 5862 1660 5916 collectio
1685 5863 1934 5928 inkluobus

346 5931 708 6001 manetque:
742 5930 1222 5994 Victurusestbortos.

1724 450 1929 509 LIBER
1966 448 2342 512 SECUNDUS.

3565 448 3673 514 60!

2087 570 2375 641 malignum
2424 568 2700 626 resisteret
2736 561 3063 640 jussionibus
3107 563 3201 624 Dei
3246 566 3373 642 (hoc
3411 577 3492 626 est
3529 573 3671 628 enim

2088 661 2227 730 quod
2249 660 2444 716 dicitur
2470 660 2769 717 induratum
2788 703 2804 729 ,
2844 662 2965 731 quia
2989 676 3092 716 non
3119 660 3427 718 exibiliter
3450 677 3675 721 consen-

2089 753 2284 822 tiebat,
2328 752 2421 809 sed
2465 751 2827 808 inexibiliter
2860 751 3221 824 resistebat),
3262 752 3672 824 dispensationis

2087 843 2186 899 fuit
2209 844 2400 899 divinae
2424 887 2438 912 ,
2470 859 2572 915 qua
2600 844 2688 899 tali
2720 843 2865 899 cordi
2888 858 2993 899 non
3023 844 3193 899 solum
3226 844 3367 914 justa
3392 886 3407 913 ,
3438 846 3533 901 sed
3557 848 3669 903 evi-

2088 936 2273 993 denter
2292 937 2439 1008 justa
2457 952 2611 1009 pmna
2640 938 2944 1008 parabatur,
2966 953 3067 1009 qua
3093 938 3337 995 timentes
3360 939 3524 995 Deum
3554 954 3671 998 cor-

2085 1027 2404 1097 rigerentur.
2439 1028 2719 1099 Proposito
2746 1029 2938 1099 quippe
2962 1028 3131 1096 lucro,
3164 1029 3309 1084 verbi
3335 1030 3519 1100 gratia,
3543 1046 3670 1101 pro-

2086 1127 2203 1188 pter
2244 1118 2387 1189 quod
2436 1118 2778 1174 homicidium
2826 1120 3224 1188 committatur,
3263 1119 3417 1175 aliter
3456 1135 3669 1191 avarus,

2084 1210 2237 1266 aliter
2272 1210 2516 1282 pecunias
2548 1218 2886 1281 contemptor
2909 1220 3183 1278 movetur;
3236 1210 3326 1266 ille
3365 1211 3568 1267 scilicet
3600 1211 3669 1268 ad

2082 1302 2286 1359 facinus
2328 1303 2773 1374 perpetrandum,
2820 1302 2910 1358 ille
2934 1302 2999 1357 ad
3028 1301 3326 1358 cavendum
3358 1320 3370 1357 :
3400 1303 3564 1374 ipsius
3590 1312 3670 1358 ta-

2083 1410 2203 1449 men
2234 1394 2365 1450 lucri
2398 1394 2690 1465 propositio
2720 1394 2770 1449 in
2798 1393 3022 1464 alicujus
3052 1393 3262 1449 illorum
3299 1409 3404 1449 non
3434 1392 3535 1449 fuit
3566 1408 3665 1465 po-

2081 1495 2290 1543 testate.
2324 1486 2399 1543 Ita
2430 1503 2604 1543 causa:
2630 1487 2847 1542 veniunt
2871 1486 3174 1542 hominibus
3199 1486 3384 1556 malis,
3415 1504 3533 1559 qua:
3556 1503 3665 1545 non

2081 1590 2208 1637 sunt
2232 1581 2443 1653 quidem
2484 1582 2537 1636 in
2564 1596 2748 1636 eorum
2779 1587 3037 1650 potestate
3056 1620 3071 1643 ,
3110 1578 3203 1634 sed
3234 1580 3334 1635 hoc
3360 1578 3427 1635 de
3453 1580 3557 1635 illis
3584 1580 3665 1636 fa-

2079 1675 2244 1741 ciunt,
2276 1674 2458 1744 quales
2480 1689 2573 1728 eos
2603 1672 2899 1727 invenerint
2922 1672 3032 1741 jam
3061 1673 3226 1725 factos
3267 1672 3494 1743 propriis
3523 1672 3665 1729 vitiis

2079 1780 2143 1820 ex
2176 1766 2443 1836 praeterita
2474 1766 2767 1821 voluntate.
2820 1763 3113 1818 Videndum
3154 1777 3283 1818 sane
3321 1772 3436 1832 est,
3484 1773 3661 1820 utrum

2077 1859 2236 1914 etiam
2265 1859 2339 1912 sic
2364 1859 2530 1927 accipi
2562 1858 2759 1928 possit,
2793 1856 2904 1927 Ego
2932 1855 3211 1923 indurabo,
3246 1865 3492 1928 tanquam
3519 1858 3664 1915 dice-

2076 1962 2195 2017 ret,
2228 1952 2394 2018 Quam
2422 1952 2610 2006 durum
2636 1952 2703 2005 sit
2726 1950 3128 2005 demonstrabo.

2148 2042 2291 2099 XIX.
2323 2044 2422 2116 [lb.
2448 2059 2555 2111 vn,
2588 2042 2667 2115 9.]
2719 2042 2780 2097 Si
2807 2042 3037 2113 loquetur
3072 2042 3206 2096 vobis
3242 2041 3447 2097 Pharao
3470 2044 3658 2113 dicens,

2077 2135 2209 2189 Date
2241 2136 2381 2190 nobis
2405 2135 2605 2205 signum
2637 2142 2725 2187 aut
2750 2142 3033 2203 portentum
3059 2148 3079 2187 :
3105 2142 3150 2187 et
3176 2134 3312 2188 dices
3330 2133 3499 2188 Aaron
3516 2136 3663 2205 fratri

2076 2238 2184 2296 tuo,
2216 2228 2374 2284 Sume
2402 2229 2594 2299 virgam
2613 2269 2627 2293 ,
2659 2237 2705 2282 et
2737 2227 2925 2299 projice
2950 2226 3092 2281 illam
3115 2227 3285 2296 palam
3313 2225 3589 2283 Pharaone
3615 2238 3663 2283 et

2075 2320 2249 2391 palam
2277 2322 2432 2376 seruis
2458 2322 2604 2391 ejus;
2634 2327 2681 2373 et
2709 2320 2799 2373 erit
2836 2318 3012 2371 draco.
3067 2317 3160 2375 llic
3188 2327 3333 2373 certe
3362 2334 3466 2374 non
3507 2319 3662 2374 mini-

2072 2415 2237 2469 sterio
2271 2414 2418 2469 vocis
2447 2428 2584 2484 opus
2612 2420 2725 2467 erat
2749 2454 2763 2479 ,
2792 2411 2875 2467 cui
2906 2410 3183 2466 videbatur
3206 2412 3351 2467 velut
3374 2426 3437 2467 ex
3474 2426 3663 2467 neces-

2072 2508 2227 2562 sitate
2256 2507 2411 2562 datus
2447 2508 2623 2561 Aaron
2665 2514 2881 2574 propter
2905 2502 3253 2573 gracilitatem
3283 2503 3430 2557 vocis
3453 2502 3658 2574 Moysi;

2071 2598 2166 2654 sed
2195 2598 2338 2669 virga
2379 2605 2493 2653 erat
2535 2594 2864 2667 projicieuda
2898 2602 2959 2648 ut
3001 2592 3163 2647 draco
3204 2592 3357 2649 fieret
3384 2611 3397 2648 :
3424 2608 3519 2647 cur
3560 2593 3661 2649 hoc

2069 2706 2199 2763 ergo
2238 2691 2449 2763 Moyses
2492 2690 2603 2761 ipse
2639 2704 2742 2743 non
2788 2687 2947 2754 fecit,
2995 2688 3094 2742 nisi
3134 2688 3255 2756 quia
3283 2688 3379 2742 ista
3409 2686 3659 2743 mediatio

2070 2783 2239 2853 ipsius
2287 2784 2463 2837 Aaron
2513 2782 2648 2835 inter
2688 2779 2906 2851 Moysen
2951 2786 3005 2834 et
3054 2778 3387 2833 Pharaonem
3435 2778 3657 2849 alicujus

2069 2889 2276 2944 magum
2304 2874 2382 2929 rei
2413 2874 2629 2943 figuram
2660 2871 2833 2942 gerit?

2138 2965 2259 3022 XX.
2293 2965 2391 3037 [lb.
2422 2981 2512 3029 vn,
2541 2962 2652 3035 10.}
2682 2963 2851 3017 Etiam
2881 2961 2983 3016 hoc
3011 2960 3331 3028 notandum,
3368 2961 3507 3032 quod
3533 2976 3653 3018 cum

2067 3059 2275 3128 signum
2310 3058 2482 3126 palam
2511 3055 2787 3109 Pharaone
2814 3054 2981 3119 fieret,
3013 3053 3267 3122 scriptum
3293 3061 3397 3119 est,
3440 3051 3507 3106 Et
3534 3067 3655 3122 pro-

2059 3153 2183 3223 jecit
2210 3151 2375 3204 Aaron
2402 3150 2595 3219 virgam
2622 3164 2768 3203 suam
2800 3163 2817 3201 :
2845 3162 2965 3202 cum
2994 3145 3130 3200 forte
3166 3144 3211 3199 si
3240 3144 3495 3213 dixisset,
3525 3144 3658 3201 Pro-

2060 3245 2189 3316 jecit
2214 3244 2413 3314 virgam
2439 3282 2453 3307 ,
2496 3241 2636 3296 nulla
2664 3248 2807 3295 esset
2832 3239 3087 3309 quaestio;
3118 3236 3260 3309 quod
3272 3251 3407 3293 vero
3428 3236 3651 3303 addidit,

2066 3355 2211 3393 suam
2230 3379 2243 3403 ,
2273 3351 2393 3392 cum
2419 3350 2537 3391 eam
2569 3333 2777 3405 Moyses
2800 3331 3043 3399 dederit,
3081 3345 3185 3386 non
3210 3328 3403 3385 frustra
3436 3330 3653 3385 forsitan

2065 3428 2263 3484 dictum
2294 3434 2399 3481 est.
2446 3426 2528 3480 An
2555 3434 2669 3479 erat
2704 3424 2911 3493 utrique
2936 3422 3021 3477 illa
3055 3422 3199 3491 virga
3240 3420 3565 3486 communis,
3596 3428 3653 3477 ut

2063 3518 2347 3589 cujuslibet
2384 3531 2569 3572 eorum
2600 3514 2901 3580 diceretur,
2944 3528 3125 3567 verum
3155 3511 3456 3567 diceretur?

2133 3607 2275 3664 XXI.
2314 3607 2412 3679 [lb.
2444 3621 2516 3659 vtt
2537 3647 2551 3671 ,
2582 3602 2693 3677 12.]
2734 3603 2800 3657 Et
2839 3602 3093 3657 absorbuit
3122 3603 3264 3673 virga
3285 3604 3457 3657 Aaron
3485 3603 3651 3673 virgas

2063 3700 2293 3754 illorum.
2321 3698 2379 3754 Si
2404 3696 2602 3751 dictum
2629 3702 2803 3759 esset,
2838 3693 3125 3749 Absorhuit
3147 3693 3309 3749 draco
3335 3694 3511 3748 Aaron
3543 3693 3650 3748 vir-

2062 3806 2156 3863 gas
2188 3790 2405 3845 illorum
2430 3828 2445 3855 ,
2489 3787 2871 3857 intelligeretur
2895 3799 3052 3840 verus
3078 3785 3243 3840 draco
3265 3785 3444 3840 Aaron
3482 3785 3648 3855 phan-

2064 3882 2251 3937 tastica
2282 3880 2370 3935 illa
2395 3879 2643 3950 gmenta
2670 3892 2776 3931 non
2803 3876 3159 3945 absorbuisse,
3190 3874 3282 3931 sed
3304 3876 3501 3946 virgas.
3534 3876 3647 3932 Hoc

2058 3975 2202 4029 enim
2244 3972 2411 4044 potuit
2441 3970 2731 4026 absorbere
2770 3967 2913 4039 quod
2956 3976 3141 4033 erant,
3187 3982 3292 4022 non
3340 3966 3481 4038 quod
3526 3980 3647 4023 esse

2058 4066 2375 4121 videbantur
2395 4072 2450 4122 et
2472 4076 2579 4119 non
2607 4069 2779 4119 erant.
2807 4060 2910 4117 Sed
2927 4061 3173 4131 quoniam
3199 4058 3351 4127 dixit,
3377 4056 3644 4114 Absorlmit

2058 4160 2198 4229 uirga
2220 4158 2389 4212 Aaron
2419 4157 2585 4227 virgas
2606 4155 2811 4209 illorum
2836 4167 2856 4216 ;
2881 4150 3043 4207 draco
3067 4150 3248 4222 utique
3274 4150 3442 4221 potuit
3468 4152 3642 4221 virgas

2057 4249 2372 4315 absorbere,
2414 4262 2522 4301 non
2562 4247 2725 4316 virga.
2781 4243 2886 4299 Sed
2916 4257 2980 4298 eo
3020 4242 3237 4297 nomine
3264 4242 3527 4312 appellata
3552 4257 3639 4296 res

2056 4348 2135 4395 est
2162 4341 2301 4395 unde
2324 4354 2478 4395 versa
2510 4346 2608 4402 est,
2644 4351 2749 4391 non
2783 4336 2835 4389 in
2866 4333 3004 4404 quod
3036 4346 3188 4386 versa
3219 4341 3319 4394 est,
3355 4332 3475 4401 quia
3504 4333 3554 4385 in
3585 4332 3637 4386 id

2056 4433 2214 4487 etiam
2250 4444 2463 4485 reversa
2493 4436 2575 4484 est
2607 4445 2620 4481 :
2652 4436 2702 4481 et
2733 4425 2854 4480 ideo
2888 4423 2992 4478 hoc
3018 4422 3197 4476 vocari
3235 4421 3458 4476 debebat
3493 4421 3635 4492 quod

2055 4524 2416 4597 principaliter
2444 4530 2579 4576 erat.
2620 4518 2755 4586 Quid
2794 4530 2921 4587 ergo
2960 4514 3242 4570 dicendum
3272 4522 3355 4568 est
3382 4512 3449 4569 de
3475 4514 3635 4585 virgis

2053 4614 2362 4689 magorum?
2392 4621 2566 4667 utrum
2590 4619 2644 4665 et
2673 4610 2799 4679 ipsa:
2815 4607 2925 4661 veri
2947 4605 3205 4660 dracones
3233 4604 3382 4660 factae
3405 4604 3631 4673 fuerant,

2052 4706 2145 4761 sed
2186 4720 2249 4761 ea
2289 4703 2492 4759 ratione
2520 4702 2682 4771 virgae
2724 4697 3002 4770 appellata:
3042 4705 3204 4765 sunt,
3246 4696 3347 4767 qua
3392 4705 3446 4752 et
3483 4699 3631 4769 virga

2051 4802 2269 4859 Aaron?
2311 4816 2378 4855 an
2422 4798 2596 4869 potius
2639 4795 2951 4850 videbantur
2978 4806 3100 4849 esse
3129 4791 3267 4862 quod
3312 4807 3417 4847 non
3456 4801 3625 4859 erant,

2052 4894 2414 4950 ludificatione
2454 4888 2723 4946 venefica?
2766 4887 2874 4942 Cur
2902 4899 3031 4956 ergo
3058 4898 3123 4940 ex
3153 4891 3374 4955 utraque
3404 4894 3551 4953 parte
3575 4891 3631 4939 et

2050 4988 2210 5058 virga:
2232 4986 2479 5042 dicuntur
2502 4991 2555 5039 et
2583 4982 2865 5047 dracones,
2898 4989 2955 5034 ut
2986 4977 3052 5033 de
3080 4977 3344 5048 figmentis
3371 4976 3471 5029 illis
3498 4976 3627 5030 nihil

2049 5080 2259 5136 differat
2298 5076 2545 5149 loquendi
2589 5072 2824 5129 modus?
2870 5069 2974 5127 Sed
3010 5069 3376 5125 demonstrare
3413 5066 3627 5123 difcile

2047 5182 2129 5228 est
2175 5168 2442 5241 quomodo
2483 5166 2640 5221 etiam
2685 5162 2731 5218 si
2773 5161 2885 5217 veri
2923 5160 3182 5215 dracones
3222 5157 3341 5213 facti
3392 5165 3517 5212 sunt
3559 5172 3625 5213 ex

2049 5265 2215 5336 virgis
2241 5276 2512 5332 magorum
2536 5302 2549 5325 ,
2588 5273 2693 5313 non
2722 5256 2920 5311 fuerint
2948 5264 3121 5309 tamen
3144 5260 3411 5307 creatures
3432 5251 3624 5306 draco-

2046 5372 2193 5421 num,
2226 5370 2325 5409 nec
2351 5353 2510 5423 magi,
2554 5366 2651 5405 nec
2678 5348 2849 5419 angeli
2878 5346 3004 5402 mali
3031 5345 3221 5417 quibus
3248 5344 3503 5399 ministris
3534 5344 3621 5398 illa

2046 5446 2423 5517 operabantur.
2467 5446 2649 5496 insunt
2669 5440 2811 5495 enim
2840 5436 3110 5507 corporeis
3135 5434 3417 5505 rebusper
3445 5436 3621 5491 omnia

2044 5541 2306 5596 elementa
2328 5534 2509 5591 mundi
2538 5532 2775 5606 qumdam
2797 5530 3017 5586 occulta:
3037 5526 3332 5583 seminaria:
3366 5528 3617 5598 rationes,

2044 5633 2237 5703 quibus
2262 5644 2383 5686 cum
2408 5628 2527 5683 data
2558 5627 2712 5682 fuerit
2742 5623 3108 5695 opportunitas
3127 5620 3432 5690 temporalis
3460 5630 3618 5693 atque

2043 5726 2292 5791 causalis,
2319 5729 2671 5793 prorumpunt
2691 5720 2742 5774 in
2765 5718 2968 5789 species
2994 5715 3200 5771 debitas
3227 5714 3336 5770 suis
3364 5715 3535 5769 modis
3563 5722 3617 5770 et

2044 5821 2255 5876 finibus.
2310 5818 2375 5871 Et
2412 5816 2491 5871 sic
2514 5830 2619 5871 non
2647 5810 2895 5868 dicuntur
2914 5808 3086 5879 angeli
3104 5850 3117 5872 ,
3145 5807 3233 5878 qui
3261 5806 3360 5861 ista
3393 5806 3612 5872 faciunt,

2040 5911 2345 5970 animalium
2374 5915 2675 5976 crcatores;
2703 5904 2837 5962 sicut
2863 5917 2965 5961 nec
2991 5900 3236 5979 agricolae
3262 5910 3500 5978 segetum
3528 5900 3616 5990 vel

2350 6064 2523 6085 -~-
