4094 6460
474 358 625 437 eos

522 471 771 528 arborum
793 470 876 529 vel
896 470 1230 545 quorumque
1253 471 1306 528 in
1325 480 1463 527 terra
1484 469 1808 542 gignentium
1832 475 2104 525 creatures

522 562 735 621 dicendi
760 574 907 634 sunt,
933 565 1176 637 quamvis
1204 564 1446 621 noverint
1473 564 1711 635 praebere
1734 556 1991 635 quasdam
2019 561 2105 616 vi-

519 654 707 713 sibiles
744 657 1170 730 opportunitates
1196 663 1251 713 et
1285 668 1510 724 causas,
1558 662 1618 711 ut
1659 652 1749 710 illa
1793 660 2101 709 nascantur.

521 744 676 819 Quod
706 757 883 806 autem
918 749 1006 806 isti
1042 747 1239 806 faciunt
1256 747 1553 817 Visibiliter,
1588 747 1693 803 hoc
1719 746 1889 818 angeli
1922 743 2106 800 invisi-

523 836 732 910 biliter;
762 840 907 900 Deus
931 852 1063 898 vero
1086 841 1231 898 Solus
1245 836 1265 874 ¹¹
1280 854 1441 897 verus
1455 849 1664 896 creator
1687 847 1788 903 est,
1809 838 1895 911 qui
1916 850 2104 893 causas

518 934 667 1006 ipSas
682 943 737 992 et
749 936 980 992 rationes
995 930 1305 990 seminarias
1318 926 1481 990 rebus
1496 932 1738 989 inseruit.
1754 930 1862 987 Res
1872 929 2106 987 breviter

521 1024 657 1083 dicta
674 1035 775 1094 est,
797 1040 915 1099 quae
938 1022 982 1081 si
996 1026 1255 1097 exemplis
1267 1032 1320 1080 et
1337 1023 1548 1096 copiosa
1564 1020 1918 1095 disputatione
1930 1019 2103 1092 expli-

519 1126 707 1190 Cetur,
745 1126 805 1174 ut
840 1114 1046 1174 facilius
1083 1116 1437 1189 intelligatur,
1482 1116 1643 1189 longo
1687 1122 1938 1172 Sermone
1969 1128 2104 1187 opus

519 1216 635 1277 est,
682 1226 711 1267 a
750 1225 856 1283 quo
885 1224 944 1268 se
983 1210 1120 1268 ratio
1162 1218 1358 1268 nostrae
1401 1208 1749 1267 festinationis
1774 1206 2010 1265 excusat.

590 1298 755 1359 XXII.
772 1301 878 1376 [Ib.
898 1308 997 1369 Vtt,
1155 1300 1399 1358 Fecerunt
1423 1308 1589 1357 autem
1610 1299 1842 1357 similiter
1860 1309 1905 1356 et
1927 1298 2102 1355 incan-

514 1396 697 1451 tatores
719 1388 1088 1467 ﬁgyptiorum
1111 1395 1360 1466 veneﬁciis
1385 1392 1526 1450 suis:
1549 1403 1595 1449 et
1623 1393 1913 1449 induratum
1926 1400 1996 1447 est
2017 1409 2105 1447 cor

514 1480 823 1554 Pharaonis,
845 1496 893 1541 ct
910 1498 1009 1541 non
1023 1487 1274 1541 emaudivit
1286 1500 1389 1552 eos,
1408 1487 1535 1541 sicut
1551 1487 1678 1541 dixit
1693 1484 1956 1541 Dominus.
1968 1484 2102 1541 Cum

510 1568 630 1627 inec
644 1570 915 1637 dicuntur,
938 1570 1152 1626 videtur
1172 1581 1452 1644 propterea
1472 1585 1566 1626 cor
1583 1569 1871 1625 Pharaonis
1889 1569 2105 1624 indura-

512 1671 627 1720 tum
654 1662 840 1732 fuisse,
867 1663 990 1736 quia
1019 1671 1074 1719 et
1100 1664 1459 1720 incantatores
1494 1662 1868 1736 Egyptiorum
1906 1660 2099 1717 similia

513 1756 800 1817 fecerunt:
847 1756 942 1817 sed
981 1762 1356 1833 consequentia
1398 1759 1663 1816 docebunt
1706 1768 1901 1830 quanta
1944 1756 2104 1814 fuerit

510 1848 604 1909 illa
631 1851 952 1922 obduratio,
1000 1854 1159 1910 etiam
1206 1868 1327 1909 cum
1370 1853 1730 1909 incantatores
1771 1850 2099 1907 defecerunt.

583 1944 773 2001 XXIII.
817 1945 933 2021 [Ib.
960 1960 1089 2013 vni,
1109 1944 1193 2020 7.]
1224 1944 1473 2002 Fecerunt
1498 1954 1665 2001 autem
1688 1946 1919 2001 similiter
1938 1952 1986 1999 et
2016 1937 2100 1999 in-

511 2046 794 2095 cantatores
836 2030 1209 2113 Ai'gyptiorum
1245 2036 1498 2110 veneﬁciis
1540 2039 1683 2104 suis;
1729 2048 1777 2093 et
1822 2037 2103 2093 eduxerunt

510 2140 665 2186 ranas
686 2146 841 2203 super
886 2140 1075 2187 terram
1105 2129 1345 2205 AZgypti.
1395 2130 1666 2198 Quaeritur
1702 2130 1873 2197 unde,
1918 2130 1965 2186 si
1989 2130 2099 2201 jam

509 2216 706 2294 ubique
727 2221 923 2278 factum
962 2232 1100 2280 erat.
1131 2221 1239 2279 Sed
1263 2222 1454 2277 similis
1477 2223 1701 2293 qumstio
1735 2229 1818 2277 est
1835 2263 1850 2289 ,
1879 2220 2020 2276 unde
2046 2228 2101 2276 et

508 2323 700 2384 aquam
733 2313 785 2369 in
814 2314 1125 2386 sanguinem
1157 2313 1447 2382 verterint,
1488 2316 1533 2370 si
1573 2322 1683 2370 tota
1720 2326 1855 2386 aqua
1884 2313 2099 2387 Λαὶς-γριιί

509 2404 562 2461 in
587 2407 896 2478 sanguinem
921 2422 1180 2464 conversa
1200 2408 1311 2479 jam
1335 2407 1525 2464 fuerat.
1546 2406 1775 2464 Pruinde
1801 2408 2103 2479 intelligen-

507 2497 633 2555 dum
661 2508 745 2557 est
774 2501 1045 2573 regionem
1067 2543 1084 2569 ,
1125 2500 1218 2556 ubi
1262 2500 1357 2556 ﬁlii
1384 2498 1547 2556 Israel
1569 2498 1904 2568 habitabant,
1931 2498 2100 2570 plagis

509 2591 699 2649 talibus
727 2602 832 2649 non
872 2591 1035 2649 fuisse
1063 2606 1371 2664 percussam
1414 2608 1428 2647 :
1457 2600 1510 2648 et
1542 2590 1666 2648 inde
1708 2599 1989 2662 potuerunt
2018 2590 2101 2646 in-

506 2693 810 2740 cantatores
834 2685 921 2741 vel
950 2696 1142 2756 aquam
1183 2684 1444 2751 haurire,
1485 2698 1645 2755 quam
1696 2683 1752 2738 in
1786 2682 2098 2754 sanguinem

509 2782 784 2834 verterent
807 2817 824 2844 ,
860 2776 945 2833 vel
984 2777 1189 2847 aliquas
1223 2786 1384 2831 ranas
1430 2774 1659 2830 educere
1694 2772 1779 2829 ad‘
1802 2774 1970 2829 solam
2001 2773 2096 2829 de-

506 2871 945 2926 monstrationem
988 2870 1208 2941 magicaa
1254 2868 1537 2941 potentiae.
1569 2867 1877 2937 Quanquam
1905 2874 2097 2941 potue-

505 2968 635 3015 runt
659 2960 852 3030 etiam,
879 2968 1229 3032 posteaquam
1260 2959 1353 3016 illa
1374 2972 1680 3030 compressa
1702 2966 1859 3025 sunt,
1889 2956 2094 3013 facere:

506 3051 603 3110 sed
650 3052 926 3124 Scriptura
976 3054 1084 3109 cito
1125 3051 1397 3110 narrando
1438 3052 1713 3122 conjunxit
1752 3049 1895 3121 quod
1935 3051 2095 3106 etiam

482 3140 691 3217 postea
723 3140 834 3200 ﬁeri
859 3144 1051 3215 potuit.

576 3232 769 3293 XXIV.
798 3233 905 3311 [Ib.
928 3248 1055 3306 vut,
1083 3231 1205 3310 l5.]
1225 3234 1289 3291 Et
1308 3235 1431 3291 vidit
1454 3233 1921 3306 Pharaoquoniam
1958 3233 2097 3305 facta

490 3312 579 3386 est
605 3330 947 3404 refrigeratio,
978 3337 1024 3384 et
1047 3330 1364 3400 ingravatum
1382 3336 1454 3382 est
1473 3342 1562 3381 cor
1589 3326 1698 3399 ejus
1714 3367 1731 3394 ,
1749 3333 1796 3380 et
1813 3338 1913 3381 non
1934 3338 2094 3380 emu-

505 3418 627 3475 divit
654 3436 768 3487 eos,
798 3418 929 3475 sicut
953 3418 1151 3475 dixerat
1174 3416 1441 3474 Dominus.
1474 3417 1570 3473 Hic
1594 3425 1815 3489 apparet
1840 3431 1948 3472 non
1976 3415 2095 3472 illas

504 3519 710 3568 tantum
744 3509 913 3567 fuisse
939 3523 1129 3567 causas
1166 3510 1532 3566 obdurationis
1559 3508 1737 3565 cordis
1761 3508 2054 3564 Pharaonis
2074 3550 2092 3577 ,

503 3598 644 3681 quod
668 3602 1028 3657 incantatores
1047 3599 1166 3671 ejus
1185 3599 1380 3656 similia
1403 3598 1699 3668 faciebant;
1724 3612 1913 3655 verum
1932 3598 2094 3656 etiam

504 3692 676 3765 ipsam
696 3690 791 3749 Dei
818 3693 1127 3765 patientiam
1146 3735 1162 3761 ,
1186 3707 1290 3765 qua
1318 3691 1585 3763 parcebat.
1615 3690 1873 3748 Patientia
1896 3690 1991 3748 Dei
2007 3706 2096 3749 se-

503 3781 740 3845 cundum
756 3783 919 3840 corda
945 3782 1224 3840 hominum
1242 3825 1259 3853 ,
1290 3782 1607 3854 quibusdam
1646 3781 1794 3839 utilis
1823 3782 1893 3838 ad
1916 3782 2092 3853 poeni-

504 3875 721 3931 tendum
742 3916 760 3944 ,
805 3874 1123 3947 quibusdam
1166 3872 1400 3944 inutilis,
1428 3874 1497 3931 ad
1523 3872 1879 3932 resistendum
1903 3873 2015 3930 Deo
2038 3881 2095 3930 et

503 3962 559 4027 in
585 3966 728 4025 maio
762 3967 1215 4040 perseverandum
1247 3987 1259 4024 :
1293 3978 1399 4024 non
1428 3976 1605 4024 tamen
1636 3980 1734 4040 per
1752 3978 1811 4024 se
1832 3967 1944 4039 ipsa
1970 3967 2094 4023 inu-

504 4055 613 4116 tilis
629 4067 737 4129 est,
766 4058 861 4116 Sed
878 4057 1171 4117 Secundum
1199 4068 1294 4117 cor
1316 4059 1536 4127 malum,
1556 4058 1695 4115 sicut
1708 4058 1818 4130 iam
1839 4058 2090 4114 diximus.

501 4150 617 4208 Hoc
637 4161 691 4207 et
717 4148 1009 4223 Apostolus
1034 4146 1164 4208 dicit
1191 4169 1203 4205 :
1237 4149 1457 4225 Ignoras
1484 4153 1605 4224 quia
1633 4151 1876 4225 patientia
1906 4150 1999 4204 Dei
2025 4150 2093 4205 ad

502 4243 853 4317 panitentiam
901 4253 949 4300 te
995 4242 1248 4300 adducit?
1289 4240 1582 4300 Secundum
1636 4252 1803 4298 autem
1852 4241 2094 4297 duritiam

500 4337 670 4393 cordis
695 4337 772 4393 tui
797 4344 843 4392 et
866 4335 1183 4414 impaenitens
1208 4352 1318 4405 cor,
1342 4335 1655 4390 thesaurizas
1680 4333 1769 4390 tibi
1785 4330 1916 4389 iram
1939 4334 1993 4388 in
2012 4333 2095 4388 die

498 4430 593 4488 ira
613 4439 662 4486 et
682 4430 997 4487 reuelationis
1021 4430 1144 4501 iusti
1157 4424 1343 4504 judicii
1361 4424 1484 4497 Dei,
1512 4429 1600 4502 qui
1623 4426 1798 4484 reddet
1824 4427 2094 4498 unicuique

502 4522 781 4581 secundum
819 4540 973 4597 opera
1013 4524 1125 4597 ejus
1176 4522 1196 4598 (
1232 4520 1385 4579 Rom.
1417 4537 1485 4589 ιι,
1515 4516 1661 4591 4-6).
1705 4519 1839 4576 Nam
1881 4529 1936 4575 et
1964 4518 2092 4575 alibi

500 4630 622 4672 cum
652 4612 884 4685 diceret,
914 4611 1102 4672 Christi
1130 4614 1298 4670 bonus
1333 4614 1460 4669 odor
1494 4629 1667 4669 sumus
1692 4612 1748 4668 in
1781 4609 1919 4667 omni
1946 4610 2093 4679 loco;

502 4710 669 4767 etiam
700 4704 827 4765 illud
849 4706 1089 4783 adjunxit
1109 4750 1122 4775 ,
1155 4706 1221 4763 Et
1248 4707 1301 4763 in
1318 4707 1382 4764 iis
1407 4708 1494 4780 qui
1519 4705 1649 4762 salvi
1674 4706 1807 4777 ﬁunt
1827 4747 1844 4774 ,
1870 4706 1999 4760 etin
2029 4704 2093 4760 iis

502 4801 592 4874 qui
634 4809 848 4874 pereunt
872 4797 893 4874 (
919 4799 963 4856 ll
982 4797 1101 4856 Cor.
1132 4815 1192 4871 ιι,
1224 4798 1335 4873 l5).
1360 4796 1480 4855 Non
1511 4797 1644 4856 dixit
1668 4796 1868 4855 Christi
1894 4797 2092 4853 bonum

502 4906 566 4953 se
585 4890 805 4949 odorem
833 4905 956 4948 esse
988 4888 1055 4947 iis
1091 4891 1180 4965 qui
1221 4890 1355 4947 salvi
1389 4891 1523 4947 liunt
1544 4934 1559 4959 ,
1590 4892 1789 4947 malum
1819 4899 1997 4947 autem
2026 4890 2093 4946 iis

512 4987 601 5060 qui
628 4992 889 5058 pereunt;
909 4982 1009 5042 sed
1035 4992 1237 5043 tantum
1265 4985 1468 5042 bonum
1498 4985 1721 5041 odorem
1749 4998 1808 5041 se
1835 4983 1987 5040 dixit.
2010 4980 2092 5039 Illi

505 5056 641 5141 vero
665 5080 803 5137 tales
839 5086 997 5148 sunt,
1027 5087 1084 5133 ut
1103 5088 1157 5134 et
1182 5077 1325 5134 bono
1347 5074 1513 5135 odore
1531 5084 1756 5148 pereant
1795 5056 2112 5181 secundund

500 5171 583 5229 sui
612 5168 821 5242 cordis,
848 5178 909 5226 ut
935 5183 1079 5243 saepe
1097 5166 1296 5225 dictum
1320 5176 1429 5235 est,
1463 5168 1769 5240 qualitatem
1786 5209 1802 5235 ,
1830 5178 1948 5239 quae
1971 5178 2090 5222 mu-

500 5261 662 5322 tanda
686 5269 772 5321 est
791 5261 931 5321 bona
952 5261 1227 5318 voluntate
1247 5260 1302 5316 in
1330 5260 1423 5316 Dei
1448 5260 1620 5332 gratia
1644 5301 1660 5329 ,
1682 5266 1742 5315 ut
1764 5259 2019 5330 incipiant
2036 5259 2089 5316 ei

492 5354 759 5430 prodesse
792 5353 991 5428 judicia
1034 5352 1165 5418 Dei,
1204 5366 1324 5425 quae
1366 5353 1524 5408 malis
1571 5350 1824 5407 cordibus
1872 5356 2086 5406 nocent.

504 5438 657 5506 Unde
672 5447 765 5504 ille
786 5446 1054 5503 mutatoin
1073 5444 1263 5501 melius
1277 5442 1441 5501 corde
1464 5442 1729 5508 cantabat,
1757 5440 1896 5496 Vivet
1918 5441 2091 5496 anima

497 5552 611 5605 mea
625 5580 642 5611 ,
662 5548 710 5597 et
735 5536 960 5596 laudabit
986 5548 1064 5607 te;
1080 5547 1127 5596 et
1142 5536 1334 5607 iudicia
1359 5545 1445 5591 tua
1469 5536 1782 5607 adiuvabunt
1806 5536 1919 5604 ητα(
1938 5531 2084 5589 Psal.

500 5650 687 5704 cxvtu,
712 5632 862 5707 175).
882 5630 1003 5690 Non
1026 5630 1177 5698 dixit,
1200 5631 1421 5688 Munera
1444 5640 1529 5686 tua
1544 5671 1561 5699 ,
1582 5629 1699 5699 vel,
1723 5630 1938 5701 prtemia
1962 5637 2085 5697 tua;

501 5726 626 5795 sed,
639 5722 842 5800 judicia
866 5734 973 5781 tua.
1001 5722 1219 5781 Multum
1245 5731 1328 5781 est
1365 5732 1546 5783 autem
1571 5729 1631 5779 ut
1663 5721 1871 5780 sincera
1895 5720 2085 5778 ﬁducia

564 5857 1195 5922 ιωσωωωω.

1317 354 1781 429 QUESTIONUM
1818 352 1879 411 S.
1916 349 2285 411 AUGUSTINI
2322 351 2392 410 IN
2429 354 2988 413 HEPTA'I‘EUCHUM

3686 359 3793 419 60‘

2209 458 2312 520 dici
2338 466 2540 536 possit,
2569 464 2742 522 Proba
2772 485 2866 536 me,
2897 467 3131 535 Domine,
3161 475 3209 524 et
3234 474 3370 525 tenta
3393 485 3476 526 me
3485 485 3506 538 ;
3533 486 3625 526 ure
3650 487 3793 529 renes

2202 566 2413 613 inesset
2440 572 2527 613 cor
2564 570 2752 614 meum.
2785 554 2853 615 Et
2886 568 2958 616 ne
2994 559 3098 615 sibi
3126 559 3325 631 aliquid
3346 574 3416 617 ex
3449 561 3562 617 suis
3587 560 3791 620 vitibus

2204 650 2463 706 tribuisse
2485 650 2776 718 videretur,
2807 652 3061 709 continuo
3093 652 3295 709 addidit
3318 666 3337 710 ‘:
3364 654 3617 720 Quosdam
3642 656 3793 712 trtiu-

2204 740 2427 795 rlcordia
2449 750 2536 796 tua
2562 752 2679 797 ante
2694 742 2870 798 oculos
2890 756 3027 798 meos
3059 751 3132 797 est
3148 787 3163 812 ,
3196 748 3247 799 et
3276 745 3557 817 Μαρίοιὴὶ
3578 747 3636 801 in
3659 748 3790 802 veri-

2209 836 2309 888 tate
2333 842 2418 888 tua
2436 834 2459 907 (
2475 833 2620 891 Patri.
2646 834 2848 904 ηυδε,
2874 835 2952 907 3).
2994 835 3212 893 Factam
3238 848 3362 911 erga
3380 850 3441 895 se
3460 850 3793 896 commemo-

2207 934 2291 981 rat
2313 927 2730 984 misericordiam
2752 970 2767 996 ,
2795 937 2854 985 ut
2881 929 3213 1002 cetnplaeere
3232 938 3411 1003 posset
3434 932 3491 989 in
3526 933 3785 1002 veritate;

2207 1022 2459 1092 quoniam
2481 1023 2743 1080 universae
2758 1023 2860 1081 vtae
2886 1024 3096 1082 Domini
3116 1024 3485 1084 misericordia
3511 1034 3570 1085 et
3592 1029 3793 1085 veritas

2131 1105 2136 1108 ’
2204 1106 2380 1187 (Paul.
2413 1123 2564 1176 txrv.
2583 1113 2696 1192 id).

2277 1204 2445 1264 XXV.
2476 1207 2576 1281 [Ib.
2595 1222 2711 1276 vui,
2736 1209 2850 1284 ιω
2866 1209 3025 1281 Quod
3042 1209 3291 1268 dixerunt
3309 1213 3447 1286 magi
3471 1214 3539 1271 ad
3559 1211 3795 1271 Pharao-

2204 1308 2367 1366 nem,
2401 1296 2605 1373 Digilus
2632 1300 2728 1357 Dei
2767 1300 2960 1359 esthoc
2995 1304 3035 1372 ί,
3064 1305 3315 1375 quoniam
3353 1314 3460 1363 non
3504 1314 3794 1378 potuerunt

2203 1388 2438 1447 educere
2460 1393 2786 1465 seyniphes;
2814 1405 3099 1453 senserunt
3126 1397 3368 1470 proiecto
3387 1441 3402 1467 ,
3442 1413 3566 1456 cum
3596 1400 3791 1456 artium

2202 1493 2422 1536 suarum
2465 1482 2788 1540 néfatiarum
2838 1488 3038 1543 scirent
3082 1490 3409 1560 potentiam,
3452 1505 3559 1546 non
3598 1489 3794 1549 talibus

2205 1575 2441 1641 artibus,
2482 1578 2629 1633 velut
2664 1579 2935 1649 potentior
2974 1581 3028 1636 in
3072 1582 3152 1637 eis
3192 1590 3338 1638 esset
3374 1582 3584 1656 Moyses
3612 1625 3630 1653 ,
3668 1598 3794 1641 suos

2205 1676 2428 1727 Conatus
2450 1669 2613 1728 fuisse
2640 1670 2926 1730 frustratos
2941 1717 2956 1743 ,
2975 1682 3035 1729 ut
3051 1690 3156 1730 non
3179 1684 3400 1747 possent
3424 1677 3651 1734 educere
3674 1688 3796 1752 sey-

2205 1764 2424 1835 niphes,
2458 1764 2549 1822 sed
2590 1765 2758 1839 digito
2788 1768 2912 1836 Dei,
2960 1767 3054 1840 qui
3093 1768 3275 1841 utique
3328 1770 3651 1841 operabatur
3694 1785 3792 1842 per

2204 1854 2443 1930 Moysen.
2476 1854 2681 1930 Digitus
2719 1868 2896 1917 autem
2924 1859 3017 1917 Dei
3043 1903 3058 1928 ,
3084 1861 3223 1918 sicut
3247 1861 3594 1935 Evangelium
3622 1864 3794 1919 mani-

2204 1948 2494 2008 festissime
2547 1951 2820 2025 loquitur,
2882 1953 3115 2027 Spiritus
3183 1965 3397 2013 sanctus
3459 1958 3791 2030 intelligitur.

2201 2040 2443 2115 Namque
2470 2059 2578 2100 uno
2612 2047 2933 2118 evangelista
2958 2048 3030 2102 ita
3060 2058 3318 2106 narrante
3355 2050 3517 2105 verba
3550 2051 3789 2118 Domini,

2208 2143 2266 2190 ut
2283 2135 2487 2193 diceret
2508 2178 2522 2203 ,
2548 2136 2609 2193 Si
2636 2154 2726 2209 ego
2751 2140 2804 2193 in
2834 2139 2993 2212 digito
3017 2138 3117 2197 Dei
3144 2142 3294 2213 ejicio
3323 2142 3577 2198 daemonia
3614 2143 3635 2216 (
3663 2142 3789 2199 Luc.

2209 2227 2436 2301 x1,20);
2467 2230 2601 2286 alius
2628 2232 2952 2303 evangelista
2990 2218 3219 2306 idipsum
3255 2251 3479 2293 narrans
3524 2252 3793 2308 exponere

2207 2319 2377 2375 voluit
2404 2321 2529 2392 quid
2570 2322 2641 2378 sit
2685 2322 2881 2394 digitus
2911 2324 3037 2393 Dei,
3078 2336 3132 2382 et
3159 2327 3261 2395 ait,
3311 2327 3373 2384 Si
3398 2345 3488 2401 ego
3516 2329 3569 2383 in
3596 2326 3797 2402 Spiritu.

2202 2407 2301 2467 Dei
2336 2412 2483 2479 eiicio
2506 2412 2757 2469 dwmonia
2781 2415 2800 2487 (
2821 2414 3009 2469 Matth.
3029 2431 3106 2472 xu
3125 2460 3138 2484 ,
3160 2414 3276 2490 ‘28).
3302 2416 3433 2473 Cum
3460 2421 3637 2491 itaque
3654 2434 3796 2492 magi

2202 2499 2515 2569 faterentur,
2543 2519 2767 2574 quorum
2792 2504 2998 2561 Pharao
3027 2507 3262 2577 potentia
3291 2506 3626 2579 prtelldebat,
3653 2509 3794 2581 digi-

2201 2602 2314 2652 tum
2344 2598 2437 2653 Dei
2460 2610 2578 2654 esse
2608 2599 2660 2654 in
2692 2598 2873 2673 Moyse
2892 2642 2908 2667 ,
2936 2600 2990 2656 in
3019 2615 3127 2673 quo
3173 2602 3584 2674 superabantur,
3616 2613 3670 2659 et
3696 2619 3795 2661 eo-

2201 2698 2319 2745 rum
2346 2690 2601 2747 venelicia
2624 2690 3047 2761 frustrabantur;
3072 2701 3253 2751 tamen
3274 2694 3576 2752 induratum
3598 2706 3681 2751 est
3701 2712 3798 2752 cor

2201 2779 2495 2837 Pharaonis
2524 2798 2666 2839 nunc
2685 2782 2915 2839 mirabili
2945 2786 3164 2841 omnino
3189 2785 3519 2843 duritia.Cur
3540 2797 3719 2843 autem
3740 2789 3795 2844 in

2199 2874 2355 2928 tertia
2377 2873 2475 2928 ista
2495 2875 2649 2946 plaga
2675 2876 2813 2946 magi
2835 2873 3131 2932 defecerint
3159 2877 3301 2950 (nam
3325 2878 3493 2951 plagae
3514 2887 3797 2951 coeperunt

2200 2980 2268 3021 ex
2297 2981 2402 3037 quo
2428 2980 2561 3038 aqua
2602 2967 2655 3023 in
2685 2970 2997 3040 sanguinem
3024 2984 3180 3026 versa
3212 2968 3371 3045 est),
3404 2980 3459 3028 et
3505 2973 3709 3030 sentire
3739 2983 3798 3029 et

2200 3059 2470 3128 explicare
2486 3059 2699 3117 difﬁcile
2725 3071 2825 3118 est.
2844 3062 3097 3119 Poterant
3126 3064 3271 3120 enim
3298 3074 3350 3120 et
3371 3064 3422 3120 in
3450 3067 3623 3137 primo
3638 3067 3796 3139 signo

2200 3149 2429 3206 deiicere
2448 3195 2462 3219 ,
2492 3152 2581 3208 ubi
2612 3156 2664 3208 in
2694 3162 2997 3227 Serpentem
3025 3156 3174 3227 virga
3200 3172 3458 3212 conversa
3503 3164 3615 3225 est;
3644 3164 3700 3214 et
3733 3156 3791 3214 in

2197 3244 2367 3315 prima
2391 3245 2573 3318 plaga,
2609 3247 2696 3302 ubi
2725 3263 2862 3320 aqua
2896 3247 2948 3303 in
2978 3248 3292 3320 sanguinem
3322 3240 3642 3305 commutata
3668 3257 3790 3317 est;

2199 3337 2331 3399 etin
2359 3336 2590 3394 secunda
2618 3337 2686 3394 de
2716 3340 2861 3396 ranis
2883 3382 2897 3407 ,
2930 3340 2976 3395 si
3015 3339 3120 3397 hoc
3144 3340 3401 3397 voluisset
3425 3340 3620 3413 digitus
3646 3341 3741 3396 Dei
3772 3385 3789 3408 ,

2200 3422 2253 3485 id
2283 3437 2365 3485 est
2389 3426 2617 3501 Spiritus
2642 3430 2754 3487 Dei.
2784 3432 2914 3500 Quis
2944 3432 3086 3488 enim
3121 3417 3554 3491 dementissimus
3590 3432 3792 3488 dixerit

2199 3517 2419 3593 digitum
2450 3520 2543 3576 Dei
2574 3519 2627 3576 in
2656 3520 2759 3577 hoc
2800 3521 2952 3593 signo
2980 3522 3218 3593 potuisse
3261 3535 3484 3579 conatus
3513 3537 3793 3594 magorum

2198 3604 2457 3691 impedire.
2477 3655 2491 3681 ,
2510 3612 2632 3669 etin
2654 3613 3016 3684 superioribus
3046 3612 3386 3686 nequivisse?
3413 3610 3641 3670 Omnino
3661 3629 3795 3687 ergo

2197 3714 2339 3761 certa
2368 3720 2525 3760 causa
2551 3713 2633 3761 est
2670 3720 2835 3777 quare
2873 3702 2964 3761 illa
2991 3705 3171 3762 facere
3199 3702 3305 3761 huc
3340 3720 3507 3778 usque
3540 3706 3794 3778 permissi

2198 3804 2342 3851 sunt.
2374 3795 2792 3853 Commendatur
2815 3798 2957 3854 enim
2982 3794 3209 3854 fortasse
3242 3792 3511 3867 Trinitas,
3550 3807 3603 3854 et
3638 3798 3790 3870 quod

2198 3902 2385 3945 verum
2414 3896 2498 3944 est
2518 3928 2535 3956 ,
2574 3889 2767 3945 summi
2795 3888 3100 3962 philosophi
3123 3892 3391 3962 gentium,
3419 3898 3677 3963 quantum
3722 3888 3787 3946 in

2196 3994 2383 4036 eorum
2413 3977 2606 4037 litteris
2633 3976 2915 4052 indagatur
2933 4023 2949 4050 ,
2980 3980 3095 4037 sine
3121 3980 3320 4052 Spiritu
3345 3992 3529 4038 sancto
3545 3981 3791 4053 philoso—

2197 4071 2343 4145 phati
2359 4074 2502 4135 sunt.
2516 4068 2756 4144 quamvis
2770 4072 2837 4129 de
2851 4070 3008 4130 Patre
3019 4073 3216 4130 etFilio
3232 4090 3338 4131 non
3352 4077 3627 4143 tacuerint,
3642 4075 3792 4147 quod

2197 4162 2359 4220 etiam
2402 4164 2659 4238 Didymus
2689 4165 2741 4220 in
2761 4164 2901 4221 libro
2925 4181 3023 4222 suo
3048 4166 3323 4235 meminit,
3373 4182 3529 4238 quem
3572 4168 3796 4238 scripsit

2197 4254 2265 4311 de
2290 4255 2489 4329 Spiritu
2511 4262 2695 4312 sancto
2720 4254 2999 4330 (Didymus
3021 4257 3072 4312 in
3094 4257 3220 4312 litui
3250 4257 3314 4312 de
3342 4254 3541 4329 Spiritu
3562 4253 3787 4332 sancto).
3836 4298 3841 4301 -

2267 4338 2461 4401 XXVI.
2490 4344 2605 4421 [Ib.
2638 4362 2751 4414 vui,
2790 4345 3009 4421 21-23.]
3028 4346 3160 4402 Ecce
3183 4365 3272 4420 ego
3300 4348 3442 4403 mitto
3467 4349 3519 4403 in
3560 4358 3626 4418 te,
3658 4349 3791 4404 etin

2197 4451 2367 4492 servos
2394 4446 2506 4493 tuos
2522 4479 2550 4533 ι
2570 4447 2615 4492 et
2641 4438 2694 4492 in
2721 4438 2966 4510 papulum
2992 4448 3135 4496 tuum
3157 4480 3171 4505 ,
3201 4444 3249 4495 et
3272 4440 3324 4494 in
3350 4439 3523 4496 domos
3550 4450 3662 4495 tuas
3690 4457 3790 4513 cg-

2197 4528 2473 4600 nomyiam,
2493 4524 2538 4583 el
2552 4524 2891 4598 implebantur
2904 4528 3082 4585 domus
3102 4529 3465 4603 ngyptiorum
3483 4534 3749 4605 cynomyia
3764 4548 3791 4601 ;

2197 4628 2255 4674 ut
2289 4616 2419 4675 scias
2441 4620 2675 4693 quoniam
2704 4636 2794 4693 ego
2819 4638 2932 4676 sum
2959 4612 3209 4679 Dominus
3236 4620 3376 4679 Deus
3405 4625 3566 4680 omnis
3596 4634 3742 4681 teme
3761 4644 3785 4683 :

2198 4718 2245 4767 et
2268 4711 2397 4766 dabo
2426 4711 2746 4767 intervallum
2774 4711 2904 4766 inter
2922 4713 3169 4785 populum
3198 4718 3363 4769 meum
3392 4722 3436 4769 et
3465 4715 3593 4769 inter
3616 4733 3791 4788 papu—

2197 4805 2305 4860 lum
2331 4814 2492 4859 tuum.
2520 4798 2673 4874 Quod
2696 4800 2785 4859 hic
2810 4800 3081 4875 Scriptura
3107 4807 3351 4877 aperuit,
3382 4821 3451 4863 ne
3479 4800 3675 4879 ubique
3696 4807 3787 4863 di-

2199 4904 2386 4965 ceret,
2415 4894 2710 4968 intelligere
2735 4893 2992 4957 debemus
3016 4905 3071 4952 et
3100 4897 3153 4951 in
3198 4896 3579 4970 posterioribus
3626 4907 3681 4954 et
3725 4898 3787 4955 in

2199 4986 2467 5062 prioribus
2514 4985 2680 5058 signis
2706 4985 2904 5043 factum
2930 5002 3048 5043 esse
3068 5029 3083 5057 ,
3113 4996 3170 5043 ut
3197 4990 3334 5045 terra
3359 4982 3414 5046 in
3444 5005 3545 5061 qua
3571 4986 3787 5046 habita-

2199 5074 2290 5136 bat
2327 5076 2557 5151 populus
2576 5070 2701 5145 Dei,
2733 5077 2895 5134 nullis
2924 5077 3091 5152 plagis
3124 5078 3316 5135 talibus
3348 5087 3647 5137 vexaretur.
3673 5080 3788 5153 Op-

2198 5179 2485 5245 portunum
2514 5175 2689 5225 autem
2710 5163 2811 5223 fuit
2831 5177 2887 5224 ut
2908 5169 2978 5224 ibi
2996 5167 3100 5225 hoc
3117 5174 3300 5241 aperte
3316 5180 3620 5242 poneretur,
3641 5170 3788 5227 unde

2191 5262 2303 5336 jam
2344 5260 2605 5333 incipiunt
2651 5259 2802 5333 signa
2827 5261 3023 5332 quibus
3065 5262 3205 5335 magi
3252 5260 3445 5318 similia
3473 5278 3574 5320 nec
3602 5263 3783 5318 conati

2195 5364 2321 5415 Sunt
2345 5354 2521 5412 facere
2556 5372 2569 5410 :
2600 5351 2789 5425 procul
2810 5352 2975 5410 dubio
3003 5355 3147 5411 enim
3193 5355 3315 5427 quia
3341 5355 3536 5426 ubique
3572 5353 3788 5411 fuerant

2189 5434 2482 5520 v'scyniphes
2503 5443 2558 5499 in
2583 5457 2747 5517 regno
2771 5440 3064 5502 Pharaonis
3082 5487 3098 5514 ,
3140 5462 3247 5501 non
3276 5455 3454 5502 autem
3490 5446 3701 5503 fuerant
3723 5444 3782 5502 in

2198 5550 2339 5600 terra
2365 5536 2569 5596 Gessen
2591 5579 2608 5603 ,
2655 5536 2727 5593 ibi
2750 5539 2926 5595 conati
2954 5550 3084 5595 sunt
3108 5542 3245 5612 magi
3272 5540 3517 5597 similiter
3560 5538 3737 5599 facere
3760 5582 3780 5612 ,

2194 5641 2251 5691 et
2269 5631 2493 5690 minime
2515 5639 2817 5703 potuerunt.
2847 5628 3141 5702 Quousque
3162 5647 3290 5705 ergo
3309 5629 3619 5701 deﬁcerent,
3644 5626 3779 5689 nihil

2189 5790 2503 5911 “sistam
2529 5788 2673 5854 juxta
2700 5787 3382 5877 ετωαωίιιιθι-μθωιίοηθω
3410 5791 3779 5857 ιχιηθάιιι.
