4094 6482
354 475 423 533 de
450 474 593 530 illius
639 481 797 528 terra:
832 468 1204 541 segregatione
1236 466 1433 523 dictum
1472 474 1586 533 est;
1617 464 1712 521 sed
1741 479 1805 519 ex
1831 468 1935 533 quo

350 575 635 637 caper-unt
663 578 728 620 ea
752 562 867 619 ﬁeri
886 603 903 631 ,
934 559 1029 617 ubi
1049 560 1159 630 iatn
1188 559 1265 615 illi
1309 559 1499 616 similia
1524 558 1701 614 facere
1726 569 1823 611 nec
1846 567 1938 610 co-

353 662 469 718 nari
495 658 785 715 auderent.

424 751 640 811 xxvtt.
660 749 769 826 ne.
790 763 906 816 nn,
927 746 1044 820 ss]
1064 746 1215 814 Quod
1232 745 1379 803 nam
1396 743 1610 809 habent,
1635 741 1937 795 Euntesim-

353 847 540 902 aelate
565 844 792 899 Domine
810 842 919 896 Deo
941 850 1102 896 oestro
1124 840 1178 893 in
1200 847 1333 893 terra
1346 838 1388 905 ⁸,
1403 848 1609 908 grtecus
1632 832 1810 894 habet,
1838 828 1937 885 Ve-

353 939 549 993 nientes
566 935 647 1008 (ι)
666 935 924 989 inmolato
949 931 1162 986 Domino
1180 929 1287 984 Deo
1301 938 1461 983 oestro
1474 928 1528 979 in
1546 935 1698 979 terra.
1719 921 1939 977 Nolebat

350 1029 502 1085 enim
530 1041 625 1083 eos
648 1027 729 1082 ire
757 1038 865 1097 quo
902 1022 1191 1089 dicebam,
1237 1021 1333 1077 sed
1371 1029 1428 1074 ut
1463 1018 1571 1072 illic
1606 1018 1660 1071 in
1708 1015 1938 1086 [Egypto

356 1119 719 1184 immolat-ent,
748 1116 983 1172 volebat.
1009 1115 1120 1170 Hoc
1142 1112 1429 1170 ostendunt
1446 1110 1606 1165 verba
1629 1109 1793 1179 Moysi
1816 1122 1938 1177 quae

354 1218 675 1280 sequuntur,
708 1206 798 1261 ubi
829 1205 962 1263 dicit
988 1219 1097 1262 non
1116 1217 1275 1275 posse
1294 1202 1406 1258 ﬁeri
1432 1209 1647 1273 propter
1664 1198 1937 1254 abomina-

322 1326 327 1329 Α
352 1301 530 1359 tiones
558 1298 951 1371 Egyptiorum.

425 1406 666 1468 XXVI".
692 1408 806 1484 [1b.
826 1425 939 1475 vtu,
973 1406 1089 1484 26.]
1114 1407 1267 1478 Quod
1285 1409 1357 1464 ait
1380 1407 1608 1479 Moyses,
1630 1406 1750 1463 Non
1779 1415 1939 1479 potest

356 1503 468 1574 ﬁeri
500 1503 573 1557 sic
602 1517 623 1557 :
654 1501 1058 1556 abominationes
1086 1502 1217 1555 enim
1243 1499 1608 1571 Egi/ptimum
1650 1499 1935 1554 immolabi-

354 1610 467 1648 mus
484 1593 705 1648 Domino
724 1590 836 1646 Deo
859 1601 1029 1646 nostro
1047 1606 1067 1646 :
1081 1591 1132 1646 id
1146 1599 1245 1658 est,
1272 1591 1385 1646 haec
1410 1589 1729 1645 immolaturi
1754 1603 1936 1644 sumus

357 1701 477 1758 quae
504 1684 884 1740 abominantur
913 1682 1181 1756 Egyptii,
1220 1691 1275 1739 et
1306 1690 1584 1753 propterea
1612 1681 1664 1737 in
1707 1681 1936 1753 Egypto

355 1791 464 1832 non
490 1791 777 1848 possumus
809 1793 822 1830 :
849 1776 951 1831 hoc
982 1776 1320 1830 manifestam
1345 1775 1503 1831 verba
1544 1790 1663 1846 quae
1700 1774 1936 1844 adjungit

358 1876 413 1924 et
439 1868 610 1933 dicit,
635 1867 695 1923 Si
722 1868 850 1921 enim
879 1867 1299 1921 immolaverimus
1323 1866 1713 1920 abominationes
1735 1863 1934 1936 ﬁgyp-

358 1963 548 2016 tiaram
587 1959 758 2031 palam
778 1959 900 2028 ipsis
924 2000 940 2026 ,
973 1959 1333 2031 laptdabimur.
1365 1958 1476 2014 Hoc
1500 1974 1607 2014 non
1636 1958 1934 2028 intelligen-

361 2064 440 2108 tes
460 2053 677 2123 quidam
702 2053 1019 2122 interpretes
1045 2051 1211 2106 nostri
1230 2094 1246 2118 ,
1296 2052 1373 2108 sic
1402 2050 1731 2121 interpretati
1769 2059 1932 2118 sunt,

357 2155 415 2199 ut
436 2144 708 2211 dicerent,
746 2143 861 2198 Non
891 2152 1067 2214 potest
1100 2144 1212 2199 fieri
1243 2146 1321 2199 sic
1349 2161 1362 2197 :
1386 2143 1637 2215 numquid
1665 2144 1935 2199 abomina-

355 2235 531 2291 tiones
551 2234 924 2307 Egyptiorum
944 2234 1339 2291 immolabimus
1360 2236 1583 2291 Domino
1606 2237 1710 2291 Deo
1731 2235 1938 2290 nostro?

356 2326 491 2382 Cum
514 2329 682 2399 magis
712 2326 815 2383 hoc
842 2325 1120 2398 Scriptura
1147 2327 1368 2395 dixerit,
1410 2327 1529 2398 quia
1569 2326 1936 2399 [Egyptiorum

356 2420 784 2476 abominationes
813 2419 1150 2475 immolaturi
1196 2427 1339 2475 sunt.
1395 2420 1496 2475 Alii
1521 2434 1649 2476 vero
1677 2419 1822 2474 latini
1861 2421 1939 2475 sic

359 2510 578 2575 habent,
607 2510 722 2565 Non
755 2519 935 2581 potest
965 2510 1080 2566 fieri
1111 2511 1186 2565 sic
1214 2552 1227 2576 ,
1256 2511 1503 2583 quoniam
1523 2510 1938 2573 abominationes

358 2601 739 2674 .Egyptiorum
774 2618 880 2658 non
915 2602 1309 2658 immolabimus
1340 2604 1563 2659 Domino
1600 2604 1706 2657 Deo
1732 2612 1934 2657 nostro.

357 2694 698 2749 Contrarium
748 2708 966 2749 sensum
1017 2694 1143 2749 facit
1181 2692 1358 2749 addita
1394 2694 1650 2765 particula
1674 2693 1935 2763 negativa,

358 2798 481 2838 cum
526 2782 737 2855 Moyses
762 2783 956 2839 dixerit
983 2824 998 2849 ,
1030 2782 1153 2837 Non
1184 2792 1347 2854 potest
1384 2784 1495 2853 ﬁeri
1523 2784 1593 2837 sic
1635 2800 1653 2837 :
1680 2783 1938 2838 abomina-

359 2875 522 2929 tiones
568 2875 702 2929 enim
742 2872 1112 2947 ngptiorum
1141 2876 1508 2931 immolabimus
1559 2874 1776 2930 Domino
1830 2874 1937 2931 Deo

358 2973 535 3019 nostra
560 2979 581 3020 :
604 2974 658 3021 et
678 2964 797 3021 ideo
819 2965 871 3020 in
901 2980 1146 3023 eremum
1172 2966 1417 3022 dicebant
1441 2983 1499 3022 se
1528 2967 1603 3023 ire
1628 2967 1762 3024 velle
1786 3010 1800 3035 ,
1848 2968 1935 3023 ubi

361 3052 597 3127 Egyptii
614 3070 718 3110 non
735 3056 975 3112 viderent
1005 3056 1427 3113 abominationes
1452 3072 1592 3113 suas.
1625 3058 1734 3113 Hoc
1760 3068 1936 3115 autem

361 3148 761 3218 intelligendum
788 3158 871 3205 est
897 3151 1125 3221 mystice
1154 3150 1468 3220 significari,
1515 3151 1656 3222 quod
1683 3153 1841 3207 etiam
1870 3152 1937 3209 de

360 3239 665 3308 pastoribus
689 3239 912 3294 dicimus
938 3280 954 3306 ,
985 3242 1073 3311 qui
1102 3250 1252 3295 erant
1270 3240 1530 3313 Egyptiis
1557 3240 1935 3299 abominabiles

361 3330 382 3399 (
408 3327 536 3383 Gen.
562 3343 706 3395 xm,
737 3330 806 3385 54
838 3331 857 3400 )
882 3348 897 3396 ;
931 3339 982 3385 et
1005 3332 1125 3386 ideo
1152 3341 1445 3401 separatam
1470 3342 1661 3388 terram
1685 3333 1936 3390 lsraelitte

358 3429 682 3488 acceperunt
703 3462 719 3488 ,
746 3435 870 3475 cum
900 3430 1160 3477 venerunt
1186 3422 1239 3477 in
1269 3422 1576 3495 Egyptum.
1607 3424 1694 3479 Sic
1715 3426 1854 3480 enim
1882 3432 1938 3480 et

359 3510 622 3565 sacriﬁcia
648 3508 1004 3566 lsraelitarunt
1027 3512 1447 3569 abominationes
1474 3523 1597 3570 sunt
1632 3513 1895 3588 Egyptiis
1915 3557 1931 3582 ,

356 3601 497 3655 sicut
522 3602 712 3672 iniquis
737 3603 843 3656 vita
861 3603 1145 3685 jusprum.

430 3690 600 3747 XXIX
612 3730 624 3745 .
645 3690 982 3766 [lb.vm,52.]
998 3694 1131 3749 Cum
1153 3695 1325 3750 ablata
1342 3706 1482 3752 esset
1498 3697 1720 3765 locusta,
1735 3697 1933 3754 dictum

356 3792 440 3839 est
464 3783 535 3838 de
552 3784 847 3851 Pharaone,
878 3784 940 3839 Et
972 3786 1247 3857 iugravarit
1284 3787 1490 3843 Pharao
1515 3802 1600 3843 cor
1620 3806 1766 3846 suum
1786 3791 1935 3851 etiam

354 3876 410 3928 in
434 3875 528 3929 hoc
555 3885 794 3947 tempore,
822 3888 868 3932 et
892 3880 1053 3933 noluit
1080 3880 1325 3935 dimittere
1344 3884 1602 3954 populum.
1623 3883 1778 3941 Certe
1795 3901 1935 3942 nunc

357 3980 467 4019 non
495 3965 693 4021 dictum
720 3976 805 4023 est
827 4010 840 4034 ,
874 3967 1209 4039 ingravatum
1234 3980 1316 4027 est
1341 3988 1433 4027 cor
1453 3974 1778 4043 Pharaonis;
1805 3978 1930 4046 sed,

354 4057 640 4128 iugramil
675 4058 883 4114 Pharao
919 4077 1008 4115 cor
1034 4074 1198 4116 suum.
1243 4063 1333 4120 Sic
1372 4064 1552 4136 utique
1594 4067 1646 4121 in
1689 4068 1934 4126 omnibus

356 4150 548 4222 plagis.
573 4152 613 4206 A
637 4153 909 4209 voluntate
930 4156 1128 4226 quippe
1146 4155 1373 4213 hominis
1396 4166 1476 4213 est
1496 4161 1643 4231 origo
1662 4161 1928 4217 vitiorum:

359 4253 651 4300 moventur
676 4254 853 4301 autem
892 4248 1070 4303 causis
1095 4249 1259 4304 corda
1289 4250 1561 4307 hominum
1581 4292 1597 4320 ,
1643 4253 1765 4309 talia
1811 4254 1888 4310 sic
1914 4296 1931 4323 ,

358 4338 483 4393 talia
504 4352 633 4393 vero
658 4340 764 4407 sic,
789 4341 951 4396 etiam
980 4356 1085 4397 non
1112 4341 1343 4399 diversis
1368 4345 1542 4399 causis
1570 4348 1933 4416 saepediverso

357 4428 523 4482 modo
543 4467 561 4494 ,
593 4429 881 4485 secundum
903 4431 1146 4501 proprias
1174 4432 1472 4503 qualitates,
1501 4451 1618 4506 quae
1649 4452 1714 4491 ex
1740 4437 1932 4493 volun-

354 4522 555 4576 tatibus
580 4522 812 4579 veniunt.

432 4613 599 4669 XXX.
626 4612 724 4687 [lbt
757 4628 835 4678 ιι,
864 4613 940 4687 7.]
979 4614 1169 4670 Videris
1196 4625 1365 4671 autem
1388 4617 1590 4673 Pharao
1608 4620 1724 4691 quia
1744 4637 1842 4675 non
1863 4631 1934 4676 est

355 4716 612 4758 mortuum
631 4704 694 4758 de
711 4706 969 4775 pecoribus
988 4707 1213 4777 ﬁliorum
1235 4708 1398 4764 Israel
1418 4711 1596 4777 ullum,
1620 4714 1934 4784 ingravatum

353 4806 431 4850 est
450 4813 540 4850 eor
562 4794 868 4851 Pltamm's.
896 4797 1174 4864 Quomodo
1209 4814 1275 4855 ex
1303 4803 1583 4859 contrariis
1604 4806 1776 4860 causis
1799 4805 1933 4863 facta

355 4898 441 4944 est
464 4888 582 4944 huic
609 4890 899 4960 ingravatio
923 4892 1098 4947 cordis
1138 4892 1464 4949 Pharaonis?
1492 4897 1547 4950 Si
1584 4898 1723 4951 enim
1761 4906 1815 4953 et
1846 4915 1935 4969 pe-

357 4996 482 5036 cora
511 4980 865 5037 lsraelitarum
904 4974 1258 5056 morerentur,
1310 4993 1433 5040 tunc
1468 4986 1737 5043 videretur
1776 5003 1933 5046 causa

355 5080 668 5143 competens
689 5087 799 5144 qua
828 5086 927 5128 cor
956 5074 1072 5144 ejus
1113 5075 1475 5145 ingravaretur
1498 5076 1562 5131 ad
1588 5087 1934 5134 contemnen-

355 5164 486 5219 dum
512 5165 700 5231 Deum,
732 5173 977 5235 tanquam
1005 5166 1049 5220 si
1076 5175 1131 5221 et
1150 5168 1286 5238 magi
1318 5168 1430 5239 ejus
1459 5183 1647 5238 pecora
1671 5171 1934 5228 Israelita-

355 5271 479 5313 rum
504 5255 756 5311 iecissent
782 5255 951 5312 mori:
978 5268 1119 5311 nunc
1144 5273 1275 5313 vero
1294 5259 1429 5313 unde
1454 5259 1634 5315 debuit
1656 5262 1721 5316 ad
1743 5263 1933 5318 timen-

354 5347 483 5403 dum
529 5348 614 5404 vel
662 5348 988 5405 credendum
1032 5351 1254 5427 moveri,
1308 5351 1491 5407 videns
1531 5353 1730 5408 nullum
1775 5369 1934 5424 pecus

356 5446 625 5495 mortuum
670 5454 738 5495 ex
778 5438 1063 5511 pecoribus
1105 5440 1478 5511 Hebraeorum,
1526 5444 1649 5499 hinc
1691 5446 1935 5516 ingrava-

422 5574 439 5605 ³
465 5572 603 5645 εάἱιι,
623 5572 677 5624 in
699 5578 830 5645 terra
967 5574 1112 5625 Abest
1125 5574 1495 5645 demonstrativa
1509 5577 1739 5645 pa_rticula
1755 5592 1784 5630 a
1804 5587 1934 5645 Mss,

358 5635 499 5686 mest
518 5648 718 5709 quoque
758 5637 1262 5709 abninterpretatione
1285 5645 1412 5700 LXX,
1434 5635 1532 5703 quo
1552 5639 1606 5691 iit
1624 5647 1681 5694 ut
1714 5635 1936 5708 Augusti;

360 5710 475 5747 num
494 5697 592 5747 nun
614 5697 781 5761 pigeat
798 5697 1043 5755 illustrare
1064 5699 1192 5753 hunc
1210 5700 1385 5751 locum.

423 5780 499 5845 (α)
521 5779 776 5836 Em

1670 347 1871 404 LIBER
1910 345 2283 406 SECUNDUS.

3505 352 3609 409 606

2044 472 2150 520 tum
2182 477 2293 529 est:
2328 466 2379 524 id
2404 476 2503 537 est,
2535 464 2624 526 illa
2656 468 2945 541 ingravatio
2968 470 3126 526 etiam
3148 469 3251 525 huc
3278 485 3443 541 usque
3474 482 3607 541 pro-

2035 572 2215 628 gressa
2245 569 2346 615 est.

2110 649 2304 705 XXXI.
2336 650 2434 724 [1b.
2457 668 2530 719 ιι,
2552 651 2631 725 8.]
2650 652 2790 721 Quid
2804 661 2889 708 est
2901 652 3042 724 quod
3054 653 3338 710 diem)“
3350 653 3419 708 ad
3435 654 3608 708 Aaron

2034 746 2094 793 et
2127 739 2362 811 Moysen,
2407 741 2605 796 Sumite
2637 742 2774 797 vobis
2810 743 3182 813 pleusmam
3207 742 3395 818 [nulla
3416 746 3480 799 de
3506 748 3611 815 for-

2037 846 2180 898 noce,
2203 840 2253 885 et
2280 843 2511 904 aspergat
2541 833 2742 905 Moyses
2767 835 2821 888 in
2847 835 3026 893 calum
3061 852 3231 890 coram
3268 835 3540 891 Pharaone
3563 844 3610 890 et

2036 940 2208 977 coram
2235 926 2388 979 seruis
2411 926 2538 997 ejus,
2562 936 2613 981 et
2640 927 2729 995 ﬁat
2755 928 2917 996 puluis
2940 928 2997 982 in
3016 929 3247 985 «sirena
3266 938 3403 987 tam
3438 928 3609 999 lyg-

2039 1018 2108 1086 pti
2126 1018 2151 1070 ?
2178 1016 2337 1089 Signa
2376 1020 2518 1074 enim
2562 1021 2859 1089 superiora,
2888 1022 3037 1093 virga
3074 1022 3291 1091 ﬁebant,
3320 1039 3474 1093 quam
3501 1039 3609 1079 non

2038 1108 2264 1178 Moyses,
2292 1110 2387 1164 sed
2424 1112 2599 1165 Aaron
2624 1111 2706 1166 vel
2729 1112 3053 1168 extendebat
3086 1128 3247 1185 super
3283 1130 3494 1186 aquam,
3525 1116 3609 1170 vel

2039 1214 2101 1254 ea
2128 1208 2321 1255 terram
2350 1202 2706 1270 percutiebat:
2731 1218 2873 1257 nunc
2893 1218 3022 1259 vero
3048 1204 3379 1276 interpositis
3401 1205 3609 1262 duobus

2036 1293 2200 1363 signis
2214 1293 2282 1348 de
2296 1295 2572 1366 cynomyia
2590 1302 2644 1349 et
2659 1310 2905 1365 pecorum
2921 1298 3198 1364 mortibus,
3216 1299 3303 1354 ubi
3322 1314 3420 1354 nec
3436 1302 3612 1354 Aaron

2038 1399 2137 1438 nec
2150 1383 2357 1456 Moyses
2370 1384 2565 1455 aliquid
2577 1401 2735 1440 manu
2751 1389 2951 1457 operati
2969 1396 3111 1455 sunt,
3124 1388 3320 1444 dicitur
3334 1398 3390 1444 ut
3405 1390 3613 1461 Moyses

2038 1474 2266 1531 favillam
2304 1486 2516 1547 spargat
2552 1478 2605 1532 in
2644 1479 2834 1534 cmlum
2862 1478 2930 1535 de
2958 1478 3192 1549 fornace,
3221 1492 3274 1540 ct
3294 1482 3429 1539 hanc
3454 1482 3613 1537 ambo

2038 1583 2248 1624 sumere
2268 1568 2538 1639 iubentur,
2560 1571 2653 1626 sed
2675 1572 2763 1626 ille
2786 1587 3035 1642 spargere
3057 1589 3163 1629 non
3194 1575 3248 1628 in
3280 1583 3496 1641 terram,
3518 1574 3613 1630 sed

2037 1660 2093 1715 in
2118 1661 2308 1716 ccelum
2330 1680 2342 1715 :
2366 1670 2612 1732 tanquam
2636 1664 2808 1719 Aaron
2832 1665 2917 1735 qui
2937 1666 3089 1721 datus
3118 1674 3231 1721 erat
3254 1666 3318 1721 ad
3336 1666 3607 1737 populum,

2038 1758 2233 1807 terram
2263 1760 2539 1821 percutere
2557 1752 2797 1823 deberet,
2820 1755 2906 1811 vel
2930 1756 2984 1810 in
3002 1764 3195 1813 terram
3215 1757 3328 1811 sive
3344 1757 3393 1810 in
3420 1771 3610 1827 aquam

2037 1856 2251 1896 manum
2279 1842 2596 1909 extendere;
2625 1843 2832 1915 Moyses
2854 1860 2999 1907 vero,
3043 1847 3110 1901 de
3145 1848 3251 1917 quo
3274 1847 3475 1903 dictum
3507 1858 3609 1915 est,

2042 1930 2153 1985 Erit
2172 1931 2260 1986 tibi
2283 1930 2356 2003 (a)
2377 1949 2488 2002 qua
2512 1932 2579 1986 ad
2608 1933 2771 1988 Deum
2796 1934 2984 1999 (Earl.
3011 1951 3089 2001 tv,
3114 1937 3225 2007 ιϐ),
3249 1937 3301 1991 in
3316 1938 3506 1992 oculum
3530 1938 3612 2007 ju-

2039 2018 2194 2076 betur
2216 2022 2443 2077 favillam
2458 2037 2724 2092 spargere.
2748 2024 2884 2089 Quid
2912 2025 3017 2080 duo
3032 2026 3119 2079 illa
3149 2027 3419 2097 superiora
3439 2028 3609 2098 signa,

2039 2112 2127 2167 ubi
2158 2128 2255 2167 nec
2282 2113 2488 2183 Moyses
2527 2128 2625 2169 nec
2652 2114 2826 2185 Aaron
2863 2130 3019 2170 manu
3059 2117 3257 2187 aliquid
3284 2119 3614 2187 operantur?

2038 2203 2172 2271 Quid
2200 2203 2302 2260 sibi
2327 2206 2438 2259 vult
2463 2204 2561 2261 ista
2581 2205 2893 2262 diversitas?
2916 2222 3088 2279 neque
3111 2211 3254 2263 enim
3276 2209 3430 2264 nihil.

2108 2294 2321 2351 XXXII.
2349 2296 2448 2369 [lb.
2480 2312 2557 2362 Ix,
2588 2296 2699 2370 l6.]
2734 2297 2798 2352 Et
2822 2310 3022 2370 propter
3049 2302 3143 2355 hoc
3164 2302 3329 2373 ipsum
3350 2318 3615 2358 conserva-

2038 2397 2117 2444 tus
2144 2406 2216 2454 es,
2249 2400 2301 2444 ut
2329 2392 2584 2446 ostendam
2620 2392 2675 2447 in
2702 2400 2749 2447 te
2788 2394 3019 2449 virtutem
3045 2411 3227 2460 meam,
3258 2405 3382 2451 etut
3410 2413 3612 2450 annun-

2039 2481 2185 2535 tietur
2213 2498 2393 2536 nomen
2429 2498 2594 2537 meum
2634 2482 2688 2536 in
2730 2485 2961 2539 universa
2985 2494 3137 2539 terra.
3172 2485 3294 2542 Haec
3326 2485 3613 2558 Scriptura“.

2038 2571 2198 2627 verba
2226 2580 2279 2625 et
2304 2570 2586 2641 Apostolus
2607 2572 2799 2642 posuit,
2821 2587 2941 2628 cum
2969 2575 3020 2629 in
3047 2574 3235 2630 eodem
3262 2575 3381 2632 loco
3406 2576 3608 2647 perdif—

2040 2659 2162 2717 ﬁcili
2181 2670 2503 2720 versaretur.
2531 2661 2607 2718 lbi
2629 2670 2803 2720 autem
2829 2672 2885 2720 et
2905 2663 3005 2719 hoc
3023 2664 3127 2720 ait:
3155 2665 3218 2721 Si
3248 2675 3413 2722 autem
3443 2667 3613 2722 volens

2038 2752 2178 2809 Deus
2206 2754 2463 2810 ostendere
2498 2755 2647 2823 iram,
2676 2764 2724 2810 et
2760 2755 3099 2817 demonstrare
3136 2759 3407 2829 potentiam
3444 2776 3610 2827 suam,

2037 2846 2205 2901 attulit
2226 2846 2281 2901 in
2306 2847 2464 2901 multa
2492 2847 2732 2916 patientia
2754 2863 2871 2903 vasa
2892 2848 2983 2902 irae
2999 2864 3018 2901 :
3042 2849 3307 2918 parcendo
3332 2851 3514 2921 utique
3548 2850 3613 2906 iis

2036 2950 2173 3007 quos
2210 2937 2377 2997 malos
2419 2936 2622 2992 laturos
2658 2950 2777 2993 esse
2815 2938 3147 3008 praeseierat;
3176 2954 3293 3009 quae
3333 2954 3459 2996 vasa
3484 2939 3613 2994 dicit

2037 3030 2268 3099 perlecta
2304 3029 2356 3083 in
2402 3028 2773 3099 perditionem.
2820 3029 2885 3084 Et
2923 3039 2979 3085 ut
3012 3040 3177 3095 notas,
3208 3031 3395 3101 inquit,
3427 3036 3613 3103 maeret

2036 3120 2234 3173 divitias
2257 3119 2431 3189 gloritc
2456 3135 2563 3175 sua:
2586 3121 2639 3173 in
2660 3136 2778 3174 uasa
2802 3121 3155 3177 misericordia
3178 3122 3353 3193 (Rom.
3396 3138 3477 3189 ιι,
3513 3123 3606 3189 22,

2035 3212 2150 3283 25).
2175 3212 2326 3268 Unde
2352 3226 2598 3267 vasorum
2628 3212 3005 3269 misericordire
3034 3226 3136 3268 vox
3156 3222 3238 3269 est
3262 3214 3314 3269 in
3344 3214 3569 3270 Psalmis
3594 3233 3605 3267 :

2034 3301 2176 3359 Deus
2203 3319 2361 3370 meus,
2390 3302 2728 3357 misericordia
2755 3304 2864 3374 ejus
2889 3305 3149 3373 prwveniet
3174 3322 3281 3369 me;
3312 3304 3449 3359 Deus
3474 3320 3610 3360 meus

2036 3393 2389 3448 demonstravit
2418 3394 2542 3447 mihi
2560 3394 2611 3449 in
2630 3393 2843 3447 inimicis
2869 3395 2989 3451 meis
3018 3394 3186 3468 (Psal.
3210 3411 3357 3461 ινιη,
3383 3397 3469 3461 il,
3494 3397 3606 3467 {2).

2035 3486 2192 3542 Novit
2215 3500 2342 3556 ergo
2364 3486 2504 3541 Deus
2528 3486 2662 3540 bene
2692 3487 2765 3540 uti
2788 3487 2961 3551 malis,
2994 3488 3045 3542 in
3074 3489 3264 3558 quibus
3289 3496 3467 3544 tamen
3505 3488 3602 3543 hu-

2036 3594 2244 3636 manam
2264 3586 2505 3633 naturam
2530 3592 2635 3633 non
2651 3576 2717 3632 ad
2736 3578 2993 3633 malitiam
3013 3588 3178 3647 creat,
3198 3580 3289 3635 sed
3307 3580 3500 3649 perfert
3514 3593 3608 3635 eos

2036 3671 2297 3741 patienter
2335 3683 2609 3740 quousque
2651 3670 2753 3724 scit
2777 3676 3054 3739 oportere;
3087 3684 3195 3726 non
3235 3671 3479 3737 inaniter,
3512 3670 3606 3727 sed

2035 3770 2189 3817 utens
2218 3759 2296 3816 eis
2315 3760 2383 3815 ad
2405 3759 2815 3819 admonitionem
2844 3761 2927 3816 vel
2969 3762 3401 3820 exercitationem
3431 3762 3603 3819 bono-

2035 3868 2171 3908 rum.
2204 3851 2343 3907 Eece
2367 3851 2507 3907 enim
2533 3858 2592 3907 ut
2614 3852 3014 3908 aununtiaretur
3055 3867 3248 3909 nomen
3290 3853 3385 3910 Dei
3414 3854 3469 3909 in
3494 3855 3609 3910 uni-

2034 3958 2186 4000 versa
2230 3952 2391 4008 terra,
2432 3944 2573 3999 vasis
2611 3944 2989 4001 misericordia:
3027 3946 3207 4017 utique
3246 3946 3479 4017 prodest.
3524 3947 3609 4003 Ad

2034 4052 2219 4093 eorum
2250 4036 2427 4106 itaque
2458 4035 2737 4092 utilitatem
2767 4036 2974 4095 Pharao
2997 4047 3242 4094 servatus
3264 4048 3368 4106 est,
3395 4039 3532 4095 sicut
3555 4048 3610 4095 et

2036 4129 2305 4199 Scriptura
2326 4136 2569 4194 testatur,
2593 4135 2648 4184 et
2669 4129 2842 4185 exitus
2864 4128 3037 4184 docet.

2104 4220 2345 4278 XXXIII.
2380 4221 2477 4296 [ιδ.
2502 4237 2577 4288 tx,
2603 4221 2690 4287 l9,
2713 4221 2766 4286 6,
2788 4220 2905 4294 90.]
2922 4221 3056 4289 Quid
3077 4228 3160 4277 est
3176 4221 3318 4292 quod
3340 4221 3609 4277 mandavit

2036 4315 2175 4371 Deus
2202 4313 2480 4379 Pharaoni,
2509 4328 2628 4367 cum
2658 4328 2715 4367 se
2738 4310 2999 4368 facturum
3029 4328 3270 4383 magnam
3296 4314 3607 4383 grandinem

2035 4408 2349 4470 minaretur,
2374 4413 2431 4458 ut
2454 4403 2667 4458 festinet
2691 4418 3015 4473 congregare
3040 4418 3230 4473 pecora
3259 4420 3376 4472 sua,
3400 4414 3455 4461 et
3473 4421 3608 4475 qua:-

2035 4510 2261 4565 cumque
2289 4494 2362 4550 illi
2389 4504 2567 4550 essent
2606 4494 2658 4548 in
2692 4508 2900 4561 campo,
2930 4509 2997 4549 ne
3023 4495 3278 4564 grandine
3312 4496 3607 4552 intereant?

2035 4588 2138 4643 hoc
2167 4587 2306 4643 enim
2348 4601 2453 4642 non
2484 4595 2588 4640 tam
2629 4584 2961 4655 indignanter
2996 4601 3153 4656 quam
3196 4587 3609 4643 misericorditer

2035 4680 2243 4735 videtur
2282 4678 2586 4739 admonere.
2628 4676 2736 4732 Sed
2781 4676 2882 4732 hoc
2918 4693 3025 4733 non
3075 4677 3198 4733 facit
3240 4681 3603 4750 quaestionem,

2035 4769 2245 4843 quando
2277 4770 2416 4825 Deus
2445 4768 2601 4824 etiam
2640 4767 2882 4825 irascens
2922 4778 3182 4841 temperat
3212 4786 3442 4841 pmnam.
3475 4771 3605 4826 illud

2036 4870 2117 4917 est
2142 4860 2283 4931 quod
2303 4860 2490 4914 merito
2516 4869 2712 4927 movet,
2735 4861 2927 4932 quibus
2950 4877 3089 4916 nunc
3112 4864 3391 4933 pecoribus
3414 4879 3609 4918 consu-

2035 4954 2193 5018 latur,
2225 4951 2269 5005 si
2297 4951 2473 5005 omnia
2502 4960 2705 5005 mortua
2749 4950 2960 5006 fuerant
3003 4952 3153 5022 plaga
3192 4954 3484 5022 superiore,
3517 4953 3605 5006 ubi

2035 5044 2290 5113 scriptum
2316 5050 2398 5096 est
2416 5040 2554 5112 quod
2570 5041 2824 5098 discrevit
2842 5043 2977 5100 Deus
2999 5044 3132 5097 inter
3149 5058 3338 5113 pecora
3360 5045 3606 5099 Hebraeo-

2035 5148 2152 5188 rum
2179 5141 2232 5188 et
2256 5132 2647 5206 lEgyptiorum,
2687 5134 2760 5190 ita
2790 5142 2845 5189 ut
2873 5134 3015 5190 illinc
3042 5134 3242 5190 nullum
3286 5144 3601 5203 moreretur,

2035 5225 2211 5279 omnia
2237 5240 2363 5280 vero
2389 5224 2758 5298 Egyptiorum
2791 5242 2979 5298 pecora
3021 5236 3371 5283 morerentur.
3413 5229 3492 5282 An
3539 5243 3605 5284 eo

2037 5316 2257 5371 solvitur
2278 5317 2518 5386 qtuestio,
2545 5316 2686 5387 quod
2712 5318 3028 5387 prmdixerat
3052 5334 3111 5373 ea
3140 5318 3389 5373 moritura
3410 5334 3524 5388 qua:
3552 5320 3606 5373 in

2036 5423 2222 5479 campo
2247 5407 2486 5475 fuissent,
2516 5417 2571 5464 ut
2592 5409 2703 5464 haec
2733 5411 3056 5480 accipiantur
3082 5410 3285 5476 omnia;
3313 5409 3608 5482 intelligan-

2038 5508 2122 5555 tur
2144 5510 2318 5555 autcm
2345 5500 2575 5555 evasisse
2600 5517 2718 5572 qua:
2748 5502 2797 5556 in
2825 5502 3070 5557 domibus
3089 5510 3258 5568 erant,
3284 5519 3403 5573 qua:
3422 5514 3610 5575 potuc-

2036 5601 2160 5648 runt
2187 5594 2345 5646 etiam
2370 5607 2398 5645 a
2426 5592 2784 5647 dubitantibus
2826 5593 3020 5664 colligi,
3050 5600 3105 5649 et
3144 5594 3195 5647 in
3227 5593 3386 5650 domo
3414 5594 3606 5664 teneri,

2037 5698 2107 5740 ne
2132 5683 2266 5739 forte
2284 5698 2467 5739 verum
2487 5693 2629 5741 esset
2649 5684 2787 5755 quod
2816 5685 3022 5758 Moyses
3044 5686 3321 5746 Dominum
3347 5687 3611 5749 facturum

2101 5794 2174 5860 (α)
2196 5794 2428 5860 Vulgata:
2453 5794 2807 5850 manus.
