4094 6452
539 413 643 472 60⁸1

539 551 662 594 esse
688 534 1041 609 praedixerat:
1066 540 1121 590 et
1149 547 1213 590 ex
1241 531 1325 588 his
1353 546 1473 588 esse
1498 533 1550 587 in
1575 530 1775 602 campis
1811 529 2001 584 iterum
2029 540 2125 597 po-

539 639 734 700 terant,
756 645 877 702 quae
904 630 1065 686 modo
1102 629 1353 686 admonet
1383 627 1694 699 congregari
1727 627 1780 682 in
1819 625 2027 691 domos,
2056 638 2126 678 ne

537 723 795 795 grandine
814 731 1068 794 pereant;
1097 722 1346 788 maxime,
1371 720 1493 792 quia
1519 718 1756 790 sequitur
1778 717 2051 788 Scriptura
2071 724 2127 772 et

443 849 451 882 ε
536 813 686 882 dicit,
717 813 818 880 Qui
857 814 1023 868 timuit
1069 812 1274 868 uerbum
1295 811 1506 866 Domini
1530 826 1784 866 servorum
1815 809 2120 876 Pharaonis,

452 903 460 972 _l
537 904 856 976 congregavit
877 919 1059 976 pecora
1082 920 1175 959 sua
1198 905 1252 958 in
1276 903 1452 959 domos
1470 919 1489 958 :
1508 903 1594 971 qui
1615 911 1782 957 autem
1799 919 1898 957 non
1914 901 2125 956 intendit

537 1006 702 1051 mente
727 997 781 1052 in
804 997 1005 1051 uerbum
1033 995 1264 1068 Domini,
1295 995 1484 1050 dimisit
1504 1012 1686 1068 pecora
1709 1011 1804 1050 sua
1829 995 1884 1049 in
1909 994 2126 1066 campo?

538 1087 653 1143 Hoc
679 1102 806 1158 ergo
836 1085 949 1142 ﬁeri
973 1087 1166 1158 potuit,
1195 1087 1407 1158 quando
1434 1088 1595 1144 etiam
1621 1096 1846 1143 mortem
1873 1101 2123 1158 pecorum
2149 1102 2152 1106 ·

537 1179 769 1234 minatus
795 1187 876 1234 est
903 1178 1072 1248 Deus,
1099 1180 1342 1250 quamvis
1369 1179 1421 1235 id
1445 1179 1716 1250 Scriptura
1738 1179 1980 1235 tacuerit.

608 1269 848 1326 XXXIV.
881 1269 983 1343 [lb.
1011 1285 1089 1338 lx,
1122 1270 1240 1345 22.]
1261 1271 1329 1326 Et
1370 1272 1496 1328 dixit
1524 1270 1775 1326 Dominus
1798 1271 1867 1325 ad
1891 1271 2122 1343 Moysen,

536 1359 776 1416 Extende
791 1379 998 1417 manum
1029 1372 1173 1418 tuam
1195 1365 1249 1418 in
1273 1365 1470 1432 ctelum,
1497 1375 1544 1419 et
1576 1365 1668 1419 erit
1695 1365 1889 1436 grando
1910 1365 1964 1418 in
1989 1365 2126 1419 omni

536 1459 670 1507 terra
694 1451 935 1525 Egypti.
958 1454 1101 1510 Ecce
1135 1456 1324 1511 iterum
1353 1456 1562 1529 Moyses
1589 1472 1694 1512 non
1722 1458 1772 1511 in
1790 1464 2007 1524 terram,
2031 1457 2125 1514 sed

535 1541 591 1598 in
613 1542 808 1599 cmlum
836 1559 1056 1601 manum
1072 1545 1290 1617 jubetur
1313 1547 1618 1614 extendere,
1640 1548 1778 1604 sicut
1802 1549 2044 1618 superius
2059 1547 2125 1604 de

535 1633 736 1691 favilla.

605 1724 824 1784 XXXV.
865 1725 967 1802 [lb.
998 1745 1073 1798 tx,
1100 1729 1192 1796 27,
1215 1729 1328 1804 30.]
1356 1731 1486 1787 Cum
1505 1731 1714 1804 fragore
1752 1734 1895 1804 coeli,
1925 1735 2011 1806 qui
2038 1749 2128 1791 ve-

536 1815 760 1874 hemens
802 1826 920 1874 erat
961 1820 1014 1874 in
1059 1821 1335 1892 grandine,
1387 1822 1594 1880 Pharao
1649 1827 1866 1881 territus
1913 1834 2128 1899 rogaret

535 1906 750 1980 Moysen
781 1919 1040 1968 ut'oraret
1057 1926 1156 1983 pro
1181 1913 1293 1982 illo,
1324 1913 1586 1972 confitens
1614 1917 1947 1988 iniquitatem
1973 1935 2124 1976 suam
2183 1968 2188 1972 .

537 2007 591 2053 et
620 2000 797 2070 populi
817 2003 919 2066 sui,
941 2002 1148 2075 Moyses
1164 2005 1213 2059 ei
1234 2005 1366 2060 dixit
1385 2022 1398 2060 :
1423 2004 1490 2060 Et
1507 2016 1560 2061 tu
1577 2017 1623 2062 et
1638 2009 1766 2062 serui
1785 2011 1862 2065 tui
1874 2011 1977 2066 scio
1992 2011 2128 2083 quod

537 2090 763 2145 nondum
786 2092 968 2148 timetis
994 2093 1290 2150 Dominum.
1315 2097 1537 2164 Qualem
1562 2100 1807 2157 timorem
1833 2104 2123 2172 quaerebat,

467 2252 476 2256 _
537 2181 624 2236 cui
652 2183 812 2238 timor
831 2183 931 2238 iste
957 2186 1191 2242 nondum
1222 2190 1344 2243 erat
1365 2190 1575 2266 Domini
1607 2191 1801 2248 timor?
1833 2193 2013 2251 Facile
2045 2204 2129 2252 est

539 2276 680 2328 enim
710 2289 924 2345 pinnam
951 2278 1161 2346 timere,
1202 2280 1295 2336 sed
1325 2297 1430 2337 non
1460 2282 1561 2339 hoc
1588 2294 1671 2340 est
1701 2286 1865 2342 Deum
1911 2289 2125 2359 timere,

539 2365 632 2420 illo
648 2367 848 2422 scilicet
876 2369 1072 2425 timore
1092 2372 1322 2441 pietatis,
1350 2389 1508 2444 quem
1530 2386 1913 2434 commemorat
1942 2379 2125 2448 Iacob,

541 2455 627 2512 ubi
656 2456 817 2513 dicit:
849 2458 970 2514 Nisi
1003 2459 1140 2516 Deus
1169 2465 1327 2532 patris
1342 2466 1437 2518 mei
1452 2465 1728 2536 Abraham,
1751 2478 1796 2522 et
1815 2470 1965 2525 timor
1977 2469 2129 2527 Isaac

509 2591 512 2594 .
539 2547 733 2604 adesset
746 2549 762 2582 ί
781 2551 924 2618 mihi,
946 2568 1080 2607 nunc
1099 2570 1178 2608 me
1191 2555 1390 2610 inanem
1404 2557 1677 2614 dimisisses
1693 2559 1840 2632 (Gen.
1857 2578 2000 2628 xxxx,
2013 2563 2127 2636 42).

611 2639 853 2698 XXXVI.
877 2642 978 2716 [lb.
1003 2662 1056 2713 x,
1088 2645 1164 2720 1.]
1190 2647 1334 2703 Dixit
1363 2649 1611 2707 Dominus
1639 2653 1708 2706 ad
1733 2653 1962 2726 Moysen,
1981 2655 2130 2713 Intra

541 2732 611 2786 ad
645 2731 1009 2791 Pharaonem:
1033 2755 1125 2810 ego
1151 2740 1286 2794 enim
1322 2740 1525 2812 gravari
1553 2760 1641 2799 cor
1668 2746 1777 2817 ejus
1802 2756 1847 2801 et
1871 2764 2130 2807 servorum

540 2822 674 2892 ejus,
701 2832 757 2877 ut
784 2825 963 2880 ordine
985 2831 1340 2901 superveniunt
1364 2832 1510 2904 signa
1536 2851 1645 2889 mea
1670 2835 1776 2891 Iuec
1797 2854 1949 2909 super
1975 2819 2059 2896 eos
2073 2842 2126 2909 ’;

541 2921 792 2984 tanquam
837 2930 970 2986 opus
1013 2917 1208 2974 habeat
1240 2921 1382 2978 Deus
1417 2923 1727 2997 cujusquam
1764 2929 1983 2985 malitia.
2023 2931 2129 2988 Sed

541 3004 621 3059 sic
647 3004 1052 3079 intelligendum
1079 3020 1181 3079 est,
1214 3027 1278 3069 ac
1297 3014 1342 3069 si
1369 3014 1589 3086 diceret,
1613 3018 1727 3089 Ego
1751 3020 1892 3077 enim
1922 3024 2130 3093 patiens

541 3095 616 3153 iui
641 3113 802 3170 super
826 3116 946 3156 eum
969 3111 1024 3158 et
1046 3117 1231 3160 servos
1253 3107 1389 3177 ejus,
1420 3117 1604 3165 utnon
1642 3126 1735 3168 eos
1758 3113 2046 3185 auferrem,
2072 3128 2131 3174 ut

542 3189 731 3247 ordine
756 3196 1134 3264 supervenient
1166 3199 1313 3269 signa
1352 3216 1469 3256 mea
1503 3216 1664 3274 super
1683 3219 1798 3262 eos.
1825 3207 1958 3275 Quia
1985 3211 2127 3266 enim

541 3282 796 3352 patientia
819 3285 912 3341 Dei
940 3287 1262 3344 obstinatior
1277 3289 1435 3348 fiebat
1456 3293 1630 3349 malus
1645 3296 1873 3366 animus,
1891 3297 2013 3356 ideo
2034 3315 2131 3372 pro

540 3388 607 3430 eo
621 3375 761 3445 quod
779 3385 880 3445 est,
895 3377 1110 3435 Patiens
1128 3382 1178 3436 in
1195 3397 1316 3438 eum
1335 3384 1428 3453 fni,
1447 3385 1659 3455 dicitur,
1676 3391 1880 3461 gravari
1891 3407 1980 3447 cor
1996 3393 2126 3461 ejus.

621 3465 884 3524 XXXVII.
918 3468 1016 3543 [lb.
1046 3489 1101 3539 x,
1135 3471 1246 3547 19.]
1270 3474 1335 3529 Et
1364 3493 1466 3532 non
1499 3487 1570 3533 est
1605 3481 1780 3535 relicta
1810 3481 2003 3540 locusta
2028 3502 2131 3540 una

539 3560 594 3614 in
616 3563 755 3616 omni
783 3572 917 3618 terra
945 3563 1165 3637 ,Ερῃριί
1183 3583 1203 3621 :
1226 3576 1274 3622 et
1308 3568 1563 3625 indurauit
1589 3571 1838 3630 Dominus
1867 3592 1953 3630 cor
1981 3575 2129 3633 Plia-

538 3654 730 3708 raonis.
761 3653 1084 3712 Beneficium
1110 3668 1256 3716 certe
1273 3659 1365 3716 Dei
1385 3666 1821 3722 commemoravit
1834 3666 2126 3741 Scriptura,

517 3759 646 3814 quo
673 3745 892 3802 abstulit
929 3748 1194 3817 locustas;
1226 3759 1282 3807 et
1308 3761 1508 3824 secuta,
1537 3755 1671 3812 dixit
1706 3759 1985 3817 indurasse
2021 3763 2132 3819 Do-

545 3836 745 3892 minum
773 3853 868 3894 cor
893 3839 1210 3910 Pharaonis,
1236 3843 1494 3902 beneﬁcio
1518 3848 1700 3920 utique
1717 3865 1830 3918 suo,
1852 3862 1904 3909 et
1926 3855 2132 3925 patien-

540 3928 612 3986 tia
637 3944 753 3998 sua,
785 3947 887 4002 qua
908 3933 996 3990 ille
1017 3934 1537 4011 fiebatobstinatior,
1566 3941 1690 3998 dum
1721 3946 1769 4000 ei
1800 3956 2125 4014 parceretur:

541 4023 676 4078 sicut
703 4025 883 4080 omnia
914 4027 1061 4081 mala
1087 4028 1248 4085 corda
1269 4029 1565 4103 hominum,
1593 4037 1844 4106 patientia
1873 4039 1966 4094 Dei
1985 4039 2128 4097 male

542 4115 738 4171 utendo
752 4116 1060 4174 durescunt.

609 4205 898 4263 XXXVIII.
933 4209 1038 4282 [lb.
1071 4227 1126 4280 x,
1144 4212 1235 4281 21,
1262 4213 1374 4290 12.]
1395 4216 1575 4274 Tertio
1595 4219 1789 4276 dicitur
1801 4221 1867 4277 ad
1884 4221 2124 4296 Moysen,

539 4297 772 4356 Extende
796 4319 1001 4358 manum
1029 4314 1168 4361 tuam
1191 4307 1246 4362 in
1269 4309 1468 4378 ctelum,
1505 4321 1562 4367 ut
1597 4312 1745 4369 ﬁeret
1771 4315 1929 4370 etiam
1973 4317 2124 4390 plaga

539 4392 901 4449 tenebrarum.
947 4394 1228 4469 Nunquam
1271 4409 1446 4456 autem
1473 4402 1670 4460 dictum
1701 4415 1784 4462 est
1812 4405 1877 4463 ad
1909 4407 2123 4464 fratrem

538 4482 654 4552 ejus
687 4485 884 4554 Aaron,
933 4497 991 4543 ut
1029 4491 1343 4548 extenderet
1385 4510 1600 4550 manum
1643 4497 1695 4552 in
1724 4499 1940 4556 coelum.
1972 4500 2124 4569 Quod

537 4590 666 4646 ergo
688 4576 885 4634 dictum
912 4589 995 4636 est
1013 4581 1078 4635 ad
1099 4583 1336 4655 Moysen,
1359 4585 1584 4642 Extende
1599 4605 1802 4644 manum
1818 4601 1956 4647 tuam
1972 4609 2126 4664 super

539 4677 722 4723 terram
750 4669 986 4744 .Eggpti,
1016 4683 1062 4729 et
1090 4679 1326 4732 ascendat
1345 4679 1535 4735 locusta
1556 4676 1712 4752 super
1731 4692 1936 4752 terram,
1961 4687 2123 4744 credo

539 4758 590 4814 id
626 4761 998 4832 signiﬁcatum,
1035 4765 1196 4823 etiam
1237 4769 1412 4825 minus
1451 4785 1608 4842 posse
1649 4774 1738 4846 qui
1769 4774 1886 4845 plus
1912 4786 2118 4847 potest;

537 4865 643 4905 non
682 4860 860 4910 autem
897 4856 1150 4914 continuo
1177 4859 1261 4916 cui
1292 4861 1497 4918 minora
1545 4865 1931 4937 conceduntur,
1964 4884 2122 4942 posse

536 4959 760 5014 majora.

606 5035 851 5096 XXXIX.
878 5039 975 5115 [lb.
1000 5059 1075 5111 xl,
1098 5041 1177 5117 2.]
1209 5045 1345 5102 Deus
1379 5047 1444 5102 ad
1481 5048 1730 5122 Moysen:
1753 5051 1981 5126 Loquere
2003 5074 2121 5129 ergo

532 5139 723 5185 κααο
745 5131 798 5186 in
815 5149 963 5188 aures
993 5135 1188 5206 pepuli,
1219 5145 1265 5190 et
1292 5145 1425 5207 petat
1456 5143 1796 5213 unusquisque
1814 5161 1847 5199 a
1866 5148 2116 5216 proximo,

535 5231 584 5278 et
617 5223 796 5280 mulier
824 5243 856 5279 η
881 5227 1135 5298 proxima,
1165 5245 1286 5283 vasa
1319 5247 1473 5285 aurea
1498 5243 1547 5288 et
1569 5247 1806 5307 argentea
1839 5249 1884 5293 et
1917 5251 2115 5298 vestem.

534 5315 651 5373 Non
681 5317 801 5374 hinc
830 5319 1052 5391 quisque
1079 5323 1393 5378 sumendum
1420 5328 1719 5397 exemplum
1747 5341 1934 5400 putare
1961 5331 2121 5389 debet

534 5409 603 5465 ad
624 5411 1024 5484 exspoliandum
1047 5413 1147 5470 isto
1164 5414 1323 5470 modo
1348 5418 1666 5487 proximum.
1691 5421 1801 5477 Hoc
1815 5424 1956 5479 enim
1980 5425 2118 5483 Deus

529 5501 710 5576 jussit,
755 5504 843 5577 qui
880 5516 1101 5562 noverat
1125 5509 1249 5578 quid
1276 5524 1540 5582 quemque
1563 5513 1671 5583 pati
1696 5524 1996 5584 oporteret:
2018 5535 2118 5576 nec

600 5636 837 5714 Septem
875 5639 1093 5691 melioris
1133 5648 1260 5692 notae
1282 5649 1411 5702 Mss,
1435 5652 1592 5709 esset;
1617 5645 1756 5708 juxta
1797 5661 2029 5714 granum,
2054 5652 2114 5705 en

533 5710 1144 5842 ﬂrgglsupereos,in
1177 5773 1256 5835 nm.
1297 5767 1574 5842 corbeiepsi
1611 5771 1800 5824 additur
1823 5780 1939 5842 ._Ita
1975 5775 2112 5842 dicit,

537 5821 1136 5907 cor
1174 5832 1365 5904 ejus_ut
1397 5829 1568 5884 ordine
1608 5821 1940 5902 rupem":
1975 5821 2114 5907 iiii};

536 5883 1080 5956 niedltccsitpereos.‘

716 6029 841 6061 ωδ
898 6044 926 6050 -~

716 6057 718 6060 ,
807 6048 893 6057 -..ι

696 6048 818 6060 »μ’⁷-
841 6048 893 6057 ⁴·“¹

1335 409 1796 481 ΟΠᾹΞΞΤΙΟΝΗΜ
1837 409 1897 465 S.
1937 399 2310 465 AUGUSTINI
2349 406 2416 464 IN
2453 407 3010 476 HEPTATEUCHUM

3706 415 3811 476 608

2234 521 2484 581 Israelita
2512 525 2704 582 furtum
2727 527 2984 597 fecerunt,
3002 526 3100 584 sed
3119 526 3230 588 Deo
3243 527 3450 601 iubenti
3464 529 3820 592 ministerium

2231 617 2594 688 praebuerunt.
2625 618 3078 686 Quemadmodum
3099 635 3220 676 cum
3241 620 3486 680 minister
3505 621 3705 694 iudicis
3725 640 3818 682 oe-

2232 710 2362 766 cidit
2375 726 2498 768 eum
2512 728 2672 784 quem
2689 713 2847 785 judex
2861 713 3018 786 jussit
3033 715 3222 784 occidi,
3240 715 3476 786 profecto
3495 717 3539 772 si
3558 716 3611 772 id
3627 725 3818 788 sponte

2232 799 2412 869 faciat,
2453 802 2714 859 homicida
2753 812 2856 871 est,
2883 805 3091 861 etiamsi
3124 821 3246 863 eum
3273 806 3504 876 occidat,
3529 823 3688 880 quem
3719 810 3816 868 scit

2233 894 2404 950 occidi
2429 910 2458 950 a
2481 895 2659 966 judice
2678 896 2946 954 debuisse.
2975 898 3076 954 Est
3098 899 3258 956 etiam
3284 901 3384 957 ista
3403 901 3656 958 nonnulla
3681 919 3816 972 quai-

2231 984 2355 1053 stio,
2383 985 2429 1041 si.
2465 999 2706 1043 seorsum
2750 987 3058 1046 habitabant
3099 990 3307 1046 Hebraei
3337 991 3390 1046 in
3421 999 3562 1048 terra
3591 993 3815 1063 Gesseu,

2231 1074 2321 1130 ubi
2346 1090 2446 1132 nec
2469 1077 2636 1150 plaga:
2675 1079 2872 1136 fiebant
2895 1081 3090 1151 quibus
3109 1097 3332 1153 regnum
3359 1081 3650 1140 Pharaonis
3679 1083 3820 1140 ami-

2229 1166 2472 1236 gehatur,
2503 1169 2770 1240 quomodo
2800 1171 2928 1242 petit
2951 1172 3176 1244 quisque
3195 1189 3224 1227 a
3250 1175 3490 1244 proximo
3522 1175 3604 1230 vel
3636 1190 3668 1228 a
3701 1189 3819 1230 nro-

2230 1261 2392 1330 xima,
2423 1278 2634 1330 aurum,
2677 1273 2975 1335 argentum,
3003 1274 3059 1321 et
3090 1273 3326 1333 vestem;
3360 1269 3656 1338 praisertim
3695 1267 3820 1336 quia

2231 1353 2321 1409 ubi
2349 1354 2580 1423 primum
2606 1353 2709 1410 hoc
2748 1355 3032 1413 mandatur
3059 1373 3156 1428 per
3196 1359 3436 1430 Moysen,
3469 1359 3548 1414 sic
3586 1361 3817 1430 positum

2231 1454 2332 1510 est,
2367 1455 2413 1498 et
2440 1445 2621 1499 mulier
2648 1461 2678 1498 a
2703 1447 2866 1502 uicina
2891 1464 2983 1502 sua
3011 1459 3058 1503 et
3091 1448 3414 1513 concellaria,
3455 1451 3537 1506 vel
3561 1450 3816 1505 cancella-

2231 1553 2325 1591 nea
2345 1535 2410 1608 (si
2433 1536 2504 1591 ita
2526 1535 2805 1592 dicendum
2823 1536 2948 1610 est),
2973 1541 3056 1594 vel
3071 1541 3424 1595 cohabitatrice
3437 1557 3531 1596 sua
3551 1541 3645 1612 (α).
3670 1541 3820 1598 Unde

2231 1627 2632 1698 intelligendum
2660 1638 2762 1694 est,
2807 1629 2967 1685 etiam
3014 1631 3067 1685 in
3110 1641 3251 1687 terra
3291 1632 3493 1689 Gessen
3521 1648 3629 1689 non
3673 1634 3821 1692 solos

2231 1717 2484 1774 Hebrzeos
2511 1717 2798 1788 habitasse,
2831 1720 2928 1776 sed
2966 1720 3048 1778 eis
3075 1721 3282 1792 aliquos
3323 1723 3604 1796 Egyptios
3632 1725 3687 1780 in
3729 1725 3819 1782 illa

2233 1819 2372 1868 terra
2399 1813 2791 1870 cohabitatores
2819 1814 3006 1883 fuisse,
3054 1815 3120 1871 ad
3149 1831 3285 1888 quos
3311 1827 3598 1887 potuerunt
3625 1818 3819 1875 merito

2231 1902 2576 1960 Hebrmorum
2606 1904 2766 1961 etiam
2807 1906 2895 1961 illa
2937 1906 3113 1962 divina
3145 1907 3403 1964 beneficia
3430 1909 3732 1980 pervenire,
3762 1920 3821 1966 ut

2231 1996 2358 2052 hinc
2379 2012 2473 2053 eos
2493 2006 2546 2054 et
2570 1997 2850 2070 diligerent
2876 1998 3035 2054 iidem
3057 1999 3294 2073 Egyptii
3322 2001 3737 2070 cobabitatores,
3769 2011 3822 2058 et

2232 2089 2372 2160 quod
2402 2090 2653 2161 petebant
2677 2090 2832 2146 facile
2859 2090 3292 2148 commodarent:
3319 2107 3422 2148 nec
3461 2101 3636 2148 tamen
3680 2093 3820 2150 Deus

2227 2181 2486 2252 judicavit
2515 2182 2587 2236 ita
2610 2182 2727 2238 illos
2751 2181 2955 2240 alienos
2983 2182 3150 2239 fuisse
3185 2183 3254 2238 ab
3293 2183 3500 2252 injuriis
3533 2192 3588 2239 et
3615 2185 3822 2239 contri-

2236 2275 2470 2330 tionibus
2497 2289 2630 2345 quas
2655 2274 2878 2346 populus
2899 2275 2993 2330 Dei
3015 2274 3252 2346 pertulit,
3281 2283 3340 2330 ut
3367 2290 3468 2331 nec
3495 2266 3604 2330 isto,
3623 2273 3821 2330 damno

2233 2363 2540 2431 ferirentur,
2569 2365 2658 2435 qui
2697 2365 2861 2436 plagis
2890 2364 2994 2419 illis
3040 2372 3319 2437 propterea
3364 2364 3506 2436 quod
3553 2372 3713 2421 terra:
3742 2364 3820 2419 illi
3899 2371 3905 2376 ‘

2234 2457 2568 2526 parcebatur,
2599 2457 2837 2527 percussi
2867 2472 2972 2512 non
3002 2466 3177 2513 erant.

2304 2546 2416 2604 XL.
2460 2547 2560 2621 [lb.
2596 2563 2649 2603 ιι
2669 2589 2685 2614 ,
2708 2545 2786 2620 9.]
2815 2545 2961 2603 Dixit
2989 2558 3154 2602 autem
3195 2547 3446 2603 Dentium
3470 2548 3540 2603 ad
3582 2548 3819 2621 Moysen,

2234 2636 2360 2693 Non
2383 2639 2617 2693 exaudiet
2637 2654 2721 2694 vos
2747 2637 2978 2707 Pharao,
3013 2647 3068 2693 ut
3105 2638 3437 2712 multiplicem
3463 2641 3609 2712 signa
3639 2657 3751 2694 mea
3776 2649 3825 2693 et

2233 2737 2461 2800 portenta
2491 2746 2602 2785 mea
2629 2729 2684 2784 in
2727 2739 2862 2785 terra
2905 2729 3124 2802 AEgypti
3155 2746 3173 2785 :
3204 2738 3454 2802 tanquam
3495 2746 3628 2803 opus
3660 2731 3826 2788 fuerit

2235 2819 2352 2892 ejus
2379 2821 2757 2888 inobedientia,
2781 2831 2837 2877 ut
2861 2822 3012 2894 signa
3042 2823 3131 2876 illa
3156 2821 3656 2894 multiplicarentur,
3701 2839 3821 2894 qua:

2235 2913 2432 2970 utiliter
2453 2913 2650 2970 ﬁebant
2673 2914 2741 2970 ad
2769 2913 3072 2970 terrendum
3095 2916 3348 2988 populum
3379 2915 3493 2982 Dei,
3521 2924 3682 2987 atque
3707 2917 3820 2988 ipsa

2235 3004 2555 3062 discretione
2569 3005 2635 3062 ad
2655 3007 2904 3078 pietatem
2920 3005 3337 3065 informandum.
3356 3006 3462 3062 Sed
3477 3007 3579 3062 hoc
3597 3008 3688 3084 Dei
3704 3007 3816 3072 luit,

2235 3096 2434 3152 malitia
2460 3097 2640 3152 cordis
2665 3098 2806 3153 illius
2830 3099 2967 3154 bene
2995 3098 3222 3165 utentis;
3252 3113 3362 3154 non
3379 3097 3697 3164 Pharaonis,
3727 3097 3819 3154 Dei

2235 3189 2485 3259 patientia
2506 3188 2647 3246 male
2672 3189 2958 3246 abutentis.

2305 3279 2442 3336 XLI.
2466 3279 2566 3354 [lb.
2591 3296 2684 3348 xu,
2709 3281 2798 3350 I0,
2828 3279 2942 3355 46.]
2971 3279 3101 3348 Qua
3118 3290 3288 3336 autem
3313 3284 3652 3354 superaverint
3677 3285 3742 3338 ab
3764 3300 3820 3339 co

2211 3375 2286 3429 “in
2325 3390 2496 3443 mune,
2539 3375 2656 3448 igne
2681 3376 3080 3432 concremabitis.
3117 3376 3294 3446 Quaari
3332 3386 3527 3449 potest,
3553 3379 3822 3457 quomodo

2233 3464 2433 3537 aliquid
2477 3465 2767 3537 superabit,
2807 3481 2931 3523 cum
2971 3466 3074 3524 hoc
3113 3470 3416 3538 praemoniti
3445 3468 3664 3536 fuerint,
3695 3472 3820 3526 utsi

2233 3555 2424 3613 domus
2439 3572 2544 3612 non
2565 3557 2806 3614 habuerit
2821 3559 3184 3632 consumendo
3205 3561 3382 3632 pecori
3398 3560 3653 3624 idoneam
3677 3563 3820 3618 mul-

2236 3649 2537 3717 titudinem,
2556 3652 2712 3707 vicini
2735 3665 3090 3708 assumantur.
3109 3623 3544 3725 intelligitur
3567 3656 3819 3726 quoniam

2234 3741 2435 3798 dictum
2465 3751 2567 3812 est,
2598 3743 2669 3799 υς
2696 3760 2796 3798 non
2821 3744 3079 3799 conteretis
3099 3743 3159 3798 ab
3185 3760 3267 3812 eo,
3295 3760 3608 3802 remansura
3635 3748 3820 3818 utique

2233 3835 2397 3892 fuisse
2417 3851 2559 3904 ossa,
2590 3854 2708 3908 qua:
2735 3839 2856 3909 igne
2878 3849 3263 3896 cremarentur.

2303 3927 2464 3983 XLII.
2506 3927 2606 4002 [lb.
2638 3944 2732 3997 xu,
2760 3928 2838 4002 5.]
2867 3931 3038 4002 Agnus
3057 3934 3325 4005 perfectus,
3359 3933 3634 4000 masculus,
3664 3934 3817 3988 anni-

2231 4020 2376 4077 culus
2395 4022 2485 4076 erit
2508 4023 2662 4078 vobis.
2687 4021 2896 4078 Movere
2920 4031 3094 4094 potest
3117 4024 3215 4078 ista
3238 4024 3452 4088 locutio,
3477 4025 3629 4096 quasi
3649 4039 3818 4096 agnus

2230 4113 2402 4185 possit
2425 4127 2543 4170 esse
2567 4127 2670 4169 non
2701 4115 2986 4183 masculus,
3017 4117 3342 4171 nescientem
3367 4131 3470 4187 qua
3498 4116 3819 4172 necessitate

2231 4205 2303 4260 ita
2329 4210 2398 4261 sit
2424 4207 2752 4263 translatum.
2796 4207 2923 4264 Ovis
2967 4209 3108 4264 enim
3151 4209 3425 4265 transferri
3451 4209 3656 4279 dehuit,
3693 4211 3817 4282 quia

2231 4313 2436 4370 graecus
2461 4309 2690 4372 πρόϐατον
2716 4299 2907 4368 habet;
2935 4300 3030 4356 sed
3071 4310 3302 4373 πρόϐατον
3327 4302 3379 4357 in
3421 4317 3595 4373 graeca
3638 4302 3816 4374 lingua

2227 4391 2440 4462 generis
2469 4393 2640 4447 neutri
2668 4401 2769 4458 est,
2792 4402 2845 4447 et
2870 4402 3156 4463 potuerunt
3175 4408 3294 4463 quae
3322 4402 3616 4464 sequuntur
3635 4394 3816 4449 omnia

2230 4483 2536 4553 convenire,
2568 4491 2817 4556 tanquam
2845 4500 2890 4539 ει
2919 4480 3139 4549 diceret,
3168 4484 3339 4541 Pecus
3365 4486 3678 4556 perfectum,
3697 4503 3815 4542 ma-

2229 4576 2454 4643 sculum,
2482 4576 2788 4632 annicqum
2812 4576 2915 4632 erit
2936 4575 3106 4632 vobis.
3125 4577 3310 4632 Potuit
3327 4576 3468 4634 enim
3496 4577 3660 4634 latine
3684 4579 3813 4647 dici,

2228 4670 2522 4730 masculum
2554 4685 2744 4742 pecus,
2773 4671 3040 4742 quomodo
3069 4671 3318 4728 dicuntur
3352 4673 3587 4728 mascula
3632 4672 3813 4742 thura,

2225 4777 2424 4834 genere
2453 4773 2678 4822 neutro:
2699 4765 2812 4820 ovis
2850 4772 3027 4821 autem
3057 4766 3326 4822 masculus
3350 4765 3452 4822 dici
3477 4781 3582 4822 non
3607 4777 3813 4838 posset,

2227 4857 2351 4926 quia
2389 4855 2630 4912 feminini
2670 4857 2881 4929 generis
2908 4867 2991 4914 est
3017 4858 3152 4915 ovis.
3181 4857 3312 4914 Item
3347 4859 3463 4914 ovis
3495 4861 3732 4915 mascula
3767 4861 3812 4916 si

2227 4947 2512 5015 diceretur,
2541 4958 2684 5005 esset
2711 4950 3014 5006 absurdius.
3043 4950 3214 5008 Pecus
3255 4966 3385 5010 vero
3421 4953 3470 5009 si
3500 4963 3810 5024 poneretur,

2187 5057 2190 5064 ·
2225 5041 2384 5096 etiam
2420 5040 2562 5095 aliud
2601 5041 3012 5112 intelligeretur;
3043 5058 3145 5099 nec
3173 5053 3477 5100 servaretur
3498 5059 3812 5101 sacramen-

2227 5141 2360 5200 tum,
2388 5133 2530 5205 quod
2555 5149 2675 5190 cum
2705 5134 2976 5206 Scriptura
3004 5135 3074 5192 de
3098 5151 3200 5193 ove
3227 5135 3495 5208 loquatur,
3519 5147 3640 5208 post
3657 5139 3807 5206 dicit,

2197 5277 2200 5282 .
2225 5229 2288 5282 ab
2307 5229 2451 5299 agnis
2471 5237 2518 5283 et
2544 5227 2704 5285 htedis
2725 5231 2976 5302 accipietis
2993 5231 3146 5287 illud.
3171 5231 3286 5299 Qua
3312 5232 3365 5287 in
3386 5247 3447 5288 re
3469 5232 3717 5289 Christus
3740 5234 3813 5288 si-

2225 5320 2462 5391 gnificari
2491 5321 2680 5377 merito
2707 5323 2980 5393 accipitur.
3009 5323 3148 5392 Quid
3173 5325 3316 5380 enim
3339 5340 3472 5396 opus
3501 5334 3618 5380 erat
3653 5341 3808 5380 ovem

2225 5414 2309 5469 vel
2327 5429 2519 5485 agnum
2549 5415 2616 5470 ab
2644 5415 2794 5485 agnis
2813 5426 2867 5470 et
2887 5415 3052 5484 haedis
3073 5418 3436 5487 accipiendum
3454 5418 3680 5485 moneri,
3706 5418 3809 5475 nisi

2224 5503 2314 5559 ille
2355 5505 2689 5575 tignraretur,
2733 5505 2886 5576 cujus
2913 5521 3038 5562 caro
3069 5522 3172 5562 non
3204 5506 3378 5564 solum
3409 5525 3471 5563 ex
3497 5509 3676 5578 justis,
3711 5525 3803 5565 ve-

2225 5615 2343 5655 rum
2364 5599 2523 5654 etiam
2548 5615 2612 5655 ex
2641 5601 3011 5672 peccatoribus
3034 5610 3322 5672 propagata
3346 5602 3465 5657 est?
3490 5601 3803 5672 Quanquam

2221 5703 2482 5749 conentur
2503 5692 2670 5747 Judaei
2699 5691 2858 5748 etiam
2881 5691 3090 5747 haedum
3117 5694 3414 5766 intelligere
3439 5695 3802 5764 accipiendum

2221 5785 2287 5842 ad
2311 5784 2686 5842 celebrandum
2714 5785 2937 5851 Pascha,
2960 5784 3133 5841 ethoc
3153 5800 3272 5842 esse
3292 5785 3488 5841 dictum
3515 5787 3802 5858 putant,“

2285 5899 3532 5969 (a)tngraeo,parageitonoskaisuskbiouautes.
