4094 6456
335 496 481 562 agnis
498 504 547 551 et
564 495 723 551 haedis
747 495 989 568 accipere,
1024 503 1270 566 tanquam
1298 494 1516 561 diceret,
1544 496 1627 552 vel
1659 498 1726 553 ab
1763 499 1914 568 agnis

332 602 552 657 agnum,
576 585 657 642 vel
678 587 745 641 ab
770 586 938 643 haedis
956 586 1187 654 haedum,
1210 587 1254 642 si
1276 587 1404 642 illud
1426 587 1585 657 desit,
1607 589 1745 643 sumi
1760 604 1917 659 Opor-

334 686 446 734 tere
466 697 481 733 :
502 660 724 750 apparet
744 686 920 736 tamen
942 679 996 735 in
1020 679 1233 735 Christo
1252 679 1411 736 rebus
1430 679 1664 751 impletis
1682 680 1803 752 quid
1828 681 1915 737 illo

331 783 599 843 prmcepto
627 772 788 829 fuerit
810 772 1112 845 ﬁguratum.

402 865 587 921 XLIII.
615 865 717 939 [11).
746 881 844 934 xu,
873 864 986 939 14.]
1010 864 1163 932 Quod
1201 864 1455 936 scriptum
1489 873 1596 933 est,
1627 862 1696 920 Et
1719 864 1914 935 facietis

328 957 460 1011 diem
486 956 623 1010 hunc
656 956 712 1010 in
741 958 1004 1029 progenies
1032 964 1220 1012 vestras
1247 955 1523 1028 legitimum
1548 965 1791 1038 teternum
1828 956 1911 1013 vel

326 1049 646 1117 eternalem,
676 1051 825 1121 quod
853 1065 1028 1122 grzece
1052 1049 1247 1107 dicitur
1270 1056 1454 1105 αιὼνιον
1472 1091 1487 1117 ,
1528 1064 1634 1105 non
1658 1050 1735 1104 sic
1771 1051 1913 1105 acci-

327 1140 581 1211 piendum
610 1150 732 1208 est,
763 1150 1022 1213 tanquam
1045 1141 1211 1213 possit
1228 1142 1447 1197 istorum
1478 1141 1910 1211 praetereuntium

324 1233 439 1288 dies
464 1248 589 1289 esse
615 1232 754 1289 ullus
774 1241 1009 1290 aeternus
1035 1250 1051 1301 ;
1082 1233 1176 1289 sed
1206 1233 1332 1287 illud
1361 1241 1616 1288 aeternum
1642 1240 1744 1298 est,
1765 1231 1908 1304 quod

322 1326 424 1384 iste
461 1324 730 1397 signiﬁcat
769 1326 890 1382 dies
920 1344 933 1380 :
966 1326 1109 1382 velut
1131 1326 1251 1381 eum
1282 1324 1507 1380 dicimus
1538 1324 1709 1395 ipsum
1739 1325 1905 1379 Deum

322 1425 626 1485 aeternum,
675 1433 783 1474 non
832 1419 1015 1489 utique
1066 1418 1195 1474 istas
1232 1416 1364 1473 duas
1409 1417 1637 1489 syllabas
1680 1425 1906 1473 aeternas

320 1510 582 1578 dicimus,
610 1510 706 1567 sed
745 1510 895 1582 quod
919 1509 1237 1581 signiﬁcant.
1269 1509 1582 1580 Quanquam
1624 1509 1905 1580 diligenter

319 1600 669 1657 scrutandum
696 1602 767 1657 sit
804 1601 1074 1672 quomodo
1114 1600 1383 1673 appellare
1424 1600 1695 1671 Scriptura
1736 1601 1904 1658 soleat

319 1702 617 1757 aeternum,
648 1708 716 1749 ne
756 1692 895 1749 forte
919 1693 994 1747 ita
1035 1692 1229 1748 dixerit
1274 1692 1585 1748 solemniter
1608 1700 1898 1759 aaternum,

318 1799 480 1855 quem
512 1785 664 1841 nefas
706 1784 937 1842 habeant
978 1786 1414 1855 praetermittere,
1462 1795 1553 1840 aut
1580 1801 1674 1841 sua
1714 1796 1902 1857 sponte

318 1885 556 1932 mutare.
602 1876 763 1933 Aliud
808 1885 891 1933 est
925 1878 1067 1933 enim
1111 1877 1252 1949 quod
1283 1877 1583 1948 pmcipitur
1629 1894 1903 1949 quousque

318 1967 429 2035 ﬁat,
452 1968 597 2024 sicut
620 1977 946 2042 praeceptum
966 1980 1049 2025 est
1072 1978 1128 2025 ut
1143 1970 1341 2041 septies
1359 1985 1542 2026 muros
1561 1970 1772 2027 Iericho
1799 1972 1902 2026 cir-

318 2058 549 2114 cumiret
574 2074 696 2115 arca
735 2060 922 2133 (Iosue
940 2076 1013 2129 vr,
1046 2062 1099 2128 5,
1130 2061 1186 2133 4)
1210 2080 1223 2116 :
1246 2061 1405 2129 aliud,
1450 2077 1569 2118 cum
1598 2064 1901 2133 praecipitur

316 2152 394 2207 sic
429 2152 710 2208 observari
747 2153 949 2224 aliquid
970 2195 985 2220 ,
1012 2162 1068 2209 ut
1106 2155 1280 2209 nullus
1300 2156 1556 2211 terminus
1576 2157 1901 2226 praeﬁniatur

316 2242 736 2311 observationis,
769 2244 885 2300 sive
927 2246 1162 2316 quotidie
1186 2289 1201 2313 ,
1240 2248 1353 2303 sive
1383 2262 1477 2317 per
1515 2263 1755 2314 menses,
1786 2250 1899 2305 sive

314 2350 412 2405 per
440 2350 616 2391 annos
639 2336 983 2403 solemniter,
1013 2338 1125 2392 sive
1150 2353 1244 2408 per
1264 2340 1547 2395 multorum
1580 2340 1662 2394 vel
1690 2340 1897 2411 aliquo-

312 2443 433 2483 rum
458 2443 723 2484 annorum
745 2438 892 2485 certa
918 2430 1216 2485 intervalla.
1238 2432 1345 2486 Aut
1366 2447 1497 2503 ergo
1522 2431 1599 2487 sic
1616 2434 1900 2504 appellavit

312 2529 611 2591 aeternum,
643 2523 786 2593 quod
814 2537 923 2579 non
960 2539 1056 2579 sua
1081 2534 1270 2595 sponte
1291 2525 1520 2581 audeant
1542 2528 1785 2583 desinere
1804 2544 1896 2584 ce-

312 2610 553 2679 lebrare;
586 2622 711 2680 aut,
738 2614 876 2669 sicut
918 2614 1058 2680 dixi,
1108 2622 1167 2671 αι
1198 2631 1303 2671 non
1335 2618 1445 2687 ipsa
1485 2620 1635 2688 signa
1673 2635 1851 2675 rerum
1875 2661 1891 2690 ,

311 2702 406 2757 sed
428 2717 519 2758 res
544 2719 663 2773 quae
692 2705 758 2760 Iis
785 2705 1148 2776 signiﬁcantur
1169 2714 1385 2763 aeternae
1411 2709 1785 2780 intelligantur.

383 2792 569 2848 XLIV.
598 2792 698 2867 [Ib.
723 2810 820 2861 xu,
852 2794 965 2869 50.]
996 2797 1063 2851 Et
1081 2798 1248 2868 factus
1270 2809 1345 2855 est
1370 2799 1561 2855 clamor
1601 2818 1813 2873 magnus
1840 2803 1895 2857 in

310 2894 446 2939 terra
468 2885 709 2958 £ggpti.
739 2886 863 2943 Non
886 2890 1021 2943 enim
1045 2899 1151 2944 erat
1177 2890 1353 2946 domus
1373 2892 1425 2946 in
1455 2909 1556 2961 qua
1583 2909 1683 2947 non
1715 2904 1821 2948 erat
1840 2895 1893 2948 in

309 2996 369 3033 ea
395 2988 640 3036 mortuus.
664 2980 856 3037 Nonne
882 2982 1051 3052 potuit
1078 2998 1199 3039 esse
1224 2984 1398 3055 aliqua
1424 2985 1614 3041 domus
1640 3002 1755 3055 qua:
1781 2987 1891 3057 pri-

309 3072 641 3141 mogenitum
669 3086 774 3126 non
803 3071 1060 3129 haberet?
1102 3073 1235 3129 Cum
1258 3090 1385 3146 ergo
1410 3075 1743 3147 primogeniti
1772 3088 1890 3132 tan-

309 3162 589 3217 tummodo
628 3172 967 3220 morerentur
987 3205 1002 3232 ,
1038 3166 1306 3236 quomodo
1335 3166 1477 3222 nulla
1499 3176 1614 3222 erat
1640 3184 1758 3238 quae
1783 3184 1890 3225 non

307 3254 533 3310 haberet
582 3258 894 3312 mortuum?
934 3260 1017 3313 An
1057 3259 1240 3315 ethoc
1282 3259 1533 3315 divinitus
1561 3260 1891 3331 priescientia

306 3348 403 3403 Dei
433 3346 607 3403 fuerat
637 3360 979 3419 procuratum
1000 3393 1016 3419 ,
1047 3360 1105 3406 ut
1130 3351 1185 3407 in
1201 3352 1446 3407 omnibus
1474 3354 1689 3408 omnino
1712 3365 1891 3411 essent

303 3439 554 3494 domibus
570 3442 645 3510 pri
654 3442 925 3511 mogeniti,
945 3442 995 3497 in
1014 3442 1205 3513 quibus
1219 3452 1621 3514 percuterentur
1637 3446 1890 3518 Εσπιίἱῖ

302 3531 389 3585 Ah
420 3532 519 3586 hac
551 3547 681 3589 sane
718 3535 869 3604 plaga
910 3550 1017 3590 non
1050 3536 1267 3606 putandi
1293 3546 1417 3593 sunt
1439 3538 1701 3595 immunes
1727 3540 1888 3597 fuisse

300 3622 539 3696 Egyptii
590 3625 678 3695 qui
706 3624 1013 3682 habitabant
1053 3628 1108 3683 in
1151 3636 1291 3683 terra
1320 3628 1559 3696 Gessen;
1613 3631 1887 3689 hominum

301 3718 501 3785 quippe
529 3725 643 3771 erat
667 3756 683 3783 ,
709 3717 792 3772 vel
822 3718 1128 3773 animalium
1152 3758 1169 3786 ,
1192 3734 1298 3775 non
1329 3730 1485 3776 terrae
1520 3739 1532 3776 :
1565 3721 1617 3776 id
1645 3732 1724 3777 est
1743 3764 1759 3790 ,
1793 3725 1888 3777 ho-

298 3806 477 3862 mines
501 3816 557 3863 et
576 3808 824 3864 animalia
846 3810 1193 3881 primogenita
1215 3811 1577 3868 moriebantur
1600 3815 1810 3870 occulto
1834 3824 1889 3871 et

298 3900 546 3970 angelico
593 3915 851 3970 percussu
875 3940 892 3968 ,
924 3917 1030 3958 non
1068 3902 1269 3973 aliquid
1310 3904 1362 3959 in
1389 3914 1528 3961 terra
1552 3906 1635 3962 vel
1665 3907 1717 3962 in
1748 3908 1886 3963 coelo

297 3991 499 4045 factum
547 3999 695 4058 erat,
728 3993 867 4047 sicut
891 4008 1058 4061 rana,
1098 3994 1181 4049 vel
1206 3994 1437 4063 locusta,
1485 3997 1571 4052 vel
1611 3999 1843 4054 tenebrae
1867 4041 1882 4066 ,

299 4084 444 4138 unde
472 4084 563 4154 qui
609 4083 951 4154 habitabant,
1004 4085 1384 4157 amigerentur.
1434 4089 1477 4144 A
1510 4090 1700 4145 talibus
1742 4091 1884 4147 enim

298 4175 469 4246 plagis
489 4191 614 4231 cum
654 4185 797 4232 terra
833 4177 1040 4234 Gessen
1072 4177 1259 4234 fuisset
1282 4181 1480 4249 aliena,
1513 4185 1695 4252 procul
1724 4183 1885 4239 dubio

298 4267 648 4336 perveniebat
666 4268 981 4325 beneficium
1006 4269 1075 4325 ad
1096 4285 1191 4326 eos
1211 4270 1489 4343 Egyptios
1509 4275 1598 4344 qui
1618 4275 1667 4327 in
1698 4276 1883 4331 eadem

299 4365 441 4412 terra
472 4373 594 4413 cum
624 4358 862 4415 Hebraeis
900 4360 1243 4417 morabantur
1270 4380 1284 4416 :
1319 4362 1417 4418 hac
1444 4380 1573 4419 vero
1615 4366 1881 4437 primoge-

295 4448 394 4503 niti
425 4464 613 4504 eorum
642 4465 831 4507 omnes
858 4453 1095 4521 percussi
1120 4462 1262 4508 sunt.

373 4540 535 4597 XLV.
577 4541 676 4614 [1b.
705 4557 815 4610 xu,
841 4544 933 4611 55,
964 4542 1077 4617 '56.]
1105 4542 1229 4599 Filii
1266 4553 1434 4600 autem
1475 4545 1640 4602 Israel
1664 4550 1886 4619 fecerunt

293 4633 445 4688 sicuti
484 4644 794 4705 praeceperat
821 4634 924 4690 illis
952 4636 1152 4709 Moyses
1167 4678 1181 4705 ,
1206 4646 1253 4692 et
1268 4639 1514 4709 petierunt
1534 4640 1595 4694 ab
1621 4639 1886 4713 {Egyptiis

294 4740 421 4779 vasa
449 4740 604 4779 aurea
628 4736 676 4780 et
694 4736 930 4798 argentea
952 4736 999 4782 et
1027 4737 1243 4797 vestem;
1271 4737 1319 4785 et
1339 4730 1589 4787 Dominus
1606 4732 1745 4788 dedit
1767 4750 1885 4805 gra-

293 4820 422 4872 tiam
466 4819 655 4890 populo
698 4836 790 4875 suo
817 4837 989 4875 coram
1027 4822 1326 4894 Aegyptiis,
1364 4834 1410 4878 et
1446 4826 1885 4883 commodaverunt

292 4910 401 4964 illis
419 4950 436 4975 ,
467 4917 514 4964 et
535 4910 750 4980 prazdati
770 4921 886 4967 sunt
902 4911 1201 4986 Egyptios.
1222 4914 1341 4970 Iam
1369 4916 1470 4971 hoc
1497 4915 1689 4973 factum
1714 4920 1886 4975 fuerat

293 5008 422 5057 ante
451 5012 652 5058 mortes
684 5004 1159 5077 primogenitorum
1186 5008 1590 5082 Egyptiorum;
1620 5012 1714 5068 sed
1745 5028 1885 5071 nunc

293 5111 399 5167 per
443 5098 943 5169 recapitulationem
993 5101 1273 5171 repetitur.
1323 5102 1455 5159 Nam
1500 5113 1774 5162 narratum
1802 5114 1885 5162 est

292 5187 512 5258 quando
535 5188 731 5246 factum
751 5199 855 5248 est.
887 5190 1041 5247 Modo
1068 5193 1213 5249 enim
1243 5193 1360 5250 ﬁeri
1385 5196 1651 5265 quomodo
1677 5207 1877 5268 posset,

291 5278 431 5334 utin
454 5287 603 5335 tanto
628 5281 773 5337 luctu
791 5297 855 5337 ex
885 5283 1144 5340 mortibus
1173 5300 1390 5341 suorum
1417 5289 1884 5347 accommodarent

291 5369 399 5427 ista
426 5371 552 5427 ﬁliis
578 5371 782 5430 Israel?
808 5374 921 5430 Nisi
950 5374 1089 5433 forte
1108 5378 1227 5447 quis
1250 5378 1394 5434 dicat
1419 5382 1577 5436 etiam
1600 5382 1699 5438 ista
1728 5384 1882 5455 plaga

290 5477 403 5520 non
433 5461 599 5521 fuisse
628 5480 908 5535 percussos
930 5466 1209 5540 «Egyptios
1248 5470 1483 5541 quicum
1525 5473 1762 5531 Hebraeis
1800 5476 1881 5532 in-

292 5555 610 5613 habitabant
634 5565 835 5613 terram
862 5558 1085 5615 Gessen.

367 5648 555 5705 XLVI.
580 5649 680 5722 [Ib.
723 5666 828 5719 xu,
859 5648 975 5723 ελ]
1006 5651 1139 5720 Quid
1170 5661 1252 5708 est
1294 5655 1431 5724 quod
1461 5657 1567 5723 ait,
1615 5659 1881 5731 Accipietis

292 5751 468 5796 autem
493 5742 793 5812 fasciculum
821 5742 1027 5813 hyssopi
1045 5782 1061 5808 ,
1092 5753 1139 5796 et
1169 5744 1412 5814 tingentes
1440 5764 1502 5801 ex
1526 5751 1770 5820 sanguine
1794 5753 1883 5824 qui

294 5836 551 5907 ostium
578 5836 788 5905 ostium,
841 5834 1024 5892 linietis
1052 5851 1205 5906 super
1232 5844 1384 5895 limen
1410 5852 1457 5917 et
1503 5859 1657 5924 super
1705 5848 1877 5911 ambos

1633 380 1841 441 LIBER
1872 384 2242 445 SECUNDUS.

3496 416 3601 479 6l0

2031 504 2240 601 postea?
2268 504 2529 572 Quaeritur
2557 512 2699 568 enim
2742 530 2900 588 quem
2926 531 3235 592 sanguinem
3280 525 3417 585 dicat
3449 530 3598 601 juxta

2002 594 2220 659 ,ostium
2240 639 2255 664 ,
2288 612 2407 654 cum
2446 601 2583 659 illius
2606 607 2728 677 agni
2758 611 2937 680 utique
2964 613 3095 669 velit
3134 615 3358 690 intelligi
3387 594 3594 693 sangui’

2024 702 2144 742 nem
2170 730 2183 753 ,
2212 692 2363 761 cujus
2382 693 2741 755 immolatione
2768 700 2824 755 ﬁt
2848 702 3068 760 Pascha.
3097 707 3179 762 An
3200 724 3267 764 eo
3284 711 3446 767 modo
3471 692 3599 771 con-

2024 790 2308 848 sequenter
2351 787 2613 856 praecipit,
2643 792 2881 858 quamvis
2908 793 3008 849 hoc
3055 799 3307 865 tacuerit,
3358 810 3415 856 ut
3454 803 3597 861 idem

2021 882 2186 959 agnus
2202 872 2349 942 juxta
2379 877 2569 932 ostium
2609 881 2915 939 occidatur?
2941 886 3019 939 An
3039 928 3053 953 ,
3084 890 3226 959 quod
3251 900 3337 947 est
3356 894 3593 951 credibi-

2022 957 2123 1015 lius
2140 1002 2154 1028 ,
2183 962 2302 1020 ideo
2330 965 2463 1021 dixit
2481 985 2543 1023 ea;
2567 972 2809 1042 sanguine
2832 975 2919 1043 qui
2941 986 3016 1030 est
3042 957 3197 1048 juxta
3226 986 3409 1038 ostium
3427 1025 3443 1052 ,
3471 986 3595 1056 quia

2022 1052 2203 1122 utique
2232 1055 2320 1110 ille
2346 1058 2434 1127 qui
2456 1059 2699 1116 liniturus
2719 1072 2801 1119 est
2826 1080 2985 1136 super
2998 1068 3159 1125 limen
3185 1082 3240 1127 et
3268 1083 3467 1144 postes,
3488 1052 3589 1134 vas

2019 1141 2193 1212 ipsum
2234 1146 2285 1201 in
2310 1164 2417 1219 quo
2446 1153 2754 1222 sanguinem
2774 1159 3014 1227 excepit,
3042 1160 3191 1229 juxta
3230 1141 3423 1221 ostium
3449 1141 3595 1239 posi-

2021 1244 2171 1294 turus
2189 1248 2270 1293 est
2285 1281 2301 1307 ,
2325 1250 2382 1296 ut
2403 1244 2470 1297 ad
2495 1260 2707 1301 manum
2728 1247 2920 1306 habeat
2938 1252 3148 1321 quando
3181 1256 3365 1328 tingit?

2087 1326 2293 1417 X_LVII.
2324 1329 2423 1403 [lb.
2439 1349 2534 1398 xu,
2553 1335 2639 1401 57,
2658 1335 2772 1411 40.]
2790 1338 3115 1397 Sustulerunt
3133 1326 3297 1400 autem
3312 1348 3409 1417 lilii
3427 1348 3595 1407 Israel

2016 1415 2079 1469 de
2106 1415 2347 1474 Ramesse
2372 1421 2423 1475 in
2451 1421 2738 1494 Socchoth,
2787 1428 2840 1482 in
2886 1442 3118 1485 sexcenta
3166 1415 3329 1490 millia
3370 1440 3593 1509 peditum

2014 1505 2107 1560 viri
2125 1547 2142 1574 ,
2171 1519 2353 1578 praeter
2377 1512 2706 1583 instructum,
2736 1518 2820 1572 vel
2851 1534 3087 1589 censum;
3116 1526 3160 1579 si
3204 1525 3304 1582 isto
3326 1505 3485 1585 modo
3505 1546 3592 1601 po-

2015 1604 2118 1654 test
2155 1611 2299 1658 recte
2344 1604 2681 1677 interpretari
2704 1611 2846 1681 quod
2870 1627 3075 1683 gmcus
3096 1615 3258 1675 habet
3292 1624 3586 1694 ἀποσκευήν,

2013 1705 2120 1761 quo
2144 1694 2307 1750 verbo
2323 1711 2429 1751 non
2451 1700 2622 1781 solum
2648 1702 2862 1759 mobilia
2878 1745 2895 1773 ,
2928 1721 3112 1762 verum
3141 1710 3299 1766 etiam
3319 1716 3590 1771 moventia

2011 1786 2295 1857 signiﬁcari
2338 1790 2536 1848 indicat
2583 1793 2886 1865 Scriptura,
2916 1799 3007 1855 ubi
3045 1801 3212 1858 Iudas
3251 1804 3472 1876 loquens
3520 1808 3590 1865 ad

2012 1889 2214 1949 patrem
2262 1896 2416 1938 suum
2442 1885 2570 1941 dicit
2600 1904 2615 1942 :
2647 1887 2795 1943 Mitte
2820 1907 3033 1960 puerum
3061 1910 3251 1950 mecum
3270 1939 3287 1965 ,
3314 1907 3361 1952 et
3387 1915 3589 1970 surgen~

2012 1980 2083 2026 tes
2106 1971 2286 2027 ibimus
2309 1984 2362 2029 ut
2386 1976 2610 2032 vivamus
2630 2020 2644 2045 ,
2677 1988 2724 2033 et
2750 1997 2852 2035 non
2884 1984 3159 2039 moriamur
3184 1996 3230 2040 et
3258 2005 3351 2043 nos
3371 2028 3385 2055 ,
3418 1998 3465 2043 et
3493 2000 3546 2043 tu
3567 2031 3584 2058 ,

2011 2073 2057 2117 et
2098 2063 2372 2120 substantia
2396 2080 2569 2123 nostra
2615 2068 2767 2140 (Gen.
2810 2088 2958 2142 xun,
2985 2074 3063 2146 8).
3098 2077 3173 2133 Ibi
3203 2080 3345 2135 enim
3383 2096 3589 2151 graecus

2010 2156 2270 2219 ἀποσκευὴν
2294 2157 2487 2224 habet,
2517 2160 2605 2215 ubi
2631 2163 2962 2218 substantiam
2991 2166 3187 2223 latinus
3214 2170 3588 2240 interpretatus

2010 2254 2120 2313 est;
2170 2248 2310 2317 quod
2355 2250 2637 2321 aliquando
2686 2271 2886 2310 censum
2930 2258 3342 2330 interpretantur
3381 2265 3584 2321 nostri:

2010 2338 2147 2394 sicut
2168 2356 2309 2397 nunc
2328 2342 2625 2401 instructum
2648 2346 2827 2405 dicere
2852 2350 3139 2421 voluimus,
3168 2355 3295 2412 dum
3325 2366 3497 2415 tamen
3520 2374 3587 2416 eo

2007 2432 2223 2489 nomine
2247 2443 2301 2489 et
2328 2436 2572 2495 homines
2588 2441 2889 2511 etjumenta
2912 2447 2996 2502 vel
3012 2448 3186 2503 omnia
3210 2464 3402 2518 pecora
3427 2452 3586 2507 intel-

2007 2521 2258 2592 ligantur.
2287 2525 2387 2581 Ubi
2405 2529 2565 2584 etiam
2592 2540 2768 2588 utrum
2791 2543 2844 2588 et
2873 2551 3069 2592 uxores
3100 2542 3301 2607 possint
3324 2540 3583 2612 intelligi,

2006 2617 2210 2672 nescio.
2237 2617 2499 2676 Sexcenta
2521 2630 2695 2679 tamen
2722 2626 2887 2682 millia
2907 2629 3141 2701 peditum
3162 2645 3283 2686 cum
3312 2631 3584 2703 Scriptura

2006 2720 2421 2778 commemoret,
2452 2712 2653 2771 addens
2680 2724 2736 2771 et
2778 2717 2997 2787 dicens,
3046 2719 3272 2791 Excepto
3300 2722 3581 2794 instructu,

2003 2799 2087 2854 vel
2112 2816 2261 2855 censu
2278 2842 2296 2869 ,
2320 2803 2401 2858 vel
2421 2804 2703 2861 substantia
2722 2848 2738 2875 ,
2768 2809 2851 2863 vel
2881 2810 2925 2864 si
2942 2825 3048 2880 quo
3075 2812 3181 2867 alio
3202 2812 3365 2869 verbo
3388 2815 3584 2873 melius

2003 2890 2381 2961 interpretatur
2403 2896 2661 2964 ἀποσκιυὴ,
2689 2898 3030 2955 manifestum
3057 2910 3138 2956 est
3157 2912 3213 2958 et
3236 2902 3479 2961 homines
3505 2906 3582 2961 si-

2001 2984 2278 3053 gniﬁcatos
2297 3027 2312 3052 ,
2339 2986 2451 3042 sive
2477 2987 2529 3043 in
2550 2990 2719 3046 servis
2740 3032 2756 3058 ,
2788 2992 2901 3048 sive
2922 2993 2978 3048 in
3004 2994 3316 3052 mulieribus
3333 3037 3350 3065 ,
3389 2998 3501 3054 sive
3526 2998 3581 3054 in

2001 3075 2085 3131 his
2108 3078 2353 3134 aetatibus
2377 3095 2494 3151 quae
2520 3081 2721 3138 militiae
2760 3100 2866 3139 non
2895 3094 3078 3142 essent
3104 3087 3335 3156 idoneae,
3371 3098 3428 3146 ut
3452 3106 3582 3147 sex-

1999 3180 2154 3226 centa
2196 3171 2360 3228 millia
2409 3173 2643 3242 peditum
2674 3176 2725 3231 in
2764 3176 2842 3232 eis
2872 3177 3004 3235 solis
3047 3179 3401 3253 intelligamus
3424 3224 3441 3251 ,
3485 3184 3578 3254 qui

2001 3270 2219 3331 possent
2245 3262 2459 3316 militari
2487 3264 2695 3334 agmine
2722 3267 2939 3322 armari.

2069 3350 2245 3418 Quaeri
2274 3364 2451 3407 autem
2471 3354 2607 3410 solet
2632 3364 2806 3411 utrum
2841 3357 2909 3412 ad
2931 3366 3132 3414 tantum
3172 3376 3449 3417 numerum
3477 3362 3579 3420 Ile-

1997 3439 2127 3495 braei
2169 3443 2448 3511 pervenire
2488 3445 2757 3514 potuerint
2797 3463 2892 3517 per
2920 3465 3012 3504 eos
3037 3464 3205 3507 annos
3234 3452 3287 3507 in
3311 3452 3577 3525 Egypto,

1997 3546 2132 3601 quos
2173 3532 2455 3588 ostendere
2492 3536 2856 3592 consideratus
2895 3540 2947 3594 in
2995 3540 3280 3611 Scripturis
3326 3559 3580 3601 numerus

1998 3629 2169 3689 potest
2193 3640 2205 3675 :
2233 3623 2323 3691 qui
2349 3624 2578 3693 primum
2603 3627 2726 3681 anni
2749 3637 2881 3698 quot
2908 3628 3105 3687 fuerint
3125 3648 3232 3688 non
3252 3649 3413 3703 parva
3438 3650 3577 3706 quaa-

1994 3713 2099 3768 stio
2123 3721 2223 3768 est.
2254 3714 2390 3770 Dicit
2412 3716 2554 3771 enim
2584 3718 2722 3773 Deus
2746 3720 2812 3774 ad
2836 3721 3104 3778 Abraham
3125 3739 3245 3780 cum
3276 3725 3471 3782 factum
3492 3742 3579 3784 es-

1994 3813 2077 3860 set
2119 3804 2247 3860 illud
2284 3806 2601 3862 sacriﬁcium
2630 3808 2698 3864 de
2744 3825 2899 3867 vacca
2950 3813 3144 3884 trima,
3192 3826 3248 3873 et
3289 3833 3483 3889 capra,
3523 3828 3578 3875 et

1994 3897 2161 3953 ariete
2180 3939 2193 3963 ,
2218 3907 2271 3954 et
2296 3907 2500 3956 turture
2518 3942 2534 3969 ,
2563 3910 2616 3957 et
2651 3902 2894 3961 columba
2916 3947 2931 3974 ,
2964 3918 3245 3979 antequam
3277 3927 3378 3965 non
3401 3915 3576 3969 solum

1996 3987 2171 4054 Isaac,
2201 3989 2293 4044 sed
2338 4006 2437 4045 nec
2466 3992 2657 4048 Ismael
2694 3996 2907 4065 quidem
2941 4008 3098 4055 natus
3128 4011 3309 4057 esset:
3354 4002 3577 4061 Sciendo

1993 4082 2123 4136 scias
2179 4083 2217 4149 ⁸,
2247 4078 2367 4153 quia
2388 4088 2703 4156 peregrinum
2741 4090 2831 4143 erit
2869 4106 3036 4146 semen
3065 4103 3206 4147 tuum
3234 4095 3287 4148 in
3317 4103 3449 4150 terra
3474 4113 3576 4152 non

1993 4174 2236 4243 propria;
2288 4184 2335 4230 et
2376 4177 2429 4230 in
2463 4179 2748 4234 servitutem
2795 4183 3021 4255 redigent
3050 4202 3163 4252 eos,
3221 4195 3267 4241 et
3324 4189 3575 4244 nocebunt

1992 4263 2096 4317 illis
2125 4266 2519 4337 quadringentos
2551 4285 2712 4324 annos
2744 4270 2898 4340 (Gen.
2941 4289 3033 4340 xv,
3065 4274 3180 4347 15).
3212 4275 3268 4330 Si
3290 4292 3417 4347 ergo
3441 4294 3574 4349 qua-

1991 4352 2300 4423 dringentos
2319 4372 2489 4412 annos
2514 4359 2590 4414 sic
2613 4362 2975 4431 acceperimus
2994 4405 3009 4431 ,
3033 4374 3089 4419 ut
3106 4366 3160 4420 in
3185 4368 3446 4423 servitute
3474 4370 3577 4424 sub

1990 4444 2260 4517 Egyptiis
2306 4449 2705 4519 intelligantur,
2737 4468 2844 4506 non
2892 4468 3111 4523 parvum
3161 4457 3392 4529 spatium
3435 4468 3575 4515 tem-

1992 4539 2138 4609 poris
2166 4538 2296 4605 fuit,
2330 4556 2435 4610 quo
2470 4542 2540 4597 ita
2582 4543 2808 4613 p0pulus
2847 4547 3310 4617 multiplicaretur.
3352 4548 3457 4608 Sed
3498 4560 3577 4610 tot

1990 4644 2159 4685 annos
2190 4646 2294 4687 non
2339 4632 2535 4702 fuisse,
2592 4636 2927 4705 apertissimo
2955 4638 3156 4698 indicio
3201 4642 3470 4715 Scriptura
3497 4656 3576 4704 te-

1990 4724 2178 4776 statur.
2801 4757 2804 4760 ~
3192 4778 3199 4783 .

2059 4810 2283 4878 Quidam
2318 4812 2458 4867 enim
2487 4822 2674 4882 putant
2709 4817 3125 4891 quadringentos
3160 4824 3373 4896 triginta
3403 4842 3573 4883 annos

1988 4903 2157 4973 accipi
2185 4903 2416 4971 debere,
2460 4922 2526 4962 ex
2569 4923 2673 4979 quo
2697 4908 2861 4966 Iacob
2908 4912 3118 4970 intravit
3157 4916 3207 4971 in
3246 4918 3571 4991 Egyptum,

1988 4994 2160 5051 donec
2187 4997 2311 5052 inde
2339 5000 2566 5075 populus
2592 5016 2688 5072 per
2729 5002 2944 5075 Moysen
2990 5005 3245 5063 liberatus
3283 5019 3397 5074 est,
3438 5026 3573 5079 quo-

1988 5087 2128 5141 niam
2156 5087 2210 5142 in
2236 5087 2418 5143 Exodo
2439 5091 2698 5162 scriptum
2717 5102 2800 5148 est
2831 5111 2844 5148 :
2875 5093 3143 5152 Incolatus
3165 5108 3331 5153 autem
3351 5100 3576 5169 ﬁliorum

1986 5178 2182 5245 Israel,
2228 5198 2374 5252 quem
2411 5183 2729 5240 incoluerunt
2765 5186 2820 5241 in
2849 5197 2981 5243 terra
3012 5188 3234 5262 Αἴθῃ)ιὶ
3273 5200 3319 5246 et
3359 5194 3414 5247 in
3441 5204 3577 5247 terra

1987 5270 2262 5339 Chanaan,
2290 5274 2389 5344 ipsi
2426 5284 2471 5329 et
2499 5284 2664 5345 patres
2702 5293 2874 5333 eorum
2893 5320 2907 5345 ,
2948 5282 3074 5335 anni
3106 5282 3460 5356 quadringenti
3485 5286 3578 5340 tri-

1985 5365 2144 5436 ginta.
2169 5365 2449 5422 Servitutis
2474 5377 2654 5425 autem
2680 5383 2867 5426 eorum
2899 5372 3086 5428 volunt
3113 5389 3232 5430 esse
3252 5391 3421 5432 annos
3447 5393 3577 5448 qua~

1985 5457 2332 5530 dringentos;
2364 5470 2640 5530 propterea
2668 5464 2809 5534 quod
2839 5466 3097 5537 scriptum
3137 5477 3220 5523 est
3254 5469 3305 5523 in
3333 5469 3527 5527 Genesi
3556 5488 3571 5527 :

1988 5551 2206 5606 Sciendo
2242 5553 2372 5609 scias
2395 5595 2409 5620 ,
2454 5555 2574 5624 quia
2624 5558 2943 5628 peregrinum
2999 5561 3090 5614 erit
3136 5578 3303 5618 semen
3348 5574 3488 5618 tuum
3520 5566 3573 5621 in

1986 5654 2120 5701 terra
2154 5664 2256 5701 non
2283 5663 2416 5713 sua;
2443 5657 2491 5702 et
2524 5650 2577 5702 in
2604 5650 2892 5705 servitutem
2928 5653 3160 5725 redigent
3190 5672 3301 5723 eos,
3348 5666 3393 5712 et
3421 5675 3571 5713 noce-

1988 5802 2297 5918 dosm.
2318 5803 2411 5859 hoc
2431 5801 2540 5857 loco
2562 5819 2576 5857 ε
2600 5813 2651 5867 at
2671 5805 2878 5871 Inferius
2896 5818 3174 5871 constanter
3197 5812 3396 5881 habent,
3418 5827 3556 5879 SM
