4094 6518
282 556 513 632 populus
552 571 618 613 ex
656 555 924 628 Egypto,
964 560 1185 625 excepto
1219 560 1414 610 caetero
1451 558 1729 623 apparatu,
1772 546 1862 602 ubi

283 661 335 708 ct
362 651 583 706 servitia
613 660 764 707 erant
782 692 796 716 ,
824 658 879 705 et
904 664 1062 705 sexus
1087 648 1359 704 muliebris
1383 656 1437 703 et
1464 645 1687 701 imbellis
1712 655 1861 700 mtas.

347 743 505 811 Quod
527 758 655 814 ergo
681 743 814 797 dixit
836 743 979 797 Deus
1017 740 1084 796 ad
1111 741 1409 807 Abraham,
1452 738 1669 795 Sciendo
1698 739 1827 792 scias
1846 780 1860 804 ,

278 838 399 907 quia
439 838 762 906 peregrinum
787 835 877 888 erit
907 849 1074 888 semen
1094 842 1232 887 tuum
1260 832 1314 885 in
1344 841 1475 885 terra
1494 846 1595 885 non
1622 830 1863 901 prapria;
1904 842 1911 845 ‘

278 938 325 982 et
360 927 417 980 in
457 928 745 980 servitutem
773 924 1003 995 redigent
1023 939 1128 989 eos,
1153 931 1205 977 et
1226 922 1465 976 nocebunt
1488 922 1591 976 illis
1617 921 1861 990 quadrin-

277 1027 453 1089 gentos
472 1033 655 1084 annos,
678 1030 784 1070 non
811 1016 887 1069 sic
914 1012 1278 1083 accipiendum
1303 1020 1404 1079 est,
1428 1019 1674 1081 tanquam
1698 1010 1749 1063 in
1774 1010 1867 1064 illa

277 1109 568 1165 durissima
598 1107 853 1162 servitute
881 1105 1293 1176 quadringentos
1324 1118 1492 1158 annos
1518 1102 1609 1157 Dei
1642 1102 1865 1172 populus

276 1202 439 1256 fuerit
468 1217 483 1252 :
513 1199 611 1256 sed
640 1199 761 1269 quia
800 1198 1054 1267 scriptum
1081 1206 1183 1260 est,
1210 1192 1277 1249 In
1311 1192 1463 1249 Isaae
1498 1192 1749 1248 vocabitur
1777 1194 1864 1247 tibi

276 1307 444 1347 semen
465 1290 576 1362 (1d.
599 1305 717 1354 xxi,
744 1286 867 1360 12);
899 1304 965 1343 ex
992 1303 1129 1343 anno
1149 1286 1435 1342 nativitatis
1455 1285 1600 1341 Isaac
1619 1299 1783 1355 usque
1798 1283 1865 1338 ad

276 1395 477 1434 annum
502 1379 828 1450 egressionis
847 1394 912 1433 ex
946 1377 1178 1449 ,δεῖριο
1195 1385 1568 1447 computantur
1581 1375 1706 1431 anni
1730 1390 1863 1445 qua-

276 1474 547 1543 dringenti
563 1473 818 1542 quinque.
839 1472 973 1526 Cum
1000 1486 1128 1541 ergo
1151 1470 1219 1524 de
1238 1468 1632 1539 quadringentis
1654 1468 1865 1539 triginta

277 1565 578 1620 detraxeris
602 1564 786 1633 viginti
815 1564 1045 1633 quinque
1068 1561 1158 1631 qui
1183 1570 1303 1615 sunt
1338 1575 1369 1614 a
1394 1559 1745 1629 promissione
1772 1574 1863 1614 us-

276 1672 381 1728 que
408 1656 481 1711 ad
509 1663 691 1709 natum
720 1654 884 1720 lsaac,
929 1669 1033 1707 non
1063 1654 1259 1707 mirum
1284 1660 1367 1706 est
1388 1652 1432 1705 si
1455 1650 1866 1721 quadringentos

277 1757 330 1803 et
358 1748 602 1818 quinque
644 1759 814 1801 annos
850 1759 1055 1799 summa
1080 1743 1246 1798 solida
1271 1742 1680 1813 quadringentos
1702 1742 1873 1795 voluit

278 1840 557 1910 appellare
575 1838 869 1907 Scriptura,
898 1851 1017 1906 quae
1036 1836 1171 1890 solet
1193 1846 1429 1904 tempora
1451 1835 1517 1888 ita
1541 1848 1862 1903 nuncupare,

278 1938 335 1985 nt
358 1929 506 2000 quod
545 1928 613 1983 de
649 1942 855 1981 summa
888 1925 1213 1996 perfectioris
1243 1925 1447 1979 numeri
1476 1924 1740 1993 paululum
1774 1939 1867 1979 ex-

279 2022 481 2077 crescit
526 2028 618 2075 aut
660 2019 792 2074 inira
833 2030 950 2084 est,
994 2032 1100 2071 non
1148 2026 1500 2085 computetur.
1536 2014 1650 2070 Non
1690 2016 1873 2083 itaque

280 2112 429 2182 quod
451 2112 547 2176 ait,
595 2110 660 2164 In
685 2110 971 2164 seruitutem
1002 2108 1224 2178 redigant
1249 2123 1331 2161 eos
1348 2148 1361 2173 ,
1392 2117 1437 2160 et
1464 2105 1705 2161 nocebunt
1723 2104 1825 2159 illis
1848 2148 1861 2171 ,

280 2202 357 2257 ad
368 2201 789 2273 quadringentos
812 2213 978 2253 annos
1004 2197 1345 2253 referendum
1372 2206 1472 2261 est,
1506 2206 1749 2267 tanquam
1772 2212 1871 2266 per

280 2304 363 2351 tot
408 2310 583 2350 annos
622 2308 714 2348 eos
750 2293 1029 2346 habuerint
1054 2292 1108 2344 in
1148 2291 1429 2356 servitute;
1468 2290 1569 2344 sed
1602 2290 1869 2345 referendi

281 2394 411 2441 sunt
453 2385 833 2455 quadringenti
856 2382 981 2439 anni
1020 2383 1091 2436 ad
1112 2381 1167 2437 id
1188 2383 1326 2453 quod
1355 2382 1553 2436 dictum
1582 2391 1681 2448 est,
1712 2382 1869 2437 Pere-

282 2482 491 2551 grinum
516 2480 609 2533 erit
631 2494 797 2533 semen
819 2485 964 2531 tuum
985 2477 1039 2529 in
1066 2486 1198 2529 terra
1222 2492 1325 2530 non
1343 2476 1585 2547 propria:
1610 2476 1728 2545 quia
1755 2476 1871 2530 sive

283 2572 338 2625 in
369 2580 513 2624 terra
543 2568 793 2624 Chanaan
820 2609 834 2633 ,
866 2568 979 2621 sive
1008 2567 1059 2620 in
1087 2565 1350 2635 Egypto,
1381 2565 1716 2636 peregrinum
1754 2575 1872 2621 erat

283 2660 425 2715 illud
442 2674 649 2724 semen,
682 2666 960 2727 antequam
988 2656 1347 2711 haereditatem
1377 2664 1646 2710 sumerent
1676 2665 1868 2715 terram

283 2766 352 2807 ex
384 2750 740 2820 promissione
768 2749 861 2803 Dei
885 2762 900 2814 ;
942 2747 1081 2818 quod
1108 2745 1304 2801 factum
1333 2756 1415 2802 est
1438 2755 1781 2816 posteaquam
1802 2762 1869 2801 ex

290 2840 527 2911 ἅδῃ)ιο
566 2839 773 2893 liberati
798 2846 923 2893 sunt
954 2854 967 2889 :
990 2846 1048 2891 ut
1070 2836 1403 2908 hyperbaton
1421 2836 1507 2891 hic
1530 2836 1865 2906 intelligatur,

285 2945 343 2989 et
364 2933 503 2987 ordo
532 2931 815 2985 verborum
858 2929 947 2996 sit,
978 2927 1203 2983 Sciendo
1223 2929 1374 2994 scias,
1413 2928 1529 2997 quia
1557 2928 1872 2999 peregrinum

285 3025 379 3077 erit
394 3040 568 3077 semen
603 3033 747 3075 tuum
784 3022 836 3074 in
864 3031 995 3074 terra
1026 3036 1126 3073 non
1150 3020 1357 3090 propria
1380 3018 1754 3090 quadringentis
1772 3036 1869 3072 an-

287 3130 404 3178 ius;
431 3113 561 3168 illud
589 3122 765 3166 autem
791 3111 1156 3180 interpositum
1188 3109 1525 3179 intelligatur,
1554 3108 1621 3163 Et
1642 3110 1694 3163 in
1712 3110 1869 3164 servi-

287 3214 445 3260 tutem
463 3205 691 3276 redigant
712 3220 815 3269 eos,
846 3214 891 3258 et
928 3204 1170 3257 nocebunt
1196 3201 1303 3256 illis
1311 3218 1330 3266 ;
1356 3203 1433 3259 ita,
1454 3212 1511 3257 ut
1534 3201 1603 3256 ad
1620 3201 1872 3272 quadrin-

286 3305 484 3368 gentos
506 3312 675 3350 annos
713 3296 815 3349 ista
854 3294 1183 3364 interpositio
1213 3310 1314 3347 non
1346 3294 1624 3363 pertineat.
1674 3292 1734 3347 In
1777 3307 1872 3348 ex-

292 3400 463 3445 trema
488 3388 630 3443 enim
662 3397 813 3458 parte
841 3401 1098 3440 annorum
1140 3400 1361 3439 summa:
1396 3384 1587 3453 hujus,
1627 3383 1729 3440 hoc
1752 3393 1832 3441 est
1855 3424 1871 3452 ,

293 3491 414 3552 post
446 3489 670 3535 inertem
694 3479 914 3549 loseph,
947 3477 1142 3533 iactum
1170 3486 1329 3532 estut
1366 3477 1419 3532 in
1445 3476 1679 3549 Aigypto
1704 3492 1873 3547 popu-

294 3572 380 3627 lus
399 3573 497 3626 Dei
524 3572 709 3625 duram
736 3578 1018 3642 perageret
1038 3568 1370 3623 servitutem.

365 3661 598 3717 XLVIII.
632 3659 859 3733 [|b.xnt,
886 3659 964 3732 9.]
989 3659 1123 3728 Quid
1149 3668 1233 3714 est
1255 3657 1392 3727 quod
1414 3658 1507 3725 ait,
1534 3673 1657 3714 cum
1683 3657 1750 3714 de
1774 3658 1877 3715 Pa-

294 3755 428 3810 scha
471 3757 805 3825 prmeiperet,
853 3752 969 3807 Erit
1011 3752 1097 3806 tibi
1134 3752 1189 3806 in
1234 3752 1435 3822 signum
1484 3768 1635 3821 super
1676 3768 1877 3807 manum

296 3846 475 3901 nam?
520 3861 587 3899 an
633 3845 937 3915 intelligitur
985 3859 1141 3914 super
1168 3858 1330 3912 opera
1373 3850 1494 3906 tua,
1526 3842 1579 3897 id
1606 3852 1709 3904 est,
1738 3843 1877 3913 quod

301 3938 559 4009 praeferre
581 3936 778 3991 debeas
814 3934 1064 4005 operibus
1090 3933 1223 3989 tuis?
1249 3934 1485 3990 Pertinet
1507 3934 1647 3990 enim
1678 3934 1877 3989 Pascha

300 4040 525 4101 prepter
538 4030 858 4085 occisionem
878 4027 993 4085 ovis
1006 4027 1077 4085 ad
1090 4025 1246 4082 tidem
1262 4024 1481 4093 Christi,
1500 4034 1552 4081 et
1570 4026 1877 4095 sanguinem

297 4139 405 4193 quo
428 4121 689 4191 redempti
725 4135 927 4175 sumus.
956 4119 1077 4175 Haec
1102 4127 1276 4173 autem
1300 4118 1431 4173 Iides
1461 4118 1708 4187 operibus
1738 4132 1878 4187 prae-

298 4212 544 4282 ponenda
571 4220 687 4278 est,
714 4219 775 4266 ut
796 4210 866 4266 sit
900 4208 1290 4280 quodammodo
1315 4224 1475 4277 super
1501 4222 1713 4263 manum
1735 4246 1749 4273 ,
1779 4206 1878 4262 ad-

300 4316 489 4358 versus
524 4300 645 4356 illos
671 4301 759 4371 qui
800 4301 852 4363 in
895 4299 1147 4369 operibus
1183 4298 1337 4369 Legis
1375 4297 1735 4368 gloriabantur
1764 4315 1778 4351 :
1811 4296 1881 4353 de

298 4406 407 4462 qua
440 4407 499 4446 re
529 4391 816 4461 Apostolus
852 4389 1105 4459 loquitur,
1135 4397 1190 4444 et
1233 4388 1459 4445 multum
1498 4388 1667 4458 agit‘;
1699 4388 1786 4458 qui
1815 4387 1879 4441 ii-

299 4484 424 4540 dem
451 4483 703 4555 operibus
727 4482 805 4539 sic
844 4481 955 4537 vult
1002 4480 1270 4551 anteponi,
1302 4489 1358 4534 ut
1395 4496 1460 4539 cx
1489 4480 1576 4534 illa
1621 4480 1882 4550 pendeant

300 4592 466 4651 opera
482 4577 643 4641 bona,
668 4585 831 4647 atque
848 4574 917 4629 ab
936 4590 997 4630 ea
1018 4573 1428 4644 praeveniantur,
1451 4587 1553 4626 non
1579 4580 1634 4626 ut
1654 4572 1767 4641 ipsa
1786 4586 1880 4625 ve-

300 4669 383 4725 lut
400 4668 612 4724 meritis
638 4668 896 4722 bonorum
922 4681 1142 4736 operum
1170 4664 1388 4719 retribui
1418 4662 1658 4719 videatur
1685 4660 1877 4733 (Galat.

302 4778 382 4828 In,
403 4771 455 4815 et
484 4759 640 4815 Hebr.
672 4758 769 4831 iu).
799 4759 891 4816 Illa
919 4759 1067 4814 enim
1088 4757 1157 4813 ad
1180 4757 1401 4828 gratiam
1431 4756 1659 4825 pertinet
1687 4755 1881 4809 :siau-

299 4864 403 4909 tan
428 4853 616 4925 gratia,
647 4853 759 4923 jam
792 4868 895 4905 non
917 4867 980 4905 ea:
1014 4850 1278 4920 operibus;
1326 4849 1547 4919 alioquin
1586 4848 1750 4920 gratia
1768 4848 1881 4919 jam

301 4963 411 5000 smn
429 4946 687 5016 estgratra
714 4944 886 5015 (Rom.
918 4960 996 5009 XI,
1023 4943 1098 5012 6).

374 5036 564 5093 XLIX.
594 5036 691 5109 [11).
714 5051 832 5102 xm,
857 5032 968 5107 17.]
994 5032 1121 5089 Cum
1150 5038 1321 5086 autem
1335 5030 1523 5087 dimisit
1552 5030 1756 5086 Pharao
1787 5050 1880 5103 po-

301 5129 516 5199 pulum,
550 5144 649 5181 non
686 5125 895 5180 deduxit
933 5142 1014 5180 eos
1043 5123 1181 5187 Deus
1218 5124 1384 5177 viama
1414 5132 1558 5179 terra:
1582 5122 1878 5193 Philistiim,
1936 5182 1937 5185 η

301 5218 427 5288 quia
452 5234 611 5287 prOpe
633 5224 755 5271 erat.
789 5214 931 5270 Dixit
953 5215 1083 5267 enim
1120 5212 1286 5281 Deus,
1326 5212 1607 5283 Nequando
1650 5217 1883 5285 paeniteat

300 5306 557 5379 populum
592 5323 715 5362 cum
742 5306 917 5361 uiderit
948 5304 1197 5377 praelium,
1246 5315 1291 5358 et
1338 5316 1608 5360 revertatur
1634 5308 1687 5360 in
1716 5307 1884 5378 Αἴθῃ-

365 5442 384 5474 ²
406 5446 610 5509 δεῖ-Μῦς.
631 5447 690 5509 .At
711 5442 841 5502 prius
865 5439 1050 5509 egressi,
1067 5443 1113 5489 et
1134 5436 1553 5509 nullmniait'posse
1577 5448 1674 5490 Deo
1697 5440 1883 5504 placere

300 5502 404 5573 sine
416 5500 541 5573 ﬁde,
558 5500 661 5565 qui,
689 5500 1279 5573 e'tc._ljaubique_post1tm.
1305 5508 1379 5573 gr:
1398 5500 1449 5551 et
1471 5508 1580 5551 ιον.
1601 5500 1880 5573 posuerant,

268 5603 279 5623 ρ
300 5561 537 5627 pertinent
554 5561 582 5622 ,⁷
598 5577 683 5624 pro
705 5563 919 5628 pertinet,
937 5561 1073 5628 q'uod
1087 5562 1299 5626 profecto
1320 5561 1462 5628 ﬁdem
1480 5561 1681 5625 spectat,
1699 5561 1885 5615 debuit-

268 5625 515 5697 ;quejter
548 5638 638 5673 nos
660 5626 851 5697 restitui
873 5625 1157 5678 auctoritate
1179 5635 1285 5677 Mss.
1321 5625 1498 5688 quibus
1518 5628 1756 5677 consentit
1779 5628 1881 5677 edi-

301 5689 368 5736 tio
392 5689 765 5747 natisponensis.

365 5752 383 5780 ²
409 5750 548 5807 mliti,
572 5761 659 5809 per
682 5748 822 5798 uiam.
865 5750 1026 5809 Abest,
1065 5762 1168 5812 per,
1208 5763 1237 5799 a
1279 5756 1385 5800 Mss.
1426 5757 1531 5802 eta
1562 5764 1707 5814 διξερε.
1753 5758 1879 5801 Lxx.

299 5814 405 5879 tto;
428 5815 633 5879 super.
658 5818 714 5879 et.
731 5818 859 5869 Iov.,
884 5822 992 5879 qua:
1013 5824 1158 5875 prope
1180 5817 1299 5865 erat.
1325 5820 1382 5863 At
1398 5821 1505 5865 Mss.
1530 5823 1582 5867 et
1602 5814 1882 5879 natanata;

298 5870 441 5934 tua
461 5875 593 5933 LXX,
616 5871 716 5923 hau
735 5870 979 5937 ergme

1563 430 1766 492 LIBER
1800 426 2173 491 SECUNDUS.

3436 439 3540 497 6N

1971 556 2131 617 ptum.
2171 547 2270 605 llic
2297 549 2590 605 ostenditur
2616 550 2791 605 omnia
2821 549 2935 607 ﬁeri
2962 548 3160 606 debere
3175 551 3224 620 ‘__,
3265 565 3383 621 qua)
3408 565 3534 607 eon-

1970 640 2092 695 silio
2130 651 2276 697 recte
2319 642 2435 697 ﬁeri
2477 653 2716 713 possunt,
2763 643 2829 698 ad
2854 641 3132 698 devitanda
3161 657 3278 714 qua:
3318 642 3537 699 adversa

1970 740 2111 798 sunt,
2142 733 2300 790 etiam
2329 748 2451 787 cum
2481 734 2618 788 Deus
2641 734 2971 803 apertissime
2993 732 3206 803 adjutor
3228 742 3330 789 est.

2036 822 2101 877 L.
2135 820 2234 896 [11).
2267 839 2385 890 xm,
2420 822 2531 897 18.]
2554 823 2739 890 Quinta
2760 834 2927 879 autem
2955 823 3192 895 progatio
3215 823 3545 879 assumemus

1968 913 2065 982 ﬁlii
2084 913 2249 969 Israel
2276 915 2338 968 de
2360 924 2495 969 terra
2521 914 2595 970 1E
2598 916 2760 987 gypti.
2792 915 2978 971 Utrum
3006 916 3309 987 progeniem
3335 916 3388 971 in
3411 931 3540 971 cen-

1971 1013 2079 1060 tum
2106 1007 2261 1061 annis
2285 1008 2398 1062 vult
2426 1007 2752 1078 computari,
2793 1015 2853 1063 et
2887 1007 3009 1063 ideo
3046 1007 3233 1077 quinta
3253 1007 3541 1078 progenie,

1968 1097 2088 1168 quia
2116 1106 2236 1167 post
2256 1098 2669 1169 quadringentos
2695 1099 2908 1170 triginta
2926 1099 3131 1155 annos?
3152 1115 3221 1156 an
3244 1114 3341 1173 per
3368 1098 3541 1155 homi—

1968 1204 2094 1244 num
2132 1191 2500 1261 generationes
2540 1192 2642 1247 hoc
2682 1193 2857 1262 potius
2894 1193 3293 1263 intelligendum
3319 1202 3434 1262 est,
3474 1193 3546 1252 ab

1969 1280 2085 1351 ipso
2112 1278 2276 1335 Jacob
2304 1283 2391 1352 qui
2418 1283 2631 1338 intravit
2656 1283 2712 1339 in
2734 1283 3023 1357 Egyptum
3040 1325 3059 1351 ,
3087 1300 3254 1356 usque
3290 1284 3363 1341 ad
3396 1286 3546 1358 Moy-

1968 1386 2061 1427 sen
2087 1373 2175 1442 qui
2199 1387 2321 1427 cum
2351 1374 2544 1443 popqu
2570 1389 2817 1445 egressus
2830 1384 2911 1431 est
2924 1374 3125 1431 ilacob
3148 1376 3295 1437 etim
3321 1376 3539 1446 primus,

1967 1464 2232 1519 secundus
2254 1466 2398 1532 Levi,
2428 1467 2612 1521 tertius
2639 1464 2826 1531 Caath,
2850 1478 3071 1537 quartus
3090 1467 3365 1534 Ambram,
3386 1468 3542 1537 quin-

1969 1563 2054 1611 tus
2082 1556 2289 1627 iioyses
2311 1557 2591 1612 invenitur.
2616 1557 2723 1613 llas
2747 1566 2928 1613 aute
2956 1558 3085 1614 dicit
3113 1559 3392 1629 progenies
3421 1559 3542 1614 lati-

1969 1665 2067 1705 nus
2093 1651 2373 1721 interpres,
2401 1666 2533 1722 quas
2551 1658 2703 1718 γενεὰς
2728 1651 3269 1721 Gracivocant,.qua:
3292 1652 3349 1706 in
3370 1651 3543 1707 Evan»

1967 1742 2106 1811 gelio
2143 1744 2480 1813 generationes
2521 1745 2874 1813 appellantur,
2918 1759 3017 1799 nec
3058 1753 3403 1800 rimantur
3442 1743 3543 1799 nisi

1969 1847 2066 1901 per
2109 1835 2471 1890 successiones
2514 1836 2822 1901 hominum,
2864 1850 2973 1891 non
3013 1851 3111 1906 per
3140 1850 3419 1895 numerum
3445 1849 3544 1895 tin-

1969 1939 2181 1978 norunt.

2040 2015 2124 2070 LI.
2160 2015 2257 2087 [11).
2287 2032 2398 2081 stv,
2424 2016 2535 2089 15.]
2566 2018 2903 2074 Dixitautem
2927 2019 3171 2091 Moyses:
3203 2021 3471 2091 Conﬁdite,
3498 2031 3561 2078 at-

1970 2108 2152 2172 δίαιθ’,
2182 2118 2226 2159 et
2249 2108 2408 2159 videte
2432 2108 2644 2161 salutem
2675 2118 2877 2177 quaest
2896 2125 2928 2161 a
2952 2107 3189 2176 Domino,
3218 2127 3370 2180 quant
3397 2112 3551 2181 faciet

1970 2198 2105 2252 vobis
2130 2199 2296 2252 Ιιοῶε.
2326 2199 2470 2253 Sicut
2511 2199 2642 2253 enim
2675 2200 2867 2255 vidistis
2906 2199 3180 2272 (Egyptian
3217 2203 3396 2268 hodie,
3446 2219 3548 2259 non

1970 2289 2230 2358 apponetis
2262 2290 2481 2360 amplius
2502 2289 2667 2344 uidere
2704 2305 2787 2345 eos
2811 2290 2865 2345 in
2895 2301 3139 2346 retentum
3166 2300 3378 2362 teinpus.
3401 2294 3547 2362 Quo-

1970 2381 2126 2435 modo
2147 2381 2450 2450 accipienda
2473 2391 2592 2436 sunt
2612 2381 2727 2437 haec
2750 2381 2932 2450 verba,
2961 2398 3083 2439 cum
3106 2383 3333 2439 viderint
3363 2394 3549 2454 postea

1971 2475 2220 2529 lsraclita:
2254 2474 2567 2545 Egyptios?
2604 2475 2686 2529 An
2712 2475 2834 2545 quia
2873 2475 2961 2530 isti
2984 2476 3074 2544 qui
3114 2485 3238 2532 tunc
3262 2476 3543 2543 videbant,

1971 2579 2077 2619 non
2105 2579 2198 2618 eos
2218 2564 2438 2619 ulterius
2465 2564 2737 2630 viderunt;
2762 2565 2885 2634 quia
2913 2573 2966 2621 et
2993 2565 3070 2619 illi
3099 2574 3224 2625 sunt
3243 2567 3439 2621 mortui
3457 2569 3553 2637 qui

1972 2657 2450 2725 consequebantur,
2504 2664 2559 2710 et
2602 2656 2695 2711 isti
2739 2670 2928 2712 omnes
2967 2657 3196 2727 quisque
3233 2656 3320 2712 die
3360 2658 3555 2714 mortis.

1972 2746 2123 2801 sum?
2163 2762 2285 2800 nam
2327 2746 2525 2816 posteri
2553 2761 2743 2801 corino
2771 2746 3017 2803 viderunt
3044 2758 3286 2816 posteros
3313 2748 3546 2803 illorum.

1972 2839 2076 2904 An,
2105 2837 2224 2893 Non
2243 2853 2337 2893 eos
2362 2838 2607 2893 videbitis
2631 2838 2765 2894 sicut
2799 2837 2977 2905 hodie,
3006 2839 3409 2910 intelligendum
3436 2848 3551 2906 est,

1973 2945 2082 2984 non
2100 2930 2234 2984 sicut
2255 2929 2413 2984 hodie
2436 2938 2815 3000 persequentes
2828 2939 2883 2985 et
2907 2930 3177 2994 inimicos,
3192 2940 3247 2986 et
3268 2940 3413 2986 tanto
3433 2942 3552 3002 post

1973 3036 2071 3076 vos
2093 3022 2303 3091 agmine
2333 3021 2638 3086 venientes;
2670 3030 2729 3075 ut
2753 3020 2970 3075 omnino
3019 3021 3163 3075 nulla
3189 3020 3259 3076 sit
3285 3022 3511 3091 quaestio
3531 3064 3549 3091 ,

1976 3127 2077 3168 nec
2104 3112 2174 3167 de
2194 3121 2394 3168 aeterno
2425 3122 2663 3185 tempore
2680 3112 2821 3183 quod
2847 3112 2934 3169 hic
2963 3112 3137 3183 posuit
3154 3130 3181 3178 ;.
3202 3113 3324 3183 quia
3348 3115 3449 3168 etsi
3472 3115 3551 3171 vi-

1975 3203 2177 3259 debunt
2199 3220 2258 3259 se
2281 3206 2489 3273 utrique
2514 3214 2753 3274 tempore
2777 3205 3208 3274 resurrectionis,
3231 3221 3341 3263 non
3357 3207 3435 3265 sic
3455 3207 3558 3263 uti-

1976 3311 2081 3367 que
2106 3297 2361 3351 videbunt
2388 3306 2445 3351 ut
2466 3297 2657 3353 hodie?

2047 3387 2156 3442 LII.
2178 3386 2279 3460 [11).
2317 3404 2428 3455 xw,
2462 3387 2573 3459 15.]
2604 3388 2739 3455 Quid
2765 3396 2850 3444 est
2872 3388 3013 3458 quod
3042 3389 3175 3444 dixit
3209 3390 3465 3447 Dominus
3491 3392 3561 3449 ad

1979 3480 2195 3551 Moysen
2220 3522 2236 3546 ,
2275 3480 2413 3545 Quid
2445 3490 2499 3533 tu
2538 3479 2728 3534 clamas
2757 3480 2825 3533 ad
2848 3496 2926 3533 me
2944 3481 2971 3535 i
3007 3495 3126 3534 cum
3153 3480 3420 3551 Scriptura
3451 3499 3559 3542 non

1978 3570 2175 3627 dixerit
2209 3572 2407 3641 aliquid
2442 3572 2509 3627 de
2540 3571 2705 3641 Moysi
2734 3572 2951 3626 vocibus
2971 3614 2985 3637 ,
3033 3588 3131 3628 nec
3168 3588 3297 3639 eum
3318 3587 3560 3636 orantem

1980 3662 2511 3726 commemorat/erit;
2557 3662 2657 3716 nisi
2686 3663 2807 3730 quia
2836 3663 3059 3733 intelligi
3095 3664 3283 3732 voluit,
3311 3667 3411 3724 hoc
3436 3685 3558 3726 eum

1980 3753 2157 3824 egisse
2179 3754 2322 3808 vocis
2345 3753 2572 3817 silentio,
2606 3761 2663 3805 ut
2680 3753 2840 3808 corde
2867 3753 3143 3810 clamaret.

2052 3846 2183 3900 LIII.
2209 3844 2305 3917 [11).
2338 3861 2443 3911 XIV,
2494 3844 2601 3916 16].
2648 3845 2792 3900 Ettu.
2813 3846 2948 3901 eleva
2974 3848 3165 3918 uirgam
3190 3856 3349 3918 tuam,
3388 3860 3432 3906 et
3465 3869 3555 3908 ea:-

1982 3938 2130 3993 tende
2162 3953 2366 3991 manum
2393 3946 2529 3989 tuam
2556 3952 2707 4007 super
2734 3954 2889 3995 mare.
2913 3937 3039 3997 ῌωε
3076 3947 3159 3994 est
3182 3940 3271 3996 illa
3298 3941 3443 4012 virga
3464 3984 3478 4010 ,
3508 3944 3563 4001 in

1981 4045 2093 4100 qua
2109 4028 2307 4084 ﬁebant
2334 4028 2617 4093 mirabilia,
2648 4044 2768 4098 qua)
2795 4029 2955 4089 modo
2980 4030 3175 4087 dicitur
3200 4048 3318 4089 esse
3354 4034 3520 4106 Moysi
3545 4053 3560 4091 :

1982 4129 2109 4177 tunc
2133 4129 2309 4175 autem
2359 4118 2537 4174 fratris
2572 4118 2691 4189 ejus
2729 4118 2891 4176 fuisse
2918 4120 3212 4189 dicebatur,
3234 4123 3442 4194 quando
3470 4141 3564 4197 per

1983 4213 2128 4269 illam
2156 4213 2273 4280 ipse
2296 4209 2634 4279 operabatur.

2052 4304 2183 4360 LIV.
2215 4301 2293 4376 [In
2321 4319 2409 4365 xv,
2443 4300 2554 4374 12.]
2585 4301 2871 4358 Extendisti
2898 4303 3159 4359 dexteram
3183 4305 3377 4371 tuam',
3399 4315 3564 4364 trans-

1984 4396 2175 4451 voravit
2225 4409 2310 4448 eos
2349 4402 2500 4447 terra.
2534 4392 2763 4447 Terram,
2793 4408 2887 4463 pro
2923 4409 3057 4465 aqua
3106 4410 3211 4449 non
3249 4396 3441 4454 mirum
3485 4407 3566 4457 est

1984 4487 2230 4556 positam.
2275 4484 2409 4539 Tota
2455 4485 2648 4554 quippe
2694 4499 2815 4553 pars
2854 4484 2955 4539 ista
2995 4494 3233 4541 extrema
3260 4488 3342 4541 vel
3384 4487 3565 4544 intima

1983 4575 2197 4643 mundi,
2222 4584 2377 4631 terra:
2420 4577 2637 4629 nomine
2674 4583 2923 4631 censetur
2939 4592 2963 4641 ;,
2999 4577 3289 4633 secundum
3328 4574 3386 4635 id
3426 4579 3567 4648 quod

1985 4682 2127 4739 stupe
2152 4665 2363 4734 dicitur,
2397 4666 2537 4721 Deus
2561 4666 2649 4736 qui
2674 4665 2798 4721 fecit
2830 4667 3025 4727 caelum
3069 4676 3123 4723 ct
3149 4678 3344 4723 terram
3375 4687 3389 4722 :
3419 4677 3474 4727 et
3506 4671 3569 4726 il-

1987 4761 2092 4816 lius
2124 4760 2310 4830 psalmi
2353 4758 2722 4815 distributione
2764 4760 3195 4815 commemoratis
3222 4760 3566 4833 coelestibus,

1984 4852 2233 4920 Laudate,
2270 4853 2457 4923 inquit,
2488 4851 2766 4906 Dominum
2798 4851 2860 4907 de
2902 4860 3074 4919 terra;
3099 4860 3154 4907 et
3175 4867 3237 4908 ea
3263 4855 3569 4923 exsequitur

1984 4945 2041 5002 in
2084 4945 2274 5012 laude,
2323 4961 2441 5016 qua:
2477 4944 2635 5005 etiam
2676 4944 2747 5000 ad
2796 4960 2975 5015 aquas
3019 4945 3320 5016 pertineant
3370 4944 3565 5019 (Psat.

1980 5055 2205 5117 cnvm,
2236 5037 2311 5111 7).

2056 5131 2166 5187 LV.
2183 5129 2381 5203 [Ib.xv,
2396 5127 2576 5201 10.8.]
2592 5128 2781 5184 Misisti
2796 5128 3051 5199 Spiritum
3068 5139 3231 5199 tuum,
3252 5140 3296 5186 et
3313 5143 3570 5204 cooperuit

1987 5237 2070 5276 eos
2097 5237 2253 5275 mare.
2296 5219 2437 5276 Ecce
2460 5219 2569 5289 jam
2616 5219 2807 5288 quinto
2846 5233 3295 5278 conmnemoratnr
3340 5224 3570 5294 Spiritus

1988 5313 2101 5378 Dei,
2132 5321 2189 5367 ut
2206 5311 2260 5366 in
2282 5311 2382 5365 hoc
2409 5326 2637 5367 numero.
2653 5312 2979 5382 accipiamus
2997 5323 3051 5368 et
3073 5314 3212 5384 quod
3239 5315 3437 5373 dictant
3464 5330 3566 5387 ess

2051 5446 2067 5477 ί
2092 5451 2223 5503 Lov.,
2238 5439 2349 5555 ﬁeri
2371 5440 2540 5495 debere
2562 5440 2771 5503 consilio,
2791 5456 2899 5505 qua:
2914 5444 3124 5505 consitio,
3146 5452 3240 5498 etc.
3259 5446 3373 5499 Alite

2051 5520 2079 5555 s
2092 5514 2144 5555 et
2164 5520 2244 5555 me
2281 5517 2381 5555 OI‘IS
2389 5511 2517 5555 noue
2536 5511 2642 5555 Mss.
2665 5518 2764 5555 non
2783 5506 2984 5555 habent.
2998 5508 3210 5555 consilio.
3229 5511 3321 5555 nisi
3345 5511 3391 5555 in
3409 5519 3571 5555 nosm-

1987 5520 2079 5618 rne:
2090 5506 2381 5618 εῗοιέιξιὶοιὶε
2389 5511 2517 5555 noue
2536 5511 2642 5555 Mss.
2665 5518 2764 5555 non
2783 5506 2984 5569 habent,
2998 5508 3210 5569 consilio,
3229 5511 3321 5561 nisi
3343 5511 3392 5562 in
3407 5519 3571 5572 poste-

2016 5584 2026 5618 I
2061 5583 2099 5618 I‘l
2231 5605 2243 5618 .

1987 5582 2299 5738 ”'°.“,:'a°§§;.:1i
2321 5635 2449 5738 εἶδε,
2476 5626 2726 5692 conﬁdite,
2751 5633 2874 5679 state
2902 5642 2920 5680 :
2957 5632 3152 5695 omisso,
3175 5639 3238 5696 et,
3266 5634 3395 5698 quod
3425 5637 3574 5687 etiam

1987 5706 2019 5738 ἢ
2035 5706 2205 5738 QFKPCO.
2219 5705 2249 5738 a
2268 5702 2340 5738 res
2364 5724 2377 5737 .

1986 5706 2019 5744 δ
2035 5706 2205 5756 grasco.
2219 5698 2377 5739 abest.

1993 5815 2030 5827 ﬁ
2051 5757 2070 5786 ³
2096 5754 2229 5827 editi,
2261 5763 2454 5801 mamun
2488 5756 2634 5801 tuam.
2660 5759 2786 5827 uss?
2812 5751 3060 5823 dexteram
3082 5761 3249 5827 tuam;
3280 5760 3418 5821 juxta
3442 5767 3572 5821 LXX,

1985 5815 2073 5887 ttin-
2087 5815 2267 5887 dcn'an
2280 5827 2372 5887 seu
2426 5827 2589 5887 neque
2611 5821 2731 5883 ante
2747 5815 3299 5880 trtatavoravil,.habctur
3322 5815 3569 5887 particula,

1986 5883 2048 5940 et,
2072 5890 2182 5941 qua:
2203 5876 2361 5927 addita
2384 5874 2474 5923 Ibit
2495 5874 2545 5923 in
2571 5878 2777 5925 excusis.
