4094 6524
567 429 673 490 615

567 542 767 615 Digitus
790 540 887 596 Dei
912 548 984 596 est
1016 540 1112 597 hoc
1138 538 1331 612 (Exod.
1361 555 1480 607 VIII,
1512 537 1620 610 I9).
1653 538 1852 606 Primo,
1885 537 1974 593 ubi
2002 535 2151 594 Seris-

566 643 715 705 ptum
740 642 840 700 est,
865 633 1094 705 Spiritus
1115 632 1209 686 Dei
1232 631 1633 704 superferebatur
1650 646 1804 700 super
1818 646 1976 699 aquas
1998 627 2148 702 (Gen.

563 740 602 792 ι,
625 724 680 800 2)
716 743 728 780 :
775 725 1030 791 secundo,
1080 723 1170 784 ubi
1215 723 1428 790 dicitur,
1459 721 1584 776 Non
1630 721 1935 794 permanebit
1961 721 2016 776 in
2041 721 2151 776 istis

565 818 846 873 hominibus
870 816 1094 888 Spiritus
1121 833 1276 881 meus,
1303 816 1542 887 quoniam
1568 831 1744 869 carnes
1766 813 1910 870 sunt‘
1935 811 2045 887 (Id.
2070 828 2146 883 vr,

564 909 620 980 5)
654 928 666 963 :
697 909 874 975 tertio,
898 908 986 964 ubi
1010 907 1217 964 Pharao
1235 907 1366 963 dicit
1393 907 1460 962 ad
1493 905 1712 978 Ioseph,
1743 905 1992 971 Quoniam
2020 904 2150 976 Spi-

563 1004 689 1058 ritus
712 1002 811 1059 Dei
838 1012 912 1058 est
935 1002 990 1056 in
1017 1011 1066 1057 te
1094 999 1204 1074 (Id.
1233 1016 1340 1066 xu,
1365 999 1456 1071 58)
1491 1018 1505 1055 :
1536 1008 1746 1070 quarto,
1789 999 1877 1054 ubi
1907 998 2147 1053 incanta-

564 1107 706 1153 tores
721 1096 1091 1169 Egyptiorum
1117 1094 1320 1161 dicunt,
1346 1093 1546 1166 Digitus
1563 1092 1659 1147 Dei
1677 1101 1752 1147 est
1775 1092 1869 1146 hoc
1894 1106 1912 1146 :
1936 1091 2155 1162 quinto,

561 1191 615 1245 in
646 1191 747 1244 hoc
773 1187 1002 1256 cantico,
1033 1185 1219 1242 Misisti
1247 1185 1499 1257 Spiritum
1523 1194 1684 1250 tuum,
1717 1193 1762 1236 et
1789 1181 2044 1254 coaperuit
2062 1197 2147 1236 eos

560 1297 717 1335 mare.
745 1279 1146 1336 Meminerimus
1164 1287 1340 1333 autem
1363 1275 1616 1347 Spiritum
1639 1274 1732 1330 Dei
1759 1289 1864 1330 non
1886 1272 2057 1329 solum
2075 1271 2144 1328 ad

559 1371 837 1439 beneﬁcia,
868 1386 1051 1427 verum
1091 1370 1249 1427 etiam
1293 1369 1360 1424 ad
1399 1369 1685 1424 vindictam
1713 1365 2142 1423 commemorari.

556 1463 689 1520 Nam
715 1463 841 1535 quid
869 1461 1011 1519 aliud
1050 1462 1210 1518 etiam
1249 1475 1411 1531 supra
1430 1459 1590 1527 dixit,
1621 1457 1726 1514 Per
1758 1456 2012 1529 Spiritum
2052 1455 2145 1510 ira:

557 1565 658 1612 tua:
681 1555 843 1610 divisa
883 1563 956 1609 est
981 1553 1150 1626 aqua?
1174 1552 1278 1608 Iste
1309 1551 1487 1622 itaque
1513 1548 1742 1620 Spiritus
1767 1547 1860 1604 Dei
1889 1548 1943 1603 in
1970 1545 2143 1618 Egy-

554 1650 716 1722 ptios,
745 1648 974 1720 Spiritus
993 1647 1088 1702 ira:
1115 1645 1231 1718 ejus
1260 1644 1392 1700 fuit'
1411 1686 1426 1711 ,
1457 1643 1651 1715 quibus
1679 1642 1861 1697 nocuit
1884 1654 2142 1711 aquarum

552 1741 767 1810 divisio,
789 1749 848 1796 ut
873 1740 1136 1797 intrantes
1157 1747 1380 1810 possent
1405 1736 1556 1808 aquis
1585 1733 1929 1791 redeuntibus
1955 1730 2138 1787 obrui:

553 1835 676 1894 ﬁliis
701 1850 830 1892 vero
857 1834 1019 1890 Israel
1057 1835 1248 1904 quibus
1278 1831 1474 1904 profuit
1501 1830 1643 1900 quod
1682 1843 1820 1901 aqua
1844 1827 2010 1883 divisa
2034 1832 2140 1893 est,

553 1942 659 1984 non
690 1926 786 1982 fuit
829 1927 918 1984 ille
946 1924 1176 1996 Spiritus
1210 1925 1304 1979 irae
1329 1923 1443 1979 Dei.
1477 1921 1631 1978 Unde
1658 1919 1985 1991 signiﬁcatur
2010 1933 2140 1989 pro-

553 2027 673 2089 pter
695 2017 936 2075 diversas
956 2017 1292 2088 operationes
1319 2025 1376 2070 et
1404 2012 1623 2069 effectus
1642 2011 1895 2082 Spiritum
1922 2009 2014 2066 Dei
2032 2009 2140 2065 dis-

552 2111 796 2168 similiter
819 2109 1106 2183 appellari,
1133 2124 1253 2164 cum
1277 2106 1346 2163 sit
1373 2121 1509 2162 unus
1537 2115 1696 2176 atque
1720 2103 1859 2160 idem
1893 2101 1984 2158 ille
2006 2101 2140 2157 dun-

553 2209 719 2270 taxat,
750 2200 839 2272 qui
867 2185 1029 2256 etiam
1047 2200 1278 2270 Spiritus
1304 2204 1521 2254 sanctus
1546 2196 1598 2250 in
1636 2195 1838 2250 unitate
1865 2192 2138 2248 Trinitatis

551 2293 830 2364 accipitur.
862 2292 1090 2348 Proinde
1119 2307 1225 2346 non
1257 2290 1485 2346 arbitror
1521 2287 1683 2343 alium
1710 2302 1866 2358 quam
1891 2285 2137 2342 eumdem

554 2385 859 2457 signiﬁcari,
892 2385 981 2441 ubi
1020 2385 1150 2440 dicit
1186 2383 1491 2454 Apostolus,
1541 2380 1664 2437 Non
1705 2383 1836 2435 enim
1878 2381 2138 2452 accepistis

551 2477 802 2548 Spiritum
827 2477 1073 2533 seruitutis
1089 2477 1269 2530 iterum
1294 2476 1344 2528 in
1363 2473 1572 2528 timore'
1589 2491 1606 2540 ;
1624 2473 1712 2528 sed
1731 2471 1990 2542 accepistis
2008 2470 2137 2541 Spi-

549 2573 704 2627 ritum
728 2571 1015 2644 adOpt‘ionis
1039 2570 1092 2624 in
1121 2587 1218 2640 quo
1246 2568 1542 2632 clamamus,
1571 2565 1732 2632 Abba,
1762 2565 1918 2619 Pater
1945 2563 2134 2637 (Rom.

548 2680 663 2730 vm,
696 2663 785 2736 15)
819 2679 832 2718 :
859 2663 981 2733 quia
1008 2661 1198 2719 eodem
1230 2660 1430 2732 Spiritu
1455 2660 1546 2716 Dei
1569 2701 1584 2727 ,
1612 2658 1664 2714 id
1689 2667 1790 2724 est,
1819 2657 1984 2728 digito
2020 2657 2132 2722 Dei,

547 2771 653 2827 quo
671 2755 781 2811 Lex
808 2755 859 2809 in
883 2754 1071 2810 tabulis
1096 2751 1315 2824 lapideis
1335 2751 1639 2821 conscripta
1661 2759 1742 2807 est
1762 2747 1954 2822 (Exod.
1980 2763 2131 2814 xxxi,

548 2850 663 2918 I8),
695 2848 856 2903 timor
883 2848 1126 2903 incussus
1148 2854 1229 2900 est
1250 2845 1328 2900 eis
1357 2845 1446 2914 qui
1468 2843 1689 2914 gratiam
1718 2841 1953 2897 nondum
1975 2840 2135 2896 intel-

547 2938 802 3011 ligebant,
834 2947 890 2992 ut
911 2937 980 2992 de
1012 2951 1104 2991 sua
1135 2935 1440 2991 inﬁrmitate
1466 2941 1626 3003 atque
1661 2932 1890 3002 peccatis
1915 2947 2010 3001 per
2030 2930 2135 2986 Le-

546 3046 666 3102 gem
692 3029 1150 3094 convincerentur,
1170 3037 1243 3086 .et
1270 3027 1374 3081 Lex
1411 3024 1514 3080 illis
1553 3024 1704 3078 ﬁeret
1735 3022 2049 3094 paedagogus
2068 3062 2082 3087 ,
2103 3035 2136 3075 a

547 3138 653 3194 quo
694 3120 1112 3192 perducerentur
1143 3117 1211 3172 ad
1251 3117 1475 3188 gratiam
1520 3129 1638 3185 quae
1664 3121 1747 3169 est
1783 3113 1836 3167 in
1865 3112 1968 3168 ﬁde
2008 3111 2136 3166 Jesu

547 3211 742 3269 Christi
769 3209 963 3282 (Galat.
988 3224 1066 3277 tn,
1101 3207 1318 3278 22-26).
1343 3207 1418 3262 De
1442 3205 1546 3261 hoc
1567 3215 1745 3260 autem
1789 3202 1991 3274 Spiritu
2033 3202 2134 3258 ad-

547 3303 778 3375 0ptionis
814 3309 871 3358 et
897 3301 1102 3374 gratim,
1135 3299 1187 3354 id
1213 3307 1297 3354 est
1323 3298 1390 3353 de
1429 3297 1531 3352 hoc
1555 3310 1716 3366 opere
1746 3294 1974 3364 Spiritus
2006 3294 2133 3360 Dei,

531 3405 653 3468 ‘quo
690 3395 989 3466 impertitur
1026 3393 1194 3465 gratia
1241 3401 1298 3448 et
1326 3391 1660 3462 regeneratio
1687 3389 1742 3444 in
1773 3389 1937 3444 vitam
1981 3399 2137 3444 mter-

546 3506 691 3556 nam,
709 3489 920 3556 dicitur,
945 3487 1169 3560 Spiritus
1188 3497 1355 3541 autent
1380 3484 1630 3553 vivi/ient;
1659 3497 1780 3538 cum
1801 3496 1962 3551 supra
1986 3481 2136 3537 dice-

547 3592 694 3640 retur
721 3581 912 3636 Littera
963 3580 1143 3636 occidit
1175 3579 1239 3650 (11
1273 3578 1390 3633 Cor.
1423 3592 1500 3644 ιιι,
1541 3576 1626 3648 6),
1660 3575 1712 3632 id
1734 3584 1837 3640 est,
1872 3575 1978 3631 Lex
2001 3589 2136 3632 eon-

547 3675 741 3745 scripta
760 3717 774 3742 ,
819 3671 1184 3728 tantummodo
1207 3671 1401 3740 jubens
1418 3709 1434 3736 ,
1455 3669 1571 3724 sine
1594 3667 1857 3739 adiutorio
1879 3667 2064 3738 gratia:
2089 3665 2134 3722 ⁸.

618 3768 751 3824 LVI.
795 3766 894 3841 [1b.
922 3782 1009 3833 xv,
1039 3765 1132 3833 23,
1161 3762 1278 3837 24.]
1317 3761 1564 3817 Venerunt
1588 3771 1756 3816 autem
1779 3761 1831 3814 in
1858 3760 2052 3826 Merra,
2088 3769 2136 3815 et

547 3881 647 3920 non
687 3869 917 3932 poterant
957 3858 1120 3913 bibere
1155 3859 1218 3911 de
1250 3855 1422 3910 Merra
1445 3855 1488 3920 ⁸;
1521 3870 1696 3908 amara
1739 3852 1872 3906 enim
1915 3861 2040 3905 erat.
2079 3849 2138 3907 Si

545 3967 763 4031 propter
777 3956 880 4011 hoc
893 3952 1216 4025 appellatum
1241 3959 1323 4007 est
1346 3965 1541 4005 nomen
1559 3947 1658 4003 loci
1681 3946 1796 4018 ejus
1815 3945 2131 4010 amaritudo,

545 4050 666 4120 quia
697 4063 802 4104 non
825 4052 1114 4118 potuerunt
1139 4043 1208 4098 ibi
1233 4056 1424 4111 aquam
1454 4039 1653 4104 bibere,
1681 4037 1822 4108 quod
1842 4052 2023 4092 amara
2049 4051 2138 4093 es-

545 4149 628 4197 set
659 4139 851 4214 (Merra
889 4138 1030 4194 enim
1058 4137 1435 4206 interpretatur
1464 4131 1831 4201 Amaritudo);
1869 4129 2136 4200 quomodo

544 4239 804 4288 venerunt
821 4231 873 4285 in
898 4228 1092 4297 Merra,
1121 4226 1224 4283 nisi
1261 4225 1384 4296 quia
1415 4239 1482 4279 eo
1518 4223 1736 4278 nomine
1775 4222 1948 4278 locum
1987 4219 2134 4277 Scri-

543 4334 694 4397 ptura
724 4323 1028 4396 appellavit,
1054 4338 1108 4377 nt
1133 4335 1292 4391 quem
1324 4324 1603 4382 venerunt,
1632 4329 1738 4384 quo
1761 4313 1870 4384 jam
1895 4313 2134 4384 appella-

541 4419 695 4476 batur
727 4433 848 4474 ctnn
894 4415 1012 4472 haec
1045 4407 1455 4470 scribebantur?
1484 4407 1754 4463 Posterius
1779 4405 1921 4461 enim
1955 4405 2134 4476 utique

541 4512 739 4582 scripta
767 4517 912 4577 sunt,
940 4523 1099 4579 quam
1122 4507 1213 4562 illa
1241 4503 1598 4573 contigerunt.

613 4602 771 4658 LVII.
791 4601 894 4676 [Ib.
918 4615 1005 4667 xv,
1171 4596 1236 4652 Et
1264 4593 1480 4650 ostendit
1505 4593 1551 4647 ei
1575 4591 1822 4646 Dominus
1846 4589 2058 4662 lignum,
2086 4599 2134 4644 et

540 4696 677 4753 misit
714 4694 845 4749 illud
871 4694 924 4748 in
949 4709 1153 4764 aquam,
1185 4699 1230 4746 et
1259 4691 1394 4762 facta
1435 4695 1509 4742 est
1547 4703 1679 4757 aqua
1721 4685 1904 4738 dulcis.
1951 4683 2133 4740 Genus

539 4785 667 4858 ligni
687 4794 804 4841 erat
832 4785 987 4839 istam
1028 4781 1229 4837 habens
1254 4779 1359 4833 vim
1380 4819 1394 4844 ,
1427 4792 1496 4831 an
1527 4774 1762 4846 quolibet
1788 4775 1928 4846 ligno
1966 4774 2019 4829 id
2057 4774 2133 4830 fa-

543 4893 668 4936 cere
705 4883 914 4949 poterat
948 4874 1108 4938 Deus,
1139 4870 1230 4941 qui
1271 4877 1416 4924 tanta
1445 4866 1708 4922 mirabilia
1733 4865 1993 4922 faciebat?
2020 4865 2132 4922 Hoc

539 4983 720 5032 tamen
749 4969 955 5026 videtur
978 4963 1278 5038 signiﬁcare
1307 4960 1448 5033 quod
1471 4959 1670 5016 dictum
1699 4967 1800 5028 est,
1823 4958 2038 5013 ostendit
2063 4959 2128 5028 ei,

600 5156 618 5189 ι
639 5159 826 5202 Am.El'.
843 5155 896 5200 et
911 5156 1040 5210 tom,
1057 5142 1282 5210 quoniam
1302 5155 1417 5194 caro
1435 5146 1561 5193 sunt.
1577 5148 1635 5192 At
1649 5139 1804 5210 editio
1818 5139 2130 5210 Batisponenf

533 5219 624 5280 sis,
637 5201 1038 5292 gsuﬁragantibvus'
1054 5201 1232 5261 nostris
1245 5214 1373 5268 Mss,
1395 5216 1597 5267 carnes;
1635 5201 1808 5267 plurali
1829 5201 2053 5265 numero,
2076 5208 2132 5254 ut

536 5288 614 5330 est
635 5281 684 5328 in
707 5289 869 5342 graeco
890 5280 1018 5324 Lxx.
1193 5329 1206 5341 ο
1456 5328 1468 5340 ο
1501 5327 1513 5340 ο
1753 5324 1766 5336 ,
2019 5327 2030 5338 ,

600 5344 620 5375 ³
645 5339 870 5411 “etilli”
894 5337 1367 5411 ἒιεὲοξλξίθ.ἯἸ¹ἔ⁸μ
1378 5334 2129 5411 §P£“i‘i..”.€’..3§._£€9_’1“.°‘_f

534 5390 984 5478 nant‘spiritusuirte
1003 5390 1109 5460 ejus
1144 5390 1316 5459 quibus
1338 5390 1513 5445 nocuit.
1543 5391 1630 5441 ubi
1651 5390 1856 5452 additur,
1893 5390 2004 5441 nam
2020 5403 2040 5453 ;
2078 5398 2132 5443 et

533 5463 786 5525 omittitur,
810 5463 918 5528 fuit.
1151 5515 1164 5528 .
1243 5516 1255 5526 .
1491 5515 1502 5527 .
1861 5515 1872 5525 .

597 5529 736 5577 ιω.
761 5526 956 5588 optimae
979 5527 1126 5581 notae,
1144 5529 1197 5568 in
1217 5523 1436 5588 timerem
1451 5528 1468 5577 ;
1486 5523 1624 5588 iuxta
1909 5515 2094 5588 ρΙιοιξοη
2109 5529 2128 5568 :

530 5603 641 5662 qua:
667 5578 813 5662 etiam
835 5586 982 5662 let-tio
1006 5578 1120 5634 erat
1152 5579 1366 5644 Vulgata:
1410 5578 1647 5629 versionis
1684 5578 1742 5628 in'
1770 5579 1978 5642 antiquis
2015 5585 2128 5630 Cor-

531 5650 816 5701 beiensihus
837 5650 1013 5700 Bibliis.
1886 5702 1891 5707 ⁵

542 5780 552 5784 Δ
596 5713 748 5783 eiuss.
772 5712 984 5784 aliquot,
1022 5715 1120 5760 Lex
1162 5706 1432 5769 mortpta
1468 5700 1818 5765 ιωιιιιτηηωάο,
1852 5716 1955 5755 me
1978 5705 2125 5768 σάλπ-

531 5780 960 5954 Ξὲιὲλὲἑὲιξὶῗο
980 5844 1157 5893 nam
1177 5832 1240 5888 de
1279 5838 1454 5890 lena.
1477 5837 1536 5888 Αι
1554 5836 1685 5898 Mss.
1702 5826 1857 5887 bibere
1872 5827 1933 5886 de
1947 5837 2124 5886 Merra.

1312 423 1780 496 QUESTIONUM
1822 423 1880 482 S.
1920 418 2284 481 AUGUSTINI
2320 419 2390 478 ΙΝ
2428 421 2986 484 HEPTATEUCIIUM

2262 544 2509 605 tanquam
2534 535 2640 591 tale
2656 536 2765 606 jam
2796 537 2998 608 lignum
3031 547 3192 607 esset,
3217 554 3324 611 quo
3352 549 3534 612 posset
3558 531 3665 600 hoc
3689 543 3800 602 ﬁeri
3823 564 3840 604 :

2263 625 2364 682 nisi
2389 625 2528 682 forte
2554 627 2702 683 locus
2727 639 2844 684 erat
2861 629 2951 685 ubi
2974 629 3112 699 ligna
3129 632 3349 687 omnino
3368 650 3475 689 non
3499 631 3844 694 invenieban-

2261 729 2372 789 tur,
2399 729 2456 776 ut
2485 720 2587 776 hoc
2628 722 2802 792 ipsum
2845 717 2989 778 esset
3015 723 3179 779 divini
3205 724 3479 795 adjutorii,
3525 731 3670 799 quod
3707 731 3757 786 ei
3784 732 3844 786 lio

2254 829 2417 885 gnum
2440 815 2692 871 Dominus
2729 815 2992 885 ostendit,
3038 816 3125 873 ubi
3166 817 3370 874 nullum
3411 830 3547 887 erat,
3574 830 3632 878 et
3653 837 3750 893 per
3776 823 3841 880 li-

2255 922 2420 977 gnum
2443 921 2610 978 aquas
2633 907 2818 964 dulces
2849 907 2993 978 l'ecit,
3019 909 3364 981 prteﬁgurans
3389 912 3612 983 gloriam
3641 925 3700 972 et
3724 933 3842 989 gra-

2253 999 2380 1055 tiam
2403 1001 2580 1057 crucis
2614 1001 2750 1058 :sed
2775 1003 2828 1058 in
2857 1002 2946 1057 tali
2985 1003 3143 1058 etiam
3187 1014 3375 1059 natura
3400 1005 3548 1076 ligni,
3591 1008 3713 1078 quis
3740 1010 3842 1066 nisi

2251 1101 2463 1148 creator
2489 1101 2544 1148 et
2571 1093 2966 1150 demonstrator
2989 1094 3286 1151 laudandus
3313 1097 3433 1153 est?

2322 1183 2500 1240 LVIII.
2528 1185 2627 1260 [11).
2648 1203 2762 1257 xvr,
2782 1186 2862 1260 4.]
2883 1188 3026 1242 Dixit
3052 1199 3218 1244 autem
3232 1189 3483 1247 Dominus
3509 1192 3578 1246 ad
3604 1191 3836 1265 Moysen,

2250 1275 2383 1334 Ecce
2418 1294 2510 1350 ego
2539 1279 2714 1350 pluam
2751 1279 2888 1334 vobis
2916 1295 3071 1350 panes
3099 1280 3162 1335 de
3198 1279 3323 1336 caelo
3349 1296 3369 1336 :
3394 1290 3441 1337 et
3465 1283 3596 1337 exiet
3623 1285 3838 1354 populus

2247 1377 2296 1425 et
2321 1369 2521 1441 colliget
2550 1368 2697 1424 unius
2719 1369 2820 1426 diei
2843 1369 2898 1424 in
2920 1369 3076 1438 diem,
3105 1378 3163 1424 ut
3186 1378 3367 1426 tentem
3394 1371 3510 1427 illos
3536 1373 3583 1428 si
3605 1373 3836 1428 ambula-

2249 1463 2372 1518 bunt
2399 1464 2417 1496 ³
2443 1464 2498 1518 in
2525 1463 2634 1535 lege
2660 1479 2790 1531 mea,
2811 1480 2880 1517 an
2907 1479 3030 1519 non.
3059 1463 3304 1520 Tentatio
3328 1464 3428 1521 ista
3465 1465 3710 1535 probatio
3733 1476 3834 1534 est,

2247 1569 2353 1612 non
2381 1555 2450 1610 ad
2477 1562 2752 1625 peccatum
2778 1553 3058 1610 seductio:
3085 1569 3186 1610 nec
3215 1553 3335 1612 ideo
3357 1555 3602 1626 probatio
3620 1565 3682 1612 ut
3699 1557 3835 1614 Deus

2247 1646 2479 1715 noverit,
2504 1645 2602 1702 sed
2632 1653 2690 1701 ut
2731 1646 2876 1716 ipsos
2894 1651 2917 1683 ³
2946 1645 3077 1716 ipsis
3108 1645 3412 1702 hominibus
3427 1647 3702 1717 ostendat,
3729 1663 3834 1720 quo

2245 1737 2554 1795 humiliores
2579 1737 2709 1794 ﬁant
2731 1737 2797 1794 ad
2823 1738 3110 1811 petendum
3128 1737 3448 1810 adjutorium
3473 1748 3528 1796 et
3543 1755 3833 1812 agnoscen-

2243 1829 2368 1886 dam
2398 1830 2492 1886 Dei
2517 1831 2764 1902 gratiam.

2315 1921 2449 1978 LIX.
2479 1921 2580 1996 [11).
2605 1938 2723 1989 xvi,
2747 1920 2826 1994 8.]
2849 1922 3056 1993 Moyses
3083 1931 3138 1978 et
3161 1921 3340 1979 Aaron
3364 1921 3549 1979 dicunt
3575 1922 3643 1979 ad
3667 1938 3835 1996 popu-

2243 2014 2352 2070 lum
2398 2016 2536 2071 inter
2580 2024 2772 2071 caetera
2813 2032 2828 2069 :
2862 2013 3083 2085 Propter
3117 2013 3255 2086 quod
3292 2015 3544 2069 emudioit
3584 2014 3832 2070 Dominus

2241 2107 2691 2161 murmurationem
2734 2115 2945 2162 vestram
2961 2147 2978 2173 ,
3007 2121 3161 2176 quam
3187 2122 3272 2162 vos
3302 2108 3626 2162 murnturatis
3649 2107 3832 2162 adver-

2241 2217 2353 2256 sum
2381 2216 2492 2255 nos.
2522 2199 2635 2255 Nos
2671 2208 2840 2254 autem
2863 2199 2985 2269 quid
3019 2200 3234 2254 sumus?
3262 2198 3386 2254 Non
3411 2199 3548 2254 enim
3569 2199 3833 2256 aduersum

2242 2309 2335 2348 nos
2375 2309 2606 2347 murmur
2642 2301 2860 2348 uestrum
2885 2301 2995 2359 est,
3027 2293 3114 2347 sed
3137 2291 3377 2346 adversus
3406 2293 3589 2348 Deum.
3619 2292 3736 2348 Non
3764 2310 3834 2350 ex

2242 2385 2343 2440 hoc
2373 2393 2577 2440 tantum
2605 2399 2666 2440 se
2686 2384 2869 2440 valere
2897 2382 3177 2440 voluerunt
3199 2393 3454 2454 quantum
3482 2384 3622 2441 Deus
3645 2402 3660 2438 :
3684 2385 3834 2442 dixe-

2240 2486 2365 2533 runt
2393 2477 2534 2532 enim
2554 2519 2568 2543 ,
2610 2477 2748 2542 Quid
2771 2493 2947 2532 sumus
2973 2478 3102 2532 nos?
3129 2484 3185 2532 ut
3213 2476 3290 2532 illi
3319 2477 3576 2533 adversus
3596 2477 3747 2534 illum
3772 2494 3834 2536 se

2240 2569 2437 2625 scirent
2463 2582 2847 2636 murmurasse,
2875 2569 2965 2638 qui
2986 2568 3117 2624 istos
3137 2569 3375 2634 miserat,
3399 2578 3454 2624 et
3475 2570 3565 2639 qui
3589 2585 3685 2638 per
3701 2569 3833 2626 istos

2239 2661 2581 2731 operabatur.
2625 2660 2736 2717 Nec
2773 2661 2893 2716 talis
2930 2661 3019 2717 illa
3059 2668 3142 2717 est
3181 2661 3464 2729 sententia,
3510 2661 3600 2717 ubi
3640 2663 3833 2719 Petrus

2239 2755 2369 2811 dicit
2400 2754 2621 2810 Ananim
2651 2771 2667 2808 :
2694 2755 2861 2809 Ausus
2900 2769 2951 2808 es
2989 2753 3190 2808 mentiri
3219 2753 3442 2822 Spiritui
3479 2755 3691 2809 sancto?
3730 2771 3832 2810 non

2239 2848 2522 2903 hominibus
2571 2847 2806 2901 mentitus
2849 2862 2922 2914 es,
2972 2845 3060 2900 sed
3089 2845 3196 2899 Deo
3241 2845 3356 2916 (Act
3393 2861 3450 2912 v,
3501 2846 3555 2910 ὅ,
3599 2845 3678 2916 4).
3714 2844 3832 2901 Non

2240 2942 2383 2997 enim
2412 2941 2526 3004 ait,
2568 2941 2745 2994 Ausus
2769 2952 2829 2993 es
2858 2937 3070 2993 mentiri
3093 2935 3259 2992 mihi?
3285 2951 3393 2991 non
3421 2935 3553 2991 mihi
3577 2937 3832 2992 mentitus

2237 3047 2332 3098 es,
2364 3031 2459 3087 sed
2487 3031 2598 3087 Deo
2626 3048 2640 3085 :
2669 3027 2812 3100 quod
2838 3029 2885 3085 si
2921 3028 3176 3094 dixisset,
3202 3028 3378 3084 simile
3404 3026 3614 3084 fuisset.
3646 3027 3832 3098 Neque

2239 3125 2312 3181 ita
2341 3123 2492 3188 dixit,
2520 3124 2693 3178 Ausus
2722 3136 2783 3177 es
2809 3120 3021 3176 mentiri
3038 3120 3257 3191 Spiritui
3283 3121 3506 3178 sancto?
3532 3136 3640 3176 non
3665 3120 3832 3191 Spiri-

2241 3217 2316 3272 tui
2352 3223 2540 3273 sancto
2580 3215 2834 3275 mentitus
2859 3229 2952 3279 es,
2997 3212 3093 3268 sed
3121 3213 3232 3268 Deo
3264 3229 3278 3265 :
3309 3212 3382 3268 ita
3411 3212 3554 3268 enim
3578 3212 3827 3284 loquens,

2239 3319 2457 3382 negaret
2485 3311 2651 3365 Deum
2667 3323 2788 3366 esse
2805 3307 3060 3380 Spiritum
3085 3315 3350 3363 sanctum.
3390 3306 3545 3364 Nunc
3561 3323 3690 3364 vero
3707 3324 3830 3364 cum

2238 3404 2492 3471 dixisset,
2515 3402 2680 3457 Ausus
2703 3418 2757 3456 es
2784 3401 2985 3456 mentiri
3013 3400 3232 3470 Spiritui
3261 3400 3478 3455 sancto?
3503 3415 3628 3456 cum
3659 3401 3747 3456 ille
3769 3415 3831 3457 se

2241 3504 2452 3567 putaret
2470 3493 2772 3550 hominibus
2787 3492 2952 3548 fuisse
2970 3491 3274 3559 mentitum,
3287 3490 3402 3562 ipse
3419 3490 3675 3561 Spiritum
3701 3506 3829 3547 san-

2238 3596 2382 3642 ctum
2411 3587 2576 3641 Deum
2603 3599 2721 3640 esse
2742 3582 3056 3639 monstravit
3083 3581 3427 3653 subjungens,
3458 3579 3581 3638 Non
3604 3583 3827 3638 nomini-

2238 3677 2330 3732 bus
2353 3677 2584 3731 mentitus
2613 3675 2692 3744 esf,
2726 3677 2814 3728 sed
2847 3673 2975 3728 Deo.

2311 3767 2423 3823 LX.
2447 3765 2545 3839 [lb.
2565 3782 2672 3834 xvr,
2705 3763 2816 3838 12.]
2849 3765 2990 3820 Deus
3012 3762 3228 3819 mandat
3255 3777 3350 3834 per
3373 3763 3590 3836 Moysen
3608 3763 3828 3834 populo,

2244 3861 2319 3915 Ad
2336 3875 2592 3930 vesperam
2612 3859 2765 3914 edetis
2781 3874 2978 3923 carnes,
3009 3866 3057 3912 et
3084 3873 3232 3912 mane
3253 3856 3567 3928 replebimiui
3591 3857 3829 3928 panibus.

2239 3955 2378 4011 Ecce
2408 3969 2515 4009 non
2542 3967 2637 4023 pro
2665 3952 2810 4007 omni
2837 3952 3089 4007 alimento
3120 3965 3285 4021 panes
3306 3950 3667 4006 nominantur.
3694 3949 3828 4005 Nam

2239 4049 2343 4104 isto
2382 4048 2596 4103 nomine
2619 4056 2675 4102 et
2702 4061 2892 4102 carnes
2919 4044 3400 4115 complecterentur
3417 4084 3434 4113 ,
3461 4044 3587 4114 quia
3611 4052 3667 4101 et
3698 4044 3830 4115 ipse

2237 4139 2486 4194 alimenta
2511 4146 2636 4194 sunt
2651 4154 2671 4209 ξ
2700 4151 2801 4192 nec
2829 4145 3006 4192 tamen
3033 4150 3198 4207 panes
3230 4149 3325 4192 eos
3352 4136 3511 4192 modo
3539 4135 3704 4204 dicit,
3736 4136 3830 4208 qui

2237 4231 2372 4288 ﬁunt
2397 4247 2463 4288 ex
2492 4231 2802 4296 frumentis;
2831 4232 2975 4300 ipsos
2998 4229 3142 4285 enim
3172 4229 3388 4300 proprie
3432 4243 3600 4300 panes
3640 4231 3831 4301 appel-

2238 4326 2348 4380 lare
2369 4324 2744 4381 consuevimus
2770 4340 2783 4376 :
2824 4336 3018 4377 manna
3043 4329 3222 4376 autem
3254 4335 3452 4392 panum
3478 4323 3696 4378 nomine
3731 4337 3831 4392 ap-

2236 4416 2420 4487 pellat.
2445 4414 2558 4471 Non
2583 4422 2760 4470 autem
2781 4420 2935 4470 vacat
2951 4412 3092 4484 quod
3112 4411 3321 4468 dicitad
3341 4427 3620 4484 vesperam
3639 4428 3833 4472 carnes

2237 4515 2293 4562 et
2318 4521 2474 4562 mane
2495 4520 2661 4576 panes
2679 4520 2738 4561 se
2765 4504 3033 4561 daturum.
3062 4503 3192 4560 Tale
3219 4504 3415 4576 quippe
3441 4505 3644 4577 aliquid
3665 4508 3830 4562 etiam

2237 4598 2289 4653 in
2321 4598 2438 4654 Elia
2463 4597 2814 4668 signiﬁcatum
2843 4605 2943 4663 est,
2968 4610 3088 4650 cum
3109 4595 3159 4650 ei
3173 4594 3427 4651 alimenta
3452 4610 3644 4653 corvus
3664 4597 3830 4654 affer-

2236 4695 2319 4742 ret
2347 4685 2449 4758 (Ill
2471 4684 2599 4755 Reg.
2633 4699 2765 4751 xvn,
2787 4683 2878 4754 6).
2904 4683 2985 4737 An
3006 4680 3150 4738 forte
3170 4683 3422 4739 carnibus
3448 4682 3518 4738 ad
3545 4699 3827 4754 vesperam

2236 4789 2289 4835 et
2314 4793 2469 4835 mane
2499 4777 2722 4848 panibus
2749 4776 2836 4831 ille
2854 4773 3202 4845 signiﬁcatur,
3229 4773 3321 4845 qui
3341 4773 3564 4830 traditus
3589 4784 3676 4830 est
3700 4790 3830 4845 pro-

2237 4882 2352 4943 pter
2365 4872 2556 4928 delicta
2567 4879 2769 4934 nostra,
2788 4875 2843 4923 et
2859 4867 3152 4924 resurrexit
3166 4876 3380 4938 propter
3389 4865 3829 4938 justiﬁcatiouem

2235 4973 2471 5020 nostram
2499 4961 2675 5032 (Rom.
2700 4975 2772 5027 IV,
2788 4959 2926 5031 25)?
2954 4958 3036 5014 Ad
3063 4972 3338 5028 vesperam
3365 4959 3562 5030 quippe
3583 4969 3829 5016 mortuus

2233 5077 2297 5118 ex
2316 5062 2621 5116 inﬁrmitate
2637 5059 2875 5130 sepultus
2897 5067 2997 5125 est,
3024 5073 3180 5113 mane
3202 5067 3380 5113 autem
3403 5061 3650 5128 apparuit
3667 5058 3830 5115 disci-

2237 5155 2394 5224 pulis,
2423 5153 2512 5223 qui
2541 5160 2906 5208 resurrexerat
2934 5166 2990 5204 1n
3015 5150 3228 5205 virtute.

2305 5248 2437 5304 LXI.
2461 5247 2556 5321 [11).
2576 5263 2690 5316 1m,
2709 5248 2822 5317 35.]
2851 5244 2920 5299 Et
2940 5245 3069 5299 dixit
3097 5243 3302 5316 Moyses
3327 5243 3396 5298 ad
3417 5244 3614 5314 Aaron,
3641 5244 3828 5317 Accipe

2236 5361 2321 5398 vas
2344 5358 2552 5397 aureum
2576 5358 2755 5408 unum,
2787 5348 2834 5395 et
2859 5340 2998 5393 mitte
3023 5336 3156 5392 illud
3184 5338 3386 5408 plenum
3411 5353 3590 5408 gomor
3613 5355 3822 5407 manna,

2232 5447 2279 5491 et
2309 5450 2518 5506 repones
2565 5430 2696 5488 illud
2742 5441 2860 5485 ante
2894 5429 3081 5497 Deum,
3112 5437 3166 5482 ut
3191 5438 3411 5484 seruetur
3447 5429 3503 5482 in
3538 5429 3822 5500 progenies,

2232 5529 2654 5602 quemadmodum
2692 5527 2929 5599 prtecepit
2966 5525 3233 5582 Dominus.
3277 5525 3456 5594 Quaeri
3486 5534 3702 5596 potest,
3737 5523 3825 5580 ubi

2232 5621 2409 5683 Aaron
2440 5629 2660 5696 poneret
2687 5630 2809 5676 ante
2835 5619 3019 5685 Deum,
3051 5617 3262 5689 quando
3285 5632 3386 5673 nec
3411 5617 3577 5673 ullum
3601 5615 3824 5673 simula-

2297 5767 2314 5797 ι
2337 5771 2386 5813 In
2407 5755 2904 5832 editissimum.
2926 5743 3824 5818 muss.,siambutabwu.spudt.xx,

2229 5827 2699 5887 εἱροτειιεσηιαὶο.
2809 5879 2897 5887 -.
3037 5879 3068 5887 .-
3316 5877 3328 5887 .
3467 5877 3478 5887 .

2340 5876 2478 5953 Εάιιὶ,
2500 5886 2586 5939 sed
2609 5889 2660 5939 ut
2681 5881 2782 5950 ipse
2802 5879 2939 5948 ipsis.
2962 5879 3134 5935 Helius
3155 5887 3285 5943 Mss,
3308 5877 3437 5945 ipsos
3459 5876 3580 5944 ipsi:
