4094 6462
359 325 468 394 1111

365 463 514 501 crum
543 445 659 511 fuit,
686 458 783 499 nec
798 458 920 500 arca
943 442 1246 498 testamenti
1262 442 1373 513 jam
1401 443 1568 497 fuerat
1591 443 1846 498 instituta.
1870 447 1950 498 An

363 530 502 592 torte
541 537 660 591 ideo
683 535 750 591 de
778 535 951 590 futuro
995 535 1160 599 dixit,
1210 551 1452 605 repones,
1482 545 1535 588 ut
1571 534 1954 605 intelligeretur

364 638 492 683 tunc
513 637 637 681 ante
661 627 822 681 Deum
847 642 1004 696 posse
1021 624 1228 695 reponi,
1247 625 1456 695 quando
1471 625 1643 679 futura
1667 635 1780 680 erat
1799 626 1953 679 arca?

360 733 428 772 an
461 717 654 788 potius,
688 726 804 769 ante
830 717 1024 781 Deum,
1057 718 1254 770 dictum
1285 727 1365 772 est
1393 715 1532 786 quod
1563 715 1623 771 ﬁt
1649 717 1761 786 ipsa
1788 715 1953 771 devo-

364 811 510 863 tione
541 807 832 873 oll‘erendi,
861 809 914 862 in
967 823 1300 877 quocumque
1341 807 1460 861 loco
1498 806 1817 877 poneretur?
1862 807 1954 860 ubi

359 903 508 956 enim
537 915 644 955 non
671 909 756 955 est
781 899 957 954 Deus?
981 897 1085 955 Scd
1110 898 1238 953 illud
1267 887 1408 968 quod
1434 893 1688 968 adjungit,
1722 896 1790 950 Et
1809 914 1954 966 repo-

357 993 462 1046 suit
483 992 657 1045 Aaron
685 1001 802 1044 ante
842 991 1181 1044 testimonium
1210 991 1276 1043 ad
1315 989 1688 1055 reservandum,
1720 989 1951 1059 priorem

357 1082 529 1152 magis
560 1096 775 1135 sensum
801 1080 1011 1134 asserit.
1038 1072 1151 1134 1100
1176 1079 1318 1134 0111111
1345 1078 1503 1132 modo
1527 1077 1798 1148 Scriptura
1822 1078 1954 1132 dixit

357 1185 457 1240 per
478 1171 785 1240 prolepsim,
808 1169 947 1238 quod
969 1178 1152 1239 postea
1176 1167 1372 1227 factum
1389 1176 1487 1235 est,
1505 1183 1626 1223 cum
1653 1183 1772 1223 esse
1792 1168 1953 1237 coepit

357 1262 761 1316 tabernaculum
789 1259 1096 1314 testimonii.

425 1352 588 1408 LXII.
619 1353 718 1426 [lb.
740 1369 851 1418 XVI,
869 1351 985 1425 33.]
1013 1352 1134 1406 Filii
1161 1360 1327 1405 autem
1353 1349 1517 1405 Israel
1540 1351 1744 1404 ederunt
1766 1367 1951 1404 manna

355 1447 504 1498 annis
543 1445 898 1514 quadraginta,
929 1443 1254 1514 quoadusque
1281 1443 1510 1495 venirent
1538 1442 1590 1494 in
1618 1451 1802 1494 terram
1840 1457 1952 1512 qum

355 1534 687 1588 inhabitatur.
718 1533 910 1588 Manna
940 1535 1146 1588 ederunt
1166 1533 1489 1603 quoadusque
1511 1533 1730 1586 venirent
1757 1533 1809 1585 in
1832 1550 1950 1602 par-

356 1623 455 1678 tem
483 1625 761 1680 Plraznicis.
790 1624 1115 1695 Signiﬁcavit
1145 1623 1413 1694 Scriptura
1443 1639 1535 1693 per
1563 1623 1868 1692 prolepsim,
1896 1622 1948 1677 id

355 1727 459 1782 est,
492 1718 594 1772 hoc
623 1718 739 1771 loco
765 1716 1231 1772 commemorando
1270 1714 1410 1785 quod
1454 1716 1611 1770 etiam
1649 1723 1832 1784 postea
1873 1714 1949 1769 fa-

354 1819 500 1863 tuum
523 1817 626 1875 est,
655 1826 758 1863 non
781 1809 954 1864 edisse
978 1808 1117 1864 ﬁlios
1139 1807 1298 1863 lsracl
1323 1809 1375 1863 in
1402 1824 1584 1862 eremo
1607 1809 1705 1864 nisi
1731 1825 1947 1865 manna.

357 1893 469 1954 lloc
497 1910 581 1955 est
605 1901 746 1954 enim
777 1899 918 1970 quod
945 1901 1037 1962 ait,
1070 1915 1226 1970 usque
1248 1898 1316 1952 ad
1345 1907 1530 1952 terram
1565 1915 1678 1966 qua:
1699 1900 1949 1952 inhabita-

357 1993 457 2050 εὰν,
477 1984 528 2043 id
547 2000 648 2055 est,
669 1989 905 2059 qumjam
928 2004 1033 2044 non
1054 1999 1134 2044 est
1156 2003 1370 2043 eremus
1393 2007 1406 2040 :
1431 2004 1534 2042 non
1558 1988 1678 2058 quia
1700 1989 1948 2044 continuo

355 2090 416 2132 ut
455 2089 713 2134 venerunt
741 2075 806 2134 ad
839 2088 1032 2133 terram
1075 2078 1414 2133 habitabilem
1454 2077 1772 2132 destiterunt
1806 2079 1947 2134 vesci

355 2183 575 2236 manna,
609 2153 700 2224 sed
728 2170 849 2240 quia
879 2186 982 2224 non
1013 2179 1156 2224 ante.
1184 2167 1427 2239 Trajecto
1453 2169 1594 2223 enim
1615 2167 1847 2224 Jordane
1872 2171 1945 2224 si-

355 2259 638 2329 gniﬁcatur
663 2275 852 2314 marina
883 2274 1141 2326 cessasse,
1167 2259 1255 2313 ubi
1284 2273 1451 2329 panes
1481 2267 1636 2313 terra:
1662 2259 1948 2314 manduca-

356 2354 546 2405 verunt
567 2352 808 2421 :quando
829 2368 955 2418 ergo
976 2351 1199 2421 ingressi
1218 2360 1340 2405 sunt
1361 2351 1698 2406 habitabilem
1727 2360 1942 2419 terram,

354 2450 641 2509 antequam
691 2444 976 2497 transirent
1014 2442 1323 2508 Jordanem,
1365 2442 1451 2497 vel
1501 2451 1703 2498 tantum
1751 2457 1946 2498 manna

355 2533 533 2597 vesci,
563 2533 646 2587 vel
684 2541 905 2602 utroque
934 2532 1053 2588 cibo
1082 2539 1396 2602 potuerunt;
1429 2532 1530 2587 hoc
1559 2533 1754 2603 quippe
1793 2534 1947 2588 intel-

360 2626 453 2696 ligi
498 2637 694 2696 potest,
739 2627 949 2697 quando
987 2642 1228 2683 cessasse
1254 2643 1446 2682 manna
1477 2643 1582 2696 non
1625 2628 1818 2682 dicitur
1844 2621 1944 2682 nisi

352 2715 584 2772 Jordane
613 2718 853 2787 trajectu.
881 2718 992 2775 Cur
1014 2729 1189 2774 autem
1213 2720 1264 2774 in
1286 2721 1374 2775 illa
1395 2721 1558 2775 eremi
1582 2720 1758 2791 inopia
1785 2726 1941 2776 etiam

353 2823 547 2863 carnes
573 2808 1030 2880 desideraverint,
1062 2810 1274 2882 quando
1315 2811 1381 2866 de
1409 2811 1643 2883 Egypto
1681 2828 1801 2867 cum
1832 2814 1942 2868 suis

351 2900 508 2956 valde
532 2902 712 2956 multis
735 2903 1016 2973 pecoribus
1053 2904 1333 2972 exierunt,
1366 2919 1556 2974 magna
1585 2905 1810 2974 qurestio
1837 2914 1940 2959 est.

351 2983 463 3047 Nisi
495 2992 631 3048 forte
653 2994 878 3061 dicatur,
905 3011 1027 3050 cum
1054 3011 1149 3066 per
1174 3011 1411 3051 eremum
1441 3011 1635 3067 pascua
1665 3006 1807 3052 tanta
1836 3015 1940 3052 non

351 3095 566 3153 essent,
598 3094 653 3140 et
692 3101 758 3140 ex
800 3101 865 3140 eo
905 3087 1081 3142 minor
1127 3085 1304 3142 futura
1351 3088 1622 3144 videretur
1645 3089 1942 3147 fecunditas

351 3191 627 3244 pecorum,
660 3179 961 3248 pepercisse
987 3179 1106 3234 illos
1133 3180 1434 3250 pecoribus,
1474 3196 1542 3236 ne
1569 3182 1815 3238 omnibus
1849 3184 1943 3239 dc-

351 3259 672 3334 iicientibus,
703 3269 862 3324 etiam
884 3265 1158 3325 sacriﬁciis
1185 3273 1486 3326 necessaria
1511 3271 1832 3341 defuissent,
1857 3277 1942 3331 vel

350 3357 398 3412 si
425 3359 551 3428 quid
582 3361 722 3417 aliud
751 3361 854 3416 dici
885 3371 1077 3432 potest,
1112 3364 1252 3419 unde
1292 3365 1516 3434 quaestio
1544 3365 1644 3421 ista
1683 3369 1937 3424 solvatur.

349 3449 743 3522 Ceiugruentius
772 3463 946 3510 tamen
982 3455 1216 3510 creditur
1245 3471 1348 3510 non
1373 3470 1467 3512 eos
1507 3471 1697 3512 carnes
1727 3458 1939 3515 deside-

349 3552 520 3610 rasse,
567 3561 699 3616 quas
744 3547 813 3604 de
857 3548 1141 3619 pecoribus
1185 3549 1382 3605 habere
1419 3560 1698 3620 poterant;
1728 3553 1820 3608 sed
1850 3570 1941 3610 eas

347 3653 470 3708 qua:
497 3637 752 3707 deerant,
783 3656 850 3695 ex
888 3641 1040 3711 aquis
1068 3640 1332 3697 videlicet.
1362 3642 1506 3712 lpsas
1533 3643 1727 3713 quippe
1755 3644 1807 3698 in
1849 3646 1938 3699 illa

347 3743 534 3784 eremo
572 3747 677 3784 non
721 3731 1060 3787 inveniebant
1101 3750 1116 3788 :
1151 3731 1294 3788 unde
1332 3741 1387 3789 et
1432 3733 1535 3788 illis
1581 3744 1939 3806 ortygometra

348 3819 472 3872 data
493 3829 591 3886 est,
616 3821 666 3875 id
696 3832 799 3888 est,
830 3837 976 3888 aves,
1008 3837 1140 3892 quas
1164 3824 1464 3878 coturnices
1484 3824 1636 3878 multi
1666 3824 1826 3880 latine
1854 3825 1936 3878 in-

348 3913 625 3981 terpretati
655 3922 799 3979 sunt,
830 3929 952 3967 cum
977 3913 1047 3968 sit
1072 3913 1216 3968 aliud
1245 3928 1412 3984 genus
1437 3914 1612 3968 avium
1636 3923 1938 3985 ortygome-

347 4013 452 4070 tra,
479 4005 722 4074 quamvis
748 4006 1106 4061 coturnicibus
1130 4023 1234 4060 non
1263 4021 1636 4077 usquequaque
1659 4007 1934 4063 dissimile.

345 4085 582 4151 Noverat
621 4097 764 4152 enim
792 4097 932 4152 Deus
959 4097 1085 4168 quid
1115 4097 1498 4164 desiderarent,
1533 4108 1586 4153 ct
1613 4099 1935 4155 desiderium

344 4202 534 4242 eorum
559 4203 665 4258 quo
689 4188 866 4244 Carnis
889 4204 1084 4259 genere
1110 4189 1344 4244 satiaret.
1378 4188 1484 4243 Sed
1513 4190 1634 4258 quia
1665 4189 1935 4260 Scriptura

343 4281 716 4350 Concupivisse
740 4281 860 4342 illm
888 4295 1078 4336 carnes
1105 4280 1331 4346 dixerat,
1361 4296 1458 4335 nec
1486 4291 1820 4351 expresserat
1844 4298 1937 4338 cu-

340 4372 576 4443 jusmodi
603 4387 812 4439 carnes,
842 4371 962 4428 ideo
987 4372 1210 4443 quaestio
1234 4371 1368 4427 facta
1393 4380 1494 4427 est.

416 4453 598 4516 LXII].
626 4462 724 4536 [11).
757 4479 869 4530 xvr,
899 4461 1012 4536 35.]
1043 4463 1236 4517 Manna
1269 4462 1476 4517 ederunt
1514 4463 1835 4534 quoadusque
1854 4481 1936 4518 ve-

346 4555 508 4606 nirent
545 4554 598 4607 in
638 4563 831 4623 partem
865 4553 1140 4609 Phoenicis.
1177 4553 1294 4608 Jam
1324 4553 1568 4620 dixerat,
1613 4555 1935 4624 quoadusque

345 4645 569 4698 venirent
608 4645 675 4698 ad
715 4654 900 4698 terram
924 4660 1035 4713 qua:
1068 4645 1410 4710 inhabitatur;
1435 4645 1526 4700 sed
1552 4645 1672 4715 quia
1703 4661 1807 4700 non
1836 4662 1931 4699 ex-

344 4747 616 4804 presserat
643 4737 856 4806 proprie
883 4752 1042 4807 quam
1081 4737 1315 4800 diceret,
1366 4737 1680 4805 repetitione
1724 4736 1934 4792 videtur

343 4826 628 4894 quamdam
661 4827 1034 4897 proprietatem
1071 4828 1426 4898 expressisse,
1456 4826 1696 4894 dicendo,
1729 4829 1781 4882 in
1808 4846 1931 4899 par-

343 4928 443 4972 tem
476 4916 748 4973 Pluenicis.
783 4918 886 4974 Sed
919 4927 1042 4973 tunc
1083 4919 1224 4973 illam
1269 4927 1463 4972 terram
1493 4919 1570 4973 sic
1607 4919 1928 4973 credendum

341 5020 428 5066 est
455 5011 809 5081 appellatam;
840 5012 999 5066 modo
1028 5012 1171 5066 enim
1195 5011 1295 5065 hoc
1324 5027 1429 5065 non
1458 5021 1675 5066 vocatur
1694 5014 1926 5068 nomine.

340 5103 462 5157 Alia
485 5103 681 5173 quippe
710 5111 792 5158 est
816 5119 934 5174 qua:
964 5102 1214 5159 Phoenice
1242 5103 1538 5172 appellatur
1564 5105 1708 5173 regio
1729 5104 1851 5174 Tyri
1877 5113 1932 5158 et

338 5197 577 5262 Sidonis,
619 5211 721 5267 qua
767 5197 885 5252 illos
931 5197 1185 5253 tniusisse
1218 5211 1320 5250 non
1366 5195 1577 5266 legitur.
1619 5196 1928 5266 Quanquam

338 5289 612 5359 Scriptura
633 5288 855 5343 fortasse
877 5287 1105 5358 potuerit
1132 5297 1325 5340 terram
1350 5287 1616 5341 Pbcnnicis
1638 5287 1924 5356 appellare,

337 5381 431 5435 ubi
464 5379 756 5448 palmarum
794 5378 1014 5433 arbores
1039 5377 1148 5448 jam
1178 5393 1295 5433 esse
1321 5388 1591 5449 carperent
1616 5387 1736 5448 post
1760 5381 1926 5434 eremi

337 5458 681 5536 vasiitatem;
712 5469 960 5540 quoniam
981 5469 1154 5539 palma
1179 5483 1350 5539 graece
1378 5469 1456 5524 sic
1483 5469 1797 5538 appellatur.
1827 5469 1929 5524 lni-

338 5563 416 5617 tio
466 5562 609 5618 enim
653 5561 995 5632 profectionis
1043 5576 1155 5616 suae
1222 5562 1539 5618 invenerunt
1584 5561 1786 5626 locum,
1837 5562 1926 5618 ubi

339 5653 674 5724 seﬂuagiuta
706 5651 1000 5721 palmarum
1041 5651 1260 5706 arbores
1292 5653 1532 5718 fuerant,
1565 5661 1619 5705 et
1645 5651 1924 5707 duodecim

337 5739 516 5800 fontes
554 5760 566 5797 :
596 5741 690 5796 sed
719 5751 897 5813 postea
922 5757 1014 5797 eos
1039 5743 1248 5811 excepit
1293 5741 1458 5798 eremi
1495 5742 1770 5814 prolixitas
1789 5783 1806 5815 ,
1836 5743 1924 5800 ubi

621 5838 848 5900 Sauca‘.
896 5841 1170 5901 Aunusr.
1201 5837 1310 5900 ΙΙΙ.

1731 332 1930 388 LIBER
1971 316 2349 392 SECUNDUS.

3537 331 3640 394 crs

2063 447 2168 501 tale
2193 447 2544 517 aliquid;non
2575 449 2689 516 fuit,
2717 437 2998 520 quousque
3020 450 3259 506 venirent
3287 450 3353 506 ad
3382 451 3494 508 loca
3522 469 3641 524 qua.

2020 567 2024 572 -
2061 535 2387 591 colebantur.
2416 536 2615 593 Verum
2642 539 2730 594 ille
2755 554 2942 594 sensus
2971 549 3052 594 est
3078 539 3421 611 probabilior,
3450 552 3509 595 ut
3531 557 3642 596 cre-

2059 626 2248 680 damus
2273 628 2350 682 sic
2387 629 2702 698 appellatam
2744 639 2868 685 tunc
2910 630 3070 685 fuisse
3110 641 3325 685 terram.
3355 631 3638 687 Multarum

2059 720 2198 772 enim
2224 729 2480 775 terrarum
2507 731 2560 776 et
2589 721 2843 789 locorum,
2870 723 3006 777 sicut
3032 721 3305 776 ﬂuminum
3327 731 3382 777 et
3405 723 3636 788 urbium,

2059 811 2272 866 nomina
2312 813 2470 867 certis
2505 815 2852 869 existentibus
2878 815 3052 869 causis
3093 815 3403 885 antiquitate
3436 823 3639 876 mutate

2059 911 2199 954 sunt.

2129 991 2311 1046 LXIV.
2338 991 2436 1064 [lb.
2479 1010 2608 1061 xvn,
2641 994 2718 1068 5.]
2765 994 2831 1049 Et
2859 995 2986 1050 dixit
3013 994 3261 1050 Dominus
3302 997 3370 1050 ad
3401 997 3634 1069 Moysen,

2057 1083 2301 1136 Antecede
2316 1086 2592 1154 populum;
2615 1103 2756 1140 sume
2782 1096 2947 1140 autem
2975 1096 3135 1140 tecum
3159 1087 3221 1141 de
3247 1088 3522 1143 senioribus
3547 1107 3640 1160 po-

2057 1173 2168 1242 puli
2182 1191 2201 1233 ;
2219 1184 2261 1226 et
2284 1175 2474 1244 virgam
2499 1175 2550 1228 in
2568 1193 2668 1246 qua
2688 1177 2975 1247 percussisti
2992 1167 3202 1247 ﬂumen,
3225 1177 3398 1248 accipe
3415 1179 3468 1231 in
3482 1195 3636 1236 manu

2056 1275 2157 1318 tua.
2190 1264 2411 1320 Flumen
2441 1267 2616 1321 Aaron
2643 1268 2850 1337 legitur,
2873 1283 2978 1322 non
3005 1267 3229 1338 Moyses,
3255 1268 3401 1339 virga
3431 1284 3641 1338 percnsi

2055 1357 2207 1410 sis-se.
2239 1356 2370 1410 Nam
2398 1357 2606 1428 Moyses
2628 1358 2814 1413 eadem
2845 1360 2989 1428 virga
3012 1375 3158 1414 mare
3185 1360 3382 1429 divisit,
3410 1377 3515 1416 non
3537 1363 3638 1416 ﬁu-

2054 1462 2176 1500 men
2205 1465 2217 1500 :
2248 1448 2374 1517 quid
2405 1448 2502 1502 sibi
2531 1464 2658 1519 ergo
2687 1450 2797 1504 vult
2818 1491 2830 1513 ,
2873 1441 3056 1520 Accipe
3083 1451 3274 1522 virgam
3310 1452 3362 1505 in
3391 1468 3491 1522 qua
3517 1471 3637 1524 per-

2053 1537 2249 1592 cussisti
2285 1540 2512 1608 ﬂurrzcn?
2555 1541 2633 1593 An
2677 1529 2813 1594 forte
2867 1554 3014 1594 mare
3061 1541 3348 1610 appellavit
3399 1541 3636 1597 ﬂumen?

2053 1629 2394 1696 quaerendum
2423 1630 2721 1700 exemplum
2754 1619 3035 1686 locutionis
3059 1629 3236 1700 hujus,
3268 1632 3311 1685 si
3335 1631 3404 1686 ita
3427 1641 3528 1687 est.
3551 1635 3637 1686 An

2053 1719 2192 1787 quod
2222 1720 2398 1774 Aaron
2429 1721 2572 1786 fecit,
2603 1711 2764 1792 Moysi
2791 1721 2966 1791 potius
2995 1723 3245 1777 tributum
3269 1733 3371 1790 est,
3399 1725 3519 1794 quia
3539 1740 3637 1795 per

2052 1811 2270 1882 Moysen
2301 1814 2438 1868 Deus
2456 1815 2693 1882 jubebat,
2715 1831 2834 1886 qua:
2856 1815 3054 1871 faceret
3075 1816 3284 1883 Aaron;
3307 1817 3433 1872 etin
3454 1819 3638 1889 Moyse

2051 1905 2337 1959 auctoritas
2358 1947 2372 1970 ,
2405 1905 2455 1958 in
2489 1904 2577 1959 illo
2607 1915 2783 1960 autem
2828 1906 3179 1962 ministerium
3223 1907 3318 1962 fuit
3351 1925 3363 1962 :
3392 1911 3635 1979 quando—

2052 1995 2264 2064 quidem
2289 2005 2342 2049 et
2367 1996 2550 2064 primis
2570 1997 2678 2050 suis
2698 1996 2870 2050 verbis
2892 1995 3031 2051 Deus
3062 1997 3161 2052 hoc
3189 1998 3262 2052 illi
3288 1999 3362 2052 ait
3388 1999 3454 2054 de
3473 1998 3638 2054 fratre

2051 2100 2168 2151 suo,
2201 2085 2310 2138 Erit
2340 2085 2427 2139 tibi
2463 2087 2530 2139 ad
2549 2086 2812 2157 populum,
2835 2095 2886 2139 tu
2916 2087 2993 2140 illi
3021 2103 3134 2158 quw
3157 2088 3224 2142 ad
3251 2087 3409 2142 Deum
3439 2087 3632 2160 (Exod.

2050 2191 2125 2244 ιν,
2157 2175 2281 2250 16)?

2119 2267 2280 2322 LXV.
2309 2267 2408 2341 [lb.
2440 2285 2572 2334 xvu,
2599 2267 2677 2341 9.]
2730 2268 2796 2324 Et
2835 2287 2944 2325 ecce
2964 2288 3057 2342 ego
3091 2281 3166 2326 sto
3210 2288 3361 2341 super
3395 2280 3637 2327 caeumen

2051 2361 2217 2426 collis,
2251 2370 2296 2414 et
2325 2361 2465 2431 virga
2503 2359 2601 2414 Dei
2630 2362 2682 2414 in
2709 2378 2862 2415 manu
2887 2379 3016 2429 mea,
3053 2361 3182 2417 dicit
3209 2359 3418 2433 Moyses
3449 2362 3514 2417 ad
3542 2363 3635 2418 Je-

2048 2465 2166 2504 sum
2202 2449 2363 2516 Nave,
2398 2465 2518 2505 cum
2563 2453 2878 2522 praeciperet
2920 2453 3138 2524 pugnari
3185 2453 3440 2508 adversus
3475 2454 3636 2509 Ama-

2048 2539 2184 2594 lech.
2208 2538 2360 2594 Nunc
2389 2554 2517 2610 ergo
2545 2539 2691 2610 virga
2733 2541 2823 2595 Dei
2854 2541 3065 2605 dicitur,
3095 2558 3214 2612 quae
3236 2541 3465 2612 primum
3495 2543 3635 2597 dicta

2048 2637 2131 2683 est
2153 2629 2296 2698 virga
2338 2630 2535 2694 Aaron,
2570 2641 2752 2699 postea
2794 2646 2923 2685 vero
2958 2632 3104 2702 virga
3131 2631 3294 2701 Moysi
3326 2650 3338 2686 :
3371 2628 3508 2687 sicut
3549 2629 3635 2688 di-

2048 2719 2184 2774 citur
2209 2720 2425 2788 spiritus
2462 2715 2592 2774 Elia:
2631 2721 2720 2790 qui
2755 2730 2836 2775 est
2861 2716 3088 2790 Spiritus
3127 2717 3220 2778 Dei
3259 2719 3409 2792 (Luc.
3441 2739 3488 2792 1,
3517 2725 3630 2795 17),

2048 2809 2197 2877 cujus
2234 2809 2499 2879 particeps
2538 2803 2706 2864 factus
2743 2820 2825 2865 est
2854 2809 3028 2878 Elias;
3060 2812 3136 2866 sic
3170 2797 3465 2883 illa‘potuit
3505 2814 3633 2870 dici.

2048 2899 2248 2952 Dicitur
2275 2898 2435 2953 etiam
2469 2898 2566 2954 Dei
2590 2899 2812 2969 justitia,
2842 2916 2959 2970 quae
2984 2911 3165 2956 nostra
3193 2911 3294 2970 cst,
3317 2903 3412 2958 sed
3438 2903 3636 2959 donata

2047 3005 2076 3044 a
2105 2990 2214 3045 Deo
2248 3008 2260 3044 :
2294 2991 2360 3046 de
2386 3007 2486 3061 qua
2509 2992 2733 3061 loquens
2768 2993 3073 3062 Apostolus,
3101 2994 3312 3050 Judaeos
3341 2996 3514 3067 arguit
3552 2995 3636 3052 di-

2047 3098 2194 3148 cens,
2235 3080 2536 3153 Ignorantes
2572 3083 2668 3136 Dei
2703 3084 2977 3154 justitiam,
3010 3093 3054 3138 et
3091 3102 3236 3139 suam
3264 3087 3515 3156 justitiam
3549 3104 3637 3142 vo-

2047 3173 2202 3228 lentes
2234 3175 2530 3228 constituere
2575 3174 2759 3244 (Rom.
2795 3189 2852 3240 x,
2884 3172 2960 3246 5),
2993 3175 3046 3230 id
3084 3187 3182 3241 est,
3230 3183 3478 3248 tanquam
3503 3193 3532 3232 a
3575 3194 3634 3233 se

2046 3266 2144 3321 sibi
2189 3277 2450 3336 paratam;
2493 3276 2675 3321 contra
2725 3266 2910 3336 quales
2948 3266 3095 3335 dicit,
3130 3267 3264 3333 Quid
3317 3270 3450 3323 enim
3482 3269 3634 3325 habes

2045 3357 2179 3427 quod
2196 3373 2295 3410 non
2323 3358 2556 3422 accepisti
2584 3357 2625 3426 (1
2651 3356 2766 3409 Cor.
2797 3372 2870 3421 tv,
2901 3356 2955 3426 7)
2983 3355 3005 3410 ?

2117 3445 2296 3500 LXVI.
2332 3445 2431 3517 [lb.
2460 3452 2614 3509 xvn‘t,
2645 3443 2922 3517 l2.]gVenit
2945 3455 3113 3498 autem
3139 3453 3185 3499 et
3206 3446 3374 3501 Aaron
3395 3457 3441 3502 et
3461 3458 3633 3504 onme's

2044 3537 2262 3590 seniores
2301 3533 2467 3588 Israel
2503 3535 2809 3589 manducare
2854 3551 3034 3606 panem
3080 3553 3195 3589 cum
3243 3553 3414 3592 socero
3460 3537 3634 3610 Moysi

2045 3635 2161 3679 ante
2185 3624 2348 3678 Deum
2369 3665 2386 3691 ,
2418 3623 2524 3684 vel.
2552 3625 2688 3679 sicut
2711 3621 2800 3679 alii
2829 3625 3040 3680 codices
3062 3625 3274 3692 habent,
3297 3644 3468 3682 coram
3491 3628 3630 3696 Deo;

2045 3717 2183 3786 quod
2211 3731 2382 3787 graece
2425 3716 2678 3785 scriptum
2717 3725 2800 3770 est
2840 3720 3044 3771 ἐναντίον
3073 3727 3157 3772 τοῦ
3198 3725 3336 3772 Θεοῦ.
3363 3717 3632 3785 ρυωτὶιυιο

2044 3809 2132 3862 ubi
2171 3816 2294 3863 ante
2325 3808 2514 3873 Deum,
2553 3805 2765 3877 quando
2806 3821 2904 3860 nec
2943 3806 3340 3862 tabernaculum
3381 3807 3500 3874 fuit,
3531 3825 3630 3864 nec

2043 3914 2168 3954 arca
2221 3899 2541 3964 testamenti,
2599 3913 2717 3967 qua:
2756 3905 2939 3967 postea
2977 3907 3102 3952 sunt
3141 3899 3400 3954 instituta.
3445 3901 3630 3972 Neque

2042 3990 2183 4044 enim
2224 3999 2278 4044 et
2320 3989 2405 4043 hic
2447 3989 2514 4044 de
2557 3988 2732 4042 futuro
2776 3988 2973 4043 dictum
3021 3990 3263 4059 accipere
3307 4005 3624 4061 possumus,

2043 4077 2176 4134 sicut
2205 4079 2402 4134 dictum
2445 4087 2526 4133 est
2559 4078 2626 4133 de
2665 4093 2856 4132 manna
2882 4077 3021 4147 quod
3047 4081 3278 4148 positum
3318 4091 3401 4137 est
3429 4083 3481 4138 in
3503 4097 3628 4139 vase

2041 4185 2205 4224 aureo
2235 4169 2450 4241 (Supra,
2485 4174 2662 4238 quwst.
2693 4165 2804 4239 6i).
2837 4168 2976 4237 Ergo
3015 4178 3138 4224 ante
3157 4170 3350 4252 ﬁcum
3395 4172 3447 4226 id
3486 4175 3628 4228 acci-

2044 4275 2168 4329 pere
2205 4254 2462 4314 debemus
2504 4257 2719 4324 factum,
2747 4257 2890 4327 quod
2918 4258 2972 4311 in
3013 4256 3272 4315 honorem
3301 4261 3396 4316 Dei
3427 4262 3625 4319 factum

2041 4357 2124 4406 est
2155 4368 2167 4403 :
2202 4349 2287 4403 ubi
2309 4350 2450 4404 enim
2479 4364 2585 4403 non
2614 4347 2792 4402 Deus?

2111 4441 2317 4496 van.
2351 4424 2449 4513 [lb.
2473 4456 2626 4504 xvnl,
2669 4438 2779 4510 15.]
2816 4439 3023 4511 Moyses
3058 4451 3245 4495 socero
3273 4441 3449 4498 dixit:
3491 4444 3625 4510 Quia

2038 4536 2168 4588 venit
2189 4534 2256 4586 ad
2274 4551 2352 4586 me
2376 4532 2593 4604 pepulus
2621 4532 2868 4602 inquirere
2881 4531 3136 4602 judicium
3166 4549 3197 4586 a
3238 4532 3379 4601 Deo;
3405 4552 3522 4589 curn
3549 4539 3621 4591 eis

2039 4625 2300 4694 contigerit
2332 4622 2645 4691 disceptatio,
2689 4629 2736 4675 et
2767 4621 2986 4674 venerint
3014 4621 3083 4674 ad
3103 4638 3200 4687 me,
3223 4623 3403 4693 judico
3433 4641 3621 4678 unum—

2037 4730 2300 4785 quemque,
2346 4719 2393 4765 ct
2447 4724 2624 4764 moneo
2664 4727 2746 4764 eos
2793 4721 3043 4782 prtecepta
3084 4710 3182 4765 Dei
3227 4725 3273 4767 et
3303 4714 3460 4786 legem
3489 4720 3598 4786 ejus

2039 4804 2212 4872 Quaeri
2247 4811 2418 4872 potest
2449 4801 2714 4872 quomodo
2761 4801 2860 4856 ista
2898 4801 3103 4872 Moyses
3146 4803 3359 4872 dixerit,
3386 4821 3505 4861 cum
3536 4810 3613 4864 lex

2039 4896 2130 4950 Dei
2168 4894 2342 4949 adhuc
2371 4893 2513 4948 nulla
2541 4893 2840 4963 conScripla
2882 4903 3023 4947 esset
3055 4910 3069 4946 :
3100 4895 3200 4947 nisi
3243 4897 3363 4966 quia
3399 4898 3483 4952 lcx
3525 4901 3618 4955 De.

2038 4987 2360 5056 sempiterna
2399 4993 2500 5051 est,
2545 4999 2700 5054 quam
2739 4985 3020 5038 consulunt
3049 5001 3233 5040 011111οδ
3261 4987 3359 5056 piae
3385 4998 3615 5054 mentes,

2039 5089 2094 5133 ut
2119 5077 2259 5150 quod
2286 5079 2336 5132 iu
2370 5093 2432 5132 ea
2455 5077 2774 5142 invenerint,
2805 5079 2886 5131 vel
2909 5077 3122 5147 faciant,
3152 5082 3235 5135 vel
3263 5080 3501 5150 jubeant,
3531 5086 3619 5140 vel

2037 5178 2235 5235 vetent,
2295 5168 2586 5224 secundum
2659 5168 2799 5236 quod
2863 5169 2950 5223 illa
3010 5170 3421 5228 incommutabill
3470 5183 3617 5230 veri-

2038 5267 2144 5315 tate
2193 5259 2504 5330 prmceperit
2547 5259 2585 5310 ¹.
2640 5257 2904 5328 Numquid
2957 5261 3098 5314 enim
3155 5262 3397 5333 Moyses,
3430 5282 3611 5335 quam-

2036 5353 2115 5406 vis
2171 5367 2291 5405 cum
2351 5351 2440 5405 illo
2497 5350 2634 5406 Deus
2698 5351 3036 5420 loqueretur,
3103 5369 3197 5422 per
3247 5354 3450 5426 singula
3499 5373 3612 5415 cre-

2035 5441 2266 5498 dendum
2305 5451 2387 5496 est
2432 5439 2574 5511 quod
2620 5441 2896 5496 consulere
2938 5444 3134 5498 soleret
3173 5444 3360 5515 Deum,
3410 5448 3456 5503 si
3486 5451 3611 5521 quid

2099 5627 2115 5659 ¹
2129 5619 3214 5701 .591“,,siii'lidl’llﬂlff’f‘ﬂiﬁﬂoﬂ'luﬂbf’l
3235 5623 3429 5701 Perii“?
3450 5638 3612 5701 Ρεΐσθο

2095 5687 2191 5753 rint
2213 5693 2462 5753 :__excepta
2485 5684 2697 5753 editione
2714 5684 3054 5745 natisponensi,
3069 5697 3180 5746 qua:
3189 5699 3297 5736 cum
3315 5684 3492 5742 nostris
3505 5699 3616 5744 Mss.

2099 5752 2202 5812 bet,
2411 5747 2710 5813 prwceperit.

2703 5857 2718 5896 1
2919 5827 3216 5911 (1711191.)
