4094 6470
535 376 639 433 619

536 460 679 542 esset
726 485 777 538 in
820 479 1288 553 disceptationibus
1343 486 1504 531 tantae
1555 458 1940 537 multitudinis,
1999 485 2116 541 qua:

536 576 681 630 illum
710 574 761 629 in
793 573 894 627 hoc
914 570 1180 642 judicandi
1216 568 1428 640 negotio
1457 583 1486 620 a
1522 580 1677 620 mane
1703 577 1870 634 usque
1904 561 1970 615 ad
2003 574 2118 615 ves-

538 681 718 735 peram
747 661 1050 719 detinebat?
1089 661 1156 715 Et
1199 669 1373 714 tamen
1424 657 1520 711 nisi
1566 669 1675 709 suae
1720 652 1881 708 menti
1927 654 2116 723 prmsi—

533 761 746 829 detncm
797 755 1075 810 Dominam
1125 751 1442 813 consuleret,
1485 748 1762 816 legemque
1804 743 1921 814 ejus
1959 749 2116 797 acter-

533 844 655 905 nam
704 848 967 917 sapienter
1010 842 1324 906 attenderet,
1355 839 1480 909 quid
1510 835 1860 908 justissimum
1879 831 2118 904 judicare

532 944 671 997 inter
698 924 1050 1004 disceptantes
1084 941 1282 1003 posset,
1308 945 1411 984 non
1440 928 1719 983 inveniret.

537 1032 541 1037 ’
605 1029 830 1085 LXVIII.
860 1025 958 1099 [lb.
981 1040 1125 1089 xvnt,
1158 1023 1245 1086 18,
1273 1018 1386 1091 l9.)
1427 1019 1483 1075 In
1513 1032 1578 1074 eo
1606 1016 1744 1088 quod
1771 1014 1957 1071 Jothor
1984 1027 2115 1067 con-

531 1123 708 1177 silium
749 1117 839 1173 dat
885 1130 1082 1186 genero
1124 1128 1223 1168 suo
1258 1110 1451 1182 Moysi,
1498 1124 1565 1163 ne
1590 1115 1875 1177 occupatus
1908 1102 2137 1174 jndiciis'

532 1209 707 1284 pOpuli
736 1220 788 1264 et
818 1210 928 1279 ipse
955 1216 1008 1262 et
1033 1204 1256 1275 populus
1283 1207 1687 1256 consumeretur
1712 1192 2117 1263 consumptione

532 1281 874 1363 intolerabili;
901 1298 1064 1367 prima
1086 1293 1306 1366 qumstio
1330 1299 1432 1355 est,
1461 1305 1555 1344 cur
1576 1288 1675 1342 hoc
1696 1287 1834 1340 Deus
1862 1281 2115 1341 famulum

528 1410 704 1453 suum,
733 1407 852 1447 cum
880 1405 983 1460 quo
1012 1389 1124 1458 ipse
1152 1392 1295 1440 tanta
1318 1393 1372 1438 et
1397 1382 1520 1436 talia
1544 1377 1875 1450 loquebatur,
1904 1374 1970 1428 ab
1989 1373 2118 1427 alie-

529 1491 717 1557 nigena
760 1498 945 1556 passus
986 1490 1068 1537 est
1108 1475 1402 1533 admoneri.
1453 1474 1508 1528 In
1551 1487 1657 1542 quo
1701 1469 1971 1538 Scriptura
2018 1479 2116 1522 nos

530 1582 811 1642 admonet,
856 1590 949 1646 per
989 1571 1301 1644 quemlibet.
1326 1566 1597 1623 hominem
1643 1563 1797 1618 detur
1835 1559 2115 1615 consilium

527 1671 784 1731 veritatis.
816 1683 919 1723 non
966 1665 1165 1722 debere
1208 1659 1497 1718 contemni.
1530 1654 1825 1712 Videndum
1858 1652 2016 1708 etiam
2047 1664 2114 1705 ne

530 1763 664 1817 forte
694 1759 766 1814 ibi
790 1756 1015 1813 voluerit
1059 1756 1199 1809 Deus
1242 1752 1308 1806 ab
1336 1749 1630 1818 alienigena
1665 1741 1937 1798 admoneri
1968 1739 2115 1811 Moy-

530 1834 646 1919 Sen,
677 1849 765 1905 ubi
815 1856 869 1903 et
905 1847 1077 1916 ipsum
1118 1850 1302 1912 posset
1332 1849 1535 1895 tentare
1573 1834 1820 1906 superbia
1850 1850 1862 1886 :
1896 1829 2116 1885 sedebat

531 1945 671 2000 enim
726 1939 1002 2013 judiciaria
1044 1935 1364 1992 sublimitate
1407 1932 1573 1995 solus,
1625 1928 1873 2004 upiverso
1922 1922 2117 1994 populo

531 2043 720 2089 stante.
754 2032 889 2087 Nam
914 2030 1054 2084 hunc
1080 2041 1295 2082 sensum
1346 2023 1559 2086 indicat,
1605 2035 1725 2075 cum
1775 2018 1889 2087 ipse
1929 2015 2117 2071 Jothor

533 2140 627 2180 eos
655 2122 774 2191 eligi
801 2121 961 2192 jussit
985 2119 1050 2173 ad
1074 2113 1390 2188 judicandas
1413 2125 1598 2166 causas
1620 2107 1817 2180 populi,
1857 2103 1946 2176 qui
1976 2104 2120 2159 odis-

533 2224 652 2271 sent
677 2213 1001 2283 superbiam.
1033 2207 1234 2265 Deinde
1265 2221 1423 2277 quam
1452 2204 1518 2257 sit
1546 2198 1944 2281 (observandum
1976 2193 2115 2267 quod

534 2307 658 2362 alibi
698 2302 971 2372 Scriptura
1000 2298 1149 2364 dicit,
1175 2296 1301 2359 Fili,
1338 2310 1399 2348 ne
1437 2293 1489 2347 in
1516 2290 1686 2344 multis
1711 2290 1809 2344 sint
1835 2297 1978 2341 actus
2022 2285 2114 2339 tui.

535 2392 721 2463 (Eccli.
769 2409 846 2459 xi,
890 2391 1000 2463 I0);
1032 2390 1162 2446 satis
1204 2395 1258 2442 et
1302 2385 1391 2440 hic
1435 2391 1671 2455 apparet.
1717 2377 1917 2434 Deinde
1958 2376 2118 2431 verba

531 2480 720 2541 Jothor
762 2484 937 2539 dantis
979 2480 1260 2537 consilium
1308 2477 1473 2548 Moysi
1516 2471 1896 2529 consideranda
1948 2478 2116 2524 sunt:

531 2576 660 2630 dicit
698 2576 862 2638 enim,
910 2572 1062 2627 Nunc
1108 2572 1278 2643 itaque
1316 2567 1436 2621 audi
1472 2582 1568 2631 me,
1609 2572 1655 2618 et
1691 2563 1956 2618 consilium
1988 2560 2118 2615 dabo

530 2656 643 2733 tibi,
675 2676 720 2720 et
764 2666 856 2720 erit
900 2664 1038 2719 Deus
1067 2672 1243 2716 tecum.
1284 2659 1379 2715 Ubi
1419 2656 1548 2712 mihi
1580 2654 1787 2712 videtur
1810 2653 2113 2724 signiﬁcari,

534 2758 692 2812 nimis
741 2757 1000 2811 intentum
1049 2751 1294 2807 humanis
1334 2748 1629 2804 actionibus
1679 2746 1952 2812 animum,
2008 2744 2118 2799 Deo

528 2844 927 2918 quodammodo
967 2843 1203 2908 vacuari,
1248 2854 1352 2912 quo
1394 2839 1454 2894 ﬁt
1491 2846 1635 2893 tanto
1665 2836 1889 2907 plenior,
1919 2843 2118 2906 quanto

532 2926 590 2994 in
615 2953 845 3008 superna
874 2945 1034 3007 atque
1063 2943 1260 2988 aeterna
1288 2930 1503 2987 liberius
1523 2928 1843 2984 extenditur.

529 3106 539 3113 θ
607 3036 792 3092 LXIX.
846 3034 943 3109 [11).
971 3050 1118 3098 xvnt,
1173 3032 1262 3099 I9,
1300 3028 1415 3102 20.]
1454 3022 1604 3095 Quod
1632 3043 1757 3082 vero
1791 3025 2028 3097 adjungit
2064 3032 2119 3079 et

530 3128 679 3195 dicit,
714 3126 836 3180 Esto
880 3135 933 3178 tu
973 3123 1160 3196 populo
1200 3137 1312 3194 qua:
1352 3119 1419 3173 ad
1452 3119 1633 3184 Deum,
1667 3126 1712 3171 et
1741 3119 1927 3186 referes
1970 3115 2118 3170 verba

536 3235 707 3273 eorum
756 3216 823 3271 ad
866 3215 1028 3270 Deum
1058 3230 1077 3269 :
1103 3224 1148 3269 et
1191 3212 1446 3267 testaberis
1491 3211 1595 3265 illis
1634 3217 1888 3281 prtecepta
1926 3207 2023 3262 Dei
2069 3216 2117 3263 et

537 3312 696 3380 legem
720 3309 861 3379 ejus;
885 3298 933 3362 et
961 3304 1325 3360 demonstrabis
1361 3304 1464 3357 illis
1505 3303 1610 3357 vias
1650 3301 1705 3355 in
1736 3299 1916 3373 quibus
1939 3299 2116 3354 ambu-

537 3400 709 3455 labant
750 3399 805 3452 in
845 3398 936 3465 eis,
968 3405 1014 3451 et
1053 3411 1206 3465 opera
1246 3409 1358 3465 qua:
1381 3393 1599 3463 facient;
1637 3406 1758 3445 cum
1781 3389 1972 3460 p0pulo
1994 3388 2115 3443 uni-

534 3504 691 3545 verso
716 3488 832 3542 haec
871 3485 1073 3558 agenda
1117 3499 1237 3539 esse
1280 3482 1626 3538 demonstrat.
1674 3479 1790 3535 Non
1832 3479 1972 3534 enim
2010 3482 2113 3546 ait,

534 3579 962 3649 Uniuscujusque
1009 3576 1168 3631 verba
1212 3571 1414 3629 referes
1460 3571 1526 3626 ad
1566 3571 1733 3626 Deum
1761 3612 1775 3636 ,
1830 3569 1923 3627 sed
1967 3570 2117 3625 verba

535 3689 728 3737 eorum,
762 3687 881 3726 cum
918 3682 1078 3738 supra
1124 3666 1363 3728 dixisset,
1408 3661 1531 3717 Esto
1569 3671 1625 3716 tu
1666 3660 1853 3733 papula
1894 3677 2007 3733 qua:
2048 3661 2118 3715 ad

542 3763 700 3817 Deum
719 3768 853 3816 sunt.
884 3759 1011 3814 Post
1039 3756 1152 3812 haec
1172 3755 1421 3809 admonet
1443 3768 1510 3808 ne
1537 3753 1859 3823 singulorum
1883 3752 2112 3822 negotia,

536 3870 654 3924 qua:
684 3853 820 3907 inter
853 3866 911 3906 se
950 3850 1163 3915 habent,
1193 3846 1523 3909 deserantur,
1556 3844 1736 3900 electis
1758 3843 1999 3898 videlicet
2024 3859 2118 3913 p0—

538 3944 771 4001 tentibus
802 3943 928 3998 viris
963 3942 1129 4001 Deum
1159 3937 1473 4002 colentibus,
1506 3933 1682 4005 justis,
1711 3942 1764 3988 et
1790 3934 1878 4004 qui
1908 3932 2118 3990 oderint

536 4025 863 4107 Superbiam,
903 4048 1036 4105 quos
1072 4031 1354 4087 constituat
1379 4042 1538 4096 super
1577 4024 2002 4091 millenos,'alios
2028 4040 2116 4079 su-

532 4144 632 4199 per
664 4134 943 4190 eentenos,
978 4124 1112 4177 alios
1154 4135 1315 4191 super
1342 4118 1760 4188 quinquagenos,
1790 4116 1924 4172 alios
1957 4132 2118 4187 super

538 4220 724 4276 denos.
775 4217 864 4273 Sic
906 4200 1055 4271 et‘ab
1083 4213 1198 4283 ipso
1225 4211 1404 4282 Moyse
1428 4207 1654 4263 removit
1675 4222 1862 4277 graves
1895 4215 1949 4263 et
1972 4208 2116 4278 peri-

537 4310 748 4365 culosas
771 4307 1166 4377 occupationes,
1207 4316 1305 4356 nec
1334 4301 1465 4356 istos
1496 4299 1751 4370 gravavit.
1770 4298 2117 4370 Quandoqui-

538 4401 659 4456 dem
702 4399 802 4470 ipsi
850 4396 992 4451 mille
1034 4394 1293 4449 haberent
1317 4406 1477 4447 unum
1512 4404 1673 4460 super
1704 4406 1779 4455 se,
1814 4400 1868 4446 et
1902 4391 2002 4447 sub
2027 4392 2117 4446 illo

538 4491 792 4545 haberent
829 4487 962 4543 alios
991 4484 1202 4548 decem,
1234 4490 1288 4536 et
1316 4481 1414 4535 sub
1443 4479 1519 4535 eis
1545 4481 1676 4535 alios
1697 4481 1899 4552 viginti,
1940 4489 1994 4536 et
2018 4481 2118 4536 sub

536 4583 621 4638 his
645 4581 777 4636 alios
805 4586 1040 4644 centum,
1066 4588 1123 4631 ut
1157 4575 1241 4630 vix
1284 4573 1480 4644 aliquid
1519 4573 1585 4628 ad
1610 4575 1842 4645 singulos
1880 4590 2118 4645 quosque

536 4671 853 4742 prmpositns
896 4666 1217 4739 perveniret,
1257 4664 1398 4735 quod
1438 4663 1676 4735 judicare
1714 4679 1931 4720 necesse
1956 4664 2119 4720 babe-

535 4770 677 4817 rent.
731 4759 1030 4813 Insinuatur
1075 4755 1162 4810 hic
1211 4756 1369 4811 etiam
1417 4754 1728 4810 humilitatis
1774 4757 2113 4826 exemplum,

537 4850 677 4922 quod
707 4848 936 4923 Moyses,
967 4862 1088 4903 cum
1125 4862 1230 4917 quo
1258 4845 1574 4915 loquebatur
1616 4845 1778 4911 Deus,
1823 4863 1931 4901 non
1966 4846 2115 4901 fasti-

536 4943 687 5007 divit,
719 4956 889 5010 neque
922 4937 1243 5007 contempsit
1280 4936 1591 5007 alienigena:
1627 4937 1799 4992 soceri
1832 4938 1913 4992 sui
1942 4938 2115 4993 consi-

536 5032 686 5088 lium.
712 5031 1022 5101 Quanquam
1061 5037 1115 5084 et
1154 5028 1269 5098 ipse
1313 5026 1522 5094 Jolhor,
1573 5042 1693 5082 cum
1738 5026 1969 5083 Israelita
2009 5045 2115 5085 non

536 5126 743 5188 fuisset,
774 5132 949 5177 utrum
978 5121 1118 5175 inter
1155 5119 1295 5174 viros
1320 5118 1487 5174 Deum
1524 5133 1706 5172 verum
1746 5118 1979 5174 colentes
2003 5120 2119 5175 reli~

536 5198 789 5289 gioseque
825 5215 1091 5284 sapientes
1128 5209 1400 5266 habendus
1438 5210 1526 5273 sit,
1570 5209 2012 5280 quemadmodum
2060 5220 2117 5268 et

537 5308 658 5374 Job,
688 5321 809 5362 cum
838 5320 904 5359 ex
947 5304 1061 5372 ipso
1090 5301 1287 5372 p0pulo
1331 5314 1436 5355 non
1465 5298 1671 5367 fuisset,
1711 5301 1900 5355 merito
1925 5300 2118 5371 quaeri-

537 5409 666 5454 tur:
699 5397 807 5450 imo
854 5390 1159 5450 credibilius
1206 5390 1448 5445 habetur.
1481 5390 1739 5461 Ambigue
1782 5392 1974 5461 quippe
2021 5407 2118 5462 po-

537 5489 634 5542 sita
662 5494 784 5541 sunt
812 5484 994 5545 verba,
1026 5482 1110 5535 vel
1141 5489 1315 5536 utrum
1350 5479 1726 5537 sacriﬁcaverit
1768 5482 1879 5536 Deo
1913 5498 2035 5537 vero
2063 5484 2114 5539 in

539 5577 735 5651 populo
764 5577 906 5645 ejus,
938 5571 1150 5643 quando
1177 5571 1305 5627 vidit
1341 5587 1591 5642 generum
1621 5587 1799 5641 suum,
1831 5574 1911 5628 vel
1942 5583 2115 5631 utrum

444 5652 449 5657 ’
537 5680 663 5722 enim
706 5664 1006 5720 adoraverit
1046 5663 1158 5733 ipse
1187 5662 1395 5735 Moyses
1426 5681 1441 5718 :
1469 5678 1769 5734 quanquam
1812 5663 1880 5720 de
1927 5666 2117 5723 adora-

536 5768 683 5814 tione
722 5758 885 5814 etiam
927 5756 973 5811 si
1016 5769 1263 5827 expresse
1301 5756 1530 5826 positum
1561 5765 1722 5825 esset,
1750 5757 1923 5814 honor
1964 5759 2112 5817 vide-

1284 364 1743 443 QUIESTIONUM
1782 361 1838 417 S.
1880 358 2237 417 AUGUSTINE
2279 358 2344 416 IN
2380 358 2934 418 HEPTATEUCHUM

3704 358 3806 416 026

2225 479 2371 526 retur
2396 484 2584 527 socero
2612 471 2869 538 redditus,
2900 485 2966 526 eo
3007 470 3165 527 modo
3205 484 3312 541 quo
3340 473 3475 529 solet
3502 472 3807 534 hominibus

2224 562 2642 620 honoriﬁcentia:
2687 579 2845 620 causa
2883 564 3124 621 exhiberi
3163 579 3195 619 a
3236 565 3514 633 Patribus;
3560 566 3698 623 sicut
3740 569 3808 626 de

2223 654 2491 709 Abraham
2535 654 2796 725 scriptum
2838 664 2940 722 est,
2969 655 3109 726 quod
3149 654 3451 712 adoravcrit
3491 656 3630 714 ﬁlios
3674 657 3809 716 Chet

2225 743 2377 813 (Cen.
2421 761 2573 812 xxm,
2617 745 2694 818 7).
2737 745 2881 814 Quos
2908 755 3085 803 autem
3128 746 3267 803 dicat
3293 768 3807 819 γραμματοεισαγωγιις

2220 845 2343 907 post
2363 837 2698 904 decuriones,
2731 854 2837 893 non
2868 838 3020 895 facile
3046 840 3169 895 sciri
3197 850 3401 910 potest;
3434 845 3683 913 quoniam
3712 844 3810 901 hoc

2223 943 2416 982 nomen
2443 944 2496 983 in
2517 929 2663 983 nullo
2703 946 2802 984 usu
2826 928 3104 998 habemus,
3133 931 3213 986 vel
3241 932 3561 1003 ofﬁciorum,
3586 934 3674 990 vel
3698 950 3809 990 ma-

2221 1020 2579 1090 gisteriorum.
2610 1021 2742 1077 Nam
2774 1022 2987 1093 quidam
3018 1023 3245 1079 doctores
3293 1023 3621 1095 interpretati
3650 1038 3808 1095 sunt,

2222 1124 2283 1169 ut
2308 1115 2664 1186 intelligantur
2707 1116 2889 1187 utique
2932 1116 3249 1184 litterarum,
3276 1119 3363 1189 qui
3391 1118 3729 1176 introducunt
3757 1122 3808 1177 in

2223 1204 2604 1273 Iitteras.sicnt
2642 1216 2863 1263 resonat
2900 1224 3136 1280 graecum
3176 1211 3516 1268 vocabulum.
3558 1212 3655 1268 1110
3680 1230 3811 1271 sane

2223 1296 2550 1367 signiﬁcatur
2590 1298 2730 1369 quod
2758 1307 2883 1355 ante
2928 1299 3124 1370 Legem
3168 1299 3345 1356 datam
3388 1300 3673 1358 habuerint
3709 1303 3813 1360 IIe-

2221 1387 2351 1443 1)νωί
2402 1388 2604 1445 litteras
2647 1407 2660 1443 :
2714 1405 2835 1460 qua:
2873 1389 3086 1461 quando
3127 1394 3392 1461 emperint
3434 1407 3577 1461 esse,
3630 1395 3813 1451 nescio

2222 1488 2398 1535 utrum
2449 1479 2620 1535 valeat
2667 1480 2922 1552 indagari.
2977 1479 3259 1535 Nonnullis
3315 1481 3459 1537 enim
3515 1482 3727 1539 videtur
3778 1499 3810 1539 a

2220 1570 2409 1639 primis
2437 1568 2740 1625 hominibus
2782 1586 2875 1626 eas
2912 1571 3161 1642 cmpisse,
3188 1579 3245 1627 et
3285 1570 3567 1642 perductas
3593 1587 3715 1630 esse
3738 1573 3812 1630 ad

2219 1661 2353 1731 Noe,
2379 1671 2536 1733 atque
2576 1661 2699 1719 inde
2740 1662 2806 1718 ad
2833 1673 3080 1733 parentes
3108 1662 3361 1732 Abrahai,
3388 1671 3443 1720 et
3471 1662 3597 1720 inde
3619 1664 3687 1720 ad
3716 1679 3814 1736 po-

2221 1754 2401 1824 pulum
2428 1753 2588 1808 Israel
2622 1772 2635 1808 :
2661 1753 2754 1808 sed
2776 1753 2920 1808 unde
2948 1754 3047 1810 hoc
3073 1754 3286 1824 probari
3304 1754 3504 1825 possit,
3526 1755 3734 1827 ignoro.

2292 1841 2455 1899 LXX.
2498 1841 2597 1916 [11).
2626 1858 2742 1907 xxx,
2794 1840 2966 1915 1-11.]
2998 1843 3187 1899 Mensis
3211 1853 3377 1898 autem
3406 1844 3541 1899 tertii
3563 1846 3727 1900 avitus
3746 1846 3812 1916 ﬁ-

2223 1933 2405 1989 liorum
2445 1933 2611 1989 Israel
2635 1936 2697 1988 de
2723 1944 2857 1988 terra
2884 1933 3103 2007 Egypti
3132 1935 3227 1989 hac
3252 1934 3334 1990 die
3356 1944 3595 1990 venerunt
3611 1936 3666 1991 in
3697 1954 3815 1993 crc—

2222 2043 2358 2080 mum
2386 2026 2535 2091 Sina,
2562 2035 2608 2080 et
2637 2026 2851 2097 profecti
2886 2035 3001 2080 sunt
3020 2042 3085 2081 ea:
3119 2026 3400 2097 liaphidin,
3428 2035 3475 2082 et
3498 2039 3735 2083 venerunt
3758 2030 3814 2083 in

2222 2134 2441 2171 creatum
2471 2116 2619 2184 Sina,
2649 2126 2699 2170 et
2718 2117 2962 2189 applicuit
2999 2115 3168 2171 Israel
3191 2117 3261 2172 ibi
3288 2128 3466 2173 contra
3484 2130 3737 2188 montem,
3763 2130 3817 2174 et

2223 2206 2427 2279 Moyses
2464 2207 2686 2262 ascendit
2711 2207 2764 2261 in
2792 2215 3006 2262 montem
3033 2206 3150 2274 Dei,
3179 2218 3226 2263 et
3253 2210 3445 2265 vocavit
3464 2227 3581 2265 cum
3627 2209 3817 2265 Domi-

2222 2316 2315 2353 nus
2339 2299 2402 2353 de
2419 2310 2582 2353 monte
2606 2300 2798 2367 dicens,
2829 2298 2955 2354 Hac
2986 2300 3121 2371 dices
3166 2300 3342 2355 domui
3373 2299 3559 2371 Iacob,
3599 2312 3648 2357 et
3674 2321 3816 2357 nuu-

2222 2392 2368 2445 tiabis
2392 2392 2515 2462 [iliis
2539 2390 2726 2459 Israel,
2751 2402 2806 2447 et
2831 2400 3044 2448 cmtera.
3072 2393 3273 2450 Deinde
3311 2394 3472 2465 paulo
3500 2405 3621 2466 post
3656 2413 3671 2450 :
3706 2395 3820 2451 De-

2221 2482 2418 2548 scende,
2445 2491 2492 2536 et
2516 2491 2695 2537 testare
2719 2482 2929 2554 populo,
2953 2490 3001 2537 et
3022 2483 3238 2554 puriﬁca
3260 2484 3379 2540 illos
3405 2485 3559 2542 hodie
3584 2497 3634 2543 et
3663 2503 3817 2554 cras,

2221 2581 2270 2627 et
2315 2572 2477 2626 lavent
2524 2572 2833 2641 vestimenta,
2875 2582 2920 2627 et
2965 2573 3069 2627 sint
3109 2575 3276 2645 parati
3315 2575 3367 2630 in
3415 2575 3552 2631 diem
3585 2577 3815 2634 tertium.

2220 2661 2394 2718 Tertia
2438 2663 2571 2717 enim
2619 2663 2701 2716 die
2738 2660 3002 2717 descendet
3044 2662 3294 2720 Dominus
3318 2665 3637 2724 immontem
3679 2666 3819 2723 Sina

2220 2771 2389 2809 coram
2416 2755 2553 2809 omni
2590 2754 2796 2827 populo.
2835 2754 2947 2809 Hoc
2983 2754 3069 2811 die
3094 2757 3356 2826 reperitur
3380 2755 3503 2812 data
3532 2755 3660 2822 Lex,
3689 2774 3818 2830 quae

2221 2850 2274 2903 in
2307 2847 2498 2904 tabulis
2526 2846 2747 2917 lapideis
2772 2848 2968 2918 scripta
2997 2854 3079 2903 est
3118 2848 3284 2920 digito
3313 2849 3430 2916 Dei,
3458 2850 3596 2905 sicut
3621 2865 3821 2907 conse-

2220 2938 2432 3010 quentia
2472 2938 2667 2993 docent
2704 2937 2893 3009 (Exod.
2922 2954 3071 3005 xxxi,
3098 2937 3208 3010 I8).
3231 2938 3356 2994 Dies
3374 2946 3550 2996 autem
3574 2920 3675 2996 iste
3701 2948 3818 2997 ter-

2221 3029 2325 3084 tius
2349 3036 2569 3099 apparet
2607 3027 2747 3082 tertii
2777 3028 2976 3084 mensis
3003 3027 3071 3084 ab
3094 3028 3240 3083 exitu
3278 3027 3440 3084 Israel
3467 3044 3531 3084 ex
3551 3028 3813 3102 Egypto.

2219 3118 2299 3175 Ex
2327 3118 2415 3174 die
2443 3133 2568 3188 ergo
2601 3133 2708 3188 quo
2742 3118 2944 3173 Pascha
2981 3119 3239 3183 fecerunt,
3271 3118 3323 3174 id
3353 3127 3457 3188 est,
3480 3135 3676 3192 agnum
3706 3122 3817 3176 im-

2219 3209 2550 3265 molaverunt
2598 3218 2655 3263 et
2705 3205 2968 3277 ederunt,
3016 3208 3107 3281 qui
3158 3208 3258 3265 fuit
3303 3220 3524 3282 quartus
3566 3211 3819 3270 decimus

2217 3299 2377 3372 primi
2420 3301 2619 3354 mensis
2663 3296 2773 3369 (Id.
2817 3315 2913 3366 xu,
2944 3298 3049 3371 6.),
3077 3316 3242 3372 usque
3271 3301 3340 3358 ad
3367 3301 3526 3358 istum
3552 3319 3659 3375 quo
3696 3303 3816 3361 [rex

2218 3388 2394 3459 datur,
2423 3389 2538 3445 dies
2572 3389 2949 3461 quinquaginta
2979 3401 3325 3447 numerantur
3363 3410 3379 3448 :
3428 3393 3617 3451 decem
3641 3402 3697 3451 et
3724 3410 3817 3452 se-

2220 3487 2363 3552 ptem
2388 3480 2590 3535 scilicet
2616 3480 2768 3549 primi
2795 3481 3014 3550 mensis,
3045 3482 3234 3554 reliqui
3258 3484 3328 3539 ab
3352 3484 3469 3555 ipso
3496 3481 3690 3557 quarto
3716 3487 3816 3543 de-

2219 3571 2393 3635 cimo;
2447 3570 2638 3626 deinde
2682 3586 2868 3627 omnes
2921 3572 3131 3644 triginta
3183 3575 3404 3632 secundi
3448 3578 3668 3646 mensis,
3715 3581 3815 3651 qui

2221 3663 2354 3719 ﬁunt
2391 3661 2731 3733 quadraginta
2780 3670 3013 3732 septem;
3061 3674 3115 3720 et
3165 3666 3352 3722 tertius
3396 3667 3538 3723 tertii
3580 3670 3812 3738 mensis,

2220 3754 2309 3825 qui
2335 3762 2418 3809 est
2440 3769 2468 3807 a
2498 3753 2832 3809 solemnitate
2867 3755 3028 3809 occisi
3053 3755 3173 3826 agni
3210 3757 3701 3829 quinquagesimus.
3733 3764 3816 3816 Ae

2220 3861 2316 3917 per
2342 3844 2444 3900 hoc
2472 3845 2524 3899 in
2545 3845 2645 3913 ista
2664 3845 2848 3900 umbra
2877 3844 3059 3913 futuri,
3091 3848 3382 3904 secundum
3403 3851 3524 3922 agni
3546 3851 3813 3908 immolati

2219 3935 2363 3992 diem
2392 3935 2604 4002 festum,
2635 3934 2772 3990 sicut
2815 3936 3251 4007 quinquagesimo
3275 3940 3362 3996 die
3389 3941 3497 3998 Lex
3538 3941 3659 3997 data
3697 3954 3811 4013 est,

2219 4044 2339 4101 qua:
2380 4029 2682 4098 conscripta
2724 4036 2809 4085 est
2851 4028 3014 4100 digito
3051 4030 3145 4086 Dei
3181 4049 3194 4087 :
3225 4033 3296 4087 ita
3326 4034 3379 4087 in
3425 4035 3537 4104 ipsa
3580 4036 3815 4091 veritate

2219 4121 2351 4178 Novi
2370 4121 2694 4177 Testamenti
2720 4136 2750 4175 a
2779 4121 3061 4178 festivitate
3098 4125 3219 4194 agni
3258 4123 3580 4182 immaculati
3607 4125 3812 4184 Christi

2219 4211 2346 4268 Jesu
2365 4210 2742 4282 quinquaginta
2772 4210 2887 4266 dies
2910 4224 3279 4283 numerantur,
3320 4225 3380 4271 ut
3417 4216 3645 4288 Spiritus
3683 4233 3816 4275 san-

2220 4314 2338 4359 ctus
2366 4304 2383 4336 ¹
2414 4303 2482 4359 de
2505 4302 2777 4358 altissimis
2803 4302 2957 4359 datus
2993 4314 3074 4360 est
3116 4304 3250 4379 (Act.
3297 4323 3355 4371 ιι,
3399 4309 3435 4363 2
3466 4309 3545 4381 4).
3576 4309 3811 4381 Digitum

2221 4395 2314 4449 Dei
2342 4404 2519 4448 autem
2543 4409 2662 4449 esse
2687 4393 2941 4464 Spiritum
2969 4404 3231 4464 sanctum,
3263 4406 3316 4452 et
3336 4413 3496 4471 supra
3533 4399 3644 4471 jam
3670 4401 3814 4457 dixi-

2221 4498 2340 4538 mus
2366 4492 2501 4539 teste
2525 4484 2811 4554 Evangelia
2840 4484 3055 4558 (Supra,
3084 4497 3261 4556 quiest.
3286 4487 3402 4561 25).

2291 4572 2475 4628 LXXI.
2520 4572 2623 4646 [1b.
2653 4589 2743 4640 xx,
2784 4573 2958 4648 1-17.]
3001 4576 3285 4643 Quaeritur,
3325 4578 3512 4636 decem
3538 4592 3812 4653 prmcepta

2220 4663 2378 4734 Legis
2404 4662 2847 4731 quemadmodum
2884 4665 3163 4721 dividenda
3185 4668 3289 4723 sint
3318 4685 3332 4723 :
3356 4676 3537 4725 utrum
3579 4682 3815 4741 quatuor

2220 4753 2329 4810 sint
2350 4768 2517 4824 usque
2542 4753 2621 4807 ad
2663 4763 2984 4825 prieceptum
3010 4756 3078 4812 de
3102 4757 3343 4833 sabbato,
3373 4775 3496 4830 qum
3531 4761 3598 4817 ad
3629 4761 3811 4832 ipsum

2224 4848 2388 4902 Deum
2417 4848 2718 4917 pertinent;
2751 4861 2844 4901 sex
2861 4856 3037 4903 autem
3067 4849 3290 4921 reliqua,
3317 4867 3545 4923 quorum
3575 4854 3809 4924 primum

2220 4949 2321 5005 est,
2347 4937 2557 4993 Honora
2584 4948 2777 5008 patrem
2812 4948 2860 4994 et
2887 4949 3116 5009 matrem,
3149 4959 3266 5012 quae
3289 4944 3356 4999 ad
3386 4944 3654 5000 hominem
3688 4962 3812 5016 per-

2220 5032 2430 5086 tinent:
2458 5046 2527 5085 an
2552 5031 2725 5100 potius
2763 5032 2848 5086 illa
2890 5034 2988 5087 tria
3038 5035 3164 5101 sint,
3211 5046 3265 5091 et
3293 5036 3394 5092 ista
3431 5046 3656 5108 septem.
3703 5039 3809 5106 Qui

2221 5122 2363 5177 enim
2399 5121 2581 5176 dicunt
2608 5121 2693 5175 illa
2721 5131 2945 5191 quatuor
2972 5138 3111 5190 esse,
3139 5136 3391 5195 separant
3428 5129 3571 5200 quod
3603 5129 3808 5185 dictum

2221 5222 2321 5280 cst,
2352 5210 2476 5265 Non
2502 5222 2644 5265 erunt
2674 5213 2762 5266 tibi
2790 5214 2861 5266 dii
2884 5214 2976 5268 alii
3016 5226 3197 5286 preter
3237 5234 3348 5282 me;
3390 5227 3449 5273 ut
3490 5219 3632 5275 aliud
3661 5236 3806 5293 prie-

2220 5312 2430 5371 ceptum
2460 5302 2547 5367 sit,
2578 5301 2699 5355 Non
2737 5303 2891 5372 [acies
2918 5304 3005 5358 tibi
3046 5305 3263 5373 idolum,
3291 5316 3396 5363 etc.
3436 5310 3525 5365 ubi
3554 5312 3808 5382 figmenta

2220 5394 2440 5450 colenda
2483 5392 2846 5464 prohibentur.
2877 5394 3049 5451 Unum
3076 5407 3256 5454 autem
3286 5401 3470 5455 volunt
3495 5416 3634 5467 esse,
3684 5403 3808 5459 Non

2221 5484 2536 5556 concupisces
2560 5494 2766 5539 uxorem
2807 5486 3023 5554 proximi
3066 5489 3161 5556 tui,
3204 5489 3326 5545 Non
3370 5495 3690 5565 concupisces
3712 5495 3808 5551 do-

2231 5579 2241 5589 ”
2285 5591 2468 5664 Haec!
2489 5598 2567 5642 εν·
2596 5600 2709 5664 ιον·
2737 5593 2963 5664 hebetet.
2981 5598 3173 5664 quando
3190 5599 3392 5664 ερίνῑειιε
3407 5608 3617 5653 mm.
3641 5609 3805 5653 Nm

2219 5652 2398 5728 melius
2418 5654 2687 5728 legeretur,
2711 5661 2757 5705 et
2777 5654 2802 5705 ?
2824 5652 3027 5728 Fulcitur
3044 5659 3150 5728 haec
3174 5652 3336 5728 nostra
3351 5652 3807 5728 conjectura‘altro

2220 5720 2265 5786 ξ.
2295 5716 2540 5778 Augustini
2566 5716 2687 5778 loco,
2714 5731 2895 5782 nempe
2917 5716 3070 5771 Serm.
3093 5722 3144 5784 8,
3167 5738 3215 5780 n.
3247 5724 3322 5786 l3,
3364 5716 3455 5789 I4;
3487 5727 3538 5777 in
3581 5740 3677 5791 quo
3698 5728 3807 5781 hac

2224 5787 2326 5826 lusa
2341 5784 2647 5827 repetuntur.
2704 5785 2760 5827 at.
3040 5820 3043 5825 .
