4094 6508
329 423 437 480 ³621

343 555 482 592 mum
509 535 728 608 proximi
754 534 846 601 tui,
875 540 928 590 et
955 521 1324 601 omnia'usque
1349 528 1400 583 in
1447 527 1624 581 tinem.
1669 525 1766 593 Qui
1803 537 1929 578 vero

338 631 436 686 illa
485 631 586 686 tria
636 643 757 684 esse
795 627 996 691 dicunt,
1028 633 1083 679 ct
1132 624 1232 679 ista
1279 631 1504 692 septem,
1552 635 1713 674 unum
1749 617 1933 672 volunt

341 737 487 789 esse,
532 718 785 792 quidquid
825 718 892 773 de
933 731 1038 771 uno
1080 713 1306 770 colendo
1350 714 1458 767 Deo
1496 710 1819 782 praecipitur,
1865 723 1934 762 ne

347 815 550 886 aliquid
578 813 722 869 aliud
765 821 959 882 praeter
1002 811 1146 862 illam
1176 822 1274 877 pro
1305 807 1412 861 Deo
1437 805 1642 859 colatur
1669 821 1680 856 :
1710 802 1823 856 haec
1842 816 1934 855 au-

349 918 457 963 tem
486 911 723 961 extrema
753 905 804 957 in
832 904 938 960 duo
963 901 1199 955 dividunt
1224 915 1238 963 ;
1273 905 1328 951 ut
1353 896 1492 950 aliud
1519 896 1620 960 sit,
1651 892 1770 947 Non
1812 909 1934 944 con-

349 1001 579 1070 cupisces
616 1013 823 1052 uxorem
861 994 1079 1064 proximi
1119 992 1210 1056 tui,
1249 989 1416 1056 aliud,
1461 985 1582 1041 Non
1620 984 1937 1053 concupisces

350 1091 561 1144 (toruum
591 1087 807 1158 proximi
835 1087 924 1140 tui.
952 1087 1143 1140 Decem
1177 1095 1351 1137 tamen
1378 1095 1498 1135 esse
1518 1086 1778 1149 prmcepta
1802 1091 1937 1132 neu-

355 1184 424 1238 tri
447 1183 743 1250 ambigunt,
766 1179 1014 1249 quoniam
1039 1177 1138 1231 hoc
1163 1175 1430 1244 Scriptura
1451 1181 1689 1228 testatur.

425 1273 554 1327 Mihi
598 1282 771 1326 tamen
814 1269 1022 1323 videtur
1055 1266 1437 1337 congruentius
1481 1263 1646 1332 accipi
1689 1261 1784 1316 tria
1831 1261 1936 1328 illa,

354 1373 410 1418 et
439 1363 540 1417 ista
582 1371 808 1431 septem,
849 1359 978 1428 quia
1011 1366 1065 1414 et
1090 1355 1401 1411 Trinitatem
1436 1354 1681 1408 videntur
1706 1353 1789 1406 illa
1821 1366 1941 1421 qua:

356 1454 422 1508 ad
469 1453 634 1506 Deum
674 1452 946 1523 pertinent
980 1449 1250 1504 insinuare
1277 1446 1576 1516 diligentius
1598 1445 1939 1500 intuentibus.

359 1546 425 1599 Et
447 1560 636 1600 revera
663 1543 803 1614 quod
822 1543 1019 1598 dictum
1037 1549 1142 1608 est,
1172 1538 1292 1594 Non
1316 1548 1460 1593 erunt
1491 1539 1577 1592 tibi
1599 1537 1671 1590 dii
1691 1537 1781 1591 alii
1809 1552 1938 1605 prce-

357 1645 430 1688 εει·
454 1651 556 1700 me,
593 1635 694 1689 hoc
721 1634 892 1704 ipsum
923 1631 1207 1703 perfectius
1250 1631 1544 1701 explicatur
1593 1644 1712 1682 cum
1756 1627 1941 1698 prohi-

359 1725 556 1779 bentur
579 1723 800 1780 colenda
833 1724 1100 1794 figmenta.
1143 1720 1578 1790 Concupiscentia
1611 1734 1770 1790 porro
1812 1734 1944 1773 uxo-

355 1816 434 1868 ris
463 1816 672 1881 alienae,
714 1825 768 1869 et
804 1814 1226 1883 concupiscentia
1271 1812 1460 1866 domus
1504 1812 1710 1878 alienae,
1741 1819 1942 1865 tantum

354 1907 412 1958 in
443 1906 716 1974 peccando
762 1904 1030 1971 differunt,
1075 1912 1133 1959 ut
1162 1905 1234 1958 illi
1273 1903 1412 1974 quod
1443 1902 1638 1957 dictum
1671 1910 1771 1969 est,
1822 1900 1945 1955 Non

352 1997 682 2067 concupisces
707 1997 910 2051 domum
937 1996 1156 2067 proximi
1183 1995 1275 2061 tui,
1314 1994 1564 2064 adjuncta
1603 1993 1711 2049 sint
1751 2000 1804 2048 et
1842 1993 1944 2047 alia

358 2086 576 2142 dicente
616 2087 906 2157 Scriptura,
954 2104 1112 2158 neque
1152 2103 1330 2158 agrum
1364 2087 1508 2157 ejus,
1550 2101 1705 2158 neque
1749 2101 1946 2140 servum

361 2180 496 2250 ejus,
536 2195 694 2249 neque
731 2178 968 2233 ancillam
1014 2179 1144 2248 ejus,
1199 2193 1360 2248 neque
1407 2177 1577 2231 bovem
1620 2178 1746 2248 ejus,
1791 2192 1946 2246 neque

355 2269 631 2342 subjugalc
651 2270 783 2340 ejus,
813 2285 972 2338 neque
995 2280 1141 2322 omne
1168 2285 1317 2338 pecus
1341 2269 1472 2337 ejus,
1514 2283 1670 2338 neque
1695 2281 1946 2337 quaecum-

358 2377 458 2430 que
499 2360 718 2432 proximi
753 2361 826 2414 tui
857 2368 990 2415 sunt.
1021 2359 1344 2415 Discrevisse
1382 2368 1558 2414 autem
1596 2359 1804 2413 videtur
1827 2373 1947 2412 eon-

359 2450 747 2518 cupiscentiam
797 2449 978 2504 uxoris
1025 2449 1264 2504 alienaaa
1301 2448 1725 2518 concupiscentia
1769 2448 1947 2517 cujus-

361 2542 498 2596 libet
547 2541 624 2597 rei
670 2541 875 2607 alienae,
918 2523 1132 2610 quando
1169 2548 1450 2611 utrumque
1495 2539 1574 2594 sic
1611 2539 1792 2608 coepit,
1825 2539 1946 2592 Non

361 2632 685 2702 concupisces
745 2647 951 2685 uxorem
1007 2631 1222 2700 proximi
1286 2631 1381 2698 tui,
1439 2629 1563 2684 Non
1628 2631 1946 2700 concupisces

360 2723 578 2776 domum
619 2723 836 2792 proximi
891 2722 983 2789 tui,
1036 2731 1090 2777 et
1132 2722 1257 2776 huic
1307 2723 1470 2791 etrapit
1520 2731 1712 2776 caetera
1759 2721 1946 2790 adjun-

359 2828 512 2883 gere.
565 2812 684 2868 Non
731 2823 908 2868 autem
966 2829 1090 2866 cum
1148 2813 1390 2876 dixisset,
1453 2811 1577 2866 Non
1629 2813 1947 2882 concupisces

360 2919 576 2957 umorem
606 2903 824 2974 proximi
869 2904 963 2966 tui,
993 2901 1114 2958 huic
1141 2903 1428 2958 connexuit
1473 2904 1573 2958 alia
1623 2904 1823 2970 dicens,
1853 2918 1948 2956 ne~

360 3010 469 3065 que
493 2995 712 3050 domum
759 2995 896 3065 ejus,
925 3010 1098 3066 neque
1131 3010 1320 3065 agrum
1355 2995 1491 3065 ejus,
1525 3011 1695 3065 neque
1735 3010 1944 3049 servum

361 3089 503 3157 ejus,
536 3096 594 3143 et
619 3098 811 3144 caatera
839 3105 854 3142 :
884 3088 976 3143 sed
1008 3089 1222 3142 omnino
1249 3097 1506 3157 apparent
1533 3089 1646 3142 haec
1669 3103 1788 3143 esse
1815 3104 1945 3142 con-

361 3179 543 3248 juncta
581 3195 700 3249 qua:
725 3195 832 3234 uno
873 3188 1137 3250 pra'cepto
1178 3180 1420 3234 videntur
1447 3182 1723 3246 contineri,
1757 3189 1810 3235 ct
1833 3181 1945 3235 dis-

361 3277 510 3324 creta
548 3269 737 3325 abillo
769 3269 858 3324 ubi
905 3285 1039 3324 uxor
1059 3270 1326 3324 nominata
1365 3278 1465 3323 est.
1496 3268 1627 3324 lllud
1655 3281 1829 3325 autem
1859 3270 1946 3324 ubi

363 3361 566 3415 dictttm
594 3370 696 3428 εει,
725 3359 847 3415 Non
884 3370 1029 3414 erunt
1067 3362 1156 3414 tibi
1180 3361 1254 3414 dii
1279 3361 1369 3414 alii
1391 3371 1572 3432 praeter
1598 3377 1694 3424 me,
1729 3370 1948 3430 apparet

365 3452 528 3522 hujus
551 3454 628 3507 rei
655 3451 1040 3523 diligentiorem
1069 3454 1462 3507 exsecutionem
1492 3467 1610 3507 esse
1641 3454 1690 3506 in
1733 3453 1796 3506 iis
1830 3468 1947 3522 qua:

361 3543 603 3613 subjecta
625 3552 766 3598 sunt.
791 3543 905 3612 Quo
925 3545 1065 3599 enim
1097 3546 1342 3614 pertinet,
1369 3543 1489 3598 Non
1532 3545 1685 3616 facies
1717 3546 1803 3598 tibi
1831 3546 1947 3599 ido-

361 3633 494 3699 lum,
519 3649 675 3697 neque
698 3634 856 3688 ullum
879 3636 1226 3701 simulacrum,
1257 3651 1577 3706 quacumque
1601 3638 1652 3690 in
1676 3638 1798 3691 casto
1833 3649 1950 3692 sunt

364 3741 591 3790 sursum,
619 3735 666 3779 et
696 3742 1015 3796 quacumque
1040 3727 1090 3779 in
1117 3737 1248 3780 terra
1280 3727 1528 3793 deorsum,
1554 3738 1601 3781 et
1633 3745 1951 3800 qitazcumque

363 3820 422 3868 in
439 3833 574 3885 aqua
588 3818 678 3872 sub
697 3827 853 3881 terra;
873 3836 974 3872 non
991 3819 1224 3874 adorabis
1240 3836 1315 3886 ea,
1334 3836 1490 3890 neque
1503 3823 1684 3876 servies
1699 3823 1820 3890 illis,
1849 3825 1947 3878 nisi

363 3906 434 3961 ad
456 3907 508 3960 id
530 3907 670 3977 quod
691 3909 884 3963 dictum
901 3921 1006 3973 est,
1031 3909 1150 3964 Non
1177 3922 1319 3964 erunt
1339 3911 1428 3965 tibi
1446 3911 1518 3965 dii
1533 3914 1624 3966 alii
1639 3924 1819 3984 printer
1839 3917 1950 3971 me?

441 3997 548 4054 Sed
583 4015 788 4055 rursum
815 4003 1071 4070 quaeritur
1092 4017 1196 4072 quo
1225 4003 1460 4070 differat,
1493 4003 1613 4059 Non
1643 4006 1831 4075 furtum
1865 4011 1962 4080 [a-

367 4091 503 4156 cies,
545 4091 617 4144 ab
653 4105 718 4145 eo
759 4091 899 4162 quod
942 4095 1097 4161 paulo
1135 4101 1255 4162 post
1295 4093 1362 4148 de
1388 4111 1489 4149 non
1517 4098 1950 4167 concupiscentiis

369 4183 602 4254 proximi
625 4184 784 4239 rebus
804 4186 1125 4255 prmcipitur.
1149 4185 1263 4240 Non
1290 4187 1498 4257 quidem
1525 4189 1698 4244 omnis
1725 4192 1812 4260 qui
1835 4206 1950 4246 rem

369 4276 603 4343 proximi
642 4276 724 4330 sui
760 4277 1120 4346 concupiscit,
1150 4274 1353 4333 iuraﬂtr
1387 4297 1399 4333 :
1430 4280 1523 4334 sed
1564 4281 1606 4335 si
1652 4283 1824 4337 omnis
1859 4284 1950 4353 qui

366 4367 599 4432 furatur,
616 4382 725 4421 rem
751 4368 973 4436 proximi
1002 4370 1348 4440 concupiscit,
1368 4381 1574 4439 poterat
1603 4372 1652 4426 in
1678 4373 1763 4428 illa
1785 4389 1948 4444 gene-

367 4456 615 4523 ralitate,
644 4456 731 4511 ubi
763 4457 830 4512 de
856 4474 958 4511 non
982 4459 1397 4528 concupiscenda
1425 4477 1482 4515 re
1510 4463 1732 4531 proximi
1759 4464 1949 4533 prwci-

367 4545 536 4614 pitur,
568 4547 726 4601 etiam
756 4548 884 4602 illud
915 4548 1055 4618 quod
1084 4551 1150 4604 ad
1178 4550 1372 4604 furtum
1401 4556 1630 4620 pertinet
1663 4553 1945 4610 contineri.

363 4633 629 4689 Similiter
669 4637 830 4691 etiam
874 4640 1149 4707 qumritur,
1194 4656 1298 4710 quo
1339 4641 1546 4696 diiferat
1573 4644 1713 4713 quod
1751 4645 1947 4700 dictum

367 4733 474 4786 cst,
515 4723 636 4780 Non
674 4727 1015 4796 rnwchabais,
1045 4731 1112 4784 ab
1141 4745 1206 4786 eo
1233 4732 1372 4800 quod
1403 4735 1556 4802 paulo
1584 4744 1703 4803 post
1732 4736 1945 4803 dicitur,

367 4813 497 4869 Non
517 4818 834 4888 concupisces
855 4836 1058 4874 uxorem
1080 4823 1296 4890 proximi
1316 4823 1405 4876 tui.
1428 4824 1482 4877 In
1505 4840 1569 4879 eo
1588 4827 1782 4895 quippe
1807 4828 1948 4896 quod

361 4905 570 4960 dictum
597 4921 698 4974 εει,
724 4907 846 4963 Non
867 4911 1208 4978 mwchabeiis,
1232 4923 1439 4983 poterat
1463 4922 1520 4969 et
1546 4916 1672 4970 illud
1702 4919 1943 4989 intelligi.

362 4997 480 5054 Nisi
508 4999 647 5056 forte
673 5001 722 5054 in
752 5002 854 5056 illis
878 5003 1084 5060 duobus
1110 5009 1406 5076 praeceptis,
1433 5024 1538 5063 non
1566 5010 1867 5065 maechandi
1893 5023 1947 5068 et

364 5107 475 5147 non
522 5093 726 5148 furandi
747 5135 763 5162 ,
785 5096 896 5165 ipsa
921 5113 1078 5168 Opera
1111 5109 1288 5155 notata
1319 5112 1474 5166 sunt;
1507 5103 1557 5157 in
1585 5104 1668 5158 his
1689 5121 1818 5161 vero
1848 5122 1946 5162 ex-

365 5184 553 5238 tremis
579 5185 692 5252 ipsa
714 5189 1141 5257 concupiscentia
1171 5209 1184 5244 :
1213 5208 1331 5262 quae
1364 5203 1564 5250 tantum
1593 5197 1864 5268 differunt,
1890 5209 1947 5255 ut

351 5275 655 5355 {aliquando
696 5279 1022 5346 moechatur,
1075 5283 1161 5353 qui
1206 5300 1313 5339 non
1355 5290 1679 5359 concupiscit
1725 5309 1944 5351 uxorem

354 5367 627 5439 proximi,
677 5383 795 5423 cum
847 5372 948 5424 alia
996 5374 1171 5443 aliqua
1202 5391 1360 5432 causa
1407 5381 1478 5434 illi
1524 5383 1807 5452 miscetur;
1844 5389 1946 5443 ali-

355 5457 580 5526 quando
608 5469 782 5514 autem
809 5465 1166 5532 concupiscat,
1198 5482 1296 5523 nec
1324 5469 1372 5524 ei
1402 5471 1704 5541 misceatur,
1735 5492 1942 5545 poenam

358 5549 562 5603 timens
586 5565 599 5600 :
621 5559 677 5604 et
713 5550 816 5607 hoc
853 5554 1081 5612 fortasse
1117 5557 1226 5615 Lex
1269 5562 1549 5620 ostendere
1575 5567 1771 5637 voluit,
1802 5573 1943 5641 quod

358 5647 589 5708 utraque
613 5653 827 5708 peccata
847 5647 973 5701 sint.

437 5729 569 5783 Item
592 5732 758 5800 quaeri
786 5734 924 5789 solet
953 5744 1125 5792 utrum
1149 5740 1391 5797 mtechia:
1414 5745 1629 5802 nomine
1658 5748 1815 5804 etiam
1839 5750 1945 5806 for-

357 5819 562 5876 nicatio
588 5828 851 5879 teneatur.
881 5825 994 5884 Hoc
1021 5827 1164 5885 enim
1191 5845 1423 5902 graecum
1452 5836 1671 5895 verbum
1699 5849 1808 5915 est,
1838 5857 1943 5913 quo

1645 409 1848 465 LIBER
1888 405 2262 464 SECUNDUS.

3507 413 3613 474 62?.

2033 521 2142 589 jam
2169 521 2443 592 Scriptura
2470 523 2634 579 utitur
2654 539 2750 594 pro
2777 524 2957 580 latino.
2981 525 3214 584 Mmehos
3241 537 3417 586 tamen
3443 531 3619 588 Graeci

2039 614 2252 668 nonnisi
2279 614 2547 672 adulteros
2574 617 2772 672 dicunt.
2801 618 2906 674 Sed
2933 621 3115 690 utique
3140 620 3238 676 ista
3265 622 3375 678 Lex
3399 640 3505 679 non
3533 642 3621 681 so-

2042 703 2106 758 lis
2125 706 2249 760 viris
2272 707 2322 760 in
2349 707 2562 777 populo,
2575 723 2760 763 verum
2783 710 2941 764 etiam
2965 711 3173 766 feminis
3190 713 3310 768 data
3329 722 3426 770 est.
3441 715 3624 785 Neque

2041 799 2181 852 enim
2208 801 2328 869 quia
2354 801 2553 855 dictum
2576 811 2676 866 est,
2703 801 3154 874 Nonconcupisces
3176 822 3381 860 uxorem
3403 810 3623 877 proximi

2045 893 2134 956 tui,
2164 890 2292 946 nihil
2322 891 2405 946 hic
2435 892 2536 946 sibi
2572 904 2891 963 prmceplum
2922 895 3075 950 debet
3101 905 3288 966 putare
3317 897 3507 953 femina
3529 943 3542 965 ,
3572 912 3628 955 et

2046 989 2293 1051 tanquatn
2339 977 2480 1038 licitc
2518 985 2892 1053 concupiscere
2919 987 3086 1040 virmn
3125 989 3381 1057 proxima:
3408 1006 3536 1045 sua}.
3567 992 3623 1046 Si

2045 1087 2173 1142 ergo
2217 1073 2302 1128 hic
2347 1090 2412 1129 ex
2460 1075 2553 1130 illo
2595 1078 2732 1145 quod
2771 1079 2884 1131 viro
2924 1079 3119 1133 dictum
3156 1090 3254 1142 est,
3296 1082 3622 1154 intelligitur,

2046 1164 2284 1232 quamvis
2313 1181 2418 1218 non
2447 1164 2642 1220 dictum
2669 1168 2756 1234 sit,
2781 1168 2920 1238 quod
2942 1170 3101 1223 etiam
3131 1170 3196 1225 ad
3225 1170 3476 1228 feminam
3507 1190 3627 1244 per-

2047 1255 2239 1321 tineat;
2269 1268 2466 1326 quanto
2491 1260 2659 1329 magis
2686 1275 2749 1314 eo
2777 1261 2914 1330 quod
2954 1263 3150 1317 dictum
3191 1275 3305 1329 est,
3338 1265 3459 1321 Non
3498 1284 3624 1322 ma:-

2044 1345 2305 1411 cliaberis,
2352 1359 2570 1419 uterque
2616 1365 2774 1406 sexus
2820 1353 3145 1422 astringitur,
3189 1371 3307 1410 cum
3353 1367 3404 1412 et
3452 1356 3624 1427 ipsum

2049 1448 2366 1507 prmeeptnm
2397 1450 2570 1510 potest
2595 1442 2778 1496 referri
2806 1443 2872 1498 ad
2902 1455 3199 1516 utrumque,
3221 1449 3376 1515 sicut,
3395 1449 3516 1504 Non
3543 1468 3628 1504 oc-

2046 1527 2201 1595 cides,
2228 1527 2348 1583 Non
2372 1531 2640 1602 fut-aberis,
2664 1544 2716 1588 et
2735 1551 2853 1604 quae
2870 1536 2969 1590 alia
2991 1539 3235 1594 similiter
3250 1556 3352 1596 non
3374 1557 3626 1612 expresso

2048 1635 2154 1673 uno
2195 1636 2323 1674 sexu
2365 1623 2571 1693 utrique
2599 1624 2842 1680 videntur
2881 1643 3071 1683 sonare
3099 1632 3490 1688 communiter?
3521 1635 3627 1689 Ta-

2048 1725 2169 1764 men
2194 1711 2278 1765 ubi
2305 1729 2438 1767 unus
2467 1715 2805 1784 exprimitur,
2834 1716 3140 1774 honoratior
3166 1722 3346 1791 utique
3371 1726 3626 1793 exprimi-

2049 1807 2153 1866 tur,
2185 1800 2234 1855 id
2267 1812 2348 1855 est
2378 1805 2698 1860 masculiuus
2719 1847 2734 1872 ,
2772 1818 2823 1860 ut
2857 1823 2922 1862 ex
2953 1809 3052 1864 hoc
3079 1810 3334 1883 intelligat
3359 1816 3515 1868 etiam
3546 1815 3627 1872 fe-

2047 1893 2190 1945 mina
2232 1892 2356 1962 quid
2395 1894 2491 1954 sibi
2540 1906 2856 1965 praeceptum
2897 1900 2983 1952 sit.
3010 1901 3084 1954 Ac
3109 1917 3205 1971 per
3233 1901 3334 1957 hoc
3359 1905 3402 1958 si
3431 1905 3626 1962 femina

2048 1983 2254 2036 mmclia
2284 1991 2385 2050 est,
2419 1985 2616 2039 habens
2642 1987 2832 2050 virum.
2861 1991 3264 2047 concumbendo
3295 2010 3414 2050 cum
3445 2011 3511 2051 eo
3538 1999 3629 2068 qui

2047 2073 2130 2125 vir
2156 2073 2268 2142 ejus
2295 2090 2398 2127 non
2439 2084 2549 2140 est,
2580 2079 2785 2132 etiamsi
2834 2079 2924 2134 ille
2971 2095 3075 2134 non
3129 2081 3324 2139 habeat
3371 2102 3624 2155 uxorem;

2048 2163 2283 2233 profecto
2310 2166 2550 2220 moechus
2579 2177 2656 2221 est
2685 2178 2736 2222 et
2767 2169 2846 2224 vir
2876 2171 3074 2227 habens
3105 2190 3344 2244 uxorem,
3372 2193 3628 2234 concum—

2048 2254 2224 2309 bendo
2252 2271 2370 2310 cum
2413 2272 2473 2311 ea
2517 2273 2632 2327 qum
2663 2275 2797 2314 uxor
2833 2263 2949 2332 ejus
2990 2280 3096 2318 non
3136 2274 3246 2331 est,
3283 2269 3490 2325 etiamsi
3537 2272 3629 2328 illa

2049 2362 2153 2401 non
2187 2347 2377 2402 habeat
2407 2349 2592 2403 virum.
2625 2349 2730 2406 Sed
2765 2361 2937 2408 utrum
2960 2397 2972 2420 ,
3014 2357 3059 2410 si
3101 2356 3256 2413 faciat
3284 2363 3370 2431 qui
3407 2379 3626 2420 uxorem

2049 2452 2155 2491 non
2186 2438 2361 2504 habet,
2394 2455 2514 2494 cum
2547 2440 2740 2497 femina
2770 2460 2887 2514 quae
2918 2446 3085 2502 virum
3115 2466 3219 2505 non
3251 2451 3442 2522 habet,
3470 2457 3628 2512 ambo

2049 2529 2296 2598 praecepti
2323 2530 2474 2598 hujus
2504 2536 2921 2603 transgressione
2949 2545 3244 2607 teneantur,
3270 2546 3458 2601 merito
3483 2563 3631 2618 qua:-

2050 2619 2199 2672 ritur.
2223 2620 2278 2673 Si
2311 2621 2452 2674 enim
2480 2637 2584 2676 non
2618 2633 2882 2690 tenentur,
2911 2643 3014 2681 non
3042 2639 3124 2684 est
3155 2633 3414 2700 prohibita
3448 2637 3500 2692 in
3523 2639 3629 2694 De-

2049 2709 2232 2778 calogo
2251 2708 2547 2776 fornicatio,
2574 2713 2667 2767 sed
2689 2715 2797 2768 sola
2818 2717 3067 2784 moechis,
3089 2720 3138 2774 id
3151 2730 3254 2791 est,
3273 2725 3625 2784 adulterium:

2050 2801 2290 2868 quamvis
2321 2803 2493 2856 omnis
2521 2805 2746 2859 mmchia
2778 2807 2935 2862 etiam
2971 2808 3246 2868 fornicatio
3277 2831 3394 2873 esse
3428 2818 3626 2876 intelli-

2049 2891 2210 2960 gitur,
2240 2893 2375 2947 sicut
2405 2894 2691 2965 loquuutur
2719 2897 3023 2970 Scripturce.
3052 2905 3303 2963 Dominus
3331 2911 3472 2966 enim
3502 2912 3632 2970 dicit

2051 2981 2102 3034 in
2133 2982 2414 3053 Evangelio
2442 3003 2456 3040 :
2489 2986 2801 3062 Quicumque
2832 2991 3072 3048 dimiserit
3111 3014 3316 3055 uxorem
3344 3019 3509 3072 suam,
3538 3022 3629 3061 ea:-

2051 3082 2196 3142 cepta
2224 3089 2377 3128 causa
2403 3078 2765 3147 fornicationis,
2797 3082 2917 3151 facit
2943 3103 3050 3139 eam
3078 3091 3317 3144 tuaac/tari
3340 3091 3549 3163 (Matth.
3576 3113 3627 3160 ν,

2050 3163 2164 3234 5‘2).
2195 3165 2292 3219 Hic
2321 3166 2506 3237 utique
2535 3169 2934 3230 fornicationem
2966 3179 3270 3250 appellavit,
3299 3182 3344 3238 si
3373 3199 3492 3240 cum
3523 3188 3630 3242 alio

2050 3266 2233 3324 peccet
2275 3274 2392 3328 quae
2437 3260 2609 3315 virum
2649 3262 2841 3332 habet,
2875 3268 3015 3336 quod
3045 3279 3126 3325 est
3156 3274 3410 3340 mmchia,
3443 3277 3496 3333 id
3523 3289 3626 3345 est,

2049 3346 2386 3404 adulterium.
2413 3349 2599 3406 Omnis
2637 3369 2766 3424 ergo
2805 3358 3029 3414 mmchia
3075 3363 3232 3418 etiam
3273 3366 3548 3426 fornicatio
3575 3373 3629 3427 in

2051 3435 2342 3508 Scripturis
2369 3442 2579 3498 dicitur.
2613 3443 2716 3501 Sed
2752 3458 2923 3505 utrum
2953 3453 3112 3508 etiam
3142 3459 3315 3513 omnis
3348 3445 3659 3521 fornicatio

2052 3532 2279 3586 mtechia
2321 3534 2424 3589 dici
2461 3539 2645 3606 possit,
2695 3540 2748 3594 in
2790 3543 2988 3599 eisdem
3016 3545 3303 3618 Scripturis
3349 3570 3455 3611 non
3499 3559 3632 3614 mihi

2052 3626 2263 3682 interim
2317 3633 2552 3687 occurrit
2599 3634 2882 3692 locutionis
2932 3644 3253 3713 exemplum.
3285 3647 3390 3704 Sed
3435 3653 3480 3707 si
3523 3669 3632 3711 non

2053 3720 2226 3773 omnis
2257 3720 2534 3779 fornicatio
2561 3726 2718 3780 etiam
2745 3731 2969 3785 tumchia
2993 3732 3094 3790 dici
3123 3745 3330 3808 potest,
3363 3741 3453 3798 ubi
3482 3745 3549 3800 sit
3577 3747 3632 3803 in

2053 3808 2316 3882 Dccalogo
2347 3814 2608 3881 prohibita
2648 3816 2734 3872 illa
2774 3819 3069 3892 fornicatio,
3100 3843 3256 3896 quam
3301 3830 3496 3890 faciunt
3532 3840 3629 3894 viri

2053 3900 2145 3970 qui
2173 3918 2365 3959 uxores
2391 3921 2496 3959 non
2520 3907 2734 3974 habent,
2762 3926 2880 3965 cum
2912 3915 3119 3972 feminis
3142 3934 3260 3989 qua:
3285 3927 3504 3980 maritos
3524 3945 3632 3985 non

2056 3993 2286 4063 habent,
2326 4004 2504 4050 utrum
2547 3998 2767 4054 inveniri
2819 4005 3017 4074 possit,
3052 4007 3254 4079 ignoro.
3287 4013 3392 4070 Sed
3422 4018 3466 4072 si
3506 4019 3632 4075 furti

2055 4086 2270 4140 nomine
2307 4087 2442 4142 bene
2481 4088 2791 4160 intelligitur
2823 4097 2996 4150 omnis
3035 4098 3212 4155 illicita
3252 4109 3525 4176 usurpatio
3555 4113 3632 4166 rei

2054 4176 2240 4231 alienae
2268 4178 2395 4248 (non
2425 4181 2564 4233 enim
2597 4183 2830 4251 rapinam
2862 4188 3100 4256 permisit
3120 4192 3210 4262 qui
3236 4192 3430 4251 furtum
3451 4200 3634 4269 probi-

2054 4267 2194 4331 buit;
2217 4269 2314 4323 sed
2342 4270 2520 4340 utique
2547 4287 2574 4324 a
2603 4282 2753 4342 parte
2784 4283 2948 4330 totum
2985 4279 3206 4352 intelligi
3242 4286 3407 4342 voluit
3429 4267 3633 4361 ,iquid-

2055 4361 2180 4430 quid
2210 4361 2384 4415 illicite
2410 4378 2587 4416 rermn
2609 4366 2835 4434 proximi
2863 4368 3144 4442 aufertur);
3169 4375 3406 4442 profecto
3441 4390 3495 4436 ει
3531 4399 3631 4439 no-

2055 4452 2198 4506 mine
2223 4453 2464 4507 moechis:
2494 4457 2665 4508 omnis
2696 4456 2909 4512 illicitos
2943 4464 3274 4531 concubitus,
3312 4477 3473 4540 atque
3511 4474 3632 4530 illo-

2053 4558 2170 4598 rum
2196 4544 2558 4598 membrorum
2587 4559 2688 4599 non
2711 4545 2975 4616 legitimus
2997 4566 3120 4609 usus
3149 4558 3447 4624 prohibitus
3473 4563 3633 4623 debet

2053 4638 2294 4710 intelligi.

2125 4730 2193 4784 Et
2218 4732 2356 4801 quod
2378 4733 2573 4789 dictum
2599 4745 2699 4805 est,
2720 4737 2842 4794 Non
2869 4743 3084 4812 occides,
3105 4761 3209 4802 non
3239 4753 3528 4819 putandum
3551 4769 3635 4812 est

2056 4823 2170 4877 fieri
2213 4833 2396 4879 contra
2434 4825 2537 4882 hoc
2572 4841 2917 4900 praeceptum,
2950 4837 3160 4904 quando
3190 4839 3272 4895 lex
3303 4845 3514 4912 occidit,
3547 4850 3632 4904 vel

2055 4916 2223 4972 occidi
2254 4919 2481 4988 aliquem
2509 4921 2649 4976 Deus
2669 4923 2836 4993 jubet.
2867 4925 2957 4982 Ille
2983 4929 3122 4984 enim
3168 4932 3287 4988 facit
3327 4938 3416 5007 qui
3455 4939 3629 5010 jubet,

2054 5007 2264 5077 quando
2294 5010 2640 5066 ministerium
2667 5029 2860 5084 negare
2891 5033 2995 5072 non
3024 5020 3165 5078 licet.

2126 5101 2182 5155 lu
2223 5117 2287 5156 eo
2321 5103 2476 5157 etiam
2507 5105 2646 5175 quod
2675 5105 2872 5162 dictum
2903 5119 3014 5178 cst,
3045 5111 3257 5169 Falsum
3297 5121 3632 5180 testimonium

2057 5210 2155 5248 non
2180 5194 2313 5249 dices
2337 5195 2574 5250 adversus
2603 5200 2884 5268 proximum
2911 5211 3069 5270 tuum,
3102 5208 3266 5276 qum-ri
3296 5211 3431 5267 solet
3454 5225 3629 5272 utrum

2055 5289 2378 5357 prohibitum
2422 5291 2491 5344 sit
2536 5307 2693 5347 omne
2730 5295 3060 5350 mendacium
3095 5316 3108 5351 :
3139 5316 3204 5354 ne
3244 5303 3378 5360 forte
3415 5322 3521 5364 non
3561 5312 3633 5367 sit

2055 5379 2156 5434 hoc
2204 5390 2527 5451 prmceptum
2568 5383 2823 5440 adversus
2866 5402 2959 5442 eos
3000 5391 3086 5458 qui
3129 5393 3311 5449 dicunt
3357 5407 3482 5455 tunc
3511 5417 3630 5459 esse

2052 5471 2411 5527 mentiendum
2439 5473 2650 5543 quando
2679 5475 2730 5528 id
2761 5476 3090 5533 mendacium
3124 5484 3340 5552 prodest
3362 5491 3548 5562 alicui,
3577 5506 3633 5550 et

2052 5565 2182 5620 nihil
2211 5565 2365 5620 obest
2381 5567 2429 5620 ei
2452 5567 2535 5621 cui
2563 5568 2822 5623 mentiris.
2846 5568 2972 5624 Tale
3000 5574 3196 5644 quippe
3226 5595 3330 5635 non
3353 5593 3433 5638 est
3454 5587 3632 5642 αάυρν-

2051 5673 2137 5711 sus
2178 5657 2459 5727 proximum
2507 5649 2667 5726 tuum,
2706 5669 2761 5714 ut
2800 5659 2918 5715 ideo
2949 5663 3190 5722 videatur
3225 5669 3328 5727 hoc
3363 5677 3630 5736 addidisse

2051 5747 2343 5818 Scriptura,
2375 5765 2490 5817 qua:
2517 5759 2696 5819 posset
2737 5750 2970 5808 breviter
2995 5755 3196 5825 dicere,
3229 5761 3440 5820 Falsum
3483 5774 3626 5824 testis

2051 5844 2274 5898 monium
2303 5859 2402 5898 non
2433 5842 2586 5911 dices,
2618 5842 2750 5899 sicut
2777 5843 2927 5915 dixit,
2959 5846 3078 5904 Non
3116 5853 3328 5926 occides,
3359 5858 3478 5915 Non
3503 5878 3627 5922 me-
