4094 6468
457 381 562 436 625

459 493 707 558 chaberis,
735 491 853 544 Non
879 487 1143 562 fnrabcris.
1173 486 1277 541 Sed
1309 486 1431 540 hinc
1460 497 1646 554 magna
1681 481 1904 553 quaestio
1929 491 2031 547 est,

460 599 560 639 nec
595 599 626 637 a
665 580 1032 637 festinantibus
1069 575 1346 632 commode
1385 573 1634 643 explicari
1667 579 1872 642 potest,
1902 585 2036 640 quo-

461 671 621 727 modo
660 668 1022 740 accipiendum
1071 665 1160 733 sit,
1201 664 1390 717 Perdes
1429 677 1600 716 omnes
1635 661 1722 732 qui
1768 663 2040 729 loquuntur

460 763 776 818 mendacium
803 762 820 828 (
847 757 990 811 Psal.
1023 773 1074 821 v,
1099 756 1130 810 7
1159 757 1207 824 );
1231 763 1303 818 et,
1335 751 1459 805 Noli
1497 752 1622 806 velle
1660 751 1857 804 mentiri
1896 765 2040 803 omne

458 852 777 908 mendacium
807 847 992 920 (Eccli.
1016 863 1108 913 vn,
1136 845 1248 914 M);
1270 852 1324 898 et
1347 852 1540 897 ca-tcra
1563 840 1884 911 bujusmodi.

533 944 745 1001 LXXII.
762 941 860 1014 [lb.
885 956 978 1004 xx,
1001 936 1112 1010 l8.]
1130 935 1197 990 Et
1211 936 1374 990 omnis
1400 934 1616 1002 populus
1632 934 1823 986 videbat
1849 947 2036 996 vocem,

458 1046 506 1090 et
535 1033 820 1104 lampadas,
840 1041 885 1083 et
911 1045 1076 1082 vocem
1096 1026 1248 1092 tubae,
1271 1034 1317 1079 et
1337 1033 1556 1078 montem
1577 1027 1875 1094 fumantem.
1895 1022 2042 1076 Solet

459 1127 625 1199 quaeri
655 1123 918 1196 quomodo
943 1121 1165 1192 populus
1193 1118 1406 1173 videbat
1433 1131 1642 1182 vocem,
1663 1130 1783 1170 cum
1812 1129 1914 1169 vox
1934 1131 2040 1174 non

463 1219 533 1274 ad
564 1219 765 1282 visum,
799 1215 891 1270 sed
919 1215 1090 1284 potius
1118 1211 1187 1267 ad
1217 1209 1452 1265 auditum
1483 1209 1750 1280 pertinere
1782 1206 2040 1261 videatur.

460 1309 567 1365 Sed
590 1309 726 1363 sicut
752 1304 910 1360 modo
940 1304 1069 1368 dixi,
1092 1302 1369 1367 Videatur,
1393 1300 1460 1354 de
1487 1299 1735 1354 omnibus
1761 1312 1880 1366 qua:
1905 1311 1935 1349 a
1958 1311 2044 1350 me

459 1401 600 1456 dicta
628 1407 788 1462 sunt;
819 1397 916 1462 sic,
941 1395 1124 1450 videre
1153 1394 1291 1448 solet
1319 1407 1412 1461 pro
1433 1390 1673 1460 generali
1699 1403 1860 1444 sensu
1888 1387 2039 1457 poni,

460 1507 570 1546 non
593 1490 765 1546 solum
791 1488 1049 1557 corporis,
1079 1501 1263 1540 verum
1292 1485 1451 1539 etiam
1477 1482 1639 1537 animi
1665 1499 1678 1536 :
1710 1480 1852 1535 unde
1885 1488 1939 1534 ct
1979 1479 2042 1533 il-

457 1582 551 1638 lud
580 1591 680 1645 est,
704 1580 831 1634 Cum
855 1578 1054 1632 vidisset
1079 1575 1241 1628 Iacob
1265 1575 1383 1643 quia
1422 1581 1539 1626 sunt
1576 1587 1701 1626 escae
1735 1571 1789 1624 in
1814 1568 2045 1640 Egypto

461 1673 628 1744 (Gen.
658 1688 784 1738 xui,
809 1672 862 1734 l,
889 1686 985 1724 sec.
1020 1667 1229 1738 LXX);
1271 1665 1412 1720 unde
1438 1664 1620 1734 utique
1667 1663 1860 1717 absens
1908 1669 2042 1715 erat.

461 1764 774 1833 Quanquam
803 1757 1043 1816 nonnulli
1074 1757 1255 1813 videre
1276 1771 1461 1811 vocem
1487 1754 1617 1808 nihil
1647 1753 1789 1807 aliud
1813 1767 1931 1807 esse
1957 1767 2044 1805 arâ€”

461 1854 646 1912 bitrati
690 1861 816 1908 sunt
852 1866 1010 1921 quam
1063 1848 1388 1918 intelligere,
1418 1845 1509 1917 qui
1535 1845 1680 1898 visus
1719 1843 1913 1897 mentis
1942 1851 2042 1896 est.

461 1944 596 2001 Cum
621 1958 752 2000 vero
786 1943 873 1996 hic
899 1941 1132 1996 breviter
1170 1937 1452 1993 dicendum
1480 1943 1625 1992 esset
1651 1933 1793 2004 quod
1822 1934 2048 2004 populus

463 2037 677 2093 videbat
705 2049 892 2090 vocem
923 2042 974 2087 et
995 2030 1287 2100 lampadas,
1319 2041 1374 2084 et
1398 2041 1582 2082 vocem
1612 2025 1754 2080 tuba:
1792 2039 1855 2078 ac
1891 2040 2047 2079 mon-

465 2135 576 2183 tem
614 2121 924 2190 fumantem,
955 2121 1177 2193 quaastio
1204 2119 1373 2188 major
1401 2119 1630 2172 oriretur
1657 2114 1926 2186 quomodo
1952 2131 2049 2170 au-

465 2215 645 2275 diebat
669 2215 940 2286 lampadas
967 2223 1020 2269 et
1048 2221 1283 2267 montem
1314 2211 1626 2275 fumantem,
1656 2206 1797 2278 quod
1822 2206 2050 2276 pertinet

465 2309 534 2365 ad
558 2323 778 2365 sensum
804 2305 1035 2362 videndi.
1065 2303 1173 2360 Nisi
1214 2304 1333 2372 quis
1365 2301 1527 2367 dicat,
1557 2314 1658 2355 nec
1687 2310 1791 2352 tam
1819 2297 2051 2352 breviter

467 2399 750 2458 dicendum
796 2397 991 2463 fuisse;
1019 2395 1146 2462 sed,
1184 2403 1242 2449 ut
1285 2401 1449 2447 totum
1480 2391 1780 2453 diceretur,
1808 2387 2052 2442 audiebat

466 2507 676 2558 vocem,
700 2499 755 2546 et
783 2489 994 2544 videbat
1021 2485 1311 2556 lampadas,
1335 2491 1390 2538 et
1411 2482 1660 2537 audiebat
1680 2495 1866 2535 vocem
1888 2479 2046 2543 tubas,

466 2593 522 2640 et
548 2583 760 2638 videbat
785 2591 1020 2636 montem
1047 2579 1354 2632 fumantem.
1378 2576 1492 2630 Duo
1518 2574 1714 2645 quippe
1735 2587 1930 2643 genera
1959 2587 2052 2626 vo-

465 2677 545 2730 cis
565 2681 736 2738 erant,
764 2681 818 2727 et
842 2671 909 2727 de
935 2670 1184 2737 nubibus,
1216 2668 1354 2723 sicut
1381 2665 1630 2730 tonitrua,
1653 2665 1798 2720 etde
1825 2663 1946 2717 tuba
1967 2679 1982 2728 ;
2003 2661 2051 2717 si

466 2775 642 2824 tamen
683 2767 854 2837 ipsam
891 2763 1024 2818 dixit
1062 2776 1246 2816 vocem
1275 2774 1395 2830 quae
1424 2759 1490 2814 de
1520 2757 1748 2812 nubibus
1772 2754 2047 2811 edebatur.

467 2863 548 2917 Ac
567 2876 660 2930 per
685 2859 787 2914 hoc
814 2855 1004 2912 melius
1029 2854 1082 2908 in
1109 2853 1172 2907 iis
1193 2867 1310 2923 quae
1333 2849 1401 2905 ad
1424 2863 1640 2906 sensum
1661 2844 1912 2902 audiendi
1933 2859 2053 2915 per-

465 2949 724 3014 tinebant,
754 2944 1014 3018 generalis
1041 2957 1229 2999 sensus
1256 2949 1338 2996 est
1362 2940 1584 3011 positus,
1608 2938 1709 2992 hoc
1733 2945 1835 3003 est,
1859 2934 2048 2990 viden-

466 3041 540 3106 di,
583 3055 704 3095 cum
747 3038 979 3092 breviter
1022 3042 1190 3090 totum
1231 3031 1391 3087 vellet
1428 3030 1700 3099 Scriptura
1746 3026 2046 3096 complecti,

467 3149 626 3204 quam
654 3141 711 3187 ut
732 3132 784 3186 in
811 3131 874 3184 iis
898 3143 1016 3199 qua:
1041 3127 1308 3197 pertinent
1335 3123 1403 3178 ad
1431 3121 1641 3177 videndi
1667 3135 1901 3184 sensum,
1925 3119 2052 3175 sub-

467 3226 851 3296 intelligeretur
879 3222 1092 3277 auditus
1116 3237 1128 3272 :
1152 3233 1257 3289 quo
1286 3231 1436 3272 more
1473 3215 1617 3285 loqui
1656 3229 1764 3268 non
1794 3214 2046 3268 solemus.

465 3317 621 3384 Nam,
672 3313 804 3370 Vide
850 3311 977 3384 quid
1024 3317 1198 3377 sonet,
1241 3308 1476 3363 solemus
1516 3304 1728 3372 dicere;
1755 3303 1894 3360 Audi
1923 3303 2051 3375 quid

465 3409 658 3475 luceat,
689 3423 796 3462 non
822 3406 1075 3461 solemus.

535 3497 767 3554 LXXIII.
793 3496 894 3569 [lb.
922 3511 1018 3561 xx,
1046 3493 1155 3566 l9.]
1179 3493 1404 3564 Loquere
1428 3499 1481 3545 tu
1503 3491 1728 3557 nabis,et
1754 3505 1856 3544 non
1876 3489 2053 3558 loqua-

467 3602 550 3647 tur
577 3590 644 3644 ad
673 3607 763 3644 nos
788 3588 943 3654 Deus,
972 3603 1036 3641 ne
1057 3587 1258 3658 quando
1292 3585 1586 3639 moriamur.
1623 3583 1840 3638 Multum
1869 3591 1926 3638 et
1963 3597 2053 3638 so-

465 3683 575 3740 lide
603 3681 951 3752 significatur,
978 3678 1045 3734 ad
1076 3679 1236 3734 Vetus
1261 3678 1660 3732 Testamentum
1687 3676 1928 3730 timorem
1956 3689 2052 3743 po-

466 3778 570 3832 tius
589 3777 873 3845 pertinere,
891 3774 1028 3827 sicut
1047 3771 1113 3826 ad
1131 3771 1338 3826 Novum
1359 3770 1696 3825 dilectionem
1716 3786 1732 3822 :
1749 3783 2048 3838 quanquam

466 3878 521 3924 et
546 3868 599 3922 in
623 3865 814 3922 Vetere
845 3864 1051 3921 Novum
1088 3865 1283 3928 lateat,
1320 3871 1374 3916 et
1409 3863 1460 3916 in
1485 3861 1634 3916 Novo
1660 3860 1823 3916 Vetus
1852 3867 2046 3929 pateat.

465 3960 744 4029 Quomodo
780 3966 956 4013 autem
1000 3957 1089 4011 tali
1133 3955 1328 4026 populo
1367 3955 1627 4008 tribuatur
1654 3952 1835 4006 videre
1865 3965 2050 4006 vocem

362 4077 368 4082 Î»
465 4054 583 4120 Dei,
607 4054 650 4109 si
673 4052 774 4107 hoc
793 4049 1158 4120 accipiendum
1186 4057 1269 4104 est
1295 4048 1608 4117 intelligere,
1631 4061 1750 4100 cum
1778 4045 1878 4100 sibi
1907 4045 2050 4114 loqui

468 4146 636 4201 Deum
670 4143 893 4198 timeant
916 4157 983 4196 ne
1008 4140 1322 4202 moriantur,
1352 4153 1456 4193 non
1485 4137 1613 4192 satis
1641 4137 1835 4191 elucet.

538 4234 773 4292 LXXIV.
795 4233 892 4306 [lb.
919 4209 1012 4302 xx,
1033 4230 1151 4304 20.]
1170 4230 1235 4285 Et
1257 4231 1383 4285 dixit
1410 4231 1479 4285 eis
1505 4229 1728 4300 Moyses,
1759 4228 2051 4283 Constantcs

467 4337 620 4384 estote
648 4343 667 4382 :
693 4336 958 4398 propterea
985 4325 1118 4378 enim
1141 4332 1270 4377 venit
1291 4321 1427 4377 Deus
1451 4322 1518 4374 ad
1545 4337 1653 4388 vos,
1683 4329 1873 4375 tentare
1891 4335 1977 4374 vos
1997 4328 2052 4373 ut

465 4424 529 4476 sit
570 4422 719 4475 timor
759 4419 868 4490 ejus
897 4417 950 4472 in
977 4417 1141 4481 vobis,
1181 4432 1242 4470 ne
1285 4415 1516 4485 peccetis.
1545 4413 1633 4468 Sic
1661 4413 1738 4468 illi
1767 4411 2051 4468 cobiâ€˜bendi

465 4512 678 4566 fuerant
704 4527 732 4564 a
759 4509 1010 4579 peccatis,
1041 4508 1219 4577 utique
1246 4505 1478 4560 timendo
1504 4519 1572 4558 ne
1603 4518 1789 4574 ptenas
1822 4503 2048 4558 sensibi-

465 4602 546 4656 les
576 4610 908 4670 paterentur;
936 4599 1056 4668 quia
1103 4597 1334 4652 nondum
1377 4604 1624 4667 poterant
1665 4610 1846 4650 amare
1889 4593 2050 4664 justi-

467 4693 595 4746 tiam
629 4709 641 4745 :
671 4699 726 4744 et
763 4692 813 4744 in
867 4690 966 4743 boc
1012 4698 1128 4743 erat
1178 4687 1283 4743 illis
1333 4688 1554 4742 tentatio
1599 4703 1629 4740 a
1672 4687 1921 4754 Domino,
1948 4701 2052 4758 qua

469 4782 847 4854 probabantur,
887 4789 941 4834 ut
981 4787 1260 4849 appareret
1288 4779 1586 4849 cujusmodi
1614 4789 1826 4845 essent;
1856 4795 1963 4833 non
1996 4787 2054 4833 ut

467 4876 579 4931 Deo
619 4873 728 4928 noti
775 4873 984 4934 fierent,
1017 4886 1174 4940 quem
1218 4885 1323 4924 non
1366 4870 1595 4924 latebant
1641 4871 2054 4941 qualescumque

466 4973 670 5032 essent,
703 4963 796 5019 sed
840 4971 898 5016 ut
947 4963 1086 5016 inter
1128 4975 1188 5015 se
1232 4975 1295 5016 ac
1341 4961 1573 5015 sibimet.
1613 4961 1829 5016 Multum
1875 4971 2053 5016 tamen

467 5060 584 5115 istis
624 5057 918 5118 terroribus
958 5055 1284 5108 Testamenti
1309 5049 1518 5106 Veteris
1564 5052 1862 5108 differentia
1902 5069 2052 5107 com-

467 5149 770 5213 mendatur,
801 5146 942 5218 quod
982 5145 1143 5201 etiam
1173 5145 1226 5198 in
1255 5143 1490 5214 Epistola
1519 5141 1587 5197 ad
1615 5142 1865 5198 Hebraeos
1893 5159 2051 5214 aper-

468 5241 676 5298 tissime
701 5240 899 5294 dictum
930 5247 1012 5293 est
1041 5234 1224 5307 (Hebr.
1257 5250 1353 5301 xu,
1376 5232 1591 5304 24-28).

538 5332 748 5388 LXXV.
778 5331 877 5406 [lb.
909 5347 1002 5396 xx,
1027 5326 1144 5400 ÎµÎ¹]
1174 5325 1376 5398 Moyses
1402 5334 1568 5380 autem
1589 5326 1791 5380 intravit
1812 5325 1864 5380 in
1893 5324 2050 5379 nebu-

468 5429 592 5494 lam,
631 5423 716 5479 ubi
759 5433 868 5480 erat
909 5416 1089 5477 Deus:
1116 5421 1167 5475 id
1205 5428 1308 5487 est,
1351 5418 1440 5473 ubi
1481 5419 1815 5488 expressiora
1857 5416 2054 5472 fiebant

468 5521 638 5589 signa,
655 5517 844 5588 quibus
859 5521 1274 5586 cognosceretur
1292 5512 1449 5567 Deus.
1465 5510 1598 5566 Nam
1609 5510 1876 5582 quomodo
1899 5510 1950 5564 in
1969 5525 2055 5566 ne-

472 5607 591 5664 bula
611 5621 726 5664 erat
742 5650 754 5672 ,
771 5607 856 5662 cui
877 5607 998 5662 cmli
1013 5606 1273 5662 caelorum
1297 5618 1400 5659 non
1427 5603 1726 5668 sufficiunt;
1746 5603 1846 5658 nisi
1863 5618 2052 5673 quem-

469 5699 755 5755 admodum
798 5713 1058 5768 nusquam
1099 5712 1206 5751 non
1231 5707 1343 5764 est,
1371 5697 1458 5766 qui
1490 5696 1681 5754 inloco
1706 5697 1853 5753 nullo
1897 5704 1980 5752 est
2001 5697 2055 5753 â€˜I

534 5816 550 5846 Î¹
573 5812 708 5874 Editi,
732 5813 862 5866 deest
890 5824 907 5864 :
932 5825 1017 5875 pro
1038 5824 1136 5875 quo
1158 5825 1328 5863 omnes
1352 5819 1476 5874 Mss,
1501 5819 1587 5863 est.

1193 366 1657 441 QUESTIONUM
1696 367 1754 423 S.
1795 366 2159 424 AUGUSTINI
2198 367 2265 424 IN
2303 368 2863 427 IIEPTATEUCIIUM

3626 377 3733 434 624

2221 483 2452 538 LXXVI.
2475 483 2573 556 [lb.
2608 501 2702 554 xx,
2725 485 2841 558 23.]
2870 484 2992 540 Non
3019 485 3212 555 facietis
3241 486 3377 542 vobis
3404 487 3525 542 deos
3548 504 3734 560 argen-

2149 584 2274 642 teos,
2305 585 2352 629 et
2379 577 2501 631 deos
2535 593 2719 632 aureos
2755 595 2858 632 non
2897 579 3091 648 facietis
3123 579 3259 634 vobis
3288 581 3432 650 ipsis.
3461 581 3735 652 liepeti'tur

2145 665 2284 735 quod
2301 667 2354 720 in
2376 669 2548 737 primo
2575 680 2841 739 prmcrplo
2871 670 3191 726 inculcatum
3217 683 3330 737 est;
3361 681 3415 727 et
3442 687 3508 728 ex
3533 673 3634 729 diis
3655 692 3738 729 ar-

2148 760 2352 828 genteis
2375 769 2428 814 et
2448 761 2625 816 aureis
2646 762 2824 830 utique
2844 761 3019 815 omnia
3045 763 3328 818 simulacra
3349 763 3735 834 intelliguntur,

2145 849 2284 904 sicut
2312 851 2363 904 in
2397 851 2488 906 illo
2515 852 2674 906 etiam
2704 853 2931 921 psalmo,
2960 852 3111 907 Idola
3139 856 3362 924 gentium
3391 867 3655 929 argentum
3687 866 3737 910 et

2146 958 2328 996 aurum
2356 941 2526 1014 (Psal.
2559 944 2708 1010 Ã©xut,
2733 946 2788 1011 4,
2812 956 2859 1000 et
2880 962 3099 1014 cxxxw,
3129 946 3239 1020 15).

2215 1035 2470 1092 LXXVII.
2500 1037 2599 1110 [lb.
2635 1055 2741 1104 xxx,
2765 1038 2844 1112 2.]
2862 1040 2990 1107 (une
3019 1042 3085 1096 de
3111 1057 3266 1097 servo
3294 1043 3519 1100 Hebraeo
3547 1046 3741 1114 [Ï€Î±Î³Îµá½¶Ï‚

2148 1122 2384 1195 piuntur,
2415 1139 2472 1182 ut
2501 1144 2593 1184 sex
2617 1133 3026 1200 annos'scrviat,
3055 1143 3110 1188 ct
3134 1135 3432 1191 dimittatur
3461 1137 3595 1192 liber
3613 1151 3738 1208 gra-

2151 1218 2238 1284 tis,
2268 1234 2336 1274 ne
2365 1220 2502 1274 servi
2529 1220 2814 1276 Christiani
2844 1222 2946 1278 hoc
2969 1224 3268 1295 ï¬‚agitarent
3289 1241 3318 1279 a
3344 1225 3577 1281 dominis
3605 1233 3734 1293 suis,

2147 1309 2442 1376 apostolica
2473 1312 2764 1366 auctoritas
2788 1313 2940 1382 jubet
2976 1329 3161 1369 servos
3195 1316 3427 1372 dominis
3466 1319 3578 1373 suis
3619 1334 3741 1373 esse

2149 1400 2410 1466 subditos,
2452 1417 2522 1457 ne
2569 1419 2764 1458 nomen
2814 1406 2906 1460 Dei
2953 1415 3008 1461 et
3051 1407 3292 1462 doctrina
3337 1408 3738 1480 blasphemetnr

2151 1488 2363 1563 (Epiros.
2388 1507 2460 1560 v1,
2489 1493 2542 1557 5,
2567 1504 2612 1546 et
2640 1495 2656 1548 I
2688 1494 2821 1549 Tim.
2845 1511 2917 1558 vt,
2944 1494 3020 1566 I).
3054 1497 3187 1552 Illud
3217 1500 3357 1553 enim
3385 1515 3452 1555 ex
3482 1500 3584 1556 hoc
3613 1503 3742 1557 satis

2149 1592 2359 1638 constat
2389 1584 2443 1638 in
2470 1586 2727 1655 mysterio
2758 1597 3081 1658 praeceptum
3098 1591 3126 1656 ,â€˜
3142 1591 3263 1660 quia
3291 1600 3346 1645 et
3373 1591 3617 1661 pertundi
3646 1608 3740 1647 su-

2151 1671 2274 1726 bula
2301 1673 2419 1743 ejus
2449 1689 2632 1730 aurcm
2656 1675 2722 1730 ad
2755 1686 2962 1746 postem
2994 1681 3247 1750 praecepit
3273 1681 3434 1750 Deus,
3456 1683 3546 1753 qui
3573 1683 3737 1739 liber-

2153 1769 2314 1818 tatem
2341 1766 2480 1820 illam
2513 1779 2831 1823 recusasset.

2223 1853 2502 1908 LXXVIII.
2533 1855 2631 1928 [lb.
2661 1874 2771 1923 xxI,
2801 1858 2981 1932 7-II.]
3011 1861 3072 1915 Si
3096 1862 3209 1932 quis
3252 1873 3419 1919 autent
3459 1865 3738 1920 uendiderit

2153 1945 2314 2013 ï¬liam
2353 1963 2496 1999 suam
2544 1949 2790 2017 famulam
2814 1951 2854 2016 Â¹,
2881 1967 2982 2004 Î·Î¿Î·
3015 1950 3169 2005 abibit
3197 1954 3266 2006 ita
3296 1964 3351 2008 ut
3377 1955 3615 2009 recedunt
3640 1973 3738 2010 an-

2153 2037 2306 2090 cillae.
2338 2037 2485 2102 Quod
2509 2039 2554 2092 si
2579 2056 2678 2093 non
2700 2041 2946 2112 placuerit
2968 2042 3172 2098 domino
3199 2060 3308 2110 suo,
3337 2062 3488 2116 quam
3515 2063 3617 2100 non
3644 2065 3742 2106 an-

2154 2130 2427 2183 nominauit
2469 2147 2599 2196 eam,
2642 2133 2978 2186 remunerabit
3017 2150 3147 2188 eam.
3175 2134 3322 2190 Genti
3361 2145 3528 2191 autem
3562 2147 3744 2192 exterat

2154 2235 2256 2272 non
2277 2229 2348 2273 est
2376 2221 2610 2276 dominus
2639 2224 2850 2276 vendere
2877 2224 3040 2290 illam,
3071 2227 3311 2294 quoniam
3351 2229 3536 2297 sprevit
3571 2228 3623 2281 in
3658 2245 3738 2283 ea.

2159 2311 2308 2377 Quod
2335 2313 2379 2365 si
2404 2314 2510 2381 ï¬lio
2535 2316 2936 2369 annominaverit
2961 2334 3092 2383 eam,
3125 2319 3400 2373 secundum
3417 2321 3745 2390 justi/icalio-

2155 2419 2268 2457 nem
2290 2405 2513 2473 ï¬liarum
2539 2408 2690 2477 faciet
2714 2408 2780 2461 ei.
2813 2406 2961 2473 Quod
2997 2410 3042 2464 si
3081 2411 3238 2485 aliam
3281 2413 3490 2482 accipiet
3533 2413 3598 2479 ei,
3632 2428 3746 2483 qua:

2155 2511 2282 2564 opus
2299 2505 2434 2558 sunt,
2460 2505 2506 2550 et
2528 2507 2732 2564 vestem,
2759 2508 2805 2552 et
2831 2502 3254 2556 conversationem
3285 2505 3396 2573 ejus
3417 2519 3517 2558 non
3543 2505 3746 2576 frauda-

2155 2588 2245 2642 bit.
2280 2588 2342 2644 Si
2369 2599 2537 2643 autem
2574 2591 2672 2644 tria
2709 2591 2818 2645 hazc
2851 2609 2952 2647 non
2990 2594 3164 2663 fecerit
3189 2598 3254 2662 ei,
3279 2596 3430 2650 exibit
3454 2598 3612 2668 gratis
3639 2598 3747 2652 sine

2157 2680 2336 2749 pretio.
2366 2680 2817 2738 Obscurissimum
2861 2685 3026 2739 istum
3076 2686 3252 2741 locum
3297 2689 3542 2742 inusitata
3583 2690 3744 2745 verba

2156 2768 2559 2840 locutionesque
2576 2771 2838 2839 fecerunt,
2862 2774 2933 2828 ita
2956 2783 3013 2829 ut
3030 2775 3344 2846 interpretes
3369 2779 3532 2833 nostri
3555 2794 3744 2848 quem-

2155 2859 2440 2915 admodum
2471 2877 2595 2917 eum
2621 2863 2982 2933 explicarent,
3024 2881 3162 2936 pene
3199 2883 3306 2922 non
3343 2869 3656 2923 invenirent.
3687 2869 3744 2924 In

2156 2949 2274 3019 ipso
2317 2967 2526 3022 quoque
2576 2968 2752 3022 graeco
2797 2955 3010 3025 eloquio
3061 2959 3285 3013 multum
3329 2959 3616 3014 obscurum
3660 2971 3746 3017 est

2157 3041 2298 3112 quod
2345 3042 2433 3097 hic
2473 3043 2687 3100 dicitur.
2727 3045 2930 3102 Tamen
2973 3050 3100 3120 quid
3141 3051 3402 3118 videatur,
3436 3062 3493 3108 ut
3535 3063 3741 3124 potero,

2157 3135 2412 3206 aperiam.

2229 3225 2292 3281 Si
2317 3227 2430 3297 quis
2455 3235 2647 3294 autem,
2681 3229 2878 3300 inquit,
2907 3233 3182 3288 vendideiit
3208 3236 3369 3304 filiam
3393 3253 3537 3291 suam
3567 3241 3744 3309 fama-

2157 3315 2279 3384 lam,
2309 3317 2360 3372 id
2387 3327 2469 3373 est
2499 3327 2556 3373 ut
2578 3320 2648 3374 sit
2676 3319 2888 3386 famula,
2919 3338 3077 3392 quam
3101 3336 3286 3388 Î¿Î¹Îºá½³Ï„Î·Î½
3312 3327 3484 3383 Graeci
3515 3337 3740 3384 vocant:

2155 3409 2258 3461 nan
2285 3407 2438 3462 abibit
2464 3410 2537 3462 ita
2562 3419 2618 3464 ut
2644 3411 2880 3465 recedunt
2909 3416 3140 3481 ancilla,
3187 3417 3585 3488 intelligendum
3619 3430 3704 3475 est
3722 3460 3740 3485 ,

2155 3512 2262 3552 non
2293 3498 2371 3552 sic
2397 3499 2642 3565 recedet,
2679 3502 2946 3569 quomodo
2987 3506 3242 3560 recedunt
3267 3509 3474 3563 ancillae
3505 3509 3742 3565 Hebraea)

2155 3596 2277 3657 post
2303 3603 2396 3643 sex
2427 3604 2616 3645 annos.
2663 3591 2792 3644 Eam
2820 3593 3014 3662 quippe
3043 3605 3253 3665 oportet
3277 3600 3436 3651 etiam
3466 3599 3516 3651 in
3546 3597 3740 3653 femina

2156 3677 2377 3734 Hebraea
2409 3681 2576 3749 legem
2607 3681 2785 3735 datam
2815 3683 3030 3754 intelligi
3048 3727 3063 3752 ,
3091 3701 3209 3755 qua:
3234 3697 3476 3743 servatur
3504 3690 3554 3743 in
3583 3689 3744 3757 mari-

2155 3770 2274 3825 bus.
2302 3768 2410 3825 Cur
2442 3786 2568 3840 ergo
2595 3773 2691 3826 ista
2735 3790 2840 3828 non
2880 3775 2950 3828 ita
2985 3777 3230 3846 recedet,
3271 3779 3367 3832 nisi
3399 3782 3518 3849 quia
3555 3781 3608 3834 in
3649 3781 3741 3834 illo

2156 3859 2411 3916 famulatu
2450 3862 2758 3934 intelligitur
2786 3866 3092 3936 bumiliata,
3133 3869 3278 3940 quod
3311 3872 3358 3926 ei
3393 3887 3451 3926 se
3487 3872 3737 3928 dominus

2156 3951 2473 4008 miscuerit?
2502 3954 2612 4008 Hoc
2641 3956 2835 4027 quippe
2878 3958 2932 4011 in
2965 3962 3414 4030 consequentibus
3457 3971 3746 4033 utcumque

2156 4042 2422 4098 clarescit.
2451 4043 2702 4115 Sequitur
2728 4048 2869 4101 enim
2896 4057 2951 4102 et
2977 4049 3124 4112 dicit,
3157 4049 3306 4115 Quod
3335 4053 3381 4105 si
3405 4058 3505 4106 non
3537 4055 3744 4121 placue~

2156 4133 2220 4186 rit
2247 4133 2450 4188 domino
2475 4151 2586 4202 suo,
2615 4153 2766 4206 quam
2793 4155 2894 4192 non
2919 4141 3260 4194 annomiuavit
3285 4159 3416 4208 eam,
3449 4144 3499 4198 id
3530 4155 3611 4199 cst
3637 4160 3744 4199 non

2155 4240 2275 4280 eam
2310 4226 2434 4281 fecit
2465 4244 2683 4283 uxorem
2718 4248 2729 4282 :
2762 4230 3094 4286 Rmunerabit
3123 4250 3265 4299 eam,
3311 4235 3410 4290 hoc
3444 4247 3528 4291 est
3551 4280 3564 4302 ,
3603 4238 3744 4307 quod

2158 4331 2316 4386 supra
2346 4319 2509 4384 dixit,
2542 4337 2642 4374 non
2671 4321 2823 4375 abibit
2848 4324 2919 4377 ita
2943 4334 2996 4376 ut
3019 4326 3257 4380 recedunt
3281 4327 3502 4382 ancilla.
3529 4329 3740 4384 Iustum

2158 4416 2242 4462 est
2269 4409 2290 4440 â¸
2318 4409 2513 4479 quippe
2548 4411 2745 4482 aliquid
2781 4414 3025 4484 accipere
3066 4431 3162 4486 pro
3195 4431 3262 4472 eo
3294 4419 3436 4487 quod
3473 4418 3745 4474 bumiliala

2159 4506 2272 4566 est;
2301 4500 2421 4569 quia
2451 4516 2554 4556 non
2582 4503 2630 4557 ei
2657 4517 2716 4558 se
2741 4504 2810 4558 ita
2835 4506 3072 4573 miscuit,
3101 4515 3157 4562 ut
3185 4505 3383 4564 faceret
3409 4525 3657 4576 uxorem,
3693 4511 3745 4565 id

2160 4598 2242 4644 est
2262 4630 2278 4656 ,
2313 4599 2370 4644 ut
2396 4594 2765 4648 annominaret
2793 4610 2912 4649 eam
2943 4596 3060 4650 sibi.
3092 4597 3202 4652 Iloc
3229 4609 3406 4654 autem
3433 4601 3574 4671 quod
3603 4601 3746 4656 dixi-

2161 4696 2278 4736 mus
2300 4720 2316 4746 ,
2344 4683 2674 4737 remunerabit
2705 4702 2816 4738 eam
2834 4727 2850 4751 ,
2880 4687 3092 4756 quidam
3123 4688 3440 4760 interpretes
3463 4692 3742 4760 dixerunt,

2159 4771 2367 4825 redimet
2396 4788 2524 4825 ÎµÎ±Î·Î¹.
2552 4773 2704 4840 Quod
2734 4775 2777 4828 si
2809 4775 2860 4828 in
2881 4791 3058 4845 graeco
3077 4777 3276 4833 dictum
3303 4790 3448 4837 esset
3471 4786 3748 4854 á¼€Ï€Î¿Î»Ï…Ï„Ïá½½Ï‚

2160 4885 2319 4929 ÏƒÎµÏ„Î±Î¹,
2351 4863 2602 4933 scriptum
2631 4873 2774 4919 esset
2810 4867 2946 4922 sicut
2982 4869 3237 4939 scriptum
3276 4881 3389 4938 est,
3431 4872 3500 4926 Et
3525 4874 3634 4943 ipse
3659 4891 3744 4928 rc-

2161 4954 2311 5008 dimet
2347 4953 2514 5010 Israel
2592 4955 2736 5012 Psal.
2767 4974 2965 5025 cxxtx,
2992 4959 3094 5030 8);
3131 4977 3251 5016 nam
3282 4973 3335 5018 et
3359 4967 3744 5037 á¼€Ï€Î¿Î»Ï…Ï„Ïá½½ÏƒÎµÏ„Î±Î¹

2161 5046 2416 5114 scriptum
2447 5055 2546 5102 est.
2581 5047 2638 5102 In
2679 5048 2779 5103 hoc
2813 5061 2987 5105 autem
3023 5053 3139 5106 loco
3172 5057 3495 5126 á¼€Ï€Î¿Î»Ï…Ï„Ïá½½ÏƒÎ¹Î¹
3531 5058 3745 5128 legitur,

2163 5139 2249 5192 ubi
2279 5139 2590 5209 intelligitur
2615 5140 2755 5210 quod
2783 5143 2974 5212 accipit
3001 5145 3166 5215 magis
3192 5145 3386 5216 aliquid
3408 5189 3422 5212 ,
3461 5165 3616 5218 quam
3650 5165 3749 5220 pro

2159 5243 2225 5283 ea
2253 5229 2408 5282 datur
2442 5237 2497 5283 ut
2529 5230 2838 5286 redimatur.
2869 5232 2966 5287 Cui
2994 5234 3136 5288 enim
3158 5234 3305 5290 dabit
3322 5237 3569 5293 dominus
3592 5239 3707 5308 ejus
3727 5280 3744 5304 ,

2160 5327 2222 5375 ut
2249 5320 2472 5375 redimat
2495 5337 2653 5392 quam
2681 5324 2791 5393 ipse
2820 5324 3069 5380 famulam
3100 5328 3372 5397 possidet?
3403 5329 3554 5385 Genti
3580 5344 3749 5386 autem

2163 5421 2346 5466 extera:
2375 5428 2475 5466 non
2499 5423 2572 5467 est
2600 5414 2832 5468 dominus
2870 5416 3079 5471 vendere
3107 5418 3285 5486 illaut,
3325 5423 3445 5486 quia
3483 5423 3666 5492 sprevit
3695 5425 3750 5477 in

2163 5519 2221 5558 ea
2249 5520 2267 5558 :
2292 5503 2343 5558 id
2369 5513 2480 5569 est,
2513 5520 2617 5559 non
2646 5507 2766 5576 quia
2796 5509 2994 5577 Sprevit
3027 5509 3077 5562 in
3106 5525 3168 5564 ea
3189 5548 3204 5573 ,
3238 5510 3355 5565 ideo
3382 5511 3631 5567 dominus
3665 5523 3750 5568 est

2162 5596 2396 5651 vendere
2438 5596 2582 5650 illam
2603 5638 2618 5662 ,
2660 5597 2710 5651 id
2752 5607 2834 5653 est
2865 5599 2918 5653 in
2957 5609 3156 5654 tantum
3191 5603 3238 5657 ei
3273 5602 3653 5671 dominabitur,
3687 5614 3748 5661 ut.

2227 5753 2249 5846 á¼’
2271 5753 2782 5866 Îœá¿—á½¶Î´á½·á¾·Î¹Î¹á½²á½¶á¿—Î¹Î¹Î¹ÏÏ„,
2803 5756 2941 5819 juxta
2961 5763 3088 5808 Lxx.
3118 5764 3171 5810 Î›Î¹
3193 5759 3328 5823 editi,
3351 5759 3401 5847 in
3420 5762 3668 5826 {aliculam

2275 5847 2362 5862 Î´Î¹Î¿-Ï…
2385 5847 2400 5871 Î¿
2426 5847 2551 5864 Î¹Î¹Î¹Ï…ÏƒÎ¹Î¹
2574 5847 2658 5866 gos.
