4094 6464
388 389 503 449 695
1268 384 1294 436 ι.

390 510 548 563 etiam
578 514 773 561 extera:
800 502 942 575 genti
966 516 1084 559 eam
1119 499 1262 556 licite
1296 464 1508 552 vendat.
1538 493 1649 549 lloc
1680 501 1762 547 est
1792 498 1969 545 autem

391 601 576 670 sprevit
616 598 671 652 in
705 614 800 665 ea,
836 595 979 667 quod
1014 603 1097 650 est
1124 591 1329 664 sprevit
1359 591 1411 644 in
1446 602 1562 643 eam
1595 583 1973 654 :sprcviteam

1714 373 1917 430 LIBER
1955 364 2335 427 SECUNDUS.

3486 286 3515 299 ν

3554 360 3659 417 626

2079 481 2251 547 cisse,
2295 493 2417 534 cum
2456 460 2678 549 quisque
2716 456 2973 532 Occiditur
2998 490 3027 530 a
3057 474 3271 530 nolente
3302 492 3314 527 :
3348 482 3402 528 et
3427 489 3522 543 pro
3560 475 3658 529 hoc

2078 572 2218 644 quod
2243 570 2605 626 tantummodo
2636 570 2775 625 Deus
2803 572 2852 623 id
2885 568 3026 635 fecit,
3054 567 3253 623 dictum
3278 576 3379 633 est,
3411 567 3498 620 sed
3523 566 3661 620 Deus

389 658 588 758 autem,
621 692 721 745 hoc
748 658 830 745 est
855 658 1297 742 ἰιυιηιιίανιιέωη
1319 722 1335 748 ,
1369 680 1423 734 id
1462 687 1548 735 est
1568 671 1972 732 concumbendo
2072 665 2285 720 tradidit
2303 665 2357 717 in
2376 680 2556 721 manus
2577 663 2703 733 ejus.
2728 660 2859 716 Cum
2882 675 3010 715 vero
3030 660 3215 714 volens
3239 658 3450 724 occidit,
3474 666 3528 713 et
3549 659 3660 728 ipse

390 800 492 839 nec
532 798 752 837 uxorem
801 778 1061 835 iaciendo.
1109 775 1251 831 Dixit
1289 782 1467 827 autem
1507 780 1679 840 graece
1721 773 1971 828 ἣθὲτησεν,

391 874 532 945 quod
563 888 661 928 nos
688 871 924 926 diximus
951 868 1135 940 sprevit
1154 908 1169 934 ,
1197 878 1305 935 quo
1323 862 1484 918 verbo
1511 859 1786 929 Scriptura
1811 854 1976 911 utitur

391 964 529 1033 apud
560 962 846 1018 Jeremiam
866 1001 882 1028 ,
921 958 1066 1015 Sicut
1094 956 1283 1027 spernit
1312 954 1491 1008 mulier
1514 967 1627 1005 eum
1652 947 1735 1005 cui
1762 945 1975 1002 commi-

390 1066 561 1110 scetur
592 1054 806 1128 (Jerem.
838 1068 915 1117 ιιι,
946 1050 1065 1117 20).

466 1147 668 1203 Deinde
694 1146 933 1216 sequitur
948 1153 1001 1199 ct
1026 1142 1174 1207 dicit,
1202 1138 1350 1206 Quod
1374 1138 1418 1192 si
1444 1137 1551 1207 ﬁlio
1579 1130 1979 1189 annominaverit

391 1258 539 1306 eain,
574 1240 849 1295 secundum
887 1236 1294 1305 justiﬁeationem
1330 1233 1552 1301 ﬁliarum
1594 1230 1742 1301 faciet
1782 1226 1843 1280 ei.
1882 1226 1982 1280 Hic

391 1334 504 1402 jam
545 1345 807 1402 apparere
845 1328 1029 1398 incipit
1065 1322 1511 1396 quemadmodum
1554 1333 1711 1387 supra
1751 1314 1976 1380 dixerit,

392 1440 546 1492 quam
590 1438 692 1475 non
725 1418 1089 1473 annominavit.
1132 1415 1264 1470 Nam
1305 1413 1429 1484 quid
1467 1420 1550 1467 est
1582 1409 1758 1475 aliud,
1796 1408 1841 1463 si
1874 1406 1980 1475 ﬁlio

399 1512 800 1570 annominaverit
819 1528 950 1577 eam,
974 1509 1073 1564 nisi
1102 1508 1210 1563 filio
1233 1504 1569 1575 conjunxerit
1586 1517 1702 1557 eam
1727 1496 1982 1554 uxorem?

395 1602 827 1676 quandoquidem
849 1602 994 1667 dicit,
1027 1599 1300 1654 secundum
1315 1596 1733 1670 justiﬁcationem
1758 1592 1983 1660 ﬁliarum

399 1699 547 1768 faciet
575 1696 647 1761 ei,
679 1694 731 1749 id
760 1702 875 1759 est,
909 1700 966 1747 ut
993 1692 1073 1745 sic
1099 1689 1273 1744 tradat
1302 1698 1547 1757 tanquam
1579 1685 1770 1749 tiliam,
1803 1682 1981 1737 dotem

399 1790 603 1844 scilicet
634 1801 911 1857 apponens
943 1785 1012 1841 ei.
1044 1781 1243 1838 Deinde
1271 1780 1536 1850 adjungit,
1577 1777 1726 1842 Quod
1758 1776 1802 1829 si
1829 1774 1986 1827 aliam

396 1882 610 1953 accipiet
650 1881 726 1947 ei,
764 1879 816 1935 id
846 1888 927 1934 est
954 1891 1059 1932 non
1089 1876 1242 1930 istam
1269 1869 1602 1942 deputaverit
1630 1882 1849 1923 uxorem
1880 1865 1986 1918 lilio

400 1990 502 2029 suo
517 2016 532 2040 ,
557 1973 653 2029 sed
674 1975 722 2028 ei
744 1973 902 2027 aliam
929 1968 1156 2039 accipiat
1178 1984 1192 2020 :
1214 1982 1327 2038 qua:
1345 1981 1471 2034 opus
1493 1970 1641 2025 sunt,
1669 1968 1715 2015 et
1737 1968 1917 2013 vestem
1940 1967 1987 2012 et

401 2065 826 2120 conversationem
847 2063 954 2134 ejus
982 2077 1082 2115 non
1106 2056 1399 2129 fraudabit;
1428 2053 1575 2109 dabit
1592 2052 1641 2107 ei
1669 2051 1825 2105 simili
1848 2050 1984 2119 lege,

403 2173 524 2227 qua:
547 2162 889 2224 competunt,
910 2150 1161 2222 quoniam
1193 2164 1299 2203 non
1326 2146 1520 2201 mansit
1539 2159 1674 2198 uxor
1700 2142 1808 2195 lilio
1834 2141 1949 2209 ejus
1968 2179 1983 2205 ,

405 2244 855 2316 quemadmodum
882 2242 928 2297 ei
955 2240 1135 2305 daret,
1166 2239 1211 2294 si
1240 2253 1355 2293 eam
1382 2235 1481 2291 sibi
1511 2250 1615 2288 non
1642 2231 1988 2287 annominas-

406 2348 522 2406 set,
550 2348 605 2394 et
633 2347 807 2393 tamen
834 2331 1238 2390 concumbendo
1264 2329 1609 2384 humiliasset.
1637 2323 1789 2393 Quod
1813 2331 1991 2385 autem

409 2445 510 2485 nos
545 2429 809 2495 diximus,
856 2423 1275 2480 conversationem
1313 2437 1414 2475 non
1458 2416 1742 2491 fraudabit,
1788 2430 1992 2486 graecus

408 2519 574 2575 habet
591 2525 801 2587 ὁμιλίαν,
828 2517 878 2572 id
898 2525 1000 2577 est.
1022 2514 1360 2577 locutionem,
1385 2525 1491 2582 quo
1510 2510 1724 2564 nomine
1748 2508 1994 2577 intelligi-

412 2623 501 2667 tur
532 2612 804 2681 Scriptura
842 2608 1117 2663 honestius
1151 2604 1419 2675 appellare
1456 2602 1813 2658 concubitum.
1858 2597 1991 2665 Quid

411 2710 500 2758 est
533 2711 743 2767 autem,
769 2696 1117 2754 Concubitum
1152 2710 1256 2749 non
1288 2691 1578 2758 lraudabit,
1608 2690 1709 2745 nisi
1738 2703 1837 2760 pro
1863 2703 1995 2744 con-

413 2791 595 2849 cubitu
620 2788 921 2845 mercedem
947 2786 1124 2842 dabit?
1146 2784 1383 2854 Namque
1406 2782 1544 2853 apud
1573 2780 1841 2836 Danielem
1868 2794 1997 2835 con-

415 2892 498 2937 tra
527 2883 823 2949 Susannam
852 2880 1041 2934 falsum
1069 2875 1428 2933 testimonium
1456 2872 1693 2929 dicentes
1721 2871 1961 2926 seniores
1979 2911 1996 2937 ,

425 2975 601 3041 Venit,
633 2975 905 3045 inquiunt,
932 2970 998 3024 ad
1020 2987 1129 3024 eam
1158 2968 1474 3033 adolescens,
1502 2965 1589 3036 qui
1611 2973 1718 3019 erat
1745 2962 1799 3021 in
1825 2961 2001 3017 latenti

417 3066 762 3129 absconditus,
795 3073 841 3117 et
867 3062 1131 3117 concubuit
1158 3076 1270 3113 cum
1292 3075 1369 3113 ea.
1400 3058 1581 3113 Daniel
1605 3066 1781 3111 autem
1805 3056 1873 3111 de
1898 3054 2002 3111 hoc

418 3161 536 3228 ipso
564 3158 916 3225 interrogans,
946 3154 1039 3219 ait,
1075 3151 1184 3206 Sub
1211 3167 1312 3221 qua
1336 3147 1514 3209 arbore
1539 3148 1707 3201 vidisti
1731 3162 1813 3201 eos
1838 3146 2000 3200 collo-

418 3241 624 3321 quentes
651 3262 670 3300 :
698 3245 838 3317 quod
868 3246 943 3301 illi
970 3244 1235 3309 dixerant,
1265 3240 1526 3297 concubuit
1551 3256 1665 3293 cum
1693 3256 1770 3293 ea.
1802 3239 2003 3293 Deinde

384 3394 397 3399 ,
418 3340 644 3393 alterum
675 3351 903 3406 arguens
926 3343 1085 3404 atque
1110 3333 1434 3389 convincens
1460 3331 1624 3395 dixit,
1652 3330 1839 3386 Semen
1862 3329 2001 3385 Cha-

418 3447 557 3484 naan
574 3470 589 3494 ,
616 3438 663 3483 et
689 3445 789 3482 non
813 3425 850 3481 J
853 3426 956 3481 uda
976 3468 991 3495 ,
1022 3426 1212 3497 species
1240 3424 1501 3478 delectavit
1525 3431 1602 3489 te,
1630 3432 1676 3475 et
1699 3422 1791 3476 illa
1818 3438 2002 3475 concu-

420 3520 665 3590 piscentia
703 3520 871 3573 evertit
907 3534 994 3571 cor
1020 3526 1159 3571 tuum
1189 3533 1203 3570 :
1232 3517 1303 3570 sic
1335 3515 1466 3569 enim
1503 3513 1763 3583 faciebatis
1804 3512 2004 3582 ﬁliabus

420 3610 609 3673 Israel,
638 3610 726 3664 sed
749 3610 855 3663 illa:
881 3609 1104 3662 timentes
1130 3605 1503 3678 acquiescebant
1529 3606 1664 3658 vobis
1693 3603 1852 3675 (Dan.
1882 3620 2000 3668 xm,

422 3702 512 3767 '57,
543 3700 757 3774 54-58).
798 3700 1015 3756 Grmcus
1052 3709 1227 3755 autem
1266 3698 1427 3753 habet
1452 3704 1651 3766 ὡμίλουν
1690 3702 1828 3763 opta,
1864 3697 2004 3766 quod

423 3801 609 3871 posset
639 3793 801 3847 latine
829 3791 1044 3846 verbum
1074 3806 1105 3846 e
1134 3790 1293 3844 verbo
1327 3788 1430 3843 dici
1451 3828 1465 3855 ,
1503 3787 1877 3856 Loqucbantur
1908 3802 2005 3841 vo-

424 3872 507 3942 bis
540 3906 554 3943 :
584 3902 689 3957 quo
714 3885 1098 3956 signiﬁcaretur
1121 3883 1450 3938 concubitus.
1496 3880 1629 3935 Nam
1666 3880 1754 3936 ubi
1786 3880 2001 3948 dicitur,

425 3981 537 4034 Sub
574 3998 673 4050 qua
709 3979 887 4033 arbore
925 3976 1370 4049 comprehendistis
1408 3992 1524 4041 eos,
1569 3990 1773 4045 grzecus
1811 3973 2003 4039 habet,

427 4071 919 4143 ,Comprehendistis
960 4085 1053 4125 eos
1089 4069 1455 4139 colloquentes
1491 4067 1716 4121 invicem
1757 4085 1770 4121 :
1810 4076 1863 4122 et
1903 4067 2008 4121 illic

429 4164 757 4235 signiﬁcatur
776 4162 1109 4218 concubitus.

499 4252 649 4343 Quod
677 4272 804 4323 ergo
825 4255 891 4310 de
920 4256 1018 4309 hac
1042 4254 1108 4309 de
1133 4268 1234 4325 qua
1260 4246 1432 4323 agitur
1451 4251 1687 4323 adjungit
1711 4251 2002 4320 Scriptura,

428 4356 482 4423 et
512 4342 666 4411 dicit,
699 4347 759 4401 Si
782 4354 947 4399 autem
970 4346 1066 4398 tria
1086 4345 1192 4398 [uec
1218 4361 1318 4397 non
1343 4344 1510 4413 fecerit
1540 4344 1614 4408 ei,
1642 4342 1793 4396 exibit
1820 4343 2005 4413 gratis,

430 4437 533 4493 hoc
562 4437 890 4507 intelligitur,
933 4435 989 4492 Si
1026 4451 1143 4492 eam
1174 4436 1287 4505 ipse
1312 4433 1593 4489 concubitu
1621 4448 1725 4488 non
1759 4432 2006 4487 humilia-

428 4529 583 4593 vcrit,
601 4543 770 4598 neque
789 4527 895 4581 lilio
918 4541 1015 4581 suo
1032 4526 1385 4594 conjunxerit,
1407 4538 1579 4593 neque
1594 4525 1695 4577 alia
1721 4538 1750 4577 a
1781 4523 1891 4578 tilio
1909 4537 2008 4577 suo

430 4622 587 4679 ducta
622 4623 776 4675 istam
805 4620 1052 4690 ejecerit,
1096 4618 1249 4672 abibit
1280 4616 1468 4689 gratis,
1509 4616 1561 4669 id
1598 4625 1680 4670 est
1706 4615 1934 4670 sufficiet
1960 4615 2008 4668 ei

429 4727 537 4767 non
564 4713 729 4767 teneri
754 4711 806 4766 in
829 4711 1101 4766 servitute.
1127 4710 1305 4765 Abibit
1324 4710 1465 4764 enim
1489 4706 1618 4762 nihil
1644 4707 1928 4775 accipiens,
1953 4714 2011 4760 ut

431 4818 617 4875 servus
638 4802 909 4857 Hebrzeus.
938 4801 1052 4857 Non
1074 4801 1214 4856 enim
1235 4800 1359 4854 licet
1382 4799 1597 4853 domino
1623 4797 1739 4866 ejus
1762 4798 2010 4866 copulare

432 4893 575 4967 illam
604 4893 718 4947 viro
748 4907 851 4947 non
884 4892 1105 4947 chrwo
1124 4934 1138 4957 ,
1167 4905 1324 4961 quam
1356 4904 1463 4943 non
1490 4888 1612 4942 licet
1641 4895 1838 4941 extera:
1865 4887 2008 4956 genti

432 4983 589 5038 tradi.
627 4984 681 5040 Si
703 4990 877 5038 autem
912 4998 1068 5037 servo
1106 4981 1329 5035 Hebraeo
1362 4995 1479 5035 eam
1515 4978 1872 5049 copulaverit,
1912 4977 2013 5033 hoc

431 5078 614 5147 utique
634 5075 959 5145 intelligitur,
988 5072 1127 5143 quod
1155 5088 1277 5127 cum
1306 5088 1371 5128 co
1396 5073 1560 5144 gratis
1586 5071 1781 5137 exibit,
1808 5086 2008 5141 nequa-

434 5182 593 5237 quam
617 5182 646 5220 a
676 5166 864 5219 marito
888 5171 1152 5232 separata.

502 5255 734 5311 LXXIX.
751 5255 849 5327 [1b.
872 5271 983 5321 nl,
1010 5250 1228 5325 12,15.]
1250 5252 1311 5307 Si
1324 5252 1436 5323 quis
1458 5252 1749 5321 percusserit
1771 5250 2009 5322 aliquem,

433 5360 480 5419 et
500 5360 723 5403 mortuus
745 5348 913 5419 fuerit,
936 5356 1095 5411 morte
1116 5347 1382 5400 moriatur.
1407 5344 1505 5410 Qui
1523 5354 1687 5398 autem
1707 5342 1902 5409 nolens,
1925 5344 2012 5396 sed

432 5441 569 5513 Deus
598 5440 805 5494 tradidit
840 5440 893 5493 in
938 5455 1117 5493 manus
1156 5439 1293 5509 ejus,
1328 5435 1456 5489 dabo
1484 5436 1569 5488 tibi
1598 5435 1763 5489 locum
1787 5436 1841 5487 in
1866 5450 2011 5504 quem

433 5534 615 5606 fugiat.
656 5531 921 5600 Quaeritur
948 5531 1049 5599 hoc
1076 5528 1342 5599 quomodo
1370 5528 1566 5581 dictum
1597 5528 1701 5593 sit,
1751 5526 1812 5581 Si
1847 5536 2013 5579 autem

432 5626 629 5690 nolens,
658 5624 746 5678 sed
773 5622 910 5678 Deus
933 5622 1138 5687 tradidit
1156 5622 1210 5687 in
1230 5635 1408 5673 manus
1433 5620 1545 5687 ejus
1566 5636 1585 5684 ;
1612 5619 1759 5688 quasi
1789 5618 1887 5673 etsi
1915 5633 2012 5671 vo-

433 5714 550 5769 lens
578 5714 864 5787 occiderit,
888 5720 1068 5784 posset
1090 5710 1362 5776 occidere,
1401 5708 1504 5763 nisi
1537 5709 1674 5763 Deus
1705 5707 1935 5763 traderet
1960 5709 2010 5762 in

429 5821 620 5866 manus
648 5806 782 5877 ejus.
812 5806 1124 5874 lntelligitur
1150 5817 1313 5875 ergo,
1340 5798 1707 5858 tantummodo
1735 5800 1897 5856 Deum
1927 5801 2007 5857 fe-

2079 754 2294 822 o'ccidit,
2324 763 2379 810 et
2405 754 2545 809 Deus
2573 752 2786 807 tradidit
2814 753 2866 806 in
2898 766 3085 805 manus
3109 749 3244 820 ejus.
3278 749 3388 804 Hoc
3416 763 3542 818 ergo
3573 749 3657 802 in-

2080 856 2266 912 terest,
2287 846 2427 921 quod
2446 845 2553 901 illic
2573 852 2774 899 tantum
2798 844 2940 898 Deus
2964 842 3085 898 fecit
3103 860 3115 895 :
3142 842 3226 897 hic
3244 850 3421 896 autem
3444 848 3498 896 et
3518 840 3661 895 Deus

2081 946 2137 993 et
2165 937 2346 1003 homo,
2376 944 2592 1007 propter
2616 934 2939 989 voluntatem
2968 931 3241 996 facientis;
3274 931 3367 987 sed
3395 946 3497 985 non
3525 931 3664 985 sicut

2082 1030 2224 1086 Deus
2254 1027 2434 1083 homo.
2468 1027 2610 1082 Deus
2649 1026 2791 1081 enim
2834 1025 3043 1081 nonnisi
3079 1024 3254 1094 juste,
3290 1022 3451 1079 homo
3486 1032 3663 1077 autem

2082 1137 2240 1194 poena
2266 1121 2455 1190 dignus
2488 1138 2501 1175 :
2526 1134 2634 1175 non
2661 1119 2781 1189 quia
2805 1118 2951 1181 illum
2978 1116 3171 1172 occidit
3196 1132 3351 1186 quem
3384 1116 3523 1170 Deus
3552 1114 3667 1169 nol-

2084 1217 2159 1272 let
2186 1215 2354 1272 occidi
2373 1256 2387 1281 ,
2420 1213 2513 1268 sed
2539 1213 2665 1283 quia
2684 1228 2778 1283 per
2806 1211 3156 1281 iniquitatem.
3184 1209 3299 1264 Non
3329 1209 3469 1262 enim
3502 1208 3662 1263 mini-

2086 1307 2305 1363 sterium
2336 1306 2447 1360 Deo
2479 1304 2686 1374 jubenti
2719 1302 2961 1373 praebuit,
2993 1301 3086 1356 sed
3112 1317 3220 1355 suae
3247 1301 3491 1370 maligna‘.
3516 1300 3666 1369 cupi-

2085 1398 2236 1454 ditati
2271 1396 2506 1452 servivit.
2542 1395 2599 1450 In
2638 1410 2742 1449 uno
2773 1394 2930 1463 igitur
2956 1392 3247 1465 eodemque
3276 1390 3415 1446 facto
3445 1398 3499 1446 et
3529 1391 3668 1445 Deus

2086 1493 2152 1548 de
2178 1493 2381 1548 occulta
2411 1493 2659 1561 aequitate
2688 1489 2951 1555 laudatur,
2984 1498 3037 1542 et
3057 1487 3214 1549 homo
3238 1484 3305 1541 de
3332 1486 3540 1555 propria
3564 1485 3667 1538 ini-

2086 1584 2287 1655 quitate
2327 1584 2560 1653 punitur.
2600 1582 2715 1637 Non
2752 1580 2891 1635 enim
2935 1579 3056 1648 quia
3092 1578 3231 1632 Deus
3284 1577 3498 1646 proprio
3534 1574 3671 1629 Filio

2090 1692 2193 1730 non
2223 1675 2489 1745 pepercit,
2529 1673 2623 1728 sed
2663 1686 2758 1741 pro
2796 1669 2950 1724 nobis
2986 1667 3230 1722 omnibus
3270 1666 3485 1720 tradidit
3524 1665 3670 1718 illum

2091 1768 2265 1841 (Rom.
2294 1784 2406 1835 vin,
2434 1767 2547 1836 52).
2581 1766 2701 1821 ideo
2738 1762 2902 1819 Iudas
2931 1769 3211 1817 excusatus
3239 1768 3354 1823 est,
3394 1759 3483 1829 qui
3518 1773 3672 1813 eum-

2091 1861 2209 1915 dem
2241 1858 2304 1913 ad
2338 1867 2563 1912 mortem
2588 1855 2803 1911 tradidit
2825 1854 3113 1909 Christum.
3143 1850 3353 1922 (Matth.
3383 1865 3528 1912 xxvi,
3555 1848 3671 1917 48).

2161 1948 2373 2005 LXXX.
2396 1948 2493 2021 [11).
2516 1964 2629 2014 XXI,
2649 1944 2860 2017 22-25.]
2880 1946 2939 2000 Si
2960 1953 3123 1997 autent
3149 1944 3410 2013 litigabunt
3435 1941 3535 1994 duo
3558 1941 3673 2006 vin,

2093 2045 2138 2092 et
2167 2038 2498 2108 percusserint
2526 2037 2785 2092 mulierem
2814 2035 2866 2088 in
2895 2044 3035 2088 utero
3065 2033 3328 2086 habentem
3356 2032 3396 2098 ³,
3427 2039 3473 2084 et
3501 2031 3677 2084 exierit

2093 2128 2263 2197 infans
2305 2130 2413 2198 ejus
2460 2127 2686 2182 nondum
2724 2128 2999 2197 formatus;
3050 2124 3401 2198 detrimentum
3439 2121 3679 2192 patietur,
3724 2122 3729 2127 ’

2094 2192 2339 2288 quantum
2356 2218 2594 2272 indixerit
2609 2218 2685 2271 vir
2703 2192 2948 2280 mulieris,
2972 2224 3017 2268 et
3037 2212 3174 2267 dabit
3189 2229 3302 2266 cum
3322 2192 3677 2283 piostulatione.

2096 2308 2221 2364 Mihi
2258 2308 2465 2364 videtur
2497 2306 2898 2379 signiﬁcationis
2931 2305 3153 2374 alicujus
3186 2317 3344 2359 causa
3388 2302 3490 2356 dici
3530 2301 3676 2365 haec,

2096 2400 2265 2470 magis
2302 2414 2458 2470 quam
2501 2400 2825 2468 Scripturam
2855 2397 2996 2451 circa
3022 2392 3323 2465 hujusmodi
3354 2392 3493 2449 facta
3522 2407 3681 2447 occu-

2096 2502 2296 2562 patam.
2334 2492 2463 2547 Nam
2492 2493 2536 2547 si
2585 2490 2715 2546 illud
2743 2488 3061 2555 attenderet,
3090 2502 3157 2551 ne
3186 2500 3463 2557 prmgnans
3492 2484 3683 2541 mulier

2099 2599 2349 2655 percussa
2374 2584 2428 2639 in
2449 2584 2691 2638 abortum
2716 2581 3144 2651 compelleretur,
3175 2593 3279 2633 non
3306 2586 3529 2647 poneret
3547 2576 3681 2631 duos

2099 2675 2365 2746 litigantes
2386 2676 2546 2738 viros,
2575 2690 2694 2729 cum
2723 2673 2887 2743 possit
2913 2680 2966 2727 ct
2994 2672 3060 2725 ab
3085 2686 3191 2725 uno
3220 2669 3321 2723 hoc
3341 2668 3566 2735 admitti,
3590 2668 3683 2738 qui

2100 2782 2222 2823 cum
2251 2767 2362 2836 ipsa
2384 2766 2602 2822 muliere
2623 2764 2924 2834 littgaverit,
2952 2762 3033 2817 vel
3060 2761 3219 2817 etiam
3246 2774 3352 2815 non
3378 2759 3682 2828 litigaverit,

2101 2858 2195 2915 sed
2223 2858 2411 2913 alienae
2441 2854 2742 2927 posteritati
2772 2868 2965 2909 nocere
2983 2851 3210 2908 volendo
3232 2851 3281 2906 id
3304 2850 3507 2905 fecerit.
3531 2847 3685 2916 Quod

2102 2963 2231 3003 vero
2262 2944 2366 3025 nm)
2396 2946 2675 3001 formatum
2702 2942 3040 3015 puerperium
3063 2942 3233 2996 noluit
3254 2940 3319 2996 ad
3341 2939 3684 3015 homicidium

2108 3020 2391 3111 pertineFe,
2421 3036 2660 3108 profecto
2689 3051 2788 3092 nec
2816 3035 3083 3091 hominem
3113 3022 3387 3103 deputavit
3413 3020 3553 3102 quod
3584 3024 3721 3084 tale“

2106 3133 2158 3187 in
2189 3140 2340 3187 utero
2374 3131 2592 3201 geritur.
2633 3128 2730 3183 Hic
2756 3127 2823 3183 de
2851 3141 3025 3181 anima
3053 3124 3274 3196 qumslio
3303 3123 3438 3179 solet
3466 3120 3685 3192 agitari,

2107 3232 2281 3279 utrum
2308 3221 2449 3293 quod
2475 3221 2758 3277 formatum
2788 3234 2893 3273 non
2914 3226 3029 3286 est,
3060 3232 3127 3271 ne
3159 3216 3447 3277 animatum
3475 3212 3690 3285 quidem

2106 3314 2274 3385 possit
2297 3312 2515 3383 intelligi
2538 3353 2552 3376 ,
2584 3320 2637 3366 et
2662 3310 2783 3369 ideo
2809 3324 2913 3364 non
2942 3309 3011 3364 sit
3035 3306 3376 3363 homicidium
3398 3348 3413 3373 ,
3440 3306 3559 3376 quia
3591 3319 3693 3360 nec

2108 3407 2465 3461 examinatum
2496 3404 2603 3461 dici
2631 3411 2833 3474 potest,
2867 3402 2910 3456 si
2940 3400 3113 3456 adhuc
3139 3399 3367 3454 animam
3400 3412 3503 3451 non
3531 3396 3695 3450 habe-

2109 3501 2218 3555 bat.
2245 3499 2494 3571 Sequitur
2512 3498 2652 3554 cnim
2681 3504 2735 3552 et
2760 3495 2909 3562 dicit,
2936 3493 2996 3549 Si
3025 3502 3191 3547 autent
3220 3495 3489 3564 formatum
3518 3492 3689 3559 fuerit,

2110 3591 2249 3645 dabit
2286 3591 2507 3645 animam
2544 3605 2636 3657 pro
2670 3588 2858 3641 anima.
2891 3586 2988 3643 Ubi
3021 3585 3145 3655 quid
3181 3583 3324 3638 aliud
3361 3582 3686 3651 intelligitur,

2112 3684 2213 3739 nisi
2233 3726 2248 3752 ,
2278 3691 2333 3738 et
2358 3682 2471 3752 ipse
2495 3681 2783 3737 morietur?
2820 3680 2950 3735 Nam
2979 3680 3081 3735 hoc
3104 3688 3158 3733 et
3186 3678 3237 3731 in
3268 3675 3478 3732 caeteris
3501 3691 3565 3731 ex
3593 3675 3697 3729 hac

2111 3775 2389 3831 occasione
2406 3774 2513 3844 jam
2540 3773 2795 3843 praecipit,
2824 3771 3039 3826 Oculum
3070 3787 3160 3841 pro
3184 3770 3348 3836 oculo,
3372 3768 3567 3822 dentem
3599 3784 3692 3837 pro

2111 3865 2275 3931 dente,
2298 3881 2501 3918 manum
2525 3880 2613 3935 pro
2635 3880 2806 3929 manu,
2828 3862 2999 3932 pedem
3024 3878 3113 3931 pro
3136 3860 3279 3932 pede,
3303 3860 3694 3914 combustionem

2113 3973 2205 4029 pro
2228 3956 2585 4017 combustioue,
2614 3954 2793 4009 vulnus
2814 3970 2904 4024 pro
2926 3952 3146 4019 vulnere,
3166 3952 3367 4005 livorem
3394 3966 3484 4020 pro
3506 3950 3658 4007 livore
3677 3964 3698 4002 :

2114 4046 2325 4101 talionis
2350 4044 2599 4100 videlicet
2625 4044 2891 4114 mquitatc.
2932 4042 3061 4109 Qua:
3100 4042 3211 4103 Lex
3247 4041 3365 4096 ideo
3392 4040 3693 4105 constituit,

2113 4146 2172 4191 ut
2194 4135 2586 4192 demonstraret
2604 4150 2719 4205 quae
2744 4133 2973 4191 vindicta
2999 4133 3271 4189 debeatur.
3299 4131 3408 4187 Nisi
3437 4131 3576 4189 enim
3601 4145 3695 4199 per

2113 4226 2308 4297 Legem
2328 4226 2553 4281 sciretur
2573 4225 2694 4295 quid
2720 4225 2963 4280 vindictzc
2985 4225 3286 4288 deberetur,
3310 4223 3449 4277 unde
3472 4222 3698 4276 sciretur

2114 4318 2239 4389 quid
2269 4318 2732 4384 veniarclaxarct,
2766 4326 2823 4369 ut
2850 4316 2951 4369 dici
2984 4323 3183 4384 posset,
3220 4313 3423 4365 Dimitte
3448 4312 3588 4366 nobis
3610 4312 3699 4363 de-

2113 4410 2214 4475 bita
2241 4418 2412 4463 nostra
2429 4448 2445 4474 ,
2485 4408 2611 4462 sicut
2637 4415 2683 4461 et
2710 4423 2801 4460 nos
2827 4405 3120 4459 dimittimus
3147 4403 3449 4457 debitoribus
3474 4402 3695 4467 nostris?

2118 4496 2227 4570 (Id.
2265 4514 2352 4564 γι,
2381 4495 2493 4569 l2.)
2535 4496 2820 4555 Debitores,
2852 4495 3009 4564 igitur
3041 4493 3181 4563 Lege
3222 4500 3604 4556 monstrantur,
3640 4501 3698 4544 ut

2114 4587 2326 4660 quando
2367 4586 2658 4658 ignoscitur
2699 4592 2951 4655 appareat
2990 4584 3115 4654 quid
3156 4583 3469 4637 dimittatur.
3514 4581 3697 4651 Neque

2114 4679 2255 4734 enim
2284 4678 2459 4733 debita
2488 4676 2877 4735 dimitteremus
2898 4716 2911 4738 ,
2952 4674 3052 4729 nisi
3080 4673 3204 4744 quid
3235 4673 3388 4727 nobis
3413 4672 3699 4737 deberetur

2114 4770 2255 4841 Lege
2281 4769 2451 4833 indice
2472 4767 2817 4823 disceremus.
2842 4764 2897 4820 Si
2923 4780 3049 4834 ergo
3070 4764 3197 4819 illud
3220 4763 3446 4820 informe
3475 4779 3699 4833 puerpe-

2115 4840 2250 4917 rium
2276 4861 2386 4930 jam
2416 4858 2627 4928 quidem
2658 4857 2815 4913 fuerit
2834 4898 2848 4922 ,
2877 4855 2971 4911 sed
2996 4855 3170 4911 adhuc
3199 4854 3591 4927 quodammodo
3620 4840 3699 4907 in-

2115 4951 2358 5008 formiter
2380 4950 2667 5007 animatum
2691 4947 2959 5021 (quoniam
2984 4962 3169 5018 magna
3193 4946 3260 5001 de
3280 4948 3453 5000 anima
3474 4947 3699 5016 quaestio

2116 5058 2222 5109 non
2241 5053 2322 5099 est
2338 5041 2712 5113 praecipitando
2734 5040 3043 5096 indiscussa:
3061 5038 3357 5094 temeritate
3377 5036 3696 5109 sententia),

2116 5136 2238 5191 ideo
2272 5135 2382 5190 Lex
2415 5136 2581 5191 noluit
2611 5134 2679 5191 ad
2707 5132 3051 5189 homicidium
3082 5130 3381 5201 pertinere,
3413 5130 3534 5198 quia
3560 5145 3693 5197 nou-

2117 5229 2243 5284 dum
2275 5229 2377 5284 dici
2408 5236 2581 5299 potest
2609 5228 2781 5281 anima
2809 5228 2925 5281 viva
2957 5227 3010 5280 in
3034 5240 3099 5281 eo
3123 5238 3347 5294 corpore
3370 5222 3509 5293 quod
3539 5238 3700 5277 sensu

2118 5332 2301 5387 caret,
2333 5323 2377 5376 si
2409 5322 2527 5376 talis
2552 5328 2633 5375 est
2663 5320 2714 5372 in
2747 5334 2909 5373 carne
2938 5317 3169 5371 nondum
3200 5315 3422 5379 formata
3442 5356 3456 5379 ,
3499 5325 3550 5367 et
3581 5314 3700 5367 ideo

2119 5412 2353 5467 nondum
2376 5410 2616 5465 sensibus
2641 5407 2883 5478 praedita.
2911 5407 3059 5473 Quod
3087 5416 3263 5467 autem
3290 5405 3443 5473 dixit,
3473 5404 3539 5458 Et
3564 5405 3701 5467 dabit

2120 5523 2231 5560 cum
2263 5504 2596 5576 postulatione
2621 5502 2763 5574 quod
2791 5502 3012 5562 maritus
3051 5502 3311 5567 mulieris,
3356 5500 3565 5554 informi
3607 5514 3701 5554 ex-

2184 5625 2199 5652 ι
2228 5626 2294 5669 tta
2316 5617 2531 5668 melioris
2552 5624 2679 5667 notae
2717 5626 2822 5665 MSS.
2843 5617 2993 5679 juxta
3020 5621 3147 5679 LXX,
3186 5622 3236 5663 et
3276 5598 3524 5679 syriacam,
3569 5612 3701 5679 chalg

2118 5682 2316 5740 daicam,
2340 5681 2673 5740 samaritanam
2714 5676 2863 5740 atque
2901 5676 3451 5740 arabicam‘versioaem.
3490 5684 3546 5740 At
3584 5676 3702 5740 editi

2116 5737 2369 5855 g’erunt,'et
2392 5739 2678 5805 percusserit
2698 5737 2806 5804 quis
2839 5738 3089 5788 mulierem
3116 5739 3261 5802 fetum
3282 5737 3333 5789 in
3370 5744 3506 5803 utero
3526 5737 3689 5787 haben~

2135 5818 2227 5854 em,
