4094 6528
399 399 583 461 827,

396 519 570 585 cluso,
598 517 826 574 dandum
854 520 1208 587 constituerit,
1240 538 1344 577 non
1368 531 1449 577 est
1474 522 1524 577 in
1548 528 1793 592 promptu
1820 515 1980 572 intel-

395 611 563 682 ligere
591 629 605 668 :
631 614 820 681 ἀξίωμα
852 612 1045 683 quippe
1064 655 1079 680 ,
1107 614 1248 684 quod
1278 630 1481 684 graecus
1507 613 1664 669 habet
1683 653 1698 677 ,
1739 609 1979 682 pluribus

396 702 570 758 modis
614 702 957 775 intelligitur,
1015 712 1069 759 et
1123 694 1453 759 tolerabilius
1494 720 1607 757 cum
1646 700 1980 771 postulatione

396 794 599 851 dictum
643 805 758 865 est,
800 811 957 868 quam
986 795 1029 851 si
1060 794 1201 850 aliud
1228 795 1512 851 diceretur.
1542 793 1806 848 Fortassis
1833 792 1975 848 enim

394 889 683 961 postulabit
711 898 764 945 ut
784 888 894 957 det,
920 899 973 944 ut
994 905 1059 945 eo
1080 889 1238 944 modo
1255 889 1270 919 ί
1294 889 1420 943 satis
1443 888 1551 943 Deo
1569 886 1745 954 faciat,
1768 883 1974 941 etiamsi

396 982 624 1037 maritus
651 981 914 1037 mulierve
944 996 1047 1035 non
1072 990 1304 1050 eXpetat.

464 1073 702 1129 LXXXI.
745 1072 843 1148 [Ib.
886 1089 1023 1141 xxr,
1055 1070 1171 1146 28.]
1191 1072 1251 1127 Si
1287 1082 1452 1126 autem
1490 1087 1645 1125 cornu
1682 1066 1977 1140 percusserit

392 1174 571 1220 taurus
595 1166 754 1219 virum
779 1177 865 1218 aut
895 1165 1173 1231 mulierem,
1203 1175 1248 1218 et
1273 1172 1497 1218 mortuus
1522 1163 1695 1236 fuerit,
1723 1159 1975 1231 lapidibus

393 1254 701 1326 lapidabitur
730 1265 933 1323 taurus,
964 1265 1010 1311 et
1040 1272 1140 1309 non
1170 1255 1605 1309 manducabuntur
1628 1269 1801 1307 carnes
1826 1253 1974 1323 ejus;

390 1345 626 1401 dominus
652 1355 821 1399 autem
849 1346 983 1399 tauri
1007 1345 1242 1399 innocens
1269 1346 1380 1399 erit.
1413 1344 1493 1399 Ad
1517 1343 1772 1414 justitiam
1804 1340 1973 1412 perti-

390 1444 484 1490 net
510 1445 571 1491 ut
598 1436 798 1491 animal
828 1436 1131 1490 hominibus
1157 1436 1372 1490 noxium
1400 1436 1713 1506 perimatur,
1751 1443 1804 1489 et
1831 1432 1972 1503 quod

389 1525 458 1581 de
483 1534 632 1581 tauro
657 1527 887 1596 positum
908 1534 1011 1594 est,
1035 1542 1065 1581 a
1087 1534 1234 1596 parte
1256 1536 1427 1581 totum
1448 1524 1844 1594 intelligendum
1865 1532 1968 1591 est,

388 1615 642 1688 quidquid
675 1617 726 1671 in
756 1618 1036 1688 pecoribus
1059 1617 1180 1673 usui
1210 1617 1440 1672 humano
1466 1616 1691 1672 subditis
1722 1614 1969 1670 infestum

340 1749 346 1753 ι
389 1720 472 1764 est
502 1707 823 1763 hominibus.
850 1708 955 1764 Sed
981 1708 1028 1763 si
1052 1723 1274 1763 necesse
1293 1715 1372 1762 est
1393 1706 1585 1774 occidi,
1616 1705 1868 1775 numquid
1895 1705 1972 1759 la—

386 1800 597 1871 pidari?
622 1799 759 1869 Quid
788 1800 1010 1856 interest
1037 1800 1177 1856 enim
1207 1799 1424 1863 animal,
1455 1799 1595 1869 quod
1622 1797 1969 1853 auferendum

388 1900 503 1959 est,
535 1905 637 1962 qua
666 1899 836 1946 morte
861 1889 1161 1945 auferatur?
1190 1872 1388 1945 Deinde
1417 1888 1557 1959 quod
1587 1887 1817 1955 addidit,
1847 1902 1968 1943 car-

384 1982 544 2038 nibus
576 1981 690 2052 ejus
719 1997 826 2037 non
861 1996 982 2037 esse
1014 1981 1335 2037 vescendum
1356 2022 1371 2046 ,
1412 1994 1518 2051 quo
1558 1980 1821 2051 pertinet,
1866 1979 1968 2034 nisi

387 2071 566 2126 omnia
597 2072 695 2127 ista
717 2071 1016 2142 significent
1038 2071 1254 2142 aliquid,
1281 2070 1422 2142 quod
1448 2069 1719 2141 Scriptura
1740 2070 1969 2125 maxime

385 2160 522 2216 solet
550 2160 785 2216 intueri?

456 2249 711 2308 LXXXII.
737 2251 833 2326 [11).
869 2267 997 2319 xxt,
1034 2250 1147 2325 55.]
1179 2251 1242 2308 Si
1270 2260 1437 2306 autem
1475 2269 1631 2306 cornu
1673 2252 1969 2322 percusserit

381 2341 603 2414 alicujus
632 2352 809 2397 taurus
839 2350 1041 2396 taurum
1065 2343 1303 2415 proximi,
1331 2352 1378 2397 et
1406 2352 1628 2398 mortuus
1657 2343 1825 2416 fuerit,
1850 2360 1969 2397 ven-

382 2441 502 2488 dent
527 2443 726 2488 taurum
752 2435 915 2488 vivum
934 2476 951 2503 ,
983 2444 1030 2488 et
1059 2435 1339 2506 partientur
1364 2437 1577 2507 pretium
1602 2438 1740 2506 ejus,
1780 2444 1827 2490 et
1853 2443 1967 2489 tau-

379 2539 494 2578 rum
521 2524 608 2596 qui
634 2534 861 2579 mortuus
886 2524 1039 2596 fuerit
1066 2526 1442 2595 dispertientur.
1472 2526 1736 2597 Numquid
1770 2527 1821 2582 in
1850 2528 1965 2582 solo

379 2623 534 2671 tauro
564 2616 677 2672 litec
700 2616 1013 2685 justiticatio
1035 2616 1292 2671 servanda
1328 2625 1443 2683 est,
1489 2626 1543 2672 et
1576 2633 1682 2672 non
1714 2617 1781 2672 de
1817 2617 1964 2673 omni

376 2706 559 2776 pecori
581 2707 633 2762 in
664 2706 751 2762 tali
776 2707 943 2762 casu?
972 2707 1174 2763 Poinde
1193 2722 1222 2761 a
1244 2716 1393 2777 parte
1415 2718 1579 2762 totum
1603 2717 1656 2764 et
1676 2707 1781 2763 hoc
1809 2710 1965 2764 intel-

378 2794 651 2867 ligendum
676 2807 794 2852 est:
822 2796 914 2852 sed
941 2796 1041 2851 hoc
1065 2796 1132 2853 de
1153 2798 1401 2852 carnibus
1427 2797 1588 2853 occisi
1615 2798 1823 2868 pecoris
1850 2798 1962 2854 ﬁeri

328 2922 333 2927 -
377 2903 487 2943 non
511 2897 711 2959 potest,
745 2903 863 2959 quae
888 2902 993 2942 non
1021 2896 1328 2943 vescuntur.

448 2974 736 3033 LXXXIII.
769 2975 869 3051 [11).
900 2993 1044 3046 xxu,
1075 2976 1152 3051 1.]
1180 2978 1631 3048 ρυίιξῇειειίίίριιιίο
1663 2986 1746 3033 est
1772 2986 1830 3033 ut
1867 2994 1962 3048 pro

377 3066 545 3122 vitulo
566 3082 671 3122 uno
690 3068 922 3138 quinque
944 3068 1250 3133 reddantur,
1277 3084 1371 3139 pro
1391 3085 1491 3125 ove
1513 3078 1691 3125 autem
1713 3079 1958 3139 quatuor,

376 3159 480 3215 nisi
509 3158 708 3230 aliquid
737 3160 1036 3231 significare
1060 3160 1419 3231 intelligatur?

328 3254 331 3255 ⁷
449 3249 733 3306 LXXXIV.
766 3249 864 3325 [lb.
891 3267 1021 3320 xxii,
1044 3250 1126 3325 2.]
1140 3251 1200 3307 Si
1227 3261 1394 3307 autem
1424 3252 1709 3324 perfodiens
1731 3252 1962 3307 inventus

375 3344 527 3418 fuerit
554 3347 642 3416 [ur
660 3387 676 3412 ,
707 3352 754 3398 et
783 3361 1045 3415 percussus
1070 3354 1296 3398 mortuus
1322 3344 1506 3416 fuerit,
1536 3360 1635 3399 non
1660 3353 1733 3398 est
1760 3342 1839 3398 illi
1865 3344 1959 3398 ho-

373 3436 655 3492 micidium.
684 3435 745 3491 Si
772 3444 939 3490 autem
962 3434 1150 3490 orietur
1172 3435 1249 3490 sol
1266 3451 1418 3507 super
1435 3451 1570 3502 eum,
1601 3451 1714 3490 reus
1734 3445 1842 3499 est;
1866 3450 1960 3507 pro

373 3534 530 3581 morte
555 3526 797 3581 morietur
816 3526 859 3579 ’.
890 3524 1204 3596 intelligitur
1239 3540 1367 3596 ergo
1403 3532 1531 3580 tunc
1560 3539 1663 3579 non
1692 3524 1960 3594 pertinere

370 3616 440 3671 ad
466 3616 805 3671 homicidium
827 3658 842 3684 ,
870 3616 914 3670 si
946 3615 1030 3670 fur
1065 3625 1353 3671 nocturnus
1379 3616 1638 3671 occiditur
1666 3634 1680 3670 :
1711 3617 1755 3670 si
1781 3625 1957 3670 autem

372 3705 629 3770 diurnus,
664 3707 944 3776 pertinere.
976 3705 1087 3760 IIoc
1110 3714 1193 3761 est
1242 3706 1382 3761 enim
1410 3707 1551 3776 quod
1577 3706 1669 3771 ait,
1701 3706 1745 3760 si
1770 3707 1959 3760 orietur

370 3798 454 3852 sol
477 3813 626 3867 super
653 3811 787 3850 eum.
833 3796 1045 3852 Poterat
1089 3797 1284 3866 quippe
1323 3796 1552 3851 discerni
1595 3796 1737 3866 quod
1776 3797 1842 3851 ad
1871 3796 1955 3850 fu-

369 3886 597 3943 randum
618 3929 633 3953 ,
677 3903 785 3942 non
826 3888 893 3944 ad
931 3886 1280 3944 occidendum
1320 3890 1584 3955 venisset,
1615 3895 1669 3943 et
1704 3888 1822 3943 ideo
1851 3903 1958 3943 non

370 3980 595 4037 deberet
613 3979 800 4035 occidi.
834 3980 945 4035 Hoc
968 3989 1021 4035 et
1042 3982 1092 4034 in
1115 3979 1319 4049 legibus
1341 3980 1569 4050 antiquis
1593 3979 1666 4053 (a)
1690 3980 1960 4035 surculari-

367 4073 493 4140 bus,
515 4071 706 4143 quibus
731 4080 904 4126 tamen
928 4071 1026 4125 ista
1048 4080 1129 4125 est
1143 4070 1426 4140 antiquior,
1441 4070 1724 4136 invenitur,
1741 4071 1957 4141 impune

369 4162 541 4219 occidi
570 4172 885 4218 nocturnum
915 4162 1084 4218 furem
1115 4178 1327 4233 quoque
1357 4163 1516 4217 modo
1539 4206 1554 4230 ,
1582 4163 1831 4218 diurnum
1857 4180 1955 4219 au-

366 4264 478 4312 tem
499 4256 542 4310 si
565 4270 625 4311 se
646 4256 753 4310 telo
778 4254 1071 4310 defenderit
1096 4273 1110 4308 :
1129 4255 1237 4324 jam
1271 4256 1411 4309 enim
1433 4255 1548 4324 plus
1566 4265 1645 4309 est
1668 4271 1826 4325 quam
1847 4254 1951 4309 fur.

439 4343 701 4404 LXXXV.
734 4345 836 4421 [11).
861 4364 993 4413 xxu,
1018 4346 1096 4420 9.]
1123 4346 1259 4414 Quid
1284 4355 1386 4410 est,
1416 4348 1503 4417 qui
1517 4348 1767 4402 convictus
1803 4349 1956 4417 fuerit

365 4453 457 4508 per
484 4436 679 4505 Deum,
719 4439 943 4492 restituet
973 4437 1167 4507 duplo;
1211 4438 1310 4492 nisi
1352 4438 1475 4508 quia
1517 4438 1630 4492 vult
1672 4439 1811 4493 Deus
1851 4440 1952 4493 ali-

363 4528 581 4599 quando
611 4530 759 4599 signo
783 4529 907 4584 dato
935 4528 1161 4598 prodere
1190 4528 1553 4598 pejerantem?

436 4617 724 4674 LXXXVI.
756 4617 855 4691 [Ib.
880 4635 1010 4685 xxii,
1030 4617 1147 4692 28.]
1179 4617 1309 4674 Deos
1329 4637 1429 4674 non
1449 4618 1953 4688 maledices.Qua2ri-

365 4719 451 4764 tur
476 4724 609 4780 quos
630 4709 822 4765 dixerit
837 4710 971 4767 deos
989 4720 1192 4772 :utrum
1214 4712 1478 4781 principes
1500 4712 1588 4782 qui
1609 4711 1955 4783 judicantpo-

366 4803 548 4874 pulum
567 4845 581 4868 ,
612 4803 748 4860 sicut
772 4804 970 4858 dictum
998 4814 1076 4859 est
1109 4804 1175 4860 de
1202 4805 1410 4877 Moyse,
1436 4804 1577 4876 quod
1606 4806 1760 4861 datus
1781 4804 1955 4862 fuerat

364 4894 497 4949 deus
523 4893 784 4948 Pharaoai
814 4893 1004 4968 (Exod.
1031 4909 1129 4961 vu,
1155 4894 1207 4967 1)
1240 4913 1254 4950 :
1282 4904 1337 4949 ut
1364 4912 1456 4965 per
1479 4897 1860 4965 expositionem
1884 4897 1954 4953 sit

364 4983 564 5039 dictum
596 4983 735 5055 quod
762 4984 1031 5053 sequitur,
1066 4984 1210 5039 velut
1233 4985 1560 5040 ostendendo
1588 5002 1723 5056 quos
1756 4986 1954 5042 dixerit

364 5075 526 5143 deos,
554 5074 642 5131 ubi
670 5076 776 5140 ait,
809 5073 875 5128 Et
901 5073 1177 5146 principem
1205 5075 1380 5146 populi
1407 5076 1480 5128 tui
1512 5092 1612 5129 non
1641 5076 1908 5131 maledices
1930 5091 1950 5130 :

364 5165 507 5238 quod
528 5180 735 5237 graicus
756 5165 936 5234 habet,
955 5182 1055 5220 non
1078 5166 1212 5220 dices
1235 5165 1382 5220 male.
1408 5169 1487 5219 An
1509 5166 1797 5223 secundum
1820 5165 1949 5221 illud

1227 5295 1417 5347 stulabit
1439 5301 1489 5347 ut
1512 5296 1573 5348 de
1595 5310 1650 5349 eo
1670 5296 1827 5347 nwdo.
1848 5304 1948 5347 nat.

427 5297 447 5329 ⁸
472 5296 714 5347 Ediuones
728 5303 829 5346 Am.
848 5302 921 5347 Er.
947 5303 1002 5348 et
1019 5296 1417 5408 inv-.ﬁstulabt't
1439 5301 1489 5347 ut
1512 5296 1575 5371 de
1595 5310 1650 5349 eo
1670 5296 1827 5347 nwdo.
1848 5304 1946 5347 nat.

440 5365 633 5422 septem
654 5364 781 5419 Mss,
1069 5364 1120 5422 ut
1239 5370 1297 5409 eo
1314 5358 1475 5409 modo.
1493 5358 1580 5422 .Alu
1603 5360 1819 5422 quinque
1842 5366 1946 5408 Mss.

363 5364 419 5409 et
440 5365 633 5430 septem
654 5364 781 5419 Msa,
1069 5364 1120 5430 ut

360 5417 529 5531 maia
548 5417 972 5531 uotae,
994 5426 1047 5471 ut
1079 5420 1179 5481 det,
1215 5425 1267 5470 ut
1300 5432 1356 5471 eo
1588 5417 1753 5491 Forte
1773 5418 1952 5483 legen-

479 5515 496 5532 .
519 5479 704 5532 postulo
791 5481 944 5532 rudes:
958 5488 1009 5532 ut
1030 5494 1089 5532 eo
1105 5481 1262 5532 modo.
1282 5488 1351 5530 An
1373 5488 1531 5532 notius
1547 5488 1808 5532 negatione
1825 5493 1951 5532 ora:-

362 5487 496 5543 dum,
519 5487 771 5545 postulabit
781 5487 944 5542 judea:
958 5488 1009 5532 ut
1030 5494 1089 5533 eo
1105 5487 1262 5532 modo.
1282 5488 1351 5530 An
1373 5487 1531 5544 potius
1547 5487 1808 5546 negatione
1821 5493 1924 5545 pra:

362 5540 477 5608 lixa,
499 5554 593 5593 non
615 5540 869 5608 postulabit
885 5549 936 5593 ut
959 5542 1058 5603 det,
1081 5549 1210 5608 ut_eo
1231 5543 1390 5603 modo,
1417 5543 1549 5594 etc.?

425 5576 1817 5678 inore.
1848 5614 1950 5673 e-

360 5666 515 5716 rtetur
541 5676 560 5717 :
583 5665 634 5715 id
654 5671 735 5716 est
755 5666 964 5717 vicissim
979 5666 1121 5729 juxta
1140 5678 1291 5729 graec.
1314 5672 1445 5727 Lxx,

426 5745 502 5812 (ᾳ)
521 5747 712 5812 scilicet
729 5747 782 5797 in
801 5746 1089 5812 xu'rabulis,
1107 5760 1139 5798 θ
1157 5749 1334 5812 quibus
1348 5749 1455 5800 haec
1475 5750 1578 5812 ipsa
1598 5747 1682 5800 lex
1706 5746 1952 5812 profertur

374 5816 401 5857 ι
418 5807 649 5864 diuit-one
670 5811 724 5862 in
750 5816 881 5861 orat.
903 5821 992 5875 pro
1008 5807 1195 5896 titione:
1492 5807 1508 5812 ’
1706 5807 1724 5812 “
1816 5858 1826 5865 .

1201 406 1661 477 QUESTIONUM
1697 406 1753 461 s.
1795 399 2162 458 AUGUSTINI
2196 404 2263 459 tu
2300 404 2858 468 HEPTATEUCHUM
2952 432 2957 439 ν

3560 418 3673 477 628

2085 518 2444 589 accipiendum
2459 530 2567 590 est,
2590 524 2730 593 quod
2749 525 3031 595 Apostolus
3048 526 3144 595 ait,
3165 525 3301 584 Nam
3328 528 3423 585 etsi
3443 534 3671 603 suntqui

2026 618 2033 625 ‘
2087 608 2321 665 dicuntur
2331 612 2423 679 dii,
2439 613 2543 668 sive
2554 616 2604 668 in
2620 615 2763 682 etelo,
2776 616 2878 671 sive
2891 617 2945 672 in
2954 626 3108 684 terra,
3130 619 3278 675 sicuti
3291 631 3409 675 sunt
3427 622 3504 677 dii
3517 623 3669 678 multi

2083 712 2129 755 et
2141 702 2332 758 domini
2340 706 2483 759 multi
2500 707 2541 777 (Ι
2559 706 2677 763 Cor.
2698 724 2806 776 vui,
2829 708 2905 781 5);
2925 710 3169 767 addendo
3185 713 3343 777 enim,
3362 713 3509 768 sicuti
3522 726 3660 775 sunt.

2081 791 2211 849 deos
2249 794 2469 866 intelligi
2509 798 2708 865 voluit,
2740 802 2827 870 qui
2872 800 3030 872 digne
3067 802 3227 856 etiam
3271 802 3562 860 dicuntur:
3592 806 3663 862 ita

2081 896 2210 938 sane
2252 893 2310 939 ut
2351 894 2546 958 λατρεία
2583 903 2701 959 qute
2739 890 2931 945 dicitur
2957 906 3164 961 graec,
3192 902 3248 947 et
3287 894 3667 964 interpretatur

2080 972 2244 1030 latine
2269 978 2495 1032 servitus
2514 1020 2530 1045 ,
2574 979 2668 1035 sed
2714 995 2778 1036 ea
2820 996 2937 1051 qua:
2965 982 3030 1036 ad
3059 982 3368 1052 religionem
3398 986 3664 1055 pertinere

2080 1063 2413 1146 intelligitur,
2443 1084 2547 1124 non
2573 1068 2827 1125 debeatur
2852 1072 2951 1126 nisi
2978 1071 3067 1127 uni
3089 1073 3196 1128 Deo
3218 1089 3368 1141 vero,
3395 1075 3485 1146 qui
3509 1076 3663 1132 nobis

2079 1163 2163 1209 est
2190 1156 2369 1212 Deus?
2397 1158 2476 1214 Illi
2518 1168 2697 1215 autem
2739 1162 2827 1232 qui
2868 1161 3119 1218 dicuntur
3153 1162 3264 1231 dii,
3303 1166 3462 1221 etiam
3498 1167 3543 1221 si
3573 1165 3681 1235 quI'

2079 1248 2315 1318 suntqui
2343 1250 2531 1304 merito
2555 1250 2820 1314 dicuntur.
2849 1252 3098 1321 prohibiti
3123 1266 3247 1309 sunt
3266 1255 3530 1323 maledici,
3555 1274 3662 1313 non

2073 1336 2206 1408 jussi
2226 1349 2348 1393 sunt
2368 1341 2640 1397 sacrificiis
2664 1344 2747 1398 vel
2771 1344 2891 1399 ullis
2913 1344 3079 1399 latrim
3098 1345 3366 1417 obsequiis
3386 1346 3657 1405 honorari.

2148 1428 2454 1485 LXXXVII.
2487 1430 2586 1503 [11).
2618 1448 2777 1501 xxiii,
2802 1432 2882 1507 2.]
2902 1434 3022 1490 Non
3058 1437 3171 1491 eris.
3194 1453 3308 1491 cum
3346 1438 3573 1507 pluribus
3608 1440 3664 1493 in

2076 1520 2291 1574 malitia.
2320 1520 2396 1576 Ne
2418 1536 2476 1576 se
2506 1524 2626 1578 inde
2650 1525 2925 1595 quisquam
2950 1524 3222 1590 defendat,
3251 1528 3374 1597 quia
3399 1544 3522 1585 cum
3548 1531 3635 1600 plu

2075 1610 2222 1666 ribus
2251 1610 2394 1677 fecit,
2423 1622 2516 1668 aut
2543 1614 2663 1669 ideo
2688 1625 2835 1685 putet
2863 1632 2969 1672 non
2993 1633 3114 1673 esse
3137 1630 3435 1688 peccatum.

2146 1701 2474 1758 LXXXVI".
2490 1702 2592 1777 [11).
2612 1721 2769 1771 xxiii,
2790 1705 2871 1780 5.]
2899 1707 2967 1761 Et
2983 1710 3219 1779 pauperis
3236 1726 3336 1764 non
3356 1710 3661 1766 adserebat-is

2072 1793 2129 1847 in
2158 1793 2376 1864 judicio.
2424 1795 2536 1850 Nisi
2577 1797 2902 1864 addidisset,
2928 1799 2982 1852 in
3014 1799 3246 1869 judicio,
3289 1815 3478 1872 magna
3518 1811 3662 1858 esset

2073 1885 2316 1953 quiestio.
2354 1884 2461 1940 Sed
2489 1887 2886 1958 intelligendum
2915 1898 3093 1954 esset,
3131 1890 3290 1946 etiam
3328 1891 3373 1945 si
3402 1893 3659 1962 scriptum

2073 1991 2178 2031 non
2208 1988 2369 2033 esset.
2409 1978 2579 2049 Supra
2620 1980 2762 2036 enim
2799 1980 3041 2048 dixerat,
3089 1980 3210 2037 Non
3239 1984 3509 2054 apponeris
3543 2001 3662 2038 cum

2072 2067 2420 2138 multitudine,
2450 2070 2701 2124 declinare
2738 2087 2854 2125 cum
2880 2071 3138 2142 pluribus,
3170 2082 3222 2127 ut
3252 2068 3479 2128 declines
3506 2074 3657 2145 judi~

2071 2162 2206 2212 cium
2233 2173 2253 2212 :
2279 2173 2343 2214 ac
2380 2174 2478 2229 per
2523 2160 2656 2225 hoc,
2687 2160 2755 2215 Et
2784 2162 3021 2232 pauperis
3049 2179 3150 2219 non
3172 2163 3509 2229 misereberis,
3532 2180 3657 2235 pos—
3720 2232 3721 2235 η

2070 2256 2152 2301 set
2180 2248 2428 2320 intelligi,
2458 2250 2513 2305 in
2539 2252 2754 2321 judicio.
2799 2252 2905 2307 Sed
2932 2268 3054 2308 cum
3099 2253 3339 2310 additum
3373 2265 3480 2321 est,
3512 2257 3656 2311 nulla

2070 2338 2295 2406 qurstio
2318 2346 2404 2393 est
2426 2338 2530 2395 hoc
2557 2355 2677 2395 esse
2705 2352 3065 2412 praeceptum,
3097 2359 3166 2399 ne
3199 2343 3336 2400 forte
3370 2359 3490 2400 cum
3515 2345 3654 2415 judi-

2070 2443 2284 2498 camus,
2330 2430 2608 2487 videamus
2644 2432 2905 2501 justitiam
2953 2448 3074 2490 esse
3123 2451 3219 2505 pro
3264 2436 3428 2492 divite
3472 2448 3656 2492 contra

2069 2534 2387 2590 pauperem,
2417 2532 2472 2577 et
2511 2522 2664 2578 nobis
2708 2531 2851 2581 recte
2887 2523 3066 2580 facere
3096 2525 3374 2585 videamur
3399 2528 3444 2583 si
3471 2539 3657 2585 contra

2065 2610 2319 2681 justitiam
2348 2613 2566 2683 pauperi
2594 2613 2865 2669 faveamus
2891 2630 3050 2670 causa
3081 2616 3479 2673 misericordia}.
3510 2619 3655 2676 Bona

2068 2712 2150 2757 est
2172 2718 2300 2775 ergo
2322 2705 2709 2774 misericordia,
2736 2706 2831 2763 sed
2852 2722 2956 2763 non
2983 2708 3142 2765 debet
3164 2725 3285 2765 esse
3310 2719 3493 2766 contra
3507 2711 3654 2782 judi-

2067 2795 2227 2849 cium.
2256 2795 2519 2852 Judicium
2557 2812 2687 2854 sane
2728 2798 2858 2853 illud
2894 2799 3129 2869 appellat
3168 2798 3444 2870 Scriptura
3466 2844 3481 2870 ,
3511 2804 3654 2871 quod

2061 2884 2261 2955 justum
2290 2895 2391 2942 est.
2436 2887 2514 2942 Ne
2540 2890 2659 2958 quis
2693 2897 2871 2944 autem
2903 2898 3120 2959 propter
3154 2891 3309 2946 istam
3334 2893 3653 2947 sententiam

2066 2976 2232 3032 Deum
2262 2986 2470 3047 putaret
2507 2979 2926 3036 misericordiam
2957 2980 3274 3051 prohibere,
3301 2984 3441 3054 quod
3471 2985 3652 3055 sequi—

2065 3076 2172 3137 tur,
2199 3070 2645 3139 opportunissime
2669 3072 2908 3142 sequitur
2937 3089 2952 3128 :
2979 3071 3042 3128 Si
3068 3082 3231 3126 autem
3251 3074 3523 3130 obviat-eris
3541 3074 3676 3146 bovi

2064 3160 2254 3214 inimici
2278 3161 2373 3226 tui,
2399 3171 2487 3214 aut
2510 3162 2764 3234 subjugali
2788 3165 2916 3233 ejus,
2945 3164 3247 3232 errantibus,
3272 3166 3513 3222 reducens
3535 3168 3652 3221 red-

2064 3252 2151 3305 des
2175 3253 2223 3306 ei
2249 3267 2269 3307 :
2294 3261 2350 3307 ut
2385 3253 2522 3308 scias
2561 3268 2665 3309 non
2697 3264 2747 3309 te
2774 3255 3096 3325 prohibitum
3135 3255 3313 3314 facere
3339 3258 3648 3315 misericor-

2063 3340 2201 3395 diam
2222 3384 2238 3408 ,
2264 3342 2348 3398 fac
2374 3344 2533 3398 etiam
2559 3359 2683 3415 erga
2709 3345 2951 3402 inimicos
2977 3355 3097 3403 tuos
3114 3387 3131 3416 ,
3158 3363 3279 3404 cum
3307 3358 3538 3419 potestas
3566 3359 3649 3406 est

2062 3447 2090 3484 a
2113 3431 2401 3502 judicando
2432 3428 2632 3500 libera;
2672 3451 2777 3491 non
2805 3438 2947 3493 enim
2984 3453 3105 3493 cum
3134 3438 3344 3494 reducis
3378 3450 3646 3499 errantem

2062 3524 2252 3580 bovem
2270 3526 2467 3581 inimici
2486 3526 2558 3581 tui
2573 3535 2629 3583 et
2644 3527 2840 3596 reddis,
2860 3530 2999 3585 inter
3012 3529 3218 3600 aliquos
3231 3530 3396 3601 judex
3415 3531 3643 3590 resides.

2134 3615 2422 3671 LXXXIX.
2464 3616 2566 3690 [ιι.
2594 3634 2754 3685 XXIII,
2787 3618 3164 3693 10.41.13”
3201 3622 3348 3677 annis
3380 3602 3647 3679 seminabis

2063 3716 2247 3761 terrain
2282 3716 2451 3772 tuam,
2490 3717 2536 3761 et
2569 3709 2774 3780 colliges
2814 3712 3032 3778 fructum
3067 3711 3214 3781 ejus;
3242 3712 3452 3782 septimo
3478 3721 3643 3767 autem

2059 3814 2195 3852 anno
2213 3799 2552 3853 remissionem
2579 3800 2753 3870 facies,
2783 3808 2832 3853 et
2859 3800 3078 3870 requiem
3106 3800 3247 3854 dabis
3271 3801 3349 3855 illi
3377 3816 3397 3857 :
3423 3810 3473 3857 et
3498 3801 3644 3857 edent

2061 3905 2304 3960 pauperes
2333 3889 2495 3960 gentis
2523 3898 2622 3943 tute
2637 3905 2658 3954 ;
2681 3904 2794 3960 qua:
2818 3899 2987 3944 autem
3014 3892 3321 3959 superabunt
3347 3891 3493 3945 edent
3522 3894 3646 3964 ferte

2061 3980 2247 4034 bestiae.
2276 3977 2367 4034 Sic
2390 3979 2543 4049 {acies
2566 3979 2758 4033 vineam
2783 3988 2920 4033 tuam
2949 3990 2993 4033 et
3019 3978 3251 4034 olivetum
3278 3988 3437 4034 tuum.
3467 3981 3644 4049 Quaeri

2058 4079 2233 4142 potest
2274 4069 2400 4141 quid
2441 4069 2691 4138 colligant
2733 4083 3020 4140 pauperes,
3061 4072 3105 4124 si
3145 4070 3374 4140 septimo
3402 4085 3543 4125 anno
3570 4071 3643 4125 ita

2060 4163 2228 4233 parcit
2257 4172 2432 4230 terrte,
2463 4171 2522 4218 ut
2550 4177 2649 4219 nec
2678 4162 2971 4218 seminetur
2998 4163 3231 4233 quidem.
3259 4163 3378 4219 Non
3405 4165 3545 4223 enim
3573 4166 3640 4219 ad

2058 4255 2267 4310 vineam
2296 4262 2351 4310 et
2377 4254 2627 4309 olivetum
2669 4254 2897 4324 pertinet
2928 4254 3069 4325 quod
3110 4254 3307 4309 dictum
3337 4265 3446 4323 est,
3477 4253 3644 4309 Edent

2061 4363 2307 4418 pauperes
2334 4348 2495 4418 gentis
2519 4354 2617 4400 tua:
2633 4362 2653 4412 ,'
2678 4347 2799 4416 quia
2827 4346 2896 4402 de
2923 4353 3064 4401 terra
3092 4361 3197 4401 non
3223 4348 3480 4403 seminata
3506 4347 3642 4402 nihil

2059 4446 2284 4508 possunt
2322 4451 2565 4501 sumere,
2598 4436 2687 4491 ubi
2724 4446 2932 4506 segetes
2969 4437 3113 4491 nasci
3141 4452 3249 4491 non
3275 4445 3497 4507 possunt
3527 4455 3542 4493 :
3572 4437 3643 4494 de

2056 4529 2211 4583 vinea
2231 4526 2374 4604 enim
2393 4536 2447 4581 et
2465 4526 2660 4582 oliveto
2680 4535 2865 4596 postea
2888 4524 3018 4581 dicit
3040 4526 3283 4581 similiter
3301 4541 3420 4583 esse
3444 4526 3641 4583 facien-

2057 4617 2218 4681 dum;
2249 4631 2314 4675 ac
2340 4632 2434 4687 per
2459 4615 2561 4672 hoc
2591 4617 2719 4672 illud
2756 4616 2826 4674 de
2848 4617 2988 4672 arvis
3013 4616 3351 4687 intelligitur,
3376 4632 3494 4689 qua:
3520 4617 3639 4672 fru-

2057 4708 2251 4763 mentis
2277 4708 2536 4764 serviunt.
2564 4711 2645 4764 An
2673 4708 2752 4763 sic
2773 4705 3160 4778 accipiendum,
3192 4708 3300 4764 Sea;
3320 4709 3467 4764 annis
3490 4709 3640 4764 semi-

2056 4801 2200 4855 nubis
2227 4810 2412 4855 terram
2439 4809 2614 4866 tuam,
2657 4808 2705 4854 et
2746 4800 2949 4870 colliges
2987 4802 3181 4871 {ructus
3222 4801 3366 4871 ejus,
3405 4799 3506 4855 hoc
3532 4810 3634 4866 est,

2057 4889 2163 4947 Sex
2189 4890 2344 4947 annis
2379 4891 2700 4958 seminabis,
2739 4897 2796 4945 et
2828 4890 3081 4960 colliges;
3112 4891 3337 4960 septimo
3375 4905 3501 4946 vero
3530 4905 3639 4946 non

2055 4981 2291 5051 colliges,
2322 4990 2381 5035 ut
2403 4980 2726 5052 intelligatur
2747 4980 3054 5043 seminabis,
3078 4981 3287 5036 etiamsi
3307 4980 3503 5037 dictum
3529 4997 3637 5037 non

2056 5081 2140 5129 est
2166 5090 2180 5126 :
2210 5081 2268 5127 ut
2293 5072 2359 5127 ad
2386 5086 2481 5127 sex
2508 5086 2678 5127 annos
2705 5070 2969 5127 seminare
2999 5081 3053 5126 et
3077 5072 3327 5143 colligere
3354 5073 3637 5142 pertineat,

2054 5162 2121 5216 ad
2148 5162 2431 5231 septimum
2456 5176 2584 5216 vero
2611 5159 2880 5216 dimittere
2910 5160 3053 5232 quod
3087 5160 3248 5217 fuerit
3282 5163 3639 5220 semiustum?

2057 5251 2187 5307 Nam
2211 5249 2340 5322 quid
2362 5249 2486 5306 inde
2510 5249 2784 5306 habebunt
2804 5266 3086 5321 pauperes,
3114 5268 3337 5323 quorum
3366 5253 3638 5309 residuum

2042 5341 2213 5397 etiam
2233 5340 2364 5397 feris
2382 5340 2565 5396 bestiis
2584 5339 2749 5407 dedit,
2770 5340 2850 5396 eis
2870 5341 3116 5398 videlicet
3135 5358 3253 5414 qua:
3273 5343 3380 5399 illis
3400 5341 3636 5414 frugibus

2053 5432 2196 5491 vesci
2231 5432 2471 5504 possint,
2503 5432 2640 5488 sicut
2681 5441 2805 5488 sunt
2847 5433 2995 5502 apri,
3026 5443 3079 5488 et
3118 5433 3293 5501 cervi,
3332 5442 3389 5489 et
3426 5434 3471 5489 si
3511 5435 3634 5504 quid

2054 5523 2395 5596 huiusmodi?
2422 5523 2571 5592 Quod
2601 5533 2775 5579 tamen
2805 5538 2910 5580 non
2937 5524 3234 5592 diceretur,
3275 5525 3377 5581 nisi
3414 5526 3636 5596 alicujus
3666 5525 3675 5531 ’

2051 5614 2451 5687 significationis
2467 5617 2656 5684 gratia.
2682 5613 2812 5670 Nam
2833 5616 2878 5673 si
2904 5615 3043 5686 quod
3067 5616 3254 5672 attinet
3278 5615 3344 5671 ad
3370 5624 3634 5687 praecepta

2054 5722 2173 5778 quin
2193 5705 2497 5763 hominibus
2516 5706 2636 5761 data
2658 5714 2815 5774 sunt,
2847 5706 2915 5762 de
2947 5706 3116 5761 bobus
3145 5723 3270 5763 cura
3297 5723 3402 5763 non
3424 5716 3504 5762 est
3525 5707 3637 5763 Deo

2057 5797 2079 5871 (
2108 5796 2195 5853 ld.
2240 5812 2316 5866 rx,
2364 5797 2459 5869 9);
2485 5797 2627 5868 quod
2650 5812 2755 5853 non
2783 5796 2859 5853 sic
2889 5795 3215 5870 intelligitur,
3244 5809 3493 5870 tanquam
3525 5812 3635 5853 non
