4094 6478
503 436 600 499 631

501 557 642 624 quod
667 555 731 610 ad
758 556 1130 627 proprietatem
1163 571 1265 610 non
1296 557 1365 610 sit
1393 556 1662 624 impletum
1685 595 1699 620 ,
1729 567 1834 607 non
1858 549 2081 620 impedit

502 648 736 704 historia:
761 648 946 715 ﬁdem,
976 650 1028 704 in
1050 663 1152 720 qua
1179 648 1493 718 perspicitur
1516 647 1711 701 veritas
1735 641 2074 699 narrationis.

501 740 650 796 Sicut
672 738 770 796 nec
791 741 1243 811 Evangelistarum
1268 741 1502 794 narratio
1525 737 1814 794 secundum
1842 736 2079 806 preprie-

502 839 664 887 tatem
696 832 998 902 impeditur.
1028 832 1072 885 si
1098 831 1294 900 aliquid
1322 846 1352 884 a
1377 829 1589 885 Christo
1615 828 1808 883 dicitur
1837 828 2074 897 ligurate.

574 923 758 978 XCIV.
783 923 884 996 [lb.
907 939 1066 990 xxtu,
1095 922 1207 995 '53.]
1241 923 1302 978 Si
1326 923 1552 978 servieris
1577 921 1676 975 diis
1696 936 1868 974 eorum
1887 961 1902 984 ,
1930 928 2078 972 erunt

504 1015 592 1070 tibi
637 1015 1014 1083 o/j’endicutum.
1049 1016 1144 1070 llic
1181 1030 1385 1086 grzeeus
1432 1019 1674 1075 δουλιὺσης
1726 1012 1926 1077 habet,
1971 1025 2074 1064 non

501 1112 771 1178 λατρεῦσῃς.
820 1106 973 1161 Unde
1002 1105 1333 1176 intelligitur,
1379 1106 1503 1176 quia
1543 1113 1598 1160 et
1626 1109 1811 1157 δουλεία
1856 1101 2078 1155 debetur

501 1197 614 1252 Deo
643 1205 889 1266 tanquam
931 1197 1177 1264 Domino,
1202 1207 1395 1268 λατρεία
1421 1210 1550 1251 vero
1576 1193 1786 1249 nonnisi
1823 1193 1932 1247 Deo
1955 1199 2076 1244 tan-

498 1302 656 1358 quam
691 1288 818 1341 Deo.

568 1377 728 1434 XCV.
761 1377 863 1451 [lb.
890 1393 1046 1447 ntv,
1094 1377 1232 1452 1-5.]
1266 1379 1329 1433 Et
1370 1378 1539 1449 Moysi
1566 1377 1694 1431 dia‘it
1717 1417 1730 1440 ,
1758 1374 1982 1430 Ascende
2007 1372 2076 1426 ad

495 1468 771 1522 Dominum
803 1481 874 1533 tu,
899 1479 946 1524 et
971 1471 1164 1536 Aaron,
1189 1480 1235 1523 et
1258 1469 1466 1535 Nadab,
1498 1479 1544 1523 et
1576 1469 1757 1533 Abiud,
1788 1475 1835 1520 et
1867 1475 2074 1536 septua-

494 1560 635 1629 ginta
659 1560 910 1614 seniorum
928 1559 1093 1614 Israel
1120 1576 1138 1615 :
1166 1570 1213 1614 et
1241 1560 1523 1614 adorabunt
1541 1576 1573 1612 a
1593 1560 1739 1630 longe
1764 1557 2074 1622 Dominum;

495 1660 544 1705 et
591 1652 789 1706 accedet
820 1652 1022 1724 Moyses
1042 1654 1178 1708 solus
1215 1653 1282 1706 ad
1307 1653 1600 1715 Dominum,
1631 1651 1731 1720 ipsi
1779 1660 1945 1703 autem
1974 1666 2076 1703 non

493 1743 728 1797 accedent
756 1758 776 1798 :
804 1745 1022 1814 populus
1043 1752 1208 1797 autem
1225 1760 1323 1797 non
1339 1743 1568 1797 ascendet
1587 1758 1713 1796 cum
1728 1741 1848 1794 illis.
1869 1740 2076 1793 Introiit

496 1841 664 1887 autem
696 1833 920 1904 Moyses,
958 1844 1003 1887 et
1033 1835 1258 1887 narravit
1305 1834 1490 1908 papqu
1516 1833 1685 1887 omnia
1713 1831 1857 1886 verba
1903 1831 2000 1884 Dei
2025 1839 2072 1884 et

490 1923 896 1996 iustiﬁcationes.
953 1923 1234 1992 Respondit
1277 1932 1444 1976 autem
1487 1923 1650 1976 omnis
1691 1922 1907 1992 papulas
1957 1935 2074 1973 voce

491 2030 599 2068 una
636 2015 872 2080 dicentes,
930 2014 1114 2068 Omnia
1139 2014 1284 2068 verba
1322 2030 1433 2083 quae
1461 2013 1657 2067 locutus
1684 2023 1757 2066 est
1787 2012 2035 2065 Dominus
2055 2054 2069 2077 ,

495 2107 752 2177 faciemus,
769 2115 815 2160 et
834 2107 1114 2160 audiemus.
1135 2107 1315 2176 Usque
1342 2107 1408 2160 ad
1439 2106 1579 2160 hunc
1605 2106 1778 2160 locum
1790 2104 2074 2172 Scripturte

489 2195 892 2266 iustiﬁcationes
918 2196 1280 2265 intelliguntur
1301 2211 1422 2266 qua:
1449 2196 1584 2250 data:
1613 2204 1737 2250 sunt
1767 2195 1960 2264 pepulo
2006 2192 2074 2248 ad

488 2271 904 2341 observandum.
941 2287 1206 2356 Incipiunt
1250 2295 1427 2342 autem
1465 2295 1717 2357 quantum
1762 2287 1874 2357 ipsa
1911 2285 2075 2340 verba

489 2376 782 2449 Scriptum
809 2378 1064 2445 indicant,
1117 2379 1258 2435 unde
1288 2379 1387 2435 hoc
1414 2395 1608 2434 nomen
1635 2378 2073 2449 justiﬁcationum

491 2483 742 2524 exorsum
773 2477 856 2524 est
877 2470 946 2524 ab
974 2470 1066 2525 illo
1081 2485 1238 2525 servo
1266 2471 1489 2526 Ilebraeo
1509 2472 1592 2526 cui
1611 2470 1759 2525 auris
1779 2469 1844 2523 ad
1867 2476 2072 2539 postem

489 2561 843 2632 pertunditur.
880 2561 936 2616 In
967 2563 1157 2632 quibus
1187 2564 1432 2618 omnibus
1457 2562 1922 2632 justiﬁeationibus
1942 2578 2074 2618 con.

490 2650 829 2706 siderandum
857 2661 940 2707 est
958 2693 973 2717 ,
1011 2668 1128 2722 qut:
1154 2652 1278 2708 inde
1305 2653 1370 2706 ad
1398 2653 1652 2724 agendam
1680 2653 1844 2707 vitam
1871 2661 1925 2708 et
1961 2667 2078 2707 mo-

435 2758 437 2760 ·
494 2757 616 2797 rum
661 2742 927 2798 bonorum
967 2744 1426 2800 conservationem
1480 2744 1600 2799 duci
1645 2743 1868 2813 possint.
1915 2743 2074 2798 Multa

493 2832 687 2904 quippe
713 2831 768 2887 in
823 2833 904 2888 eis
947 2843 1074 2889 sunt
1116 2843 1451 2890 sacramenta
1495 2835 1843 2905 signiﬁcantia
1898 2836 2075 2904 potius

492 2923 710 2994 aliquid,
739 2939 896 2994 quam
924 2924 1084 2979 vitam
1111 2934 1349 2980 nostram
1378 2925 1711 2980 instruentia.
1733 2925 2075 2980 Justiﬁcatio-

491 3032 592 3071 nes
638 3031 769 3072 sane
796 3017 947 3072 latini
993 3017 1312 3089 interpretes
1349 3033 1442 3073 eas
1469 3033 1589 3073 esse
1623 3017 1907 3083 dixerunt,
1953 3031 2074 3087 quae

493 3107 653 3179 grteci
683 3111 988 3178 δικαιώματα
1007 3110 1296 3179 appellant.

566 3197 748 3253 XCVI.
769 3197 869 3270 [lb.
899 3215 1053 3264 xxiv,
1073 3197 1150 3272 5.]
1173 3199 1476 3254 Notandum
1503 3199 1741 3270 estquod
1762 3199 1950 3254 iterum
1981 3212 2076 3268 po-

495 3288 652 3356 pulus
680 3289 751 3342 ita
777 3289 1084 3358 respondet,
1111 3287 1294 3344 Omnia
1322 3291 1470 3344 verba
1487 3306 1602 3360 qua:
1630 3291 1824 3346 locutus
1850 3299 1924 3345 est
1963 3289 2075 3343 Do-

494 3377 662 3432 minus
686 3377 948 3448 faciamus,
980 3387 1026 3432 et
1049 3380 1346 3444 audiemus;
1393 3395 1513 3435 cum
1542 3380 1784 3436 videatur
1818 3380 1950 3435 ordo
1977 3395 2074 3448 po-

493 3469 694 3525 stulare
743 3477 804 3524 ut
846 3471 1150 3538 diceretur,
1202 3471 1477 3527 audiemus
1508 3513 1523 3537 ,
1568 3481 1623 3527 et
1657 3471 1934 3528 faciemus.
1965 3471 2074 3527 Sed

494 3560 689 3613 mirum
720 3559 821 3615 nisi
850 3561 1039 3631 aliquis
1065 3575 1254 3616 sensus
1279 3561 1366 3617 1110
1393 3562 1538 3617 latet.
1565 3561 1696 3617 Nam
1719 3563 1762 3616 si
1783 3563 2065 3629 audiemus,

495 3667 594 3720 pro
620 3666 684 3706 eo
706 3652 935 3721 positum
965 3661 1047 3708 est
1071 3653 1213 3723 quod
1237 3662 1319 3708 est
1344 3654 1720 3724 intelligemus,
1748 3654 1894 3723 prius
1918 3669 2078 3724 Opor-

496 3749 576 3795 tet
595 3741 769 3795 verbis
787 3743 878 3797 Dei
906 3742 1129 3798 reddere
1157 3743 1386 3799 faciendi
1409 3746 1739 3808 servitutem,
1757 3751 1816 3800 ut
1835 3744 1902 3798 ad
1933 3745 2080 3799 intel-

497 3830 770 3900 ligentiam
801 3846 983 3886 carum
1030 3849 1209 3888 rerum
1247 3850 1366 3904 quae
1406 3835 1521 3904 ipso
1545 3834 1883 3905 praecipiente
1925 3835 2071 3902 ﬁunt,

497 3923 692 3977 merito
720 3922 1044 3991 devotionis,
1086 3939 1187 3996 qua
1228 3941 1332 3982 non
1378 3935 1734 3996 contemptae,
1787 3926 1881 3982 sed
1925 3925 2078 3982 facta:

498 4019 643 4076 sunt,
671 4013 786 4082 ipse
813 4013 1085 4080 perducat.
1130 4013 1237 4070 Sed
1263 4014 1550 4070 videndum
1581 4025 1698 4082 est,
1749 4025 1925 4071 utrum
1978 4017 2078 4072 iste

498 4102 728 4173 populus
770 4103 843 4157 illi
893 4104 998 4158 ﬁlio
1028 4103 1217 4159 similis
1264 4105 1561 4161 inveniatur
1587 4107 1676 4177 qui
1719 4108 2076 4178 patrijubenti

497 4193 652 4260 dixit,
669 4192 769 4248 Ibo.
791 4194 843 4248 in
869 4195 1080 4258 vineam,
1104 4203 1149 4248 et
1176 4211 1277 4249 non
1301 4196 1358 4250 iit
1373 4195 1582 4268 (Matth.
1604 4213 1714 4262 XXI,
1745 4197 1859 4266 50).
1883 4199 2078 4255 Gentes

497 4283 640 4340 enim
669 4299 787 4356 qua:
817 4284 1097 4339 Dominum
1137 4285 1346 4354 penitus
1374 4294 1848 4356 contempserunt,
1895 4297 2077 4357 postea

496 4388 594 4444 per
613 4375 770 4430 unius
794 4374 1147 4431 obedientiam
1171 4370 1494 4445 justiﬁcatte,
1522 4393 1641 4447 quae
1665 4393 1771 4432 non
1797 4380 2076 4434 sectaban-

496 4473 584 4519 tur
603 4464 884 4535 justitiam,
903 4466 1367 4535 appreltenderunt
1386 4467 1643 4537 justitiam
1673 4469 1848 4536 (Rom.
1865 4487 1940 4536 ix,
1957 4471 2070 4540 50).

569 4555 775 4612 XCVII.
806 4555 905 4626 [lb.
936 4573 1086 4619 xxrv,
1115 4555 1194 4629 4.]
1236 4557 1530 4623 Notandum
1560 4559 1699 4629 quod
1726 4558 1929 4630 Moyses
1955 4562 2080 4625 tedi-

499 4646 666 4715 ﬁcavit
703 4647 864 4700 altare
907 4647 998 4700 sub
1032 4655 1214 4714 nmntc,
1244 4658 1290 4701 et
1319 4649 1581 4703 duodecim
1599 4651 1792 4720 .apides
1818 4651 1871 4704 in
1891 4652 2080 4706 duode-

497 4738 595 4792 cim
645 4737 800 4803 tribus
861 4737 1049 4792 Israe..
1123 4737 1438 4809 I-ntelligitur
1481 4741 1624 4794 enim
1679 4756 1743 4795 ex
1798 4741 2076 4797 duodecim

495 4826 763 4897 lapidibus
788 4827 956 4880 altare
985 4827 1321 4894 aediﬁcatum,
1352 4829 1678 4898 signiﬁcasse
1700 4829 1869 4898 ipsum
1907 4847 2075 4900 popu-

495 4917 606 4974 lum
651 4933 769 4974 esse
793 4919 959 4974 altare
987 4919 1097 4984 Dei,
1140 4919 1276 4974 sicut
1301 4929 1382 4974 est
1419 4920 1675 4990 templum
1720 4921 1812 4976 Dei
1861 4921 1928 4994 (11
1956 4921 2073 4978 Cor.

496 5024 573 5075 vt,
605 5009 720 5077 16.)
1357 5051 1361 5058 .

571 5099 804 5156 XCVIII.
835 5099 916 5172 [I-b
943 5116 1096 5166 xxw,
1116 5099 1194 5172 5.]
1227 5099 1683 5156 Etimmolaverunt
1704 5105 1920 5158 hostium
1937 5105 2067 5157 salu-

494 5193 622 5247 taris
646 5191 776 5246 Deo.
798 5191 914 5246 Non
945 5191 1096 5255 dixit,
1128 5191 1354 5246 hostiam
1383 5192 1689 5260 salutarem,
1717 5194 1830 5259 sed,
1862 5195 2076 5250 hostiam

493 5286 765 5352 salutaris;
785 5283 927 5355 quod
943 5299 1145 5355 graecus
1163 5285 1320 5340 habet
1333 5297 1578 5355 σωτηρίου.
1603 5285 1757 5340 Unde
1773 5286 1824 5339 in
1841 5286 2071 5355 Psalmo,

494 5377 736 5444 Calicem,
786 5377 974 5447 inquit,
1005 5376 1244 5432 salutaris
1295 5377 1541 5446 accipiam
1571 5375 1743 5445 (Psal.
1784 5393 1907 5442 cxv,
1939 5377 2024 5447 15)
2059 5397 2071 5433 :

493 5483 601 5525 non
632 5469 786 5536 dixit,
813 5470 1033 5522 calicem
1062 5469 1367 5522 salutarem.
1415 5467 1518 5523 Ubi
1545 5467 1824 5522 videndum
1852 5479 1932 5523 est
1951 5511 1964 5533 ,
2007 5486 2075 5525 ne

492 5559 639 5616 forte
663 5561 752 5615 ille
788 5560 1132 5630 signiﬁcetur,
1161 5559 1228 5614 de
1252 5573 1357 5629 quo
1399 5558 1531 5613 dixit
1556 5559 1794 5624 Simeon,
1826 5558 2076 5624 Quoniam

493 5651 721 5704 uiderunt
750 5651 883 5704 oculi
909 5651 1007 5704 mei
1059 5651 1282 5704 salutare
1311 5660 1450 5703 tuum
1477 5649 1634 5718 (Luc.
1676 5666 1734 5712 11,
1778 5650 1891 5720 50).
1924 5650 2074 5706 1111110

493 5743 635 5799 enim
664 5751 718 5797 et
765 5743 1006 5797 Psalmus
1046 5743 1382 5797 commendat
1406 5742 1494 5796 tibi
1524 5742 1736 5812 legitur,
1783 5741 1917 5795 Bene
1941 5759 2072 5798 nun-

495 5836 615 5905 tiate
643 5833 774 5901 diem
803 5850 864 5888 ex
885 5833 965 5887 die
999 5831 1218 5888 salutare
1246 5834 1354 5904 ejus
1375 5831 1544 5905 (Psal.
1573 5849 1694 5902 xcv,
1725 5832 1802 5904 ἓ).
1833 5832 1967 5900 Qttid
1990 5843 2075 5889 est

1209 429 1668 510 QUzESTI‘ONUM
1708 436 1765 492 S.
1807 429 2169 490 AUGUSTINI
2210 430 2275 490 IN
2314 433 2875 494 HEPTATEUCHUM

3657 439 3763 496 633

2185 549 2325 603 enim
2349 550 2513 616 aliud,
2536 551 2580 605 si
2607 551 2912 622 diligentius
2937 552 3292 619 attendamus,
3324 553 3467 625 quod
3505 554 3581 609 ait
3623 557 3755 609 diem

2185 655 2246 692 ea:
2269 640 2369 706 die,
2397 641 2495 694 nisi
2526 641 2701 696 lumen
2727 658 2794 697 ex
2835 643 3056 709 lumine,
3086 644 3187 699 hoc
3224 653 3307 700 est
3336 646 3501 701 Deum
3527 663 3592 702 ex
3624 647 3758 711 Deo,

2183 730 2321 800 quod
2340 740 2421 786 est
2445 733 2746 802 unigenitus
2776 733 2982 788 Filius?

2254 821 2436 876 XCIX.
2472 821 2568 893 [lb.
2592 840 2742 886 ΠΝ.
2766 825 2819 891 6,
2843 823 2919 897 7.]
2949 825 3165 881 Sumcns
3190 837 3359 880 autem
3378 827 3582 899 Moyses
3609 830 3760 883 dimi—

2183 912 2317 966 diam
2346 923 2536 983 partem
2561 916 2839 985 sanguinis,
2879 916 3066 987 infudit
3094 919 3144 970 in
3167 928 3442 984 craterem,
3473 928 3519 972 et
3563 931 3760 989 partem

2182 1006 2423 1074 reliquam
2447 1007 2712 1077 sanguinis
2736 1007 2920 1074 effudit
2941 1009 3007 1061 ad
3031 1010 3190 1063 altare
3210 1027 3228 1064 :
3245 1020 3290 1064 et
3311 1011 3561 1080 accipiens
3578 1013 3761 1067 librum

2172 1095 2484 1150 'Testamenti
2524 1099 2746 1152 recitavit
2774 1101 2828 1153 in
2877 1116 3025 1154 aures
3074 1102 3266 1172 pepuli.
3308 1101 3608 1156 Notandum
3654 1114 3758 1168 est,

2180 1201 2320 1240 nunc
2333 1187 2558 1257 primum
2576 1189 2900 1244 sacriﬁcasse
2919 1190 3135 1261 Moysen
3149 1191 3424 1246 evidenter
3435 1192 3760 1261 Scripturam

2180 1275 2380 1340 dicere,
2409 1292 2474 1331 ex
2499 1292 2604 1346 quo
2634 1293 2698 1333 ex
2724 1277 2952 1349 [Egypto
2973 1279 3192 1334 eductus
3211 1290 3292 1335 est
3317 1283 3561 1350 populus.
3583 1283 3761 1336 Primo.

2169 1366 2319 1420 enim
2347 1366 2413 1420 de
2438 1366 2627 1422 Jothor
2647 1367 2843 1423 dictum
2865 1379 2980 1424 erat
2999 1385 3195 1426 socero
3213 1371 3352 1441 ejus,
3375 1374 3616 1442 quamvis
3637 1390 3755 1428 cum

2178 1457 2351 1526 aliqua
2401 1459 2778 1529 ambiguitate,
2815 1461 2957 1530 quod
3007 1463 3364 1518 immolaverit
3400 1464 3510 1519 Deo
3555 1463 3753 1537 (Exod.

2180 1565 2336 1614 xvut,
2363 1549 2474 1621 12).
2503 1552 2566 1605 Et
2593 1551 2994 1612 _advertendum
3042 1555 3230 1610 librum
3275 1555 3608 1612 Testamenti
3637 1573 3760 1615 cum

2179 1641 2431 1710 sanguine
2458 1640 2648 1697 hostia:
2692 1644 2924 1708 recitari,
2955 1645 3007 1698 in
3035 1661 3141 1714 quo
3172 1645 3310 1700 libro
3354 1645 3472 1700 illas
3496 1647 3758 1715 justiﬁca-

2179 1732 2349 1788 tiones
2372 1735 2700 1803 conscriptas
2725 1734 2980 1790 debemus
3007 1736 3273 1806 accipere.
3301 1735 3432 1790 Nam
3447 1737 3760 1808 decalogum

2177 1826 2334 1896 Legis
2377 1826 2429 1881 in
2462 1827 2652 1882 tabulis
2690 1827 2912 1898 lapideis
2953 1829 3117 1884 fuisse
3163 1830 3520 1900 conscriptum
3575 1823 3758 1900 postea

2178 1916 2515 1972 manifestum
2543 1927 2647 1973 est.
3611 1920 3628 1936 '

2251 2009 2312 2064 C.
2347 2009 2446 2082 [lb.
2471 2027 2622 2076 xxw,
2645 2009 2723 2082 7.]
2740 2009 2808 2064 Et
2827 2011 3081 2075 dixerunt,
3115 2011 3301 2064 Omnia
3327 2027 3651 2083 quaecumque
3674 2012 3755 2066 lo-

2178 2111 2323 2156 cutus
2357 2111 2430 2154 est
2478 2100 2748 2166 Dominus,
2781 2102 3044 2172 faciemus,
3073 2111 3121 2156 et
3149 2103 3431 2156 audiemus.
3459 2102 3576 2157 Non
3603 2103 3761 2157 aliter

2177 2192 2502 2261 respondent
2523 2208 2648 2248 ecce
2670 2192 2779 2264 jam
2801 2194 2985 2248 tertio.

2246 2281 2330 2338 CI.
2359 2282 2458 2354 [lb.
2489 2298 2648 2349 xxiv,
2689 2282 2768 2356 9.]
2799 2283 2867 2336 Et
2893 2283 3116 2337 ascendit
3146 2283 3367 2354 Moyses,
3400 2291 3448 2337 et
3486 2283 3678 2340 Aaron.
3712 2293 3760 2334 et

2179 2374 2384 2441 Nadab,
2427 2383 2475 2429 et
2501 2375 2686 2438 Abtua,
2725 2385 2772 2429 et
2801 2375 3118 2444 septuaginta
3163 2374 3418 2430 seniorum
3475 2373 3642 2427 Israel
3665 2388 3684 2424 :
3714 2387 3758 2423 es

2177 2466 2406 2520 viderunt
2456 2466 2622 2519 locum
2647 2465 2731 2518 ubi
2771 2473 2973 2518 steterat
3011 2465 3079 2518 ibi
3118 2463 3259 2518 Deus
3299 2463 3484 2520 Israel.
3540 2463 3762 2518 Constat

2178 2558 2317 2612 inter
2341 2571 2436 2612 eos
2461 2557 2548 2626 qui
2580 2565 2727 2611 recte
2755 2555 3089 2626 intelligunt,
3122 2555 3267 2609 nullo
3295 2555 3460 2610 Deum
3502 2554 3762 2609 001111110νί

2177 2647 2314 2710 1000,
2338 2661 2437 2702 nec
2461 2646 2637 2716 aliquo
2662 2645 2810 2700 velut
2847 2646 2950 2699 situ
2995 2645 3234 2714 corporis
3273 2644 3511 2698 membra
3536 2659 3758 2714 ponere.

2178 2739 2331 2795 sicuti
2359 2747 2441 2794 est
2468 2739 2636 2794 nostri
2661 2737 2924 2808 corporis,
2954 2736 3161 2798 sedere,
3180 2736 3382 2806 jacere,
3414 2745 3556 2790 stare
3576 2778 3590 2799 ,
3635 2745 3686 2789 et
3715 2736 3760 2789 si

2177 2829 2303 2899 quid
2335 2827 2636 2898 liujusmodi
2661 2837 2760 2882 est.
2819 2827 2940 2880 llme
2964 2827 3104 2881 enim
3132 2841 3240 2880 non
3265 2835 3390 2884 sunt
3435 2826 3536 2879 nisi
3562 2841 3758 2894 corpo-

2178 2936 2317 2984 rum,
2347 2921 2484 2974 Deus
2526 2928 2702 2974 autem
2754 2917 2970 2988 Spiritus
3008 2925 3092 2972 est
3141 2913 3318 2988 (loan.
3352 2932 3426 2982 tv,
3454 2916 3565 2985 24).
3608 2915 3760 2982 Quod

2179 3025 2308 3079 ergo
2339 3025 2396 3065 se
2419 3009 2653 3065 ostendit
2680 3009 2858 3078 specie
2884 3008 3152 3078 corporali
3182 3006 3266 3062 vel
3309 3008 3477 3077 signis
3503 3022 3760 3075 corpora-

2178 3103 2298 3156 liter
2323 3101 2608 3172 expressis,
2649 3117 2756 3154 non
2785 3100 3078 3154 substantia
3107 3098 3224 3169 ejus
3248 3110 3502 3168 apparet,
3527 3115 3628 3168 qua
3675 3089 3763 3153 est

2178 3191 2292 3260 ipse
2317 3189 2456 3261 quod
2481 3199 2582 3256 est,
2605 3189 2699 3245 sed
2724 3189 3015 3260 assumptio
3037 3189 3324 3244 formarum
3351 3189 3633 3244 visibilium
3647 3188 3762 3258 ejus

2179 3279 2574 3349 omnipotentiae
2586 3280 2842 3349 subjaeet.

2248 3370 2352 3426 CII.
2383 3370 2478 3444 [lb.
2511 3387 2660 3438 xxw,
2692 3371 2780 3438 11,
2809 3355 2920 3442 10.]
2939 3369 3004 3425 Et
3034 3371 3096 3424 de
3138 3370 3304 3425 electis
3334 3368 3500 3424 Israel
3525 3386 3624 3424 non
3652 3370 3759 3424 dis-

2179 3465 2345 3519 sonuit
2369 3481 2458 3518 nec
2483 3481 2611 3518 unus
2639 3480 2658 3518 :
2693 3473 2739 3517 et
2760 3472 3102 3534 apparuerunt
3127 3463 3179 3516 in
3198 3461 3307 3516 loco
3333 3461 3447 3524 Dei,
3476 3471 3520 3518 et
3548 3463 3762 3514 mandu-

2181 3565 2436 3622 caverunt,
2463 3565 2509 3610 et
2541 3555 2788 3608 biberunt.
2821 3554 2949 3622 Quis
2976 3554 3178 3616 dubitet
3211 3554 3330 3609 illos
3358 3569 3492 3624 quos
3517 3555 3759 3608 nemina.

2180 3647 2272 3700 tim
2291 3645 2568 3716 expressit,
2586 3653 2639 3699 et
2655 3645 2983 3714 septuaginta
3010 3645 3268 3710 seniores,
3293 3660 3433 3699 nunc
3469 3645 3761 3714 appellatos

2179 3738 2376 3791 electos
2404 3736 2602 3790 Israel?
2636 3734 2725 3805 qui
2757 3735 2938 3804 procul
2970 3735 3132 3789 dubio
3174 3750 3454 3804 personam
3503 3735 3762 3806 gerebant

2181 3843 2360 3883 eorum
2386 3827 2476 3897 qui
2495 3827 2648 3882 electi
2675 3838 2796 3880 sunt
2817 3827 2867 3882 in
2890 3827 3084 3896 populo
3103 3827 3216 3882 Dei.
3234 3826 3346 3881 Non
3365 3827 3504 3881 enim
3518 3827 3755 3892 omnium

2181 3928 2260 3972 est
2284 3919 2412 3973 ﬁdes
2443 3917 2510 3991 (11
2533 3917 2704 3972 Thess.
2735 3933 2810 3984 111,
2841 3918 2896 3988 2)
2923 3935 2934 3970 :
2970 3925 3024 3972 et
3065 3918 3213 3971 novit
3245 3916 3497 3971 Dominus
3517 3917 3605 3986 qui
3637 3925 3763 3986 sunt

2180 4008 2314 4077 ejus.
2347 4009 2402 4063 In
2424 4025 2614 4080 magna
2638 4017 2811 4063 autem
2838 4008 3245 4062 domosuntalia
3265 4023 3387 4062 vasa
3411 4009 3460 4062 in
3481 4008 3758 4074 honorem,

2181 4102 2278 4155 alia
2311 4101 2363 4155 in
2393 4102 2766 4156 contumeliam
2790 4100 2856 4172 (II
2887 4100 3016 4154 Tim.
3047 4099 3612 4172 u,I9,20).Quoniam
3636 4115 3763 4170 ergo

2181 4209 2312 4263 quos
2336 4202 2458 4248 ante
2499 4193 2796 4263 prtescivit,
2836 4202 2890 4247 et
2931 4192 3358 4262 praedestinavit;
3405 4207 3538 4261 quos
3583 4201 3762 4246 autem

2182 4284 2574 4350 prmdestinavit
2594 4326 2609 4350 ,
2642 4283 2762 4338 illos
2787 4292 2840 4338 et
2864 4283 3074 4337 vocavit
3098 4301 3113 4350 ;
3139 4298 3272 4352 quos
3302 4291 3478 4337 autem
3521 4283 3757 4348 vocavit,

2182 4374 2324 4442 ipsos
2351 4381 2404 4429 et
2418 4373 2755 4442 justiﬁcavit;
2787 4389 2922 4444 quos
2957 4383 3133 4428 autem
3167 4373 3494 4443 justiﬁcavit,
3528 4373 3670 4441 ipsos
3708 4382 3766 4429 et

2180 4464 2489 4535 gloriﬁcavit
2519 4465 2691 4532 (Rom.
2726 4482 2839 4530 vtu,
2871 4465 2961 4534 50)
2987 4483 2999 4517 :
3027 4465 3264 4534 profecto
3297 4465 3365 4519 de
3390 4466 3576 4520 electis
3599 4460 3761 4521 Israel

2181 4573 2286 4612 non
2312 4558 2573 4612 dissonuit
2603 4573 2702 4612 1100
2740 4574 2895 4612 unus.
2941 4557 3315 4628 Signiﬁcantur
3340 4565 3514 4611 autem
3542 4567 3763 4626 quater-

2180 4651 2331 4705 nario
2357 4665 2580 4705 numero
2617 4651 2668 4704 in
2697 4651 2877 4721 Moyse
2901 4661 2956 4706 et
2992 4653 3170 4706 Aaron
3196 4661 3249 4706 et
3277 4650 3458 4705 Nadab
3486 4660 3537 4704 et
3563 4651 3761 4715 Abiud,

2180 4749 2397 4810 propter
2437 4750 2663 4811 quatuor
2705 4740 3010 4809 Evangelia,
3054 4747 3110 4794 et
3157 4741 3316 4794 totius
3360 4739 3536 4802 orbis,
3568 4741 3658 4809 qui
3707 4741 3761 4794 in

2179 4842 2404 4903 quatuor
2429 4842 2604 4903 partes
2651 4831 2939 4895 dividitur,
2972 4833 3382 4901 promissionem
3413 4851 3425 4886 :
3459 4840 3513 4886 et
3549 4843 3764 4908 septua-

2179 4926 2320 4993 ginta
2352 4925 2416 4980 de
2437 4925 2738 4980 senioribus
2760 4925 2938 4989 Israel,
2984 4938 3208 4978 numero
3231 4925 3434 4978 scilicet
3459 4924 3761 4993 septenario

2180 5017 2498 5085 decuplato,
2532 5015 2621 5085 qui
2662 5015 2894 5083 pertinet
2945 5013 3009 5067 ad
3060 5014 3460 5083 signiﬁcandan
3507 5013 3761 5082 Spiritum

2179 5115 2442 5160 sanctum.
2473 5104 2736 5173 Sapphiro
2765 5114 2940 5158 autem
2973 5104 3299 5173 sTgniﬁcatur
3343 5104 3448 5157 vita
3494 5103 3760 5170 caelestis,

2180 5195 2414 5252 maxime
2457 5194 2577 5262 quia
2627 5193 2824 5247 dictum
2855 5201 2957 5260 est,
3001 5194 3133 5247 sicut
3175 5207 3407 5263 aspectus
3434 5195 3757 5263 ﬁrmamenti.

2179 5287 2599 5352 Firmamentum
2629 5293 2805 5339 autem
2851 5284 3043 5338 coelum
3087 5285 3344 5354 appellari
3379 5285 3496 5355 quis
3526 5285 3761 5342 nesciat?

2179 5381 2247 5435 Et
2296 5378 2462 5441 forma
2515 5376 2694 5430 lateris
2744 5376 2797 5428 in
2850 5374 3035 5430 eodem
3085 5377 3338 5445 sappltiro
3382 5376 3758 5444 quadraturam

2179 5472 2371 5541 ipsam,
2412 5468 2495 5524 vel
2526 5467 2867 5522 stabilitatem
2889 5508 2904 5532 ,
2935 5466 3018 5521 vel
3047 5465 3284 5535 ejusdem
3315 5465 3634 5538 quaternarii
3664 5481 3762 5518 1111-

2178 5561 2310 5620 meri
2337 5565 2724 5614 sacramentum
2756 5557 2966 5627 ﬁgurat.
3009 5555 3162 5623 Quod
3203 5565 3381 5611 autem
3416 5555 3761 5610 'manducant

2178 5663 2232 5707 et
2253 5651 2439 5707 bibunt
2464 5648 2649 5704 inloco
2669 5646 2784 5711 Dei,
2811 5648 3121 5703 suavitatem
3143 5647 3577 5716 saturitatemquc
3598 5645 3763 5715 signi-

2180 5744 2304 5798 ﬁcat
2326 5742 2378 5796 in
2410 5740 2500 5795 illo
2524 5753 2686 5809 regno
2705 5738 3041 5793 aeternitatis.
3072 5737 3214 5791 Beati
3243 5738 3384 5792 enim
3412 5738 3758 5807 quicsuriunt

2180 5843 2232 5891 et
2257 5833 2439 5888 sitiunt
2453 5829 2740 5900 justitiam;
2760 5829 3008 5898 quoniam
3031 5826 3128 5898 ipsi
3141 5827 3520 5883 saturabuntur
3541 5825 3736 5899 (Matth
