4094 6514
415 387 522 445 633

415 521 474 568 γ,
502 503 576 576 6).
611 502 764 560 Unde
789 489 842 560 et
867 502 1127 559 Dominus
1158 502 1288 559 dicit
1307 509 1559 560 venturos
1605 505 1802 560 multos
1837 504 1992 575 (quos

411 595 615 664 utique,
630 593 734 649 nisi
757 594 975 658 electos,
995 595 1287 664 prarscitos,
1310 593 1730 664 prtedestinatos,
1753 603 1989 657 vocatos,

405 685 744 756 justiﬁeatos,
759 685 1078 756 gloriﬁcatos
1090 685 1158 758 ?),
1177 696 1228 741 et
1245 686 1574 741 recubituros
1585 702 1704 739 cum
1725 686 1988 740 Abraham

409 787 465 832 et
487 777 633 833 Isaac
656 786 710 833 et
727 778 892 850 Iacob
927 777 978 832 in
1007 793 1172 848 regno
1193 779 1446 832 caelorum
1475 776 1683 849 (Matth.
1717 793 1810 831 vm
1831 817 1846 842 ,
1875 778 1984 847 11).

407 867 541 924 Nam
587 878 641 924 et
681 870 784 923 alio
812 869 931 924 loco
965 869 1078 939 ipse
1109 868 1209 923 hoc
1258 869 1515 938 promittit
1569 867 1813 923 ﬁdelibus
1839 867 1983 933 suis,

405 962 548 1032 quod
582 960 731 1017 faciat
776 976 868 1016 eos
895 961 1232 1027 recumbere,
1262 969 1314 1015 et
1339 967 1603 1025 transeat,
1632 969 1685 1014 ct
1723 959 1988 1014 ministret

404 1055 484 1109 eis
505 1054 653 1126 (Luc.
683 1069 779 1120 xu,
811 1053 925 1125 57).

473 1147 601 1203 CIII.
623 1146 723 1220 [lb.
756 1162 912 1215 xxiv,
933 1145 1044 1219 I3.]
1061 1144 1192 1213 Quid
1212 1145 1310 1200 sibi
1336 1133 1446 1199 vult
1471 1144 1609 1214 quod
1639 1143 1790 1200 Iesus
1815 1144 1980 1208 Nave,

401 1255 508 1294 non
534 1246 983 1294 commemoratus
1009 1237 1059 1291 in
1079 1237 1180 1290 illis
1199 1242 1440 1306 quatuor,
1469 1234 1644 1290 subito
1663 1250 1782 1288 cum
1801 1234 1982 1304 Moyse

398 1337 638 1399 apparet,
666 1337 721 1384 et
751 1343 872 1383 cum
902 1327 992 1382 illo
1033 1325 1270 1382 ascendit
1298 1326 1349 1380 in
1381 1334 1615 1380 montem
1632 1326 1698 1380 ad
1719 1325 1983 1395 accipien-

395 1420 494 1474 das
513 1420 719 1475 tabulas
743 1417 994 1489 Legis;et
1019 1417 1194 1472 subito
1221 1431 1402 1472 rursus
1431 1417 1568 1472 idem
1585 1417 1742 1472 Jesus
1755 1417 1982 1470 abscon-

393 1511 621 1580 ditur,id
640 1520 720 1566 est
739 1519 973 1576 tacetur;
993 1510 1253 1582 etMoyscs
1273 1510 1476 1579 accepit
1490 1509 1682 1579 Legem
1706 1511 1756 1563 in
1773 1509 1976 1564 duabus

392 1603 615 1670 tabulis,
639 1612 690 1658 et
719 1617 839 1657 cum
873 1617 936 1658 eo
959 1603 1146 1656 iterum
1171 1603 1422 1672 apparet?
1446 1601 1525 1655 An
1559 1601 1695 1656 forte
1715 1601 1976 1671 signiﬁcat

389 1693 595 1749 Novum
622 1693 1019 1749 Testamentum
1059 1695 1274 1749 nomine
1303 1694 1464 1757 Jcsu,
1510 1704 1561 1748 et
1603 1694 1970 1749 absconditum

389 1800 512 1840 esse
539 1785 592 1840 in
623 1785 784 1855 Lege,
815 1793 869 1840 et
912 1784 1193 1854 aliquando
1219 1799 1477 1854 apparere
1521 1785 1972 1856 intelligentibus?

387 1875 541 1943 Quod
568 1890 696 1930 vero
721 1874 875 1929 Jesus
909 1875 1018 1944 jam
1059 1883 1299 1940 vocatur,
1323 1889 1442 1928 cum
1472 1875 1524 1929 in
1551 1875 1686 1929 libro
1710 1875 1971 1931 Numero-

385 1987 504 2025 rum
535 1971 746 2042 quando
775 1970 829 2024 id
872 1985 1066 2025 nomen
1099 1968 1365 2039 acccperit
1410 1968 1681 2039 Scriptura
1719 1977 1963 2036 testetur,

383 2085 505 2124 eum
530 2069 639 2138 1am
668 2083 833 2139 prope
855 2076 997 2124 esset
1015 2077 1073 2123 ut
1103 2077 1295 2123 terram
1316 2064 1682 2136 promissionis
1708 2064 1970 2118 intrarent

383 2161 575 2230 (Nam.
599 2178 715 2226 xtu,
746 2160 858 2232 I7),
882 2178 978 2229 per
997 2161 1304 2231 prolepsim.
1329 2160 1432 2215 hoc
1456 2167 1539 2214 est
1566 2172 1665 2227 per
1695 2170 1968 2226 praeoccu-

381 2253 654 2321 pationem
679 2253 933 2322 anticipat
957 2251 1228 2322 Scriptura
1259 2251 1398 2322 quod
1429 2258 1610 2319 postea
1634 2249 1828 2302 factum
1859 2257 1961 2301 est.

379 2341 570 2397 Omnia
599 2343 795 2412 quippe
844 2343 942 2397 ista
991 2353 1336 2412 posteaquam
1373 2339 1510 2395 facta
1558 2348 1720 2404 sunt,
1765 2339 1962 2408 scripta

379 2444 541 2501 sunt;
576 2450 639 2489 ac
666 2451 760 2505 per
785 2434 888 2490 hoc
917 2436 1126 2504 quando
1150 2433 1340 2490 factum
1361 2442 1443 2489 est
1468 2432 1608 2503 quod
1629 2431 1790 2487 modo
1818 2447 1965 2486 com-

378 2534 729 2592 memoratur,
782 2527 1016 2581 nondum
1053 2527 1339 2581 vocabatur
1387 2525 1575 2592 Jesus,
1615 2524 1709 2580 sed
1747 2522 1962 2596 quando

378 2620 634 2689 scriptum
666 2628 749 2675 est
780 2619 889 2690 jam
920 2620 1021 2675 hoc
1045 2620 1352 2675 vocabatur.

391 2723 400 2731 '
447 2708 578 2764 CIV.
608 2707 709 2781 [11).
736 2726 872 2776 xxv,
895 2712 981 2777 II,
1004 2710 1114 2783 I2.]
1136 2711 1200 2764 Et
1222 2711 1375 2782 facies
1398 2711 1450 2764 in
1476 2727 1534 2765 ea
1557 2710 1778 2781 cymatio
1806 2726 1960 2764 aurea

375 2799 628 2852 versatilia
655 2801 709 2852 in
733 2800 966 2854 circuitu.
994 2799 1229 2871 Cymatia
1251 2801 1402 2867 dixit,
1425 2816 1541 2870 quae
1563 2799 1616 2854 in
1638 2799 1956 2870 quadratnra

375 2899 589 2944 exstant
613 2905 707 2959 per
730 2900 956 2961 quatuor
981 2901 1179 2962 partes,
1211 2892 1347 2946 sicut
1373 2907 1572 2946 mensze
1601 2891 1816 2960 quadra:
1845 2891 1956 2946 ﬁeri

373 2980 566 3038 solent.
599 2980 708 3036 Nec
733 2981 874 3051 quod
903 2983 978 3036 ait
1013 2981 1287 3047 versatilia,
1321 2983 1534 3036 mobilia
1578 2982 1834 3036 debemus
1863 2997 1958 3037 ac-

372 3071 575 3140 cipere.
605 3070 732 3126 Fixa
762 3081 888 3126 sunt
908 3073 1070 3137 enim,
1099 3074 1236 3127 sicut
1263 3072 1370 3126 dixi
1397 3087 1609 3126 mensas
1639 3071 1838 3127 habere
1865 3089 1956 3126 so-

371 3160 495 3216 litas
524 3179 538 3214 :
564 3162 657 3218 sed
684 3164 937 3217 versatilia
962 3163 1112 3226 dixit,
1138 3163 1350 3226 tortilia,
1373 3179 1490 3232 quae
1509 3179 1679 3233 grmce
1703 3174 1958 3218 vocantur

371 3233 613 3322 στρεπτάξ
643 3253 730 3308 vel
753 3252 1050 3318 canalibus,
1101 3255 1238 3307 sicut
1271 3264 1396 3307 sunt
1419 3253 1681 3308 columnas
1717 3255 1952 3320 tortiles;

369 3350 462 3394 aut
485 3341 767 3410 implicatis
789 3342 995 3398 duabus
1023 3344 1243 3413 virgulis
1285 3344 1338 3397 in
1365 3343 1578 3397 modum
1607 3346 1786 3407 restis,
1817 3345 1955 3400 sicut

369 3432 531 3486 etiam
555 3440 770 3502 torques
796 3432 910 3488 ﬁeri
937 3433 1130 3488 solent.
1161 3433 1313 3500 Quod
1357 3445 1535 3489 autem
1561 3436 1654 3499 ait,
1697 3435 1759 3488 Et
1790 3436 1952 3506 fabri-

368 3522 508 3576 cabis
538 3521 616 3576 illi
659 3533 875 3593 quatuor
921 3524 1135 3578 annulos
1177 3541 1356 3579 aureos
1382 3566 1398 3590 ,
1446 3535 1494 3579 et
1533 3527 1758 3596 impones
1803 3544 1956 3596 super

368 3624 585 3684 quatuor
613 3615 808 3681 latera;
845 3616 972 3670 duos
1002 3618 1216 3672 anna/os
1266 3617 1320 3670 in
1364 3618 1496 3670 latus
1527 3634 1698 3682 unum,
1742 3626 1787 3671 et
1825 3619 1953 3672 duos

369 3706 586 3759 armalas
613 3707 665 3760 in
705 3707 841 3761 latus
882 3707 1196 3773 secundum;
1225 3707 1293 3762 ad
1327 3717 1553 3778 quatuor
1595 3708 1819 3778 angulos
1857 3724 1952 3761 oc-

367 3807 589 3853 currunt
643 3809 869 3868 quatuor
900 3802 1079 3855 annuli
1125 3801 1318 3870 singuli
1371 3802 1425 3855 in
1473 3801 1730 3871 singulis,
1771 3810 1826 3856 et
1856 3806 1964 3870 per’

367 3890 683 3959 angulorum
723 3906 999 3945 numerum
1032 3893 1162 3946 ﬁtut
1189 3892 1328 3962 quod
1362 3893 1411 3946 in
1457 3892 1664 3947 duobus
1691 3892 1950 3947 lateribus

367 3982 604 4049 ponitur,
629 3981 680 4035 in
703 3984 947 4038 omnibus
975 3993 1197 4054 quatuor
1224 3994 1466 4053 ponatur.
1498 3983 1648 4039 Unus
1689 3985 1828 4038 enim
1855 4001 1951 4039 an-

365 4072 522 4141 gulus
550 4072 756 4127 duobus
785 4073 1038 4129 lateribus
1066 4065 1364 4128 communis
1392 4085 1474 4129 est
1498 4093 1511 4126 :
1555 4075 1786 4143 alioquin
1839 4091 1943 4130 non

366 4163 601 4216 occurrit
643 4171 702 4218 ut
732 4163 837 4218 bini
868 4165 1049 4218 annuli
1079 4173 1345 4232 ponantur
1371 4181 1464 4234 per
1489 4174 1714 4235 quatuor
1758 4165 1944 4232 latera,

364 4267 486 4308 cum
516 4253 624 4307 sint
651 4263 876 4323 quatuor
894 4255 1242 4320 annuli;octo
1270 4257 1463 4325 quippe
1488 4271 1606 4310 esse
1626 4255 1944 4322 debuerunt,

364 4345 410 4399 si
438 4346 593 4400 aliter
639 4346 1001 4416 intelligimus,
1040 4362 1197 4414 quam
1226 4347 1366 4416 quod
1411 4347 1518 4400 dixi
1563 4346 1674 4400 ﬁeri
1723 4363 1947 4402 numero

363 4436 701 4506 angulorum.
735 4437 816 4490 Ad
834 4437 936 4491 hoc
958 4438 1097 4492 enim
1137 4439 1312 4491 annuli
1344 4439 1394 4491 in
1420 4437 1627 4508 angulis
1659 4446 1944 4507 ponuntur,

363 4541 472 4595 quo
513 4526 834 4582 inducantur
875 4528 1266 4596 subportatoria
1308 4528 1392 4582 vel
1421 4529 1733 4598 gestatoria,
1757 4528 1948 4598 quibus

362 4632 484 4672 arca
515 4633 544 4671 a
571 4628 797 4687 quatuor
821 4619 1127 4673 hominibus
1183 4619 1306 4674 hinc
1351 4630 1508 4690 atque
1539 4620 1658 4674 inde
1689 4629 1941 4690 portetur.

435 4707 545 4763 CV.
575 4707 674 4780 [lb.
693 4726 823 4774 xxv,
853 4709 964 4782 I7.]
992 4711 1416 4779 Propitiatorium
1436 4712 1558 4778 quid
1587 4713 1730 4766 dicat
1753 4727 1943 4782 super-

363 4796 745 4866 imponendum
791 4815 951 4869 super
985 4815 1198 4866 aream,
1243 4803 1406 4870 quaeri
1460 4802 1636 4855 solet:
1685 4802 1942 4857 sed’cum

363 4902 584 4946 aureum
623 4889 739 4942 ﬁeri
775 4889 978 4958 jubeat,
1005 4890 1224 4959 ejusque
1260 4890 1638 4959 longitudinem
1684 4899 1737 4945 et
1761 4892 1938 4945 latitu-

363 4978 544 5033 dinem
567 4987 766 5032 tantam
797 4980 1060 5050 exprimat
1084 5023 1098 5044 ,
1140 4989 1337 5050 quanta
1360 4990 1412 5034 et
1451 4981 1614 5048 ipsius
1639 4997 1775 5034 arere
1804 4981 1942 5036 dicta

363 5078 466 5141 est,
503 5069 687 5137 procul
713 5069 874 5124 dubio
896 5072 1039 5124 velut
1063 5070 1292 5123 tabulam
1323 5085 1537 5124 auream
1570 5080 1725 5125 tanta:
1756 5070 1943 5126 formae

364 5157 478 5211 ﬁeri
511 5159 763 5228 praecipit,
791 5175 891 5229 qua
921 5170 1181 5229 tegeretur
1207 5177 1359 5225 arca;
1398 5163 1466 5215 ita
1516 5171 1572 5216 ut
1599 5164 1647 5216 in
1678 5163 1790 5231 ipso
1820 5179 1944 5233 pro-

362 5250 938 5319 pitiatorioessentduo
957 5251 1263 5317 Cherubim,
1291 5253 1416 5307 hinc
1447 5255 1939 5332 atqueindealter-

365 5349 542 5397 utrum
581 5341 934 5403 attendentrs,
967 5343 1035 5396 ita
1079 5352 1137 5400 ut
1163 5345 1333 5399 vultus
1359 5359 1539 5398 corum
1564 5347 1612 5398 in
1638 5333 1943 5416 propitiato-

363 5431 503 5483 rium
536 5438 738 5492 essent,
768 5440 820 5483 ct
861 5431 1046 5500 pennis
1077 5434 1186 5486 suis
1222 5433 1599 5488 obumbrarent
1627 5437 1940 5505 propitiato-
2025 5485 2027 5488 .

361 5522 501 5575 rium
523 5539 536 5575 :
558 5521 697 5590 quod
719 5538 964 5592 magnum
989 5533 1072 5578 est
1099 5534 1507 5580 sacramentum.
1528 5527 1726 5582 Aurum
1749 5532 1943 5600 quippe

364 5610 627 5680 signiﬁcat
653 5612 990 5680 sapientiam,
1019 5630 1138 5669 arca
1167 5616 1425 5684 signiﬁcat
1451 5627 1713 5672 secretum
1740 5621 1849 5676 [)ei.
1885 5623 1940 5676 ln

361 5715 484 5755 arca
509 5701 657 5769 jussa
685 5711 809 5758 sunt
833 5705 952 5774 poni
981 5705 1113 5772 Lex,
1148 5716 1202 5761 ct
1230 5723 1442 5772 manna,
1473 5717 1527 5763 et
1552 5710 1691 5781 virga
1726 5711 1898 5767 Aaron
1925 5733 1938 5768 :

364 5789 418 5856 in
445 5789 584 5868 Lege
615 5802 879 5868 praeepta
924 5803 1068 5865 sunt,
1115 5797 1262 5868 virga
1312 5807 1547 5879 potestas
1593 5799 1936 5874 signiﬁcatur,

1742 389 1944 446 LIBER
1983 387 2358 450 SECUNDUS.

3578 398 3683 466 ιω

2101 519 2292 560 manna
2322 507 2520 574 gratia;
2558 511 2677 579 quia
2709 510 2808 566 nisi
2833 527 2953 568 cum
2987 515 3158 585 gratia
3195 530 3300 572 non
3332 525 3415 574 est
3445 521 3680 589 potestas

2101 607 2362 664 prteccpta
2408 598 2654 654 faciendi.
2687 601 3065 659 Verumtamen
3114 607 3233 674 quia
3282 608 3392 664 Lex
3434 626 3464 664 a
3493 614 3678 680 quovis

2098 686 2407 752 proﬁciente
2434 707 2538 744 non
2564 707 2630 747 ex
2660 696 2803 748 omni
2827 707 2975 764 parte
3015 699 3329 768 completur,
3368 703 3678 770 propitiato-

2095 776 2234 832 rium
2256 788 2337 832 est
2367 779 2622 852 desuper.
2649 784 2729 839 Ad
2752 784 2854 841 hoc
2881 787 3021 841 enim
3049 803 3182 858 opus
3207 799 3289 845 est
3311 801 3366 844 ut
3411 785 3674 861 propitius

2093 866 2162 918 sit
2185 868 2340 934 Deus,
2367 879 2420 924 ct
2450 871 2568 927 ideo
2595 873 2823 944 desuper
2848 878 3079 945 ponitur,
3118 879 3239 948 quia
3279 883 3672 950 superexsultat

2091 959 2448 1016 misericordia
2473 964 2674 1032 judicio
2690 967 2890 1036 (Jacobi
2904 985 2960 1034 ιι,
2977 971 3086 1042 15).
3106 972 3217 1025 Duo
3230 988 3356 1026 vero
3381 967 3668 1031 Cherubim

2090 1050 2280 1118 pennis
2309 1054 2421 1107 suis
2451 1055 2768 1111 obumbrant
2793 1059 3213 1128 propitiatoriuin
3236 1104 3250 1128 ,
3273 1063 3326 1118 id
3357 1073 3460 1130 est,
3493 1065 3668 1120 hono-

2089 1150 2209 1194 rant
2229 1142 2486 1210 velando;
2517 1147 2764 1214 quoniam
2789 1151 3039 1219 mysteria
3068 1152 3164 1206 ista
3196 1153 3264 1208 ibi
3312 1164 3436 1208 sunt
3465 1175 3478 1210 :
3505 1165 3559 1211 et
3583 1158 3667 1212 in-

2085 1231 2255 1286 vicem
2287 1246 2344 1286 se
2369 1235 2665 1306 attendunt,
2689 1239 2808 1306 quia
2847 1252 3170 1309 consonant;
3211 1243 3318 1297 duo
3351 1247 3546 1315 quippe
3589 1248 3666 1304 ibi

2086 1320 2425 1378 Testamenta
2455 1326 2745 1395 ﬁgurantur
2769 1347 2781 1381 :
2814 1339 2866 1384 et
2888 1332 3060 1386 vultus
3089 1347 3273 1388 eorum
3302 1345 3425 1390 sunt
3458 1338 3509 1390 in
3537 1354 3664 1409 pro-

2085 1412 2430 1482 pitiatorium,
2461 1420 2582 1487 quia
2615 1421 3031 1478 misericordiam
3060 1425 3174 1490 Dei,
3207 1427 3256 1480 in
3281 1443 3382 1497 qua
3411 1445 3513 1484 una
3537 1446 3664 1500 spes

2081 1517 2184 1570 est,
2211 1510 2365 1565 valde
2387 1515 2782 1570 commendant.
2819 1518 3056 1589 Denique
3083 1520 3204 1577 hinc
3227 1537 3286 1578 se
3312 1525 3554 1594 promisit
3583 1525 3666 1579 lo-

2079 1607 2320 1654 cuturum
2363 1603 2501 1658 Deus
2541 1605 2606 1660 ad
2656 1606 2869 1678 Moysen
2908 1609 2975 1664 de
3023 1612 3199 1668 medio
3249 1612 3532 1670 Cherubim
3562 1615 3660 1670 (1ο-

2077 1702 2289 1744 sursum
2336 1695 2704 1763 propitiatorii.
2738 1699 2902 1753 Porro
2932 1701 2974 1754 si
3005 1711 3240 1757 creatura
3287 1705 3560 1759 rationalis
3603 1706 3656 1760 in

2077 1781 2412 1838 multitudine
2443 1785 2702 1851 scientiae,
2730 1791 2979 1858 quoniam
3008 1791 3144 1848 hanc
3165 1780 3654 1863 interpretationem

2075 1868 2273 1926 habent
2291 1871 2599 1943 Cherubim,
2629 1878 2833 1934 duobus
2882 1882 3008 1949 ipsis
3033 1883 3352 1939 animalibus
3377 1872 3643 1955 signiﬁca-

2019 1955 2023 1958 ’
2076 1967 2191 2026 tur;
2222 1961 2341 2016 ideo
2369 1963 2474 2019 duo
2501 1975 2643 2031 sunt,
2672 1979 2730 2022 ut
2749 1970 3057 2025 societatem
3087 1972 3360 2028 charitatis
3379 1989 3654 2030 commen-

2071 2048 2237 2112 denti
2269 2051 2388 2107 idco
2418 2056 2605 2122 pennis
2651 2059 2762 2110 suis
2819 2059 3238 2128 propitiatorium
3292 2064 3650 2129 obumbrant,

2070 2141 2194 2210 quia
2223 2143 2330 2197 Deo
2355 2159 2460 2198 non
2499 2147 2598 2199 sibi
2623 2149 2858 2202 tribuunt
2888 2167 3084 2218 pennas
3113 2167 3254 2215 suas,
3287 2154 3335 2206 id
3362 2163 3462 2219 est,
3485 2155 3649 2210 Deum

2070 2231 2334 2290 honorant
2357 2236 2654 2305 virtutibus,
2680 2241 2872 2309 quibus
2897 2253 3179 2310 prtestant:
3203 2253 3256 2300 et
3277 2247 3448 2299 vultus
3463 2261 3648 2300 eorum

2069 2339 2174 2378 non
2201 2334 2324 2380 sunt
2363 2328 2461 2382 nisi
2489 2329 2540 2382 in
2566 2331 3008 2399 propitiatorium,
3037 2333 3156 2403 quia
3181 2335 3496 2406 cuicumque
3521 2353 3648 2406 pro-

2068 2415 2227 2470 fectui
2254 2416 2321 2470 ad
2351 2419 2743 2475 multitudinem
2775 2422 3010 2477 scientiae
3038 2439 3160 2493 spes
3189 2439 3295 2480 non
3323 2434 3424 2491 est,
3454 2426 3553 2483 nisi
3595 2428 3648 2482 in

2067 2506 2158 2561 Dei
2183 2507 2565 2564 misericordia.

2133 2595 2265 2652 CVI.
2291 2596 2390 2669 [|b.
2420 2615 2548 2665 xxv,
2568 2600 2844 2672 27.]Quod
2867 2604 2959 2668 ait,
2985 2603 3151 2658 Erunt
3177 2607 3352 2660 annuli
3375 2609 3426 2661 in
3453 2609 3606 2662 thecis
3629 2611 3644 2642 ¹

2063 2687 2447 2757 subportatoriis
2466 2692 2534 2744 ad
2553 2693 2824 2747 tollendam
2856 2712 3098 2762 mensam,
3124 2697 3224 2753 hoc
3250 2699 3646 2770 intelligendum

2063 2781 2342 2851 est,qnod
2390 2784 2567 2836 annuli
2611 2794 2791 2838 essent
2833 2787 2976 2842 velut
3013 2787 3180 2852 thch
3223 2790 3647 2859 subportatorio-

2061 2887 2216 2936 rum;
2251 2872 2301 2926 id
2327 2881 2424 2938 est,
2443 2889 2548 2943 quo
2571 2876 2958 2944 subportatoria
2986 2889 3232 2950 tanquam
3269 2882 3320 2935 in
3359 2883 3535 2937 thecas
3563 2883 3646 2940 in-

2061 2961 2340 3016 ducantur.
2383 2962 2550 3018 Erunt
2579 2967 2772 3035 quippe
2797 2968 2849 3021 in
2875 2970 3049 3036 thecis,
3075 2970 3145 3024 ita
3170 2970 3371 3025 dictum
3395 2981 3496 3037 est,
3526 2984 3644 3028 tan-

2060 3068 2216 3122 quam
2247 3053 2530 3120 diceretur,
2563 3057 2725 3110 Erunt
2745 3072 2849 3124 pro
2878 3058 3066 3114 thecis.

2130 3141 2282 3198 CVII.
2314 3143 2412 3214 [|b.
2437 3161 2589 3210 xxvi,
2625 3146 2700 3218 I.]
2722 3149 2910 3203 Decem
2937 3150 3225 3205 aula-orum
3253 3151 3404 3220 jubet
3426 3153 3538 3208 ﬁeri
3561 3163 3643 3208 ta-

2059 3232 2437 3300 bernaculum,
2470 3252 2588 3290 cum
2631 3238 2698 3291 sit
2747 3238 3032 3310 deealogus
3079 3242 3253 3313 Legis.
3295 3247 3472 3300 Aulrea
3517 3263 3644 3302 vero

2058 3324 2357 3392 signiﬁcant
2386 3326 2715 3382 latitudinem
2737 3369 2752 3392 ,
2787 3339 3000 3399 propter
3031 3331 3351 3388 facilitatem.
3400 3334 3643 3392 Charitas

2057 3415 2252 3483 quippe
2280 3416 2544 3484 plenitudo
2568 3417 2724 3488 Legis
2752 3430 2831 3473 est
2854 3418 3029 3490 (Rom.
3053 3438 3168 3487 xm,
3191 3424 3283 3494 I0)
3309 3442 3322 3479 :
3354 3433 3408 3478 et
3433 3427 3643 3482 nonnisi

2057 3503 2299 3558 charitati
2343 3517 2465 3560 sunt
2511 3519 2772 3577 praecepta
2825 3509 3042 3566 facilia:
3076 3513 3213 3568 unde
3254 3514 3363 3582 ipsa
3407 3517 3641 3572 dilatatio

2055 3595 2473 3663 commendatur,
2494 3614 2614 3651 eum
2641 3599 2851 3664 dicitur,
2873 3601 3108 3654 Dilatasti
3139 3621 3334 3674 gressus
3361 3623 3494 3660 meos
3521 3608 3642 3660 sub-

2057 3694 2136 3740 tns
2151 3703 2245 3750 me,
2269 3696 2315 3741 et
2333 3705 2433 3741 non
2448 3699 2563 3742 sunt
2579 3692 2626 3742 in
2633 3691 2831 3758 [innata
2848 3694 3052 3763 vestigia
3072 3712 3180 3748 mea
3198 3695 3365 3767 (Psal.
3381 3713 3507 3762 xvu,
3522 3699 3637 3770 57).

2055 3775 2160 3832 Sed
2190 3779 2435 3846 quoniam
2468 3780 2564 3834 ista
2595 3781 2831 3835 dilatatio
2859 3798 2952 3851 per
2975 3785 3195 3854 gratiam
3227 3787 3283 3839 ﬁt
3304 3787 3396 3842 Dei
3419 3804 3434 3852 ;
3459 3787 3638 3842 chari-

2057 3877 2142 3921 tas
2165 3869 2304 3922 enim
2339 3870 2429 3923 Dei
2457 3871 2642 3924 dill‘usa
2673 3881 2753 3925 est
2778 3873 2828 3926 in
2862 3875 3109 3928 cordibus
3150 3877 3380 3942 nostris,
3408 3893 3510 3933 non
3543 3893 3641 3948 per

2053 3961 2319 4032 nosipsos,
2348 3963 2440 4016 sed
2469 3979 2561 4032 per
2590 3964 2842 4033 Spiritum
2869 3976 3108 4020 sanctum
3134 3967 3225 4036 qui
3253 3968 3409 4022 datus
3432 3979 3514 4034 est
3538 3985 3638 4024 no-

2052 4055 2135 4110 bis
2162 4056 2334 4126 (Rom.
2363 4072 2415 4123 v,
2439 4057 2529 4124 5);
2554 4058 2674 4112 ideo
2697 4059 2780 4112 hic
2807 4060 3027 4130 mystice
3054 4061 3165 4130 ipse
3195 4078 3447 4116 numerus
3477 4064 3636 4118 etiam

2052 4147 2472 4213 commendatur,
2492 4149 2579 4217 qui
2600 4149 2822 4217 pertinet
2844 4151 3002 4204 etiam
3025 4151 3088 4204 ad
3103 4152 3355 4220 Spiritum
3374 4162 3633 4219 sanctum,

2052 4253 2149 4307 per
2173 4255 2329 4308 quem
2359 4240 2465 4293 Lex
2513 4241 2680 4308 possit
2721 4242 2947 4309 impleri.
2992 4243 3192 4296 Dicitur
3227 4243 3370 4298 enim
3408 4245 3635 4299 aulaeum

2051 4330 2429 4400 longitudinem
2472 4331 2667 4386 habere
2704 4333 2901 4388 debere
2943 4334 2993 4387 in
3040 4335 3232 4388 cubitis
3264 4335 3445 4410 viginti
3491 4347 3630 4391 octo.

2052 4419 2156 4476 Iste
2185 4431 2359 4475 autem
2388 4437 2659 4486 numerus,
2679 4423 2800 4491 quia
2825 4439 2918 4492 per
2937 4424 3292 4492 septenarium
3319 4424 3633 4480 dividendus

2051 4521 2151 4575 est,
2177 4511 2508 4581 signiﬁcavit,
2531 4527 2650 4566 cum
2681 4513 2810 4566 dicit
2834 4512 3162 4568 latitudinem
3185 4515 3335 4568 aulari
3362 4516 3414 4569 in
3443 4517 3632 4571 cubitis

2042 4600 2292 4660 quatuor.
2321 4595 2524 4659 Quatcr
2561 4599 2704 4650 enim
2737 4606 2942 4668 septem
2989 4602 3124 4655 ﬁunt
3150 4604 3343 4671 viginti
3375 4615 3517 4660 octo.
3559 4609 3625 4662 Et

2040 4691 2124 4738 est
2148 4684 2310 4738 etiam
2329 4687 2429 4741 iste
2451 4704 2708 4744 numerus
2726 4691 2996 4759 perfectus
3019 4711 3033 4758 ;
3056 4695 3180 4764 quia
3201 4697 3337 4750 sicut
3353 4702 3618 4766 senarius,

2041 4774 2155 4827 suis
2186 4776 2431 4842 partibus
2475 4789 2706 4834 constat.
2757 4781 2913 4848 Quod
2964 4800 3091 4838 vero
3147 4794 3255 4840 tam
3291 4804 3432 4857 szepe
3472 4793 3617 4856 dicit,

2040 4863 2316 4919 Cherubin:
2349 4867 2510 4936 facies
2533 4887 2594 4924 ea
2613 4888 2764 4942 apere
2789 4876 3026 4940 textoris,
3054 4878 3183 4946 quid
3211 4879 3354 4934 aliud
3377 4898 3538 4950 quam
3570 4885 3622 4937 in

2037 4955 2122 5010 his
2145 4957 2396 5012 omnibus
2413 4961 2810 5018 multitudinem
2835 4967 3075 5022 scientiae
3091 4973 3448 5031 commendat,
3473 4976 3615 5042 quod

2035 5045 2424 5118 interpretatur
2452 5052 2732 5109 Cherubim
2753 5059 2778 5110 ?

2103 5138 2278 5194 CVIII.
2309 5140 2409 5213 [11).
2442 5161 2590 5211 xxvr,
2618 5146 2695 5219 7.]
2727 5148 2790 5202 Et
2805 5151 2967 5218 facies
2987 5152 3097 5206 vela
3127 5155 3400 5224 capillacia
3414 5159 3619 5226 aperire

2031 5246 2188 5300 super
2212 5233 2640 5301 tabernaculum;
2670 5239 2907 5293 undecim
2942 5240 3057 5294 vela
3092 5242 3252 5310 facies
3277 5261 3356 5296 ea.
3388 5244 3516 5309 Qua:
3531 5262 3620 5298 ca-

2030 5321 2244 5391 pillacia
2280 5324 2399 5378 vela
2429 5334 2571 5381 sunt.
2605 5329 2657 5382 id
2683 5338 2767 5384 est
2805 5330 3042 5396 cilicina,
3073 5334 3320 5388 undecim
3365 5335 3619 5392 dicuntur

2093 5481 2116 5555 ξ
2125 5479 2268 5555 ¹Αρυό
2281 5479 2421 5555 LXX,
2432 5481 2500 5533 eis
2511 5483 2672 5555 théltas
2690 5483 2778 5535 (eis
2795 5485 3157 5555 anaphoredsei.
3175 5488 3455 5555 Legendurn
3471 5505 3612 5555 ergo,

2027 5541 2079 5609 in
2099 5541 2280 5609 thecas,
2310 5541 2630 5609 licet_codiees
2649 5561 2818 5594 omnes
2843 5541 3074 5607 habeant,
3103 5548 3152 5598 in
3171 5541 3322 5601 theZ'is
3341 5541 3602 5609 subpori’a?

2025 5602 2199 5672 toriis':
2225 5617 2401 5666 nempe
2427 5606 2641 5655 familiari
2667 5611 2786 5658 vitio
2808 5602 3130 5672 librariorum,
3155 5616 3241 5672 qui
3269 5602 3456 5662 rursum
3489 5602 3606 5664 infra

2030 5665 2227 5738 easdem
2245 5678 2387 5738 voces
2397 5675 2573 5738 casu_et
2586 5679 2775 5738 genere
2796 5665 3338 5738 conciliandasinvicem
3359 5685 3602 5738 putarum;

2027 5735 2135 5793 nam
2161 5726 2416 5796 legebatur
2441 5730 2488 5774 in
2510 5730 2742 5796 hactenus
2767 5732 2930 5796 editis,
2968 5732 3282 5796 velutgthccre
3303 5726 3608 5796 subparum);

2027 5789 2119 5835 ria:
2164 5789 2244 5836 ubi
2270 5802 2330 5838 ex
2363 5789 2676 5853 Mssaliquot
2699 5789 3022 5855 reposuimus,
3045 5789 3524 5859 subportatoriorum.
