4094 6462
258 330 380 388 657

256 448 454 508 chinos,
477 455 522 500 et
544 445 743 516 sculpes
763 446 815 499 in
838 444 909 500 eis
933 444 1137 500 nomina
1160 442 1380 514 filiorum
1407 439 1574 498 Israel
1592 459 1612 509 ;
1635 458 1723 498 sea:
1742 459 1839 498 no-

259 539 402 593 mina
419 537 471 591 in
490 536 661 606 lapide
681 552 800 598 uno,
816 545 860 590 et
876 552 963 590 seat
977 536 1167 604 reliqua
1187 536 1238 588 in
1261 534 1440 601 altero,
1449 536 1601 605 juxta
1617 534 1844 590 ordinem

261 629 536 683 nativitatis
562 644 763 689 eorum,
804 643 869 681 an
911 627 1308 696 intelligendum
1328 669 1342 690 ,
1376 628 1474 682 ut‘
1507 627 1707 698 lapides
1738 627 1844 682 sint.

259 720 332 776 de
377 720 680 776 nominibus
725 720 953 774 ﬁliorum
1006 719 1160 774 Israel
1209 718 1497 774 secundum
1541 718 1843 774 nativitates

258 829 469 876 eorum.
499 813 550 868 id
578 822 660 868 est
683 813 972 868 secundum
998 813 1236 868 Ordinem
1265 829 1369 882 quo
1395 814 1502 867 nati
1538 813 1702 868 sunt?

329 904 512 961 CXVI.
545 903 646 977 [lb.
676 920 868 965 xxvnt.
887 902 1002 976 22.]
1020 901 1084 957 Et
1103 905 1256 974 facies
1281 921 1430 972 super
1451 902 1698 957 rationale
1717 902 1838 971 ﬁm-

257 995 394 1050 brias
421 997 796 1064 complectentes
825 1012 951 1066 opus
971 1004 1255 1050 catenatum
1282 996 1344 1048 de
1371 1013 1495 1049 auro
1517 1012 1662 1064 puro.
1690 994 1841 1063 Quod

258 1086 434 1142 Latini
461 1085 708 1140 rationale
735 1085 1064 1155 interpretati
1095 1094 1238 1152 sunt,
1271 1085 1444 1155 inopia
1477 1087 1668 1154 lingnze
1695 1084 1839 1140 fecit.

258 1176 479 1232 (iuncus
501 1177 643 1230 enim
672 1176 826 1230 habet
851 1184 1036 1240 λόγων,
1079 1191 1184 1230 non
1214 1184 1414 1240 λογικόν.
1448 1175 1723 1230 Rationale
1748 1191 1844 1231 au-

260 1275 373 1321 tem
406 1265 534 1320 illud
565 1265 797 1320 solemus
839 1266 1132 1336 appellare,
1167 1265 1306 1335 quod
1333 1263 1503 1321 Crazci
1551 1266 1730 1322 dicunt
1760 1275 1840 1320 λο-

256 1367 409 1425 ναὸν.
439 1358 543 1413 Sed
574 1359 823 1429 quoniam
870 1366 994 1424 λόγος
1023 1359 1074 1412 in
1106 1373 1278 1428 grteca
1324 1359 1497 1429 lingua
1539 1360 1839 1429 ambiguum

258 1457 366 1512 est,
393 1457 569 1502 utrum
591 1447 808 1502 verbum
823 1447 1101 1518 signiﬁcet,
1119 1463 1185 1501 an
1213 1448 1492 1512 rationem,
1513 1450 1630 1518 quia
1649 1449 1845 1504 utrius-

256 1553 364 1608 que
389 1538 468 1594 rei
499 1553 690 1593 nomen
719 1547 833 1604 est;
876 1537 967 1592 ubi
999 1547 1234 1607 putatum
1277 1549 1358 1596 est
1388 1557 1415 1592 a
1444 1541 1605 1594 verbo
1644 1541 1839 1594 dictum

257 1638 435 1698 λόγων,
481 1630 746 1699 eloquium
775 1630 942 1684 nostri
987 1629 1315 1699 interpretati
1357 1639 1480 1685 sunt
1509 1651 1521 1684 :
1553 1647 1672 1686 nam
1703 1632 1841 1700 quod

259 1719 546 1786 habemus,
579 1719 796 1788 Eloquia
820 1719 1045 1784 Domini,
1075 1721 1272 1791 eloquia
1298 1732 1434 1775 casta
1461 1721 1630 1794 (Psal.
1656 1739 1730 1787 XI,
1760 1723 1839 1794 7),

258 1811 433 1866 Graeci
463 1811 657 1864 habent
703 1819 874 1878 161m:
909 1810 995 1866 hic
1040 1827 1169 1866 vero
1214 1813 1267 1866 in
1317 1822 1466 1868 veste
1508 1813 1840 1880 sacerdotali,

260 1901 404 1971 quod
431 1917 494 1956 ex
527 1917 658 1955 auro
701 1909 755 1955 et
801 1901 1087 1972 hyacintho
1129 1911 1182 1956 ct
1211 1918 1437 1973 purpura
1464 1912 1516 1958 et
1559 1918 1720 1958 cocco
1741 1903 1844 1956 du-

259 1994 387 2064 plici
418 2003 557 2048 torto
585 2003 640 2048 et
665 1993 826 2064 bysso
849 1992 1044 2062 duplici
1085 2001 1219 2048 torta
1261 1993 1373 2050 ﬁeri
1415 2004 1735 2063 praeceptum
1762 2001 1847 2048 est

258 2083 579 2154 quadratum
602 2084 817 2153 duplex,
841 2083 982 2154 quod
1011 2092 1156 2139 esset
1195 2085 1247 2137 in
1277 2093 1490 2154 pectore
1527 2084 1841 2152 sacerdotis,

260 2184 318 2231 et
343 2184 497 2242 λόγιον
537 2184 837 2241 vocaretur,
883 2175 1144 2230 incertum
1194 2183 1370 2229 utrum
1415 2191 1444 2229 a
1488 2177 1694 2230 ratione
1721 2190 1788 2230 an
1812 2189 1844 2229 a

257 2264 430 2319 verbo
456 2264 671 2318 ductum
700 2263 877 2329 fuerit,
925 2263 1242 2333 interpretes
1285 2265 1454 2320 nostri
1500 2264 1668 2334 magis
1695 2281 1726 2318 a
1755 2280 1844 2320 ra-

258 2355 409 2410 tione
437 2354 637 2409 dictum
667 2362 914 2424 putantes
938 2354 1189 2408 rationale
1217 2355 1632 2424 appellaverunt.

331 2445 538 2502 CXVII.
572 2444 673 2519 [lb.
707 2461 892 2511 xxvm,
922 2444 1038 2518 50.]
1066 2444 1134 2500 Et
1175 2447 1400 2518 impones
1427 2464 1577 2517 super
1602 2447 1847 2502 rationale

258 2536 440 2604 iudicii
456 2536 924 2590 demonstrationem
952 2546 998 2590 et
1026 2537 1305 2592 veritatem.
1331 2537 1467 2605 Quid
1495 2538 1594 2594 sibi
1623 2538 1724 2593 hoc
1749 2555 1843 2594 ve-

259 2627 344 2695 lit,
377 2627 462 2680 vcl
488 2628 539 2681 in
566 2626 704 2696 quali
743 2643 804 2682 re
839 2628 922 2682 vel
949 2629 1167 2683 metallo
1195 2639 1483 2700 poneretur
1507 2645 1668 2700 super
1685 2631 1847 2684 ratio-

163 2748 180 2756 -
269 2717 395 2772 nale
420 2716 802 2772 demonstratio
831 2725 885 2770 et
909 2719 1128 2785 veritas,
1155 2719 1403 2788 quoniam
1432 2721 1550 2774 talia
1578 2719 1708 2775 dicit
1733 2721 1844 2775 ﬁeri

260 2808 318 2863 in
346 2819 494 2863 veste
517 2808 825 2873 sacerdotis,
854 2825 973 2879 qua:
997 2812 1347 2880 corporaliter
1375 2813 1507 2867 ﬁunt
1533 2819 1575 2879 ⁸,
1601 2814 1842 2870 invenire

260 2899 481 2955 difﬁcile
502 2909 603 2956 est.
623 2897 949 2956 Fabulantur
969 2911 1147 2958 tamen
1173 2903 1388 2974 quidam
1413 2905 1640 2977 lapidem
1663 2907 1843 2976 fuisse,

261 2990 419 3060 cujus
441 2990 608 3054 color,
639 2993 751 3045 sive
776 2990 843 3046 ad
887 2991 1130 3060 adversa,
1157 2994 1270 3050 sive
1294 2995 1358 3049 ad
1387 3012 1640 3067 prospera
1671 3006 1845 3052 muta-

260 3092 414 3140 retur
431 3083 644 3155 quando
663 3083 913 3141 sacerdos
940 3085 1170 3142 intrabat
1187 3088 1240 3142 in
1270 3098 1450 3144 sancta
1477 3107 1490 3144 :
1516 3098 1574 3145 et
1599 3091 1700 3145 hoc
1725 3106 1846 3147 esse

261 3172 404 3243 quod
430 3173 526 3239 ait,
549 3171 618 3227 Et
641 3171 816 3240 afferet
838 3172 1010 3229 Aaron
1041 3175 1241 3245 judicia
1264 3178 1487 3246 filiorum
1513 3177 1676 3234 Israel
1695 3197 1848 3250 super

261 3273 469 3334 pectus;
496 3262 782 3318 ostendens
824 3263 1071 3320 videlicet
1109 3262 1171 3320 in‘
1189 3265 1274 3320 illa
1313 3266 1766 3324 demonstratione
1793 3277 1848 3325 et

261 3353 508 3417 veritate,
533 3352 656 3423 quid
682 3351 751 3410 de
776 3353 882 3409 illis
903 3354 1217 3424 iudicaverit
1237 3356 1513 3412 Dominus.
1535 3360 1846 3428 Quanquam

263 3446 440 3518 possit
468 3445 688 3515 intelligi
717 3446 1225 3503 demonstrationem
1253 3459 1308 3503 et
1347 3449 1628 3505 veritatem
1658 3450 1847 3506 litteris

260 3540 568 3612 impositam
595 3557 756 3612 super
781 3550 951 3609 λόγιον.

337 3632 572 3689 CXVIII.
603 3632 705 3706 [lb.
732 3649 922 3700 xxvm,
953 3632 1066 3707 3L]
1087 3634 1153 3689 Et
1197 3634 1350 3706 facies
1381 3634 1602 3690 tunicam
1636 3635 1848 3690 talarem

263 3707 678 3795 hyacinthinam;
706 3723 758 3778 id
803 3732 907 3790 est,
940 3741 1105 3795 usque
1149 3725 1216 3780 ad
1263 3725 1398 3781 talos
1435 3725 1844 3796 dependentem.

266 3815 334 3868 Et
362 3816 458 3869 erit
479 3816 820 3884 peristomium
851 3831 914 3870 ea:
939 3832 996 3868 ca
1034 3816 1284 3880 medium,
1317 3816 1370 3871 id
1413 3825 1494 3871 est
1513 3857 1529 3882 ,
1560 3832 1661 3888 qua
1690 3825 1855 3887 caput

261 3905 538 3974 ejiciatur:
567 3905 668 3960 hoc
690 3914 770 3960 est
800 3921 940 3960 enim
970 3906 1109 3976 quod
1133 3905 1300 3962 Grznci
1322 3907 1503 3962 dicunt
1524 3919 1846 3979 περιστόμιον.

266 3995 426 4048 Orant
453 3994 640 4050 habens
667 3996 720 4049 in
747 3996 957 4050 circuitu
987 3997 1260 4065 peristomii
1276 4039 1292 4065 ,
1315 4015 1441 4070 opus
1461 3999 1686 4067 textoris,
1709 4015 1851 4054 com-

259 4085 532 4139 missuram
571 4092 889 4149 contextam;
917 4085 967 4140 id
1008 4095 1196 4151 est,ne
1236 4087 1348 4155 ipsa
1388 4103 1480 4142 ora
1515 4089 1848 4146 extrinsecus

261 4182 514 4229 assuutur
543 4192 556 4228 :
587 4174 690 4229 hoc
702 4174 911 4230 videtur
929 4175 1130 4241 dicere,
1147 4178 1526 4232 commissuram
1540 4189 1843 4236 contextam.

265 4267 418 4323 Unde
446 4266 606 4321 etiam
627 4266 844 4331 addidit,
875 4283 939 4322 ea:
973 4268 1106 4338 ipsa,
1139 4277 1192 4322 ut
1227 4285 1291 4323 ne
1319 4279 1616 4340 rumpatur;
1657 4271 1711 4327 id
1739 4281 1843 4338 est,

261 4368 319 4415 ut
350 4374 414 4414 ex
446 4373 506 4412 se
537 4358 649 4427 ipsa
674 4357 746 4413 sit
772 4359 882 4427 ipsa
909 4374 1002 4413 ora
1029 4367 1272 4414 contexta
1293 4376 1414 4416 cum
1443 4370 1609 4417 veste.

332 4450 521 4506 CXIX.
554 4450 654 4524 [lb.
680 4467 875 4514 xxvut.
915 4451 1030 4525 35.]
1062 4451 1124 4506 Et
1153 4454 1249 4508 erit
1281 4455 1450 4510 Aaron
1491 4472 1605 4510 cum
1643 4457 1848 4527 coeperit

260 4541 408 4613 fungi
431 4540 712 4594 sacerdotio
729 4582 746 4608 ,
771 4541 1003 4594 audietur
1028 4558 1123 4597 vos:
1149 4543 1257 4613 ejus
1288 4543 1497 4598 intranti
1534 4545 1588 4600 in
1617 4555 1850 4601 sanctum

260 4633 317 4685 in
344 4620 610 4702 conspectu
641 4631 846 4686 Domini
883 4642 930 4686 et
972 4634 1191 4696 exeunti,
1230 4643 1286 4688 ut
1323 4651 1424 4689 non
1449 4635 1731 4691 moriatur:
1758 4637 1845 4692 in-

262 4721 458 4775 trantis
493 4730 550 4776 ct
589 4721 833 4800 exeuntis
859 4737 1044 4777 vocem
1093 4722 1160 4778 de
1198 4724 1562 4780 tintinnabulis
1587 4726 1720 4782 dixit
1745 4742 1843 4781 au-

263 4811 390 4876 diri,
425 4820 736 4881 tantumque
760 4812 832 4866 ibi
874 4812 1079 4882 pondus
1117 4813 1505 4870 observationis
1547 4817 1754 4884 posuit,
1789 4825 1846 4872 ut

263 4901 490 4968 diceret,
514 4918 579 4956 ne
601 4903 866 4956 moriatur.
903 4903 1227 4958 Testimonia
1259 4919 1387 4974 ergo
1413 4905 1654 4974 qumdam
1683 4907 1848 4976 signi-

263 4991 414 5046 ﬁcari
444 4991 609 5046 voluit
637 4991 690 5045 in
719 5001 865 5046 veste
890 4992 1223 5059 sacerdotali,
1249 5009 1350 5063 qua
1378 4995 1556 5066 utique
1581 4995 1844 5064 signiﬁca-

261 5090 352 5136 tur
379 5081 641 5146 Ecclesia,
673 5097 766 5151 per
803 5081 916 5136 hcce
958 5082 1327 5150 tintinnabula,
1369 5094 1426 5139 ut
1455 5095 1577 5139 nota
1616 5086 1686 5140 sit
1717 5101 1846 5141 con-

259 5175 498 5230 versatio
537 5174 830 5230 sacerdotis
860 5193 872 5229 :
903 5175 1040 5230 sicut
1077 5176 1363 5246 Apostolus
1386 5177 1542 5244 dicit,
1568 5177 1714 5234 Circa
1740 5196 1848 5232 om-

260 5279 350 5317 nes
373 5263 590 5334 teipsum
633 5263 876 5317 bonorum
911 5279 1115 5335 cperunt
1155 5266 1378 5335 prwbens
1410 5267 1691 5338 exemplum
1717 5266 1842 5340 (Tit.

260 5371 321 5422 ll,
355 5356 452 5427 7);
478 5364 572 5410 aut
601 5356 747 5422 illud,
780 5355 908 5422 Quae
943 5357 1130 5410 audisti
1156 5374 1188 5410 a
1221 5375 1298 5411 me
1337 5376 1425 5427 per
1457 5361 1640 5415 multos
1679 5369 1844 5427 testes,

327 5468 418 5535 {In
442 5473 549 5535 Mss.
573 5474 683 5535 post
703 5481 893 5535 vocem,
928 5467 1130 5535 minimi,
1163 5471 1384 5535 proxime
1407 5473 1722 5535 subsequitur
1750 5488 1776 5535 εξ
1795 5478 1850 5524 Et

259 5525 453 5591 lapides
472 5525 650 5579 siru'de
673 5525 946 5595 nominibus
959 5525 1177 5595 filiorum
1188 5531 1344 5595 _Israrl
1375 5525 1638 5584 secundum
1677 5533 1849 5585 nativi-

262 5596 383 5657 tates
406 5601 592 5657 eorum.
617 5591 704 5648 Qui
724 5598 801 5641 est
821 5591 989 5657 Exodi,
1013 5604 1117 5654 cap.
1151 5592 1230 5657 ΞΒ,
1261 5607 1308 5642 v.
1333 5595 1388 5643 21
1419 5609 1431 5644 :
1465 5597 1556 5644 nisi
1578 5598 1706 5657 quod
1741 5603 1849 5657 LXX

261 5649 585 5736 habe}:
596 5659 842 5714 mnam,
878 5649 1289 5716 ubi'Au'gustinus
1309 5657 1502 5706 videtur
1525 5649 1708 5736 legisse
1737 5656 1867 5734 [tata

257 5711 558 5776 gerutentata.

321 5775 343 5806 ²
367 5780 498 5825 Unus
520 5786 553 5824 ο
572 5775 722 5826 vatio.
747 5781 878 5838 las,
903 5774 1115 5841 utfiunt.

1579 326 1787 384 LIBER
1823 326 2194 386 SECUNDUS.

3427 346 3528 383 Οὐδ

1953 443 2060 499 htec
2080 443 2252 499 eadem
2282 443 2572 499 commenda
2597 443 2845 513 ﬁdelibus,
2881 451 2928 498 et
2950 444 3014 499 iis
3033 443 3120 517 qui
3146 442 3316 499 idonei
3347 451 3528 498 suntet

1950 535 2078 588 alios
2107 533 2366 606 docere(ll
2386 533 2520 589 Tim.
2553 532 2706 607 ",2.)
2735 536 2812 589 An
2832 535 2954 605 quid
2978 534 3120 589 aliud
3135 535 3412 605 ?magnum
3453 544 3532 587 ta-

1952 639 2073 680 men
2097 635 2198 691 est,
2230 624 2480 696 quidquid
2511 625 2637 679 illud
2665 636 2764 682 est.
2795 625 3018 680 Intranti
3037 637 3212 681 autem
3234 642 3281 681 et
3305 626 3525 688 exeunti,

1950 728 2048 783 pro
2076 713 2321 768 intrantis
2350 724 2405 770 et
2430 715 2700 779 exeuntis;
2729 715 2925 770 locutio
2949 727 3048 770 est.
3080 715 3191 772 Vox
3213 731 3306 786 pro
3331 716 3530 782 sonitu;

1951 818 2074 867 nam
2099 789 2576 858 tintinnabulorum
2602 806 2766 874 magis
2792 819 2953 860 Sonus
2981 821 3138 876 quam
3169 820 3268 860 vox
3290 813 3394 860 est.

2021 891 2297 966 cxx.pb.
2330 909 2517 958 xxvut,
2540 892 2754 966 56-38.]
2778 893 2842 946 Et
2871 896 3025 966 facies
3057 879 3298 949 laminam
3331 911 3534 950 auream

1952 1000 2152 1053 puram,
2179 994 2224 1038 et
2248 983 2486 1054 formabis
2513 985 2566 1038 in
2587 986 2760 1038 eadem
2787 987 3138 1054 formationem
3162 986 3313 1057 signi,
3342 987 3531 1040 sancti-

1955 1085 2106 1128 tatem
2133 1073 2339 1128 Domini
2361 1076 2412 1140 ';
2439 1086 2484 1129 ct
2511 1076 2734 1140 impones
2766 1076 2895 1130 illud
2914 1093 3063 1146 super
3091 1076 3414 1146 hyacintltum
3439 1093 3528 1130 au-

1952 1165 2129 1234 plicem
2163 1174 2342 1219 tortam
2367 1182 2381 1225 ;
2408 1176 2451 1219 et
2476 1167 2568 1219 erit
2602 1183 2755 1231 super
2788 1168 3032 1220 mitram:
3055 1169 3329 1221 secundum
3359 1170 3533 1237 inspe-

1950 1264 2083 1307 ctum
2111 1254 2273 1308 mitra:
2295 1256 2422 1320 erit;
2457 1265 2504 1309 et
2550 1256 2642 1308 erit
2669 1273 2823 1327 supra
2853 1258 3068 1326 frontem
3115 1256 3308 1310 Aaron.
3336 1255 3401 1310 Et
3427 1274 3524 1309 au-

1950 1348 2073 1414 feret
2102 1346 2121 1375 ²
2142 1345 2313 1398 Aaron
2343 1355 2546 1414 peccata
2566 1355 2854 1398 sanctorum
2879 1362 3207 1416 quaecumque
3247 1346 3532 1414 sancti/ica-

1949 1435 2069 1489 bunt
2093 1436 2189 1504 filii
2211 1433 2392 1498 Israel,
2417 1420 2577 1489 omnis
2604 1435 2710 1488 dati
2734 1446 3019 1489 sanctorum
3038 1451 3228 1489 eorum.
3250 1435 3529 1502 Quomodo

1953 1526 2204 1581 forn'tctur
2236 1527 2287 1581 in
2320 1527 2513 1582 lamina
2539 1514 2794 1582 sanctitas
2827 1527 3056 1593 Domini,
3084 1544 3188 1582 non
3221 1529 3396 1593 video,
3427 1528 3531 1582 nisi

1950 1620 2208 1688 aliquibus
2241 1619 2431 1674 litteris
2452 1661 2468 1687 ,
2511 1635 2644 1689 quas
2674 1619 2887 1690 quidam
2918 1630 3144 1690 quatuor
3193 1635 3312 1675 esse
3351 1619 3534 1675 dicunt

1952 1713 2211 1778 hebrteas,
2259 1712 2420 1782 quod,
2469 1721 2526 1766 ut
2555 1711 2724 1768 Crzcci
2774 1712 3079 1781 appellant,
3117 1718 3533 1784 τιτραςιράμματον

1949 1823 2144 1864 nomen
2171 1807 2264 1861 Dei
2311 1806 2578 1863 ineffabile
2606 1807 2826 1863 credunt
2859 1807 3039 1870 fuisse,
3083 1808 3166 1861 vel
3214 1823 3333 1863 esse
3362 1807 3535 1864 adhuc

1951 1914 2135 1968 usque.
2169 1898 2275 1954 Sed
2313 1899 2561 1968 qumlibet
2597 1900 2723 1965 sint,
2757 1900 2837 1954 vel
2883 1900 3280 1970 quomodolibet
3330 1915 3388 1954 se
3442 1900 3508 1954 ha

1950 1989 2110 2045 beant
2135 1990 2237 2044 illa:
2273 1989 2496 2052 litterae,
2530 1998 2584 2043 ut
2619 1990 2747 2053 dixi,
2791 1991 3124 2045 sanctitatem
3175 1991 3413 2056 Domini,
3443 1990 3529 2046 vel

1951 2079 2448 2145 sanctiﬁcationcm,
2495 2080 2539 2134 si
2587 2080 2688 2134 hoc
2717 2081 2884 2150 magis
2928 2081 3358 2143 dicendum‘est.
3387 2082 3546 2152 quod,

1949 2186 2154 2241 grtecus
2181 2173 2340 2227 habet
2361 2178 2592 2241 ἀγίασμα,
2626 2174 2837 2228 nonnisi
2863 2174 3053 2229 litteris
3075 2176 3126 2229 in
3152 2191 3282 2230 auro
3314 2174 3530 2229 formari

1952 2265 2189 2333 potuisse
2213 2265 2552 2320 crediderim.
2579 2266 2653 2321 lbi
2686 2276 2862 2322 autem
2893 2267 3022 2322 dicit
3047 2267 3376 2324 sacerdotem
3401 2283 3532 2324 san-

1951 2364 2158 2411 ctorum
2204 2357 2416 2412 auferre
2463 2368 2702 2427 peccata,
2755 2359 3090 2431 Quaecumque
3126 2359 3530 2430 sancti/imbuat,

1951 2445 2140 2515 inquit,
2181 2447 2278 2517 ﬁlii
2315 2445 2484 2502 Israel
2519 2449 2680 2502 omnis
2708 2449 2813 2502 dati
2840 2459 3128 2505 sanctorum
3150 2466 3322 2506 eorum
3347 2466 3367 2506 :
3391 2449 3534 2522 quod

1950 2535 2183 2591 arbitror
2203 2535 2400 2590 dictum
2430 2537 2480 2591 in
2502 2538 2580 2592 eis
2604 2539 2878 2594 sacriﬁciis
2895 2555 3013 2606 quae
3033 2541 3263 2597 offerunt
3291 2557 3384 2608 pro
3408 2556 3532 2610 pec-

1951 2625 2084 2681 catis
2113 2625 2252 2690 suis;
2285 2635 2343 2680 ut
2366 2641 2470 2681 non
2509 2637 2818 2683 sanctorum
2855 2627 3130 2684 hominum
3157 2631 3530 2700 intelligamus,

1951 2717 2045 2772 scd
2070 2728 2374 2777 sanctorum
2418 2717 2486 2771 ab
2514 2733 2579 2774 eo
2625 2718 2765 2789 quod
2796 2729 2919 2774 sunt
2945 2731 3127 2776 sancta
3147 2738 3269 2795 qua:
3298 2721 3532 2776 offerun-

1955 2818 2043 2862 tur
2073 2824 2170 2878 pro
2212 2810 2462 2878 peccatis.
2503 2809 2637 2864 Cum
2664 2825 2791 2880 ergo
2820 2810 2886 2864 de
2918 2810 3110 2866 lamina
3153 2811 3408 2880 dixisset,
3439 2811 3533 2866 ad-

1946 2899 2121 2970 jnuxit
2144 2907 2302 2970 atque
2326 2901 2437 2966 ait,
2473 2900 2537 2954 Et
2579 2901 2775 2971 auferet
2803 2902 2971 2956 Aaron
2994 2913 3196 2974 peccata
3220 2913 3530 2968 sanctorum,

1953 3005 2279 3059 quacumque
2304 2989 2687 3060 sanctificabunt
2712 2991 2807 3056 ﬁlii
2835 2989 3000 3046 Israel
3019 2993 3181 3046 omnis
3205 2991 3311 3046 dati
3337 3000 3536 3047 sancto-

1951 3099 2064 3137 rnm
2089 3099 2267 3138 eorum
2296 3100 2309 3136 :
2344 3083 2395 3138 id
2423 3092 2528 3150 est,
2557 3083 2808 3139 Sacerdos
2837 3083 3039 3139 auferet
3065 3100 3413 3156 quzecumque
3452 3083 3535 3138 of-

1953 3172 2131 3228 ferunt
2158 3189 2254 3244 pro
2287 3173 2519 3244 peccatis
2543 3173 2676 3238 suis,
2705 3189 2823 3244 qua:
2850 3173 3098 3229 dicuntur
3121 3184 3176 3231 et
3195 3181 3395 3235 sancta.
3415 3173 3536 3244 quia

1952 3264 2366 3329 sanctiﬁcautur,
2401 3272 2454 3318 et
2481 3273 2716 3334 peccata,
2761 3266 2884 3334 quia
2915 3281 3010 3335 pro
3039 3265 3270 3336 peccatis
3304 3262 3536 3319 offerun-

1957 3365 2076 3420 tur;
2103 3356 2240 3411 sicut
2268 3356 2449 3411 multis
2474 3356 2606 3411 locis
2637 3355 2740 3411 hoc
2765 3357 2937 3427 ipsum
2963 3357 3237 3413 evidenter
3263 3356 3536 3425 Scriptura

1953 3455 2355 3500 commemorat.
2390 3443 2542 3512 Quod
2584 3455 2760 3500 autem
2789 3445 3026 3516 adjuugil
3066 3455 3119 3500 et
3157 3445 3314 3514 dicit,
3348 3445 3415 3498 Et
3440 3445 3536 3498 erit

1956 3555 2112 3608 super
2131 3541 2345 3608 frontem
2372 3537 2542 3591 Aaron
2567 3554 2764 3609 semper
2792 3549 3046 3610 acceptum
3072 3539 3174 3594 illis
3192 3540 3243 3594 in
3269 3549 3537 3612 conspectu

1950 3627 2194 3695 Domini,
2220 3626 2286 3682 ad
2313 3627 2560 3683 laminam
2593 3627 2736 3683 illam
2776 3631 3092 3696 revertitur;
3123 3631 3175 3686 in
3202 3646 3304 3701 qua
3334 3631 3533 3686 intelli-

1951 3718 2093 3788 gitur
2116 3715 2313 3772 frontis
2337 3725 2706 3772 ornamentum
2733 3717 2774 3785 ³,
2806 3719 2992 3774 fiducia
3015 3719 3168 3775 bonae
3195 3721 3337 3788 vita‘,
3370 3737 3530 3789 quam

1951 3809 2039 3878 qui
2063 3823 2190 3863 vere
2217 3805 2575 3878 perfectoque,
2606 3825 2714 3864 non
2748 3810 3158 3880 signiﬁcatione,
3189 3812 3283 3867 sed
3314 3813 3538 3868 veritate

1951 3899 2202 3956 sacerdos
2231 3898 2414 3966 habet,
2442 3899 2587 3956 solus
2613 3908 2789 3970 potest
2815 3900 3025 3956 auferre
3052 3912 3286 3973 peccata,
3315 3917 3416 3958 nec
3437 3902 3534 3956 ba-

1950 3990 2041 4048 bet
2062 3992 2433 4046 necessitatem
2463 3990 2656 4046 oﬁ‘erre
2681 4007 2778 4062 pro
2808 3992 2941 4047 suis.

2022 4080 2204 4136 CXXI.
2239 4078 2340 4153 [lb.
2368 4097 2555 4137 xxvnt.
2581 4081 2698 4156 41.]
2745 4083 2820 4137 De
2863 4083 3042 4138 Aaron
3089 4091 3143 4138 et
3189 4082 3314 4137 ﬁliis
3357 4083 3534 4138 Aaron

1951 4187 2071 4227 cum
2101 4172 2438 4242 praeciperet,
2467 4172 2690 4242 loquens
2712 4173 2777 4227 ad
2805 4173 3053 4245 Moysen,
3084 4174 3353 4244 quomodo
3378 4175 3536 4228 vcsti-

1951 4274 2160 4332 rentnr,
2192 4272 2248 4319 et
2277 4274 2618 4334 ungerentur,
2647 4264 2774 4333 quid
2801 4275 2884 4319 est
2911 4265 3051 4336 quod
3077 4265 3152 4319 ait
3175 4305 3192 4330 ,
3218 4264 3284 4317 Et
3305 4265 3535 4335 implebis

1950 4372 2132 4409 manus
2169 4371 2360 4416 eorum,
2391 4363 2445 4407 ut
2480 4354 2760 4408 sacerdotio
2786 4359 3061 4426 fungantur
3084 4355 3247 4409 mihi?
3279 4355 3360 4408 An
3398 4353 3536 4410 forte

1950 4444 2280 4508 muneribus,
2311 4459 2433 4513 qua:
2462 4442 2734 4498 offerenda
2766 4453 2891 4497 sunt
2922 4443 3069 4498 Deo?

2021 4531 2227 4588 CXXII.
2261 4531 2361 4604 [lb.
2393 4548 2583 4598 xxvut,
2614 4531 2728 4605 42.]
2743 4531 2812 4586 Et
2827 4533 2981 4602 facies
3011 4535 3079 4589 eis
3109 4536 3371 4606 femoralia
3400 4535 3535 4590 linea

1951 4611 2115 4696 tegere
2141 4624 2499 4696 turpitudinem
2535 4624 2759 4695 corporis
2798 4622 2820 4654 "
2849 4641 3056 4692 eorum;
3095 4645 3128 4680 a
3171 4629 3348 4682 lumbis
3383 4645 3535 4699 usque

2015 4801 2034 4870 ξ
2060 4805 2158 4870 Am.
2181 4805 2256 4870 Er.
2283 4805 2335 4870 et
2349 4805 2494 4870 va.:
2521 4803 2575 4849 Et
2594 4795 2902 4870 fomtabisin
2925 4800 3093 4870 eadem
3111 4802 3390 4870 formatione
3422 4819 3534 4870 san-

1949 4861 2159 4928 ctitatem
2422 4867 2530 4928 stes.
2561 4859 2796 4924 quinque,
2818 4861 2870 4928 in
2891 4876 2949 4913 ea
2971 4859 3362 4928 deformationem
3391 4865 3534 4928 signi,

1948 4923 2247 4989 sanctitatem
2279 4930 2374 4973 etc.
2391 4921 2478 4971 Alii
2498 4921 2596 4989 duo
2606 4921 2810 4989 _et_liat.,_
2822 4923 2871 4974 in
2887 4937 2947 4989 ea
2960 4921 3348 4989 deformationem
3369 4921 3534 4989 siqnis,

1948 4983 2264 5051 sanctitatem,
2289 4991 2384 5034 etc.
2401 4983 2636 5051 Nonnulli,
2653 4983 2701 5051 in
2717 4983 2886 5051 eadem
2907 4983 3237 5051 formationem
3250 4983 3532 5051 _sig_ni,"etcL

1951 5054 2095 5112 Ijorro
2131 5045 2309 5108 legitur
2326 5047 2457 5112 apud
2480 5053 2588 5096 Lxx
2619 5059 2633 5096 :
2675 5045 2757 5097 Ita‘t
2791 5045 3056 5112 ektupOseis
3084 5049 3266 5100 enauto
3287 5045 3538 5112 éktupoma

1949 5105 2205 5201 Itaqiasmd
2225 5105 2415 5157 attriuit.

2058 5170 2170 5201 mliti
2221 5179 2238 5201 ι
2249 5174 2276 5201 'f
2296 5169 2415 5201 nuf‘m

2058 5170 2194 5229 mliti,
2220 5174 2276 5219 L‘t
2295 5169 2484 5232 auferat
2504 5181 2521 5218 :
2533 5167 2778 5232 pauloque
2796 5176 2921 5232 post,
2938 5169 3088 5220 omnis
3111 5170 3251 5221 datus
3264 5177 3534 5223 sanctorum

1949 5231 2466 5296 eorum._ueposuimus
2485 5231 2548 5296 ad
2568 5239 2672 5296 Mss.
2693 5231 2854 5289 ﬁdem,
2893 5239 2940 5282 et
2955 5233 3175 5296 auferet;
3197 5240 3412 5296 tumque,
3435 5245 3535 5284 om-

1951 5289 2035 5364 nis
2051 5290 2153 5364 dati
2179 5305 2197 5342 :
2218 5289 2333 5364 qua:
2358 5293 2503 5364 etiam
2524 5291 2669 5364 lectio
2689 5299 2763 5342 est
2785 5299 2913 5364 Lgtx.

2015 5353 2036 5385 ³
2060 5353 2360 5425 ttemovimus
2388 5353 2498 5402 hinc
2522 5355 2672 5425 verba
2695 5353 2915 5425 quadarn
2942 5354 2991 5425 in
3009 5353 3252 5425 melioris
3269 5364 3394 5425 notae
3428 5362 3534 5425 Mss.

1951 5426 2048 5485 non
2065 5422 2280 5485 reperta.
2301 5423 2482 5477 Nempe
2503 5415 2573 5464 sic
2587 5415 2635 5485 in
2651 5415 2798 5485 editis
2818 5415 3084 5485 habehatpr
3105 5429 3118 5464 :
3142 5415 3214 5485 ad.
3236 5415 3462 5485 laminam
3483 5417 3539 5466 il-

1953 5474 2050 5524 lam
2069 5474 2343 5541 Δνθξνειΐὶιην.
2371 5474 2430 5541 In:
2441 5490 2533 5540 quo
2561 5475 2908 5541 advertendum
2940 5475 2983 5526 si
3013 5475 3215 5541 inveniri
3250 5484 3423 5536 potest,
3457 5491 3540 5541 qui

1951 5549 2042 5585 non
2061 5535 2229 5602 habeat
2244 5535 2565 5602 necessitatem
2583 5550 2671 5602 pro
2685 5535 2786 5586 suis
2801 5537 2972 5602 offerre
2988 5537 3193 5600 peccatis
3210 5545 3390 5602 prater
3399 5535 3423 5602 At.
3441 5535 3486 5602 [εἰ
3503 5539 3543 5587 i-

1951 5604 2100 5668 s_tnut,_
2118 5597 2202 5661 qui
2220 5597 2348 5649 sol-us
2369 5607 2516 5663 potest
2537 5597 2749 5649 omnium
2769 5597 2967 5661 auferre
2989 5597 3193 5663 peccata
3210 5597 3234 5649 ξ
3257 5597 3541 5665 intelligitur
3635 5622 3638 5624 -

1951 5660 2122 5721 frontis
2132 5660 2489 5710 ornamentum.

1953 5718 2035 5830 "o;
2068 5728 2175 5771 Mss.
2198 5722 2349 5772 nostri
2372 5729 2667 5774 constanter.
2689 5718 2880 5774 coloris.
2903 5723 3222 5774 (κραίνει-δίο
3241 5729 3383 5784 LXX,
3406 5722 3544 5772 ctu-o-
