4094 6474
527 353 634 412 639

527 468 598 522 ad
635 469 827 540 femora
855 472 1016 519 erunt.
1056 459 1188 516 Cum
1218 456 1380 516 vestis
1428 465 1572 512 tanta
1620 453 1894 524 cooperiat
1941 459 2111 505 totum

527 575 744 632 corpus,
767 558 890 628 quid
911 565 992 612 est
1011 554 1151 626 quod
1174 553 1270 620 ait,
1301 549 1591 605 Femoralia
1615 547 1769 618 facies
1791 545 1924 598 linea
1951 553 2113 614 tegere

530 651 888 724 turpitudinem
932 648 1157 718 corporis
1197 658 1389 706 eorum,
1441 640 1589 710 quasi
1633 652 1889 708 apparere
1933 643 2115 705 posset

529 755 677 801 tanta
703 745 936 814 desuper
960 750 1108 796 veste
1144 734 1420 793 adhibita?
1447 733 1558 788 Nisi
1597 733 1719 802 quia
1759 731 1966 801 signum
1992 741 2114 782 esse

531 837 700 893 voluit
745 837 797 892 in
837 834 939 890 hoc
983 830 1244 888 castitatis
1270 827 1352 882 vel
1399 823 1745 882 continentia:
1777 839 1791 875 :
1826 835 1945 890 qua:
1991 818 2112 872 ideo

531 944 628 1000 per
654 927 1020 982 indumentum
1050 920 1400 993 signiﬁcatur,
1425 925 1484 973 ut
1509 931 1618 972 non
1647 931 1678 970 a
1703 913 1880 983 seipso
1908 909 2109 977 habita,

529 1019 625 1076 sed
651 1019 771 1072 data
797 1015 1141 1085 intelligatur.

603 1108 838 1165 CXXIII.
867 1105 966 1178 [lb.
997 1119 1144 1170 XXIX,
1163 1102 1216 1169 8,
1233 1099 1314 1174 9.]
1339 1099 1472 1156 Cum
1488 1097 1556 1154 de
1584 1096 1706 1152 ﬁliis
1724 1097 1902 1150 Aaron
1926 1093 2113 1163 loque-

530 1210 680 1257 retur
706 1219 720 1254 :
753 1199 820 1254 Et
858 1199 1035 1253 indues
1062 1213 1164 1262 eos,
1196 1195 1387 1266 inquit,
1403 1193 1616 1258 tunicas,
1649 1198 1695 1244 et
1725 1189 1892 1259 cinges
1919 1202 2003 1240 eos
2028 1201 2116 1239 zo-

531 1295 629 1361 nis,
658 1303 704 1348 et
727 1291 1060 1347 circumdabis
1084 1290 1153 1345 eis
1171 1289 1390 1343 cidaras.
1418 1285 1587 1354 Quam
1617 1281 1758 1337 dicat
1779 1279 2002 1335 Cidarim
2027 1277 2111 1332 vel

529 1385 768 1452 cidaras,
798 1384 1047 1454 quoniam
1087 1397 1192 1436 non
1222 1387 1304 1436 est
1334 1379 1762 1446 interpretatum,
1795 1385 1896 1426 nec
1929 1369 1984 1423 in
2014 1383 2112 1423 usu

529 1476 691 1532 modo
732 1483 836 1542 est,
876 1475 1192 1545 ignoratur:
1222 1479 1349 1541 puto
1394 1475 1573 1522 tamen
1622 1478 1728 1518 non
1773 1475 1893 1516 esse
1921 1458 2114 1529 capitis

531 1576 802 1640 tegumen,
832 1574 891 1622 ut
925 1564 1166 1621 nonnulli
1193 1567 1531 1633 putaverunt.
1576 1555 1762 1626 Neque
1797 1553 1940 1609 enim
1967 1549 2113 1606 dice-

531 1669 638 1728 ret,
666 1660 999 1715 circumdabis
1035 1659 1127 1725 eis,
1153 1657 1253 1712 nisi
1287 1656 1391 1710 tale
1416 1651 1616 1724 aliquid
1645 1657 1809 1718 esset,
1837 1645 1978 1718 quod
2008 1659 2114 1700 non

530 1752 714 1822 capiti,
746 1751 841 1807 sed
867 1750 1080 1821 corpori
1104 1749 1222 1804 usui
1253 1754 1417 1803 esset.

610 1843 846 1900 CXXIV.
877 1841 975 1915 [lb.
1002 1857 1163 1907 xxxx,
1193 1838 1273 1912 9.]
1303 1838 1369 1893 Et
1385 1837 1477 1891 erit
1501 1835 1605 1890 illis
1631 1832 1967 1888 sacerdotium
1993 1829 2116 1883 mihi

534 1936 592 1989 in
632 1934 1005 2004 sempiternum.
1053 1929 1330 2000 Quomodo
1369 1927 1510 1982 dicat
1551 1925 1606 1979 in
1646 1923 2020 1994 sempiternum,
2050 1918 2119 1974 de

534 2024 619 2079 his
645 2023 1010 2094 signiﬁcativis
1044 2022 1224 2086 rebus,
1254 2018 1499 2088 superius
1523 2028 1666 2085 smpe
1704 2011 1956 2068 diximus.
1983 2007 2118 2065 Nam

533 2116 715 2186 utique
741 2123 999 2169 mutatum
1037 2121 1120 2169 est
1143 2111 1246 2166 boc
1293 2107 1682 2170 sacerdotium,
1715 2113 1775 2159 ut
1799 2101 1934 2158 illud
1977 2108 2121 2157 esset

532 2205 590 2260 in
618 2214 875 2260 aeternum
904 2202 1192 2259 secundum
1219 2200 1460 2256 ordinem
1487 2194 1863 2260 Melchisedec,
1897 2206 2002 2248 non
2030 2207 2118 2246 se-

532 2294 764 2350 cundum
789 2294 1028 2350 ordinem
1057 2295 1255 2348 Aaron.
1284 2289 1361 2345 lbi
1385 2290 1527 2346 enim
1553 2295 1606 2342 et
1635 2285 1830 2356 juratio
1849 2326 1864 2351 ,
1891 2291 1948 2339 et
1974 2284 2121 2336 nulla

535 2385 630 2440 Dei
657 2383 949 2455 ptenitutlo,
989 2397 1090 2454 qua
1116 2380 1443 2453 signiﬁcetur
1477 2376 1719 2432 mutatio.
1747 2373 1948 2428 Jura‘vit
1976 2373 2119 2428 enim

542 2475 814 2541 Dominus,
838 2484 883 2529 et
909 2491 1011 2546 non
1039 2472 1290 2545 paenitebit
1315 2487 1448 2537 eum,
1478 2467 1559 2522 Tu
1584 2483 1654 2534 es,
1673 2465 1862 2534 inquit,
1889 2463 2122 2518 sacerdos

541 2568 596 2622 in
621 2579 860 2622 internum
887 2565 1162 2620 secundum
1178 2563 1402 2616 ordinem
1425 2558 1477 2614 Μ
1484 2557 1757 2614 elchisedec
1777 2554 1891 2628 (Ps.
1909 2569 2020 2618 etx,
2040 2551 2119 2622 4).

545 2662 624 2717 De
639 2661 827 2716 ordine
848 2669 1025 2714 autem
1041 2658 1216 2712 Aaron
1245 2655 1442 2710 dictum
1459 2660 1540 2708 est
1565 2649 1776 2720 quidem
1793 2648 1846 2700 in
1861 2645 2122 2716 sempiter-

537 2771 681 2820 num,
713 2752 797 2807 vel
834 2759 1051 2822 propter
1087 2758 1297 2818 tempus
1340 2760 1446 2801 non
1487 2751 1812 2814 praeceptum
1849 2750 2125 2809 quousque

537 2846 941 2910 observaretur,
966 2842 1046 2897 vel
1074 2839 1214 2912 quod
1245 2853 1332 2894 res
1360 2836 1684 2908 signiﬁcaret
1707 2841 1973 2887 aeternas:
2006 2842 2126 2884 nus-

539 2951 700 3004 quam
730 2942 813 2989 est
855 2941 1031 2987 tamen
1060 2931 1258 2986 dictum
1308 2926 1376 2982 de
1421 2923 1722 2980 sacerdotio
1761 2923 1968 2986 Aaron,
1999 2920 2124 2989 quia

535 3025 735 3095 juravit
765 3023 1020 3078 Dominus
1060 3031 1114 3076 et
1156 3013 1739 3088 non'ptenitebitcum.
1785 3013 1852 3066 Et
1885 3011 2006 3066 ideo
2043 3009 2126 3063 di-

539 3126 685 3172 ctum
714 3123 798 3171 est
819 3115 871 3169 in
904 3114 996 3169 illo
1023 3111 1325 3167 sacerdotio
1347 3108 1638 3164 secundum
1651 3105 1891 3161 ordinem
1905 3103 2127 3158 Melchi-

542 3207 721 3272 sedec,
767 3205 886 3259 Non
913 3203 1162 3275 paenitebit
1191 3217 1325 3268 eum,
1355 3210 1413 3254 ut
1453 3198 1875 3269 signiﬁcaretur,
1904 3195 2027 3265 quia
2057 3193 2126 3248 de

539 3295 839 3352 sacerdotio
864 3296 1041 3349 Aaron
1070 3293 1314 3364 paenituit
1341 3306 1485 3355 eum,
1512 3289 1563 3344 id
1593 3297 1696 3356 est,
1717 3287 1944 3342 mutavit
1972 3285 2122 3341 illud.

613 3386 826 3442 CXXV.
855 3384 954 3459 [lb.
987 3401 1144 3451 χχιχ,
1185 3382 1266 3456 9.]
1293 3381 1430 3448 Quid
1475 3389 1556 3436 est
1580 3421 1594 3444 ,
1646 3379 1712 3432 Et
1754 3376 2124 3432 consummabis

540 3497 722 3535 manus
752 3479 953 3544 Aaron,
998 3487 1044 3531 et
1073 3492 1250 3530 manus
1276 3475 1500 3544 filiorum
1532 3472 1676 3542 ejus?
1704 3471 1786 3524 An
1816 3484 1912 3540 per
1936 3483 2125 3523 manus

543 3581 864 3644 potestatem
912 3569 1248 3640 signiﬁcavit,
1290 3577 1349 3621 ut
1375 3565 1570 3636 aliquid
1601 3564 1760 3618 etiam
1789 3563 1888 3632 ipsi
1932 3575 2125 3616 conse-

540 3679 695 3721 crare
738 3671 958 3735 possent
995 3680 1008 3716 :
1054 3670 1290 3732 potestas
1321 3663 1512 3713 autem
1560 3657 1672 3726 ipsa
1712 3655 2126 3709 sanctiﬁcatione

541 3757 1044 3821 consummabatur,
1092 3769 1195 3825 qua
1245 3750 1497 3823 praecepti
1551 3757 1676 3804 sunt
1724 3745 2047 3802 sanetiﬁcari
2093 3759 2124 3798 a

541 3848 846 3992 Μῗῗῑθὶένι.
866 3935 965 4009 [11).
985 3951 1138 4002 Χχιχ,
1161 3932 1270 4006 10.]
1296 3932 1358 3986 Et
1385 3931 1605 3984 adduces
1630 3928 1838 3983 vitulum
1857 3927 1924 3981 ad
1941 3928 2124 3982 ostium

543 4029 852 4084 tabernaculi
895 4027 1195 4092 testimonii,
1228 4035 1273 4079 et
1309 4024 1719 4094 superimponent
1751 4022 1917 4074 Aaron
1945 4028 1991 4073 et
2030 4019 2128 4088 filii

544 4120 655 4190 ejus
683 4135 862 4172 manus
880 4135 998 4173 suas
1022 4133 1172 4187 super
1195 4124 1346 4187 caput
1373 4115 1513 4168 vituli
1533 4114 1586 4166 in
1607 4122 1874 4180 conspectu
1897 4109 2122 4164 Domini.

549 4209 689 4266 Ecce
718 4209 859 4264 unde
877 4223 1033 4277 supra
1056 4207 1254 4262 dictum
1277 4213 1377 4268 est,
1404 4200 1848 4260 consummandas
1869 4214 1989 4255 esse
2011 4214 2126 4253 ma-

546 4316 651 4356 nus
669 4316 875 4366 eorum,
904 4299 955 4353 id
973 4306 1072 4364 est,
1095 4295 1470 4368 perﬁciendam
1500 4301 1836 4364 potestatem,
1881 4300 1939 4346 ut
1964 4292 2124 4347 etiam

542 4391 645 4462 ipsi
685 4390 1075 4446 sanctilicarent
1100 4431 1112 4453 ,
1142 4387 1282 4459 quod
1315 4386 1472 4441 modo
1515 4385 1600 4451 ﬁt,
1631 4400 1752 4439 cum
1782 4392 1985 4454 ponunt
2009 4399 2124 4438 ma-

545 4498 648 4538 nus
668 4497 792 4536 suas
819 4496 982 4550 super
1009 4480 1229 4534 vitulum
1257 4475 1662 4532 immolandum.
2077 4482 2123 4540 At

617 4569 875 4629 CXXVII.
890 4572 988 4646 [lb.
1018 4588 1166 4638 xm,
1187 4568 1460 4643 18.]Quod
1487 4568 1613 4622 odor
1631 4567 1890 4622 suavitatis
1911 4565 2124 4620 Domino

543 4681 690 4736 saepe
714 4666 904 4720 dicitur
926 4665 1243 4720 sacriﬁcium
1283 4662 1349 4718 dc
1373 4661 1598 4716 victimis
1633 4675 1881 4729 pecorum
1911 4659 1960 4712 in
1982 4657 2126 4713 Scri-

549 4758 722 4827 pturis
746 4757 976 4822 sanctis,
1006 4771 1112 4812 non
1140 4756 1323 4825 utique
1349 4755 1490 4808 Deus
1517 4751 1682 4807 odore
1712 4751 1838 4806 lumi
1870 4750 2011 4805 illius
2031 4748 2127 4804 de-

551 4850 810 4914 lectatnr;
841 4849 934 4905 sed
961 4857 1165 4903 tantum
1203 4847 1334 4902 illud
1365 4845 1504 4917 quod
1530 4845 1614 4900 bis
1655 4843 1984 4914 signiﬁcatur
2009 4841 2124 4911 spi-

546 4941 810 4996 ritualiter
838 4941 1004 4996 Deum
1033 4940 1258 4995 delectat
1285 4954 1403 4993 cum
1448 4935 1792 5006 spiritualiter
1820 4935 2120 5001 exhibetur,

545 5034 796 5103 quoniam
825 5033 940 5102 ipse
975 5029 1108 5086 odor
1138 5031 1230 5084 Dei
1269 5028 1610 5098 spiritualiter
1646 5026 1974 5095 intelligitur.
2007 5024 2123 5079 Non

545 5126 688 5182 enim
721 5124 857 5178 sicut
884 5137 981 5177 nos
1001 5120 1217 5176 odorem
1242 5118 1515 5190 corporeis
1536 5118 1752 5173 naribus
1777 5117 1943 5171 ducit.
1978 5116 2126 5172 Sicut

546 5231 676 5286 ergo
705 5216 793 5270 ille
819 5213 1050 5278 olel'acit,
1079 5214 1158 5268 sic
1182 5214 1278 5268 ista
1307 5211 1625 5282 signiﬁcant.

619 5302 898 5360 CXXVIII.
941 5301 1042 5376 [lb.
1070 5319 1224 5368 nix,
1249 5300 1364 5374 26.]
1393 5301 1458 5355 Et
1485 5317 1650 5354 sumes
1678 5297 2020 5370 pectusculum
2064 5297 2127 5350 de

542 5399 698 5452 ariete
714 5395 1188 5460 consummationis,
1219 5397 1353 5465 quod
1399 5402 1472 5448 est
1514 5393 1720 5458 Aaron;
1765 5391 1817 5445 id
1847 5397 1948 5455 est,
1968 5387 2125 5457 hujus

545 5492 728 5543 Aaron
756 5488 798 5540 ί.
830 5488 942 5542 Iloe
967 5487 1108 5542 enim
1141 5487 1410 5557 pertinere
1448 5484 1618 5540 voluit
1641 5482 1708 5537 ad
1744 5496 2010 5537 summum
2033 5495 2124 5535 sa-

541 5579 834 5636 cerdotem.

608 5669 789 5737 inditi,
819 5668 875 5720 id
895 5674 982 5737 est,
1002 5669 1154 5735 ipsius
1172 5677 1345 5718 Aaron.
1372 5674 1574 5737 At.Mss.,
1600 5665 1779 5737 huius:
1806 5677 1904 5729 quo
1925 5664 2127 5737 articulo

743 5729 1032 5844 ἓέιηειὶιίυέ
1051 5745 1230 5782 nomen
1261 5738 1412 5780 Aaron
1434 5729 1526 5780 hoc
1541 5729 1689 5780 Exodi
1720 5729 1825 5780 loco
1853 5729 1964 5792 poni
1989 5729 2036 5777 in
2055 5729 2127 5791 gi-

1302 340 1761 415 QUESTIONUM
1798 339 1856 396 S.
1896 334 2262 396 AUGUSTINI
2299 335 2365 394 IN
2401 336 2962 396 HEP'I‘ATEUCIIUM

3707 339 3813 393 610

2287 447 2524 504 CXXIX.
2553 448 2653 522 [lb.
2676 466 2829 518 nux,
2848 448 3075 523 28-50.].
3097 449 3160 504 Et
3191 450 3281 504 erit
3307 451 3474 504 Aaron
3493 459 3539 503 et
3563 450 3682 518 [iliis
3705 453 3812 521 ejus

2219 539 2494 609 legitimum
2518 551 2762 595 wternum
2792 558 2824 594 a
2849 541 2974 610 ﬁliis
2999 540 3165 596 Israel
3185 559 3198 595 :
3225 557 3347 597 eum
3397 542 3604 598 diceret
3631 542 3697 597 de
3719 558 3784 612 pe

2217 633 2456 685 etusculo
2470 641 2524 686 et
2537 632 2756 687 brachio
2772 634 3124 688 victimarum.
3139 634 3286 689 More
3305 634 3398 689 illo
3413 649 3544 705 ergo
3567 645 3809 692 internum

2221 722 2374 788 dixit,
2405 740 2562 795 quem
2590 740 2737 795 stupe
2761 740 2920 794 supra
2941 726 3504 782 commemoravimus.

2289 815 2358 869 Et
2376 818 2506 871 stola
2525 819 2706 884 sancti,
2728 833 2840 888 quae
2857 818 3132 888 estjAaron,
3150 819 3243 872 erit
3263 819 3385 888 ﬁliis
3408 821 3517 891 ejus
3538 829 3650 890 post
3664 837 3803 890 eum,

2217 923 2405 978 ungere
2432 925 2517 963 eos
2540 909 2744 980 in‘ipsis
2766 950 2779 976 ,
2813 919 2861 964 et
2888 926 3238 964 consummare
3261 928 3443 965 manus
3489 929 3679 966 eorum.
3712 913 3812 968 Se-

2219 1007 2353 1067 ptem
2379 999 2552 1054 diebus
2581 1001 2751 1053 vestiet
2776 1016 2828 1054 se
2853 1016 2912 1054 ea
2926 1001 3161 1055 sacerdos
3183 1001 3268 1071 qui
3295 1003 3584 1057 successerit
3604 1004 3650 1056 ei
3664 1004 3726 1056 de
3743 1005 3808 1072 ﬁ-

2167 1113 2171 1116 ι
2218 1089 2301 1142 liis
2321 1089 2449 1160 ejus,
2479 1090 2569 1160 qui
2609 1091 2815 1145 intrabit
2833 1091 2887 1145 in
2916 1092 3296 1146 tabernaculum
3341 1095 3607 1148 testimonii
3636 1095 3810 1148 desero

2215 1181 2322 1234 virc
2345 1180 2398 1233 in
2426 1183 2634 1236 sanctis.
2668 1182 2794 1238 Haec
2823 1182 2984 1238 verba
3009 1185 3202 1239 multas
3231 1174 3553 1255 quaestiones
3587 1186 3808 1241 habent.

2215 1269 2347 1325 Nam
2372 1272 2600 1340 primum
2631 1272 2719 1328 hic
2744 1273 3034 1328 notandum
3060 1284 3161 1341 est,
3185 1276 3456 1346 quomodo
3475 1293 3595 1332 cum
3625 1281 3810 1334 stolam

2217 1361 2409 1417 dixerit
2448 1365 2628 1432 sancti,
2677 1373 2864 1434 postea
2912 1366 3182 1435 pluraliter
3228 1367 3358 1422 dicit
3403 1385 3591 1440 ungere
3627 1387 3713 1424 eos
3755 1373 3810 1426 in

2217 1457 2360 1526 ipsis,
2392 1464 2640 1528 tanquam
2667 1458 2718 1512 in
2740 1459 2910 1512 stolis.
2939 1458 3070 1514 Nam
3095 1469 3149 1515 et
3189 1475 3348 1531 supra
3402 1461 3605 1517 multas
3642 1464 3810 1518 stolas

2217 1564 2312 1603 eas
2342 1548 2582 1614 dixerat,
2615 1549 2809 1620 quibus
2836 1565 2938 1604 una
2978 1559 3270 1606 constaret.
3299 1551 3612 1622 Quanquam
3642 1553 3812 1608 ambi-

2217 1654 2377 1710 guum
2406 1639 2476 1693 sit
2501 1647 2681 1694 utrum
2708 1641 2761 1694 in
2800 1640 2926 1711 ipsis
2954 1641 3023 1695 ab
3048 1655 3115 1696 eo
3148 1641 3290 1711 quod
3325 1651 3449 1696 sunt
3474 1642 3588 1713 ipsa
3615 1657 3812 1713 genere

2221 1737 2430 1796 neutro,
2461 1744 2811 1801 quaecumque
2837 1739 2965 1786 sunt
2990 1732 3285 1802 quibusilla
3322 1732 3462 1787 stola
3489 1733 3808 1804 completur,

2221 1821 2274 1876 id
2303 1831 2386 1877 est
2413 1821 2578 1877 vestis
2604 1821 2954 1878 sacerdotalis
2985 1840 2998 1878 :
3029 1822 3174 1893 quod
3202 1823 3372 1892 magis
3398 1823 3690 1893 putandum
3707 1833 3810 1889 est,

2221 1929 2285 1969 ex
2315 1927 2380 1969 eo
2407 1913 2550 1984 quod
2576 1913 2629 1968 in
2655 1913 3106 1982 consequentibus
3125 1912 3274 1982 dicit,
3304 1914 3510 1984 Septem
3536 1914 3707 1968 diebus
3732 1931 3815 1969 ve-

2221 2004 2333 2058 stiet
2357 2019 2411 2057 se
2432 2019 2490 2057 ea
2516 2003 2751 2057 sacerdos
2779 2004 2864 2074 qui
2887 2004 3181 2057 successerit
3210 2003 3294 2068 ei;
3322 2019 3384 2058 ea
3408 2004 3613 2060 scilicet
3633 2005 3824 2059 omnia.

2222 2108 2341 2164 quae
2383 2093 2861 2159 commemoravit,
2891 2107 3014 2147 cum
3059 2100 3265 2148 vestem
3303 2092 3687 2148 sacerdotalem
3713 2094 3813 2149 de-

2223 2185 2505 2241 scriberet.
2553 2185 2826 2254 Ilepetivit
2861 2198 2994 2240 sane
3036 2184 3178 2255 quod
3215 2199 3374 2253 supra
3421 2183 3662 2250 dixerat,
3693 2201 3817 2238 con-

2223 2291 2474 2332 summare
2502 2293 2682 2330 manus
2711 2293 2882 2330 eorum
2907 2292 2922 2329 :
2952 2275 3094 2330 unde
3116 2275 3244 2346 quid
3268 2274 3399 2329 mibi
3420 2274 3692 2330 videretur
3715 2291 3815 2330 ex-

2226 2369 2375 2438 posui
2421 2367 2618 2441 (Supra
2641 2407 2656 2434 ,
2696 2376 2875 2439 quwst.
2909 2367 3060 2436 125).
3109 2366 3260 2435 Quod
3291 2381 3423 2422 vero
3452 2367 3561 2435 ait,
3608 2366 3820 2437 Septem

2225 2459 2397 2513 diebus
2422 2461 2590 2512 vestiet
2617 2475 2670 2514 se
2703 2475 2762 2512 ea
2786 2458 3040 2523 sacerdos,
3084 2458 3338 2528 numquid
3373 2459 3493 2513 aliis
3530 2459 3720 2513 diebus
3749 2473 3813 2513 se

2225 2565 2331 2604 non
2361 2549 2589 2604 vestiet?
2633 2548 2742 2604 Sed
2783 2549 2889 2604 illis
2915 2556 3120 2619 septem
3149 2549 3417 2603 continuis
3462 2548 3683 2619 intelligi
3713 2563 3818 2602 vo-

2226 2640 2344 2708 luit,
2376 2641 2566 2711 quibus
2605 2640 2723 2709 ejus
2765 2640 3122 2695 sacerdotium
3171 2639 3566 2710 quodammodo
3595 2640 3813 2696 dedica-

2226 2738 2340 2798 tur,
2371 2740 2531 2802 atque
2571 2730 2920 2786 hebdomadis
2949 2739 3033 2786 est
3074 2731 3125 2785 in
3154 2731 3271 2801 ejus
3298 2731 3638 2786 inchoatione
3662 2731 3817 2786 festi-

2226 2826 2383 2878 vitas.
2413 2821 2794 2877 Successorem
2835 2829 3014 2875 autem
3045 2822 3220 2875 Aaron
3247 2836 3369 2876 eum
3410 2821 3569 2886 dicit,
3599 2821 3685 2891 qui
3729 2821 3816 2874 in-

2228 2920 2330 2968 trat
2370 2912 2424 2966 in
2454 2911 2831 2967 tabernaculum
2879 2911 3167 2977 testimonii,
3197 2910 3449 2965 deservire
3485 2913 3538 2965 in
3579 2911 3767 2965 sanctis
3798 2927 3822 2965 ξ

2227 3017 2349 3060 eum
2397 3003 2600 3058 scilicet
2643 3002 2970 3072 signiﬁcans,
3021 3003 3111 3072 qui
3161 3017 3267 3056 non
3315 3011 3522 3072 poterat
3547 3015 3668 3058 esse
3709 3001 3819 3057 nisi

2227 3111 2386 3163 unus,
2415 3110 2522 3150 non
2554 3095 2740 3165 quales
2769 3103 2924 3149 erant
2951 3101 3006 3148 et
3047 3094 3139 3148 lilii
3166 3095 3346 3150 Aaron
3367 3109 3488 3149 cum
3514 3094 3635 3148 vivo
3664 3085 3816 3164 patre

2227 3195 2346 3249 suo,
2399 3181 2493 3235 sed
2547 3181 2719 3250 qualis
2765 3193 3044 3235 successor
3086 3180 3253 3248 ipsius
3292 3182 3490 3234 Aaron.
3535 3179 3817 3247 Quomodo

2227 3285 2354 3340 ergo
2377 3271 2649 3340 proprium
2673 3269 2800 3324 dicit
2826 3260 2984 3339 hujus
3009 3269 3163 3324 unius
3177 3284 3319 3336 esse,
3352 3271 3544 3324 intrare
3563 3271 3616 3323 in
3645 3270 3818 3323 taber-

2228 3361 2466 3416 naculum
2487 3361 2776 3428 testimonii,
2807 3361 3054 3416 deservire
3076 3363 3128 3415 in
3148 3363 3354 3430 sanctis,
3369 3377 3489 3416 eum
3509 3372 3562 3418 et
3587 3363 3673 3417 illa
3694 3379 3817 3432 qua:

2229 3461 2354 3508 sunt
2407 3463 2557 3507 extra
2603 3452 2802 3518 velum,
2825 3465 2932 3522 quo
2975 3452 3218 3506 velantur
3261 3461 3442 3508 sancta
3484 3461 3812 3506 sanctorum.

2229 3551 2412 3597 sancta
2439 3542 2797 3613 appellentur,
2827 3552 2881 3597 et
2910 3541 3308 3598 tabernaculum
3339 3543 3629 3599 testimonii
3653 3544 3817 3599 etiam

2230 3634 2356 3689 illud
2378 3642 2617 3700 vocetur,
2649 3633 2739 3688 ubi
2771 3643 2896 3688 sunt
2936 3644 3117 3689 saneta
3139 3676 3154 3700 ,
3183 3635 3234 3688 id
3257 3643 3340 3689 est
3377 3649 3560 3690 mensa
3588 3644 3642 3690 et
3682 3650 3815 3708 can.-

2173 3750 2178 3754 -
2229 3724 2540 3778 delabrum:
2571 3724 2659 3779 ubi
2684 3739 2804 3778 eum
2835 3723 3139 3779 deserviant
3165 3734 3219 3779 et
3245 3735 3530 3796 sequentes
3566 3725 3818 3781 sacerdo-

2229 3824 2311 3870 tes
2337 3815 2404 3870 ad
2431 3830 2669 3870 mensam
2699 3825 2754 3870 et
2779 3815 3152 3871 candelabrum
3184 3826 3238 3872 et
3263 3818 3435 3887 ipsum
3462 3818 3645 3883 altare,
3682 3833 3818 3888 quo-

2229 3906 2390 3962 modo
2413 3923 2576 3962 unum
2592 3907 2721 3961 dicit
2738 3923 3103 3963 successorem
3129 3909 3328 3971 Aaron,
3353 3911 3441 3979 qui
3469 3910 3616 3963 intret
3646 3910 3698 3962 in
3730 3918 3815 3962 ta-

2229 3997 2552 4053 bernaculum
2581 4000 2853 4054 testimonii
2887 4000 3135 4054 deseruire
3166 4001 3218 4053 in
3242 4002 3468 4056 sanctis?
3484 4000 3538 4056 Si
3563 4001 3705 4055 enim
3733 4001 3818 4055 di-

2231 4091 2430 4157 xisset,
2480 4091 2761 4146 Dcservire
2793 4091 2846 4144 in
2884 4092 3085 4146 sanctis
3131 4101 3456 4156 sanctorum,
3501 4091 3641 4146 nulla
3671 4100 3817 4148 esset

2231 4183 2476 4252 quaestio.
2504 4182 2584 4236 Ad
2614 4182 2731 4237 haec
2751 4183 2915 4247 enim,
2945 4183 3031 4237 ubi
3058 4192 3139 4238 est
3176 4197 3299 4238 arca
3333 4185 3644 4249 testimonii,
3667 4185 3815 4240 solus

2231 4289 2368 4330 unus
2397 4274 2628 4329 intrabat
2667 4289 2908 4329 summus
2937 4273 3187 4330 sacerdos
3211 4292 3224 4329 :
3256 4275 3397 4345 quod
3422 4276 3578 4330 etiam
3606 4276 3658 4330 in
3688 4275 3815 4345 Epi-

2231 4364 2366 4418 stola
2401 4363 2467 4418 ad
2513 4363 2768 4419 Hebraeos
2805 4364 3210 4434 diligentissime
3255 4366 3675 4421 commendatur.
3703 4367 3814 4421 Nisi

2230 4452 2368 4508 forte
2393 4469 2458 4508 eo
2483 4454 2596 4523 ipso
2630 4454 2770 4524 quod
2799 4471 2957 4508 unum
2991 4454 3120 4509 dicit
3146 4455 3335 4509 intrare
3361 4457 3413 4508 in
3439 4455 3814 4510 tabernaculum

2233 4545 2523 4611 testimonii,
2539 4544 2784 4598 deseruire
2808 4546 2860 4598 in
2885 4545 3091 4609 sanctis,
3109 4561 3212 4599 non
3238 4546 3352 4600 vult
3369 4547 3546 4616 utique
3571 4547 3814 4616 intelligi,

2229 4635 2329 4689 nisi
2357 4636 2410 4688 in
2436 4635 2634 4688 sanctis
2660 4643 3000 4701 sanctorum;
3033 4637 3152 4705 quia
3187 4643 3242 4691 et
3282 4637 3394 4705 ipsa
3427 4637 3607 4706 utique
3632 4645 3814 4692 sancta

2230 4726 2581 4797 appellantur.
2611 4723 2726 4779 Non
2749 4725 2892 4780 enim
2921 4726 3098 4779 omnia
3137 4740 3256 4795 qua:
3281 4735 3462 4795 sancta
3485 4734 3626 4790 sunt,
3653 4727 3813 4781 etiam

2231 4824 2413 4871 sancta
2456 4825 2760 4871 sanctorum
2805 4815 2911 4870 dici
2955 4823 3217 4885 possunt:
3251 4815 3342 4870 illa
3383 4830 3510 4872 vero
3536 4832 3655 4887 quae
3692 4826 3814 4872 sunt

2229 4916 2412 4964 sancta
2441 4917 2769 4975 sanctorum,
2818 4908 2998 4978 procul
3029 4907 3191 4963 dubio
3221 4909 3401 4978 utique
3438 4918 3622 4964 sancta
3667 4919 3812 4964 sunt.

2232 4999 2379 5056 Unus
2396 5006 2577 5052 autem
2605 4999 2706 5053 iste
2732 4998 2821 5068 qui
2853 4998 3017 5053 semel
3044 4999 3097 5052 in
3132 5012 3272 5052 anno
3302 4999 3531 5054 intrabat
3552 5000 3602 5053 in
3629 5010 3813 5056 sancta

2230 5097 2553 5153 sanctorum,
2585 5089 2834 5158 quoniam
2859 5089 3137 5144 Dominum
3159 5089 3430 5146 Christum
3457 5090 3811 5160 signiﬁcabat,

2229 5179 2565 5249 apertissime
2583 5179 2882 5247 supradicta
2913 5179 2981 5234 ad
3007 5178 3262 5235 Hebraeos
3280 5181 3510 5252 Epistola
3541 5196 3816 5237 commen-

2231 5269 2387 5324 datur
2417 5267 2602 5339 (Hebr.
2653 5284 2730 5336 ιι,
2781 5268 2961 5338 7-H).
3015 5269 3167 5336 Quod
3213 5279 3390 5324 autem
3421 5270 3814 5340 prmﬁguratum

2232 5370 2311 5415 est
2343 5360 2395 5414 in
2425 5367 2612 5415 sancto
2635 5370 2961 5427 sanctorum,
2993 5368 3051 5415 ut
3077 5375 3239 5430 super
3267 5376 3445 5416 arcam
3473 5376 3592 5432 qua:
3619 5361 3814 5431 Legem

2234 5451 2465 5508 habebat
2491 5493 2508 5520 ,
2540 5460 2684 5506 esset
2709 5451 3157 5522 pmpitiatorium,
3187 5451 3275 5507 ubi
3323 5452 3416 5507 Dei
3449 5451 3814 5507 misericordia

2232 5545 2514 5616 signiﬁcari
2541 5544 2881 5616 intelligenda
2922 5552 3040 5610 est,
3074 5559 3174 5613 qua
3223 5545 3486 5614 prepitius
3531 5543 3590 5597 ﬁt
3629 5556 3812 5598 eorum

2233 5636 2466 5708 peccatis
2490 5637 2507 5668 ί
2533 5636 2623 5706 qui
2642 5635 2840 5705 Legem
2876 5649 2982 5689 non
3007 5633 3266 5703 implent;
3300 5635 3402 5689 hoc
3443 5633 3573 5688 mihi
3602 5633 3815 5688 videtur

2197 5843 2202 5847 ,
2298 5790 2313 5821 ³
2337 5795 2435 5839 Am.
2455 5792 2526 5837 Er.
2548 5791 2600 5837 et
2613 5791 2724 5837 Inv.
2745 5797 2760 5836 :
2778 5781 3108 5837 licet‘icordta
3122 5783 3436 5844 signiﬁcatur,
3453 5783 3817 5845 intelligendum
