4094 6460
320 331 419 381 6H

318 441 478 495 etiam
506 439 557 494 in
588 438 699 508 ipsa
720 446 868 494 veste
897 435 1185 493 sacerdotis
1200 433 1483 507 signiﬁcari
1514 453 1525 487 :
1558 450 1680 489 nam
1705 445 1761 491 et
1786 436 1898 504 ipsa

318 534 447 604 quid
484 533 628 588 aliud
669 548 827 604 quam
890 532 1143 587 Ecclesiae
1202 530 1546 585 Sacramenta
1603 527 1899 599 signiﬁcat?

319 629 474 696 Quod
508 630 561 684 in
583 640 741 698 λογίῳ,
773 627 825 681 id
853 635 937 682 est
979 625 1221 680 rationali
1271 626 1322 679 in
1350 633 1563 695 pectore
1610 621 1903 678 sacerdotis

321 721 497 791 posito
517 719 713 790 judicia
740 717 1038 782 constituit,
1068 718 1121 772 in
1148 716 1342 770 lamina
1369 729 1496 770 vero
1524 711 1900 769 sanctiﬁcatio-

320 828 445 867 nem
474 820 530 866 et
555 811 875 865 ablationem
909 810 925 841 ¹
953 818 1293 879 peccatorum
1326 824 1339 861 :
1370 814 1617 876 tanquam
1647 803 1904 858 rationale

320 902 390 957 sit
415 904 467 956 in
496 910 709 971 pectore
737 901 911 955 simile
940 915 1079 953 arcae
1109 900 1161 952 in
1190 914 1291 968 qua
1318 896 1427 952 Lex
1456 905 1591 960 erat,
1624 903 1679 950 et
1708 893 1903 947 lamina

320 996 409 1050 illa
451 995 506 1049 in
530 994 724 1058 fronte,
756 993 943 1047 similis
969 991 1340 1061 propiziatorio
1367 987 1506 1059 quod
1536 1003 1696 1056 super
1725 1000 1903 1039 arcam

318 1094 456 1149 erat,
502 1093 559 1140 et
583 1093 640 1139 ut
673 1083 950 1153 utrobique
980 1092 1284 1138 servaretur
1320 1080 1460 1151 quod
1509 1079 1765 1148 scriptum
1800 1085 1899 1142 est,

322 1175 712 1235 Sunerexsultat
740 1173 1081 1228 misericordia
1097 1172 1298 1243 judicio
1328 1170 1549 1244 (Jacobi,
1582 1186 1641 1234 ιι,
1674 1167 1789 1238 15).

390 1268 604 1323 CXXX.
634 1267 734 1341 [lb.
766 1283 899 1321 xxrx
922 1309 936 1333 ,
966 1265 1079 1338 57.]
1107 1264 1243 1332 Quid
1286 1272 1369 1319 est
1401 1262 1540 1334 quod
1574 1262 1904 1332 puriticatum

322 1368 376 1415 et
404 1358 789 1414 sanctiﬁcatum
820 1359 986 1412 altare
1016 1366 1221 1428 septem
1248 1355 1435 1410 diebus
1455 1354 1583 1408 dicit
1610 1352 1751 1423 quod
1780 1368 1903 1405 san-

317 1460 453 1503 ctum
481 1451 645 1503 sancti
685 1450 821 1503 erit?
863 1449 1045 1503 Altare
1086 1463 1192 1502 non
1231 1447 1447 1518 quidem
1491 1445 1620 1499 dicit
1660 1455 1905 1499 sanctum

317 1551 647 1607 sanctorum,
674 1540 811 1594 sicut
834 1548 916 1594 est
940 1539 1067 1593 illud
1094 1537 1233 1609 quod
1258 1538 1376 1592 velo
1395 1546 1691 1607 separatur,
1717 1534 1801 1588 ubi
1824 1540 1907 1587 est

318 1648 439 1687 arca
472 1632 761 1687 testimonii
794 1649 806 1684 :
844 1638 1210 1686 verumtamen
1236 1638 1289 1684 et
1318 1628 1419 1683 hoc
1445 1628 1614 1682 altare
1641 1635 1790 1680 extra
1816 1640 1907 1679 vc-

318 1725 427 1779 lum
453 1725 703 1794 positum,
724 1738 816 1793 per
832 1721 1303 1776 sanctiﬁcationem
1326 1730 1528 1789 septem
1547 1719 1751 1773 dierum
1780 1716 1907 1771 dicit

320 1817 530 1885 potius,
569 1831 726 1885 quam
755 1817 775 1847 ²
809 1830 903 1884 per
943 1814 1247 1868 unctionem
1282 1813 1394 1867 ﬁeri
1428 1821 1668 1866 sanctum
1712 1810 1901 1865 sancti.

322 1910 385 1963 Et
409 1907 575 1971 addit,
603 1907 779 1960 Omnis
803 1907 886 1977 qui
906 1906 1121 1976 tetigerit
1147 1905 1323 1970 altare,
1355 1902 1771 1970 sancti/imbitur.

390 1999 628 2056 CXXXI.
655 1988 755 2071 [lb.
786 2015 913 2066 xxx,
947 1999 997 2064 ὅ,
1027 1995 1244 2070 4.]Cum
1271 1997 1338 2051 de
1366 1997 1575 2052 annulis
1602 1996 1906 2064 loqueretur

320 2090 502 2144 altaris
532 2090 756 2155 incensi,
789 2089 928 2159 quod
958 2088 1124 2142 altare
1151 2104 1259 2143 non
1289 2087 1520 2153 inaarari,
1553 2087 1647 2141 sed
1674 2086 1903 2140 inanrarl

318 2184 498 2251 jussit,
528 2181 597 2236 Et
622 2182 747 2235 duos
785 2182 1000 2236 annulos
1025 2198 1204 2235 aureos
1224 2197 1377 2252 puros
1401 2180 1575 2250 facies,
1600 2179 1787 2248 inquit,
1809 2175 1901 2231 sub

323 2274 482 2326 tortili
503 2290 688 2327 corona
706 2274 836 2342 ejus,
867 2274 920 2326 in
948 2272 1047 2326 duo
1078 2273 1237 2326 latera
1263 2272 1417 2343 facies
1443 2271 1495 2323 in
1521 2270 1715 2323 duobus
1743 2268 1907 2323 lateri-

322 2364 412 2417 bus
436 2379 454 2416 .'
483 2364 732 2432 quoniam
755 2377 961 2432 grmcus
1000 2362 1156 2418 habet
1174 2372 1297 2429 ,-s't;
1334 2368 1396 2416 τὰ
1425 2366 1503 2414 δύο
1531 2369 1669 2421 ulla)
1698 2371 1905 2421 ποιήσεις

319 2460 367 2509 δν
389 2469 485 2517 τοῖς
512 2460 613 2508 δυσί
633 2464 863 2525 πλευροῖς.
887 2454 1017 2509 Nam
1046 2461 1182 2515 χλίτη
1204 2454 1367 2508 latera
1388 2462 1531 2519 sunt,
1549 2463 1603 2507 et
1632 2459 1811 2521 πλευρὰ
1830 2451 1907 2505 la-

322 2558 432 2601 tera
461 2555 604 2600 sunt.
631 2545 783 2602 Unde
811 2546 1022 2616 quidam
1065 2546 1235 2600 Latini
1271 2546 1348 2600 sic
1384 2544 1712 2614 interpretati
1754 2552 1901 2610 sunt,

320 2637 387 2690 In
421 2638 568 2692 duas.
589 2648 755 2708 partes
786 2639 939 2709 facies
964 2637 1017 2691 in
1048 2636 1241 2691 duobus
1274 2636 1532 2690 lateribus.
1569 2635 1685 2690 Non
1723 2644 1902 2689 autem

318 2730 396 2783 ait
419 2728 639 2784 Graccus
660 2737 801 2799 μέρη,
834 2728 976 2797 quod
1004 2736 1088 2783 est
1116 2736 1323 2797 partes,
1351 2726 1444 2781 sed
1467 2733 1626 2790 κλίτη,
1658 2726 1798 2795 quod
1825 2727 1904 2779 la-

320 2828 453 2874 tera.
486 2818 618 2873 Nam
661 2818 762 2873 hoc
796 2819 1014 2873 verbum
1043 2827 1125 2873 est
1164 2819 1216 2873 in
1254 2818 1344 2872 illo
1386 2818 1609 2887 psalmo,
1638 2817 1726 2870 ubi
1768 2818 1905 2872 scri-

324 2922 471 2981 ptum
495 2922 577 2966 est
600 2931 613 2966 :
649 2910 791 2966 Uxor
817 2922 903 2965 tua
924 2912 1053 2965 sicut
1078 2914 1221 2964 vinea
1255 2911 1436 2982 fertilis
1462 2912 1514 2963 in
1535 2908 1771 2965 lateribus
1808 2910 1904 2963 do-

321 3018 433 3054 mus
460 3011 559 3055 tute
587 3000 755 3074 (Psal.
783 3017 986 3066 cxxvu,
1028 3002 1105 3072 ὅ).
1128 3002 1205 3054 Ac
1241 3016 1333 3070 per
1367 3000 1468 3054 hoc
1505 3009 1706 3054 tantum
1746 3015 1905 3055 casus

322 3092 563 3158 interest,
592 3092 714 3161 quia
740 3093 887 3162 prius
914 3091 1293 3159 accusativum,
1327 3099 1445 3159 post
1464 3105 1592 3145 vero
1615 3089 1904 3144 ablativum

322 3185 516 3255 posuit,
554 3182 619 3237 In
649 3185 749 3239 duo
775 3186 934 3238 latera
960 3184 1136 3254 facies,
1176 3183 1229 3237 in
1266 3183 1458 3237 duobus
1491 3182 1747 3237 lateribus.
1778 3182 1906 3250 Quis

320 3285 498 3332 autem
533 3276 602 3331 sit
637 3292 827 3332 sensus
863 3275 1075 3331 difﬁcile
1102 3284 1185 3331 est
1219 3275 1461 3345 assequi;
1498 3274 1601 3330 nisi
1644 3274 1807 3338 forte,
1852 3283 1908 3328 ut

320 3366 458 3421 solet
480 3365 752 3437 Scriptura
777 3381 956 3422 amare
980 3365 1227 3435 ellipsim,
1248 3374 1302 3419 ut
1328 3364 1524 3433 aliquid
1545 3362 1681 3418 desit
1706 3373 1759 3418 et
1787 3363 1909 3418 sub-

321 3455 589 3523 audiatur,
618 3456 778 3511 etiam
813 3454 898 3510 hic
932 3454 1295 3519 subaudiatur,
1332 3454 1502 3509 Erunt
1540 3471 1554 3507 :
1600 3462 1658 3507 ut
1696 3454 1799 3508 iste
1838 3454 1909 3508 sit

325 3560 539 3614 sensus,
568 3546 634 3601 In
660 3546 761 3600 duo
792 3545 949 3600 latera
972 3547 1144 3615 facies,
1171 3546 1223 3599 in
1245 3544 1437 3599 duobus
1462 3543 1697 3598 lateribus
1723 3553 1907 3611 erunt;

324 3638 377 3693 id
407 3647 508 3703 est,
540 3638 605 3693 ad
630 3638 737 3693 duo
758 3638 922 3693 latera
952 3638 1111 3693 facies
1139 3637 1385 3704 annulos,
1417 3636 1666 3708 quoniam
1695 3636 1747 3691 in
1774 3636 1908 3692 duo-

322 3728 421 3785 bus
450 3729 700 3784 lateribus
730 3738 904 3783 erunt.

396 3820 663 3877 CXXXII.
688 3820 787 3893 [lb.
804 3837 933 3888 xxx,
960 3820 1036 3893 4.]
1054 3819 1119 3874 Et
1146 3830 1289 3875 erunt
1311 3837 1459 3875 arcus
1478 3822 1710 3875 mnitibus
1741 3822 1815 3893 (a)
1842 3822 1910 3876 ita

324 3923 380 3966 ut
401 3914 609 3967 tollatur
636 3913 768 3967 illud
786 3914 837 3966 in
857 3914 947 3966 eis.
976 3912 1119 3979 Quos
1139 3913 1363 3967 annulos
1389 3912 1615 3975 dixerat,
1644 3929 1798 3968 arcus
1824 3915 1910 3969 di-

323 4007 417 4060 cit.
442 4007 680 4062 Annulos
705 4008 899 4077 quippe
926 4023 1020 4076 pro
1048 4008 1290 4062 rotundis
1310 4010 1453 4063 ausis
1484 4008 1675 4077 posuit.
1705 4009 1767 4063 Et
1787 4009 1911 4084 quid

327 4106 411 4150 est
444 4096 587 4151 aliud
628 4099 855 4152 annulus
892 4099 972 4153 vel
1012 4099 1274 4164 circulus,
1316 4099 1415 4154 nisi
1459 4099 1689 4169 nitidique
1717 4101 1911 4156 arcus?

329 4187 455 4242 Ideo
483 4189 694 4258 quidam
719 4189 959 4244 nolentes
993 4205 1118 4245 arcu
1146 4191 1342 4255 dicere,
1370 4192 1550 4246 thecas
1586 4193 1912 4262 interpretati

328 4287 475 4343 sunt,
506 4280 696 4349 quibus
729 4282 915 4335 amitcs
938 4281 1331 4348 inducerentur,
1365 4282 1632 4348 dicentes,
1664 4283 1731 4338 Et
1771 4296 1913 4339 erunt

329 4371 489 4425 thecae
514 4372 746 4425 amitibus
763 4389 783 4436 ;
812 4373 964 4443 quasi
996 4388 1197 4443 graecus
1223 4373 1325 4427 hoc
1355 4389 1459 4428 non
1491 4384 1671 4444 posset
1713 4376 1909 4442 dicere,

328 4478 449 4517 cum
481 4464 639 4519 etiam
674 4464 841 4519 thecae
881 4481 1112 4536 graecum
1151 4466 1374 4521 verbum
1422 4467 1490 4522 sit
1524 4485 1535 4520 :
1564 4468 1696 4523 dixit
1737 4479 1911 4525 autem

328 4559 541 4623 φαὶιδις,
564 4555 705 4624 quod
734 4571 889 4611 arcus
920 4558 1315 4625 interpretatur.

400 4647 682 4703 CXXXIII.
716 4647 815 4722 [lb.
846 4665 977 4716 xxx,
1001 4650 1054 4714 8,
1087 4649 1198 4721 i0.]
1226 4648 1463 4704 lncendet
1496 4667 1647 4721 super
1676 4651 1807 4705 illud
1829 4652 1912 4707 in-

325 4756 533 4794 censum
552 4742 941 4796 continuationis
976 4742 1028 4795 in
1058 4751 1324 4812 conspectu
1354 4742 1559 4796 Domini
1584 4744 1634 4796 in
1656 4746 1915 4814 progenies

330 4848 526 4885 eorum.
557 4832 956 4887 Continuationis
976 4835 1232 4887 incensum
1269 4835 1426 4900 dicit,
1460 4836 1602 4905 quod
1632 4837 1913 4890 continua-

331 4923 427 4976 tim
457 4922 627 4987 ﬁeret,
654 4923 705 4977 id
732 4933 834 4989 est,
867 4925 1009 4978 nullo
1029 4924 1114 4979 die
1142 4926 1656 4994 paelex-mitteretur.
1689 4926 1819 4982 Cum
1849 4928 1915 4983 de

328 5016 485 5072 altari
521 5016 834 5086 praeciperet
875 5017 1108 5081 incensi,
1146 5017 1199 5072 id
1238 5027 1336 5083 est,
1390 5019 1442 5072 in
1491 5034 1596 5090 quo
1637 5020 1912 5075 incensum

331 5114 535 5160 tantum
562 5115 870 5179 poneretur,
902 5124 1004 5163 non
1033 5109 1419 5174 holocaustum,
1440 5126 1543 5165 non
1571 5112 1910 5179 sacriﬁcium,

330 5212 439 5253 non
484 5198 696 5265 Iibatio;
737 5201 1053 5268 praedixerat
1098 5201 1324 5270 idipsum
1365 5202 1638 5258 incensum
1679 5207 1915 5274 quotidie

330 5287 458 5358 poni
476 5288 673 5345 debere
698 5307 711 5343 :
736 5305 878 5344 nunc
902 5301 1077 5345 autem
1103 5290 1249 5359 dicit,
1270 5291 1336 5345 Et
1363 5294 1717 5363 deprOpitiabit
1746 5296 1914 5351 Aaron

327 5406 563 5513 313:1"!
584 5402 818 5467 propitius
830 5401 891 5454 sit
914 5404 1117 5467 peccatis
1138 5418 1319 5456 eorum
1336 5414 1430 5457 Nos
1448 5406 1529 5457 hic
1548 5408 1814 5471 sequimur.
1836 5416 1918 5460 ttat

326 5525 569 5635 "gntum,
596 5524 895 5577 oblationem
911 5533 1018 5576 Mss.
1042 5526 1241 5591 aliquot,
1264 5527 1561 5580 abolitionem
1577 5543 1595 5580 :
1609 5529 1918 5593 alii,ablatio-

395 5650 416 5720 ξ
442 5656 555 5720 uss.
572 5649 1057 5720 plerique'omittunt,
1075 5663 1233 5715 quam.
1251 5653 1470 5702 Nonnulli
1494 5653 1677 5704 habent
1696 5655 1783 5715 sic,
1816 5654 1919 5706 dici

328 5715 556 5773 potuisset
577 5724 665 5773 per
687 5715 968 5761 unctionem.

399 5771 473 5835 (a)
500 5772 548 5822 td
572 5771 648 5825 est
670 5776 910 5837 vectibus,
933 5775 1003 5824 uti
1026 5787 1090 5826 ex
1115 5774 1311 5839 Vulgata
1334 5778 1559 5829 versione
1578 5777 1881 5844 intelligitur.

1635 319 1838 375 LIBER
1868 317 2239 376 SECUNDUS.

3485 325 3593 386 642

2010 435 2096 490 vel
2118 435 2373 500 exorabit,
2398 451 2549 507 super
2581 452 2771 490 cornua
2796 442 2908 501 eius
2933 440 3085 493 semel
3127 440 3179 494 in
3217 457 3351 497 anno
3378 444 3441 500 de
3466 462 3588 500 son-
3618 468 3625 471 τ

2008 525 2158 596 guine
2193 526 2558 597 puriﬁcationis
2608 526 2921 581 delictorum.
2960 527 3362 601 Depropitiabit,
3406 536 3474 590 ab
3521 552 3588 592 eo

2008 615 2150 685 quod
2179 626 2261 671 est
2290 615 2683 687 depr0pitiatio,
2726 635 2844 688 qua:
2873 612 3046 690 graece
3086 619 3279 677 dicitur
3318 630 3589 694 ἐξιλασμὸι..

2012 704 2232 762 Undcet
2255 707 2653 778 intelligendum
2692 720 2802 775 est,
2833 710 2936 765 hoc
2961 704 3099 781 quod
3146 714 3310 768 semel
3351 715 3402 769 in
3447 732 3591 772 anno

2002 796 2156 871 jubet
2184 798 2297 853 ﬁeri
2323 798 2389 852 ad
2411 800 2798 870 propitiandum
2823 803 2984 857 Deum
3006 819 3168 873 super
3183 821 3378 861 cornua
3409 809 3593 864 altaris

2009 889 2233 957 incensi,
2258 890 2311 944 id
2336 898 2420 945 est
2449 900 2504 945 ut
2542 890 2611 947 de
2640 894 2897 963 sanguine
2936 897 3317 965 puriticationis
3361 899 3591 955 delicto-

2008 998 2148 1048 rum,
2178 982 2513 1038 victimarum
2541 986 2745 1041 scilicet
2771 1003 2889 1058 (λικε
2914 988 3206 1045 oll‘eruntur
3234 1006 3329 1061 pro
3354 992 3587 1063 delictis,

2009 1076 2174 1131 semel
2211 1077 2266 1132 in
2310 1093 2451 1133 anno
2479 1088 2759 1151 tangantur
2787 1096 2985 1137 cornua
3018 1084 3199 1140 altaris
3229 1086 3454 1154 incensi,
3481 1104 3589 1144 non

2010 1167 2276 1236 pertinere
2299 1168 2365 1223 ad
2386 1170 2526 1224 illam
2554 1172 2940 1239 appositionem
2967 1174 3192 1243 incensi,
3217 1193 3376 1249 quam
3412 1181 3589 1249 quoti-

2009 1257 2097 1312 die
2128 1258 2243 1312 ﬁeri
2283 1259 2535 1328 jusserat.
2581 1250 2671 1314 Illa
2702 1263 2845 1317 enim
2886 1264 3044 1319 [iebat
3080 1268 3437 1334 aromatibus,
3482 1285 3589 1326 non

2010 1349 2297 1418 sanguine;
2321 1362 2375 1405 et
2401 1352 2671 1421 quotidie,
2700 1368 2805 1407 non
2838 1355 3002 1410 semel
3034 1356 3085 1410 in
3120 1372 3279 1412 anno.
3307 1359 3419 1414 Non
3461 1376 3590 1433 ergo

2009 1455 2193 1496 sumus
2219 1441 2560 1511 intellecturi,
2587 1445 2752 1499 semel
2780 1446 2832 1500 in
2863 1461 3003 1501 anno
3025 1448 3225 1504 intrare
3254 1452 3588 1509 sacerdotem

2009 1530 2184 1587 solere
2209 1532 2263 1586 in
2292 1542 2536 1588 sanetum
2561 1544 2885 1603 sanctorum,
2909 1536 3004 1592 sed
3029 1540 3193 1594 semel
3218 1540 3268 1594 in
3296 1557 3436 1595 anno
3462 1558 3586 1601 cum

2009 1623 2265 1693 sanguine
2297 1642 2310 1678 :
2339 1635 2394 1681 et
2422 1628 2655 1697 quotidie
2674 1628 2887 1699 quidem
2908 1631 3080 1685 solere
3108 1633 3304 1689 intrare
3333 1634 3447 1691 sine
3468 1652 3589 1693 san-

2009 1714 2195 1782 guine,
2217 1730 2371 1770 causa
2405 1718 2604 1773 incensi
2632 1719 2969 1789 imponendi;
2996 1737 3114 1777 cum
3132 1726 3387 1794 sanguine
3411 1737 3588 1785 autem

2010 1807 2176 1860 semel
2201 1810 2257 1861 in
2285 1823 2427 1863 anno
2451 1825 2464 1859 :
2498 1811 2727 1865 maxime
2748 1812 2867 1881 quia
2898 1815 3135 1882 sequitur
3154 1824 3210 1870 et
3240 1816 3394 1885 dicit,
3420 1819 3589 1874 Semel

2007 1898 2061 1951 in
2087 1916 2221 1953 anno
2247 1901 2532 1969 puri/icabit
2561 1902 2728 1968 illud;
2767 1916 2996 1959 sanctum
3035 1916 3321 1962 sanctorum
3361 1922 3433 1964 est
3474 1911 3588 1965 Do-

2009 1990 2164 2043 mino.
2196 1990 2310 2045 Non
2337 2007 2465 2061 ergo
2489 1995 2656 2049 semel
2681 1995 2734 2049 in
2770 2011 2913 2052 anno
2950 2006 3110 2067 ponet
3146 2000 3251 2055 illic
3289 2004 3588 2069 incensum,

2008 2079 2148 2148 quod
2175 2082 2409 2149 quotidie
2443 2081 2554 2137 ﬁeri
2575 2083 2781 2152 jussum
2805 2095 2914 2152 est;
2944 2086 3039 2142 sed
3063 2089 3229 2143 semel
3255 2089 3309 2144 in
3328 2106 3468 2146 anno
3490 2111 3589 2163 pu-

2009 2171 2236 2227 riﬁcabit
2269 2174 2431 2239 illud,
2461 2176 2603 2245 quod
2647 2192 2768 2231 cum
2814 2179 3068 2247 sanguine
3108 2179 3221 2236 ﬁeri
3264 2194 3589 2253 praeceptum

2008 2273 2109 2317 est.
2143 2264 2211 2318 Et
2241 2274 2354 2334 post
2387 2266 2487 2321 hoc
2512 2267 2768 2339 adjungit,
2800 2269 3045 2324 Sanctum
3073 2283 3360 2329 sanctorum
3385 2287 3456 2331 est
3482 2277 3592 2334 Do-

2009 2358 2144 2412 mino
2167 2375 2186 2411 :
2210 2374 2272 2414 ac
2300 2375 2393 2428 per
2418 2359 2520 2417 hoc
2557 2362 2602 2416 si
2639 2372 2881 2419 sanctum
2912 2376 3217 2422 sanctorum
3258 2384 3363 2424 non
3405 2380 3588 2439 extra,

2006 2448 2100 2503 sed
2140 2449 2276 2504 intra
2307 2452 2478 2505 velum
2506 2463 2648 2517 erat;
2681 2455 2839 2509 etiam
2866 2455 2993 2511 illud
3033 2458 3272 2528 profecto
3314 2462 3481 2519 altare
3522 2466 3591 2520 de

2008 2554 2112 2608 quo
2138 2557 2277 2595 nunc
2301 2542 2492 2612 agitur,
2520 2543 2662 2614 quod
2702 2545 2824 2614 poni
2858 2547 3016 2616 jussit
3042 2560 3227 2606 contra
3255 2552 3463 2622 velum,
3498 2556 3584 2611 in-

2008 2629 2269 2687 trinsecus
2293 2632 2472 2700 jussit.

2078 2728 2360 2785 CXXXIV.
2388 2730 2489 2804 [lb.
2522 2750 2648 2799 xxx,
2676 2736 2790 2807 12.]
2813 2736 2948 2803 Quid
2975 2747 3056 2794 est
3078 2741 3220 2810 quod
3244 2742 3340 2808 ait,
3372 2744 3433 2799 Si
3447 2762 3587 2801 acce-
3657 2772 3671 2782 ~

2008 2822 2140 2891 peris
2177 2824 2602 2894 computationem
2635 2827 2858 2895 filiorum
2891 2827 3053 2885 Israel
3081 2833 3134 2885 in
3172 2834 3453 2890 visitatione
3496 2854 3585 2893 eo-

2008 2930 2157 2977 rum;
2180 2914 2279 2968 nisi
2302 2916 2423 2985 quia
2447 2916 2599 2986 jubct
2618 2934 2712 2973 eos
2736 2921 3021 2990 aliquando
3056 2924 3253 2979 visitari
3284 2934 3338 2981 et
3364 2943 3588 2998 compu-

2009 3004 2130 3069 tari,
2160 3004 2211 3059 id
2236 3016 2318 3059 est
2344 3008 2647 3062 numerari?
2668 3009 2821 3077 Quod
2841 3011 2893 3064 in
2926 3012 3090 3067 David
3116 3026 3389 3085 propterea
3416 3019 3591 3073 vindi-

2007 3106 2182 3150 catum
2241 3098 2639 3170 intelligeudum
2688 3111 2805 3169 est,
2849 3104 2972 3173 quia
3022 3106 3164 3163 Deus
3211 3125 3317 3164 non
3358 3110 3592 3180 jusserat

2009 3186 2081 3259 (Il
2110 3188 2235 3259 Reg.
2266 3188 2433 3262 xxrv).

2080 3290 2341 3346 CXXXV.
2375 3290 2472 3365 [lb.
2500 3310 2630 3355 xxx.
2656 3293 2873 3369 26-55.]
2898 3297 3288 3356 Advertendum
3315 3312 3399 3359 est
3428 3306 3591 3361 etiam
3638 3294 3645 3303 ’

2010 3389 2063 3436 ει
2118 3382 2407 3438 notandum
2470 3387 2917 3455 quemadmodum
2969 3403 3235 3459 unguento
3286 3394 3592 3454 chrismatis

2010 3473 2187 3526 omnia
2206 3472 2366 3542 jussit
2395 3476 2538 3544 ungi,
2569 3477 2969 3533 tabernaculum
2989 3482 3194 3537 scilicet
3220 3493 3274 3539 et
3302 3500 3363 3541 ea
3385 3503 3503 3557 quae
3533 3490 3589 3545 in

2010 3564 2104 3621 illo
2129 3575 2300 3631 erant,
2332 3576 2387 3622 et
2425 3568 2618 3624 deinde
2655 3579 2812 3625 erunt
2838 3582 3020 3627 sancta
3046 3585 3371 3632 sanctorum.
3397 3578 3587 3634 Omnia

2011 3658 2215 3712 scilicet
2242 3673 2361 3712 cum
2409 3658 2603 3713 fuerint
2636 3670 2791 3716 uncta
2813 3704 2826 3725 ,
2854 3673 3010 3719 erunt
3042 3675 3223 3721 sancta
3262 3680 3590 3726 sanctorum.

2012 3749 2148 3817 Quid
2172 3750 2327 3820 igitur
2345 3751 2562 3805 distabit
2584 3752 2694 3822 jam
2730 3754 2869 3811 inter
2896 3757 2985 3812 illa
3015 3758 3296 3827 interiora,
3325 3778 3443 3833 qua:
3472 3767 3594 3821 velo

2016 3848 2279 3909 teguntur,
2313 3850 2365 3894 et
2394 3851 2607 3909 cetera,
2634 3844 2680 3898 si
2697 3846 2875 3900 omnia
2893 3862 3014 3902 cum
3036 3858 3192 3904 uncta
3220 3851 3417 3907 fuerint
3435 3867 3595 3911 erunt

2014 3937 2195 3983 sancta
2226 3937 2560 3997 sanctorum,
2590 3932 2894 4003 diligentius
2924 3938 3297 4007 requirendum
3327 3958 3341 3995 :
3370 3942 3482 3998 haec
3511 3958 3591 3999 ta-

2021 4034 2142 4074 men
2188 4020 2418 4075 notanda
2469 4022 2810 4079 credidimus.
2844 4026 2944 4081 Ubi
2983 4030 3140 4084 etiam
3173 4035 3591 4103 meminerimus,

2015 4110 2154 4181 quod
2176 4112 2310 4166 sicut
2340 4112 2407 4167 de
2442 4112 2533 4168 illo
2566 4115 2719 4169 altari
2748 4118 3148 4188 sacriﬁciorum,
3178 4123 3323 4192 quod
3346 4138 3457 4194 post
3496 4145 3596 4182 un-

2016 4206 2245 4261 ctionem
2291 4207 2545 4275 appellari
2592 4209 2759 4263 voluit
2803 4221 3043 4265 sanctum
3091 4216 3294 4281 sancti,
3346 4222 3597 4275 continuo

2015 4296 2211 4351 dictum
2233 4305 2335 4362 est,
2368 4297 2544 4352 Omnis
2577 4300 2665 4368 qui
2697 4301 2855 4370 tangit
2878 4302 3035 4369 illud,
3057 4306 3452 4373 sancti/imbitur
3480 4326 3499 4363 .·
3524 4311 3596 4367 ita

2016 4388 2083 4443 de
2103 4390 2349 4444 erunibus
2372 4399 2574 4458 postea,
2598 4406 2716 4460 qua:
2741 4391 2807 4445 de
2832 4392 2922 4445 illo
2947 4406 3214 4462 unguento
3239 4408 3392 4451 uncta
3410 4443 3424 4465 ,
3457 4401 3597 4458 dicta

2017 4487 2140 4532 sunt
2186 4489 2367 4532 sancta
2415 4488 2740 4544 sanctorum,
2783 4482 2969 4535 eadem
3007 4487 3265 4539 sententia
3315 4490 3596 4548 subsecuta

2017 4578 2117 4633 est,
2147 4578 2206 4623 ut
2232 4568 2517 4633 diceretur,
2554 4570 2729 4623 Omnis
2752 4572 2840 4640 qui
2868 4575 3027 4643 tangit
3050 4591 3138 4639 ea,
3172 4580 3590 4649 sancti/imbitur.

2016 4660 2167 4728 Quod
2212 4660 2418 4716 duobus
2457 4661 2631 4716 modis
2677 4662 2893 4731 intelligi
2939 4674 3146 4733 potest;
3187 4670 3299 4722 siVe
3336 4676 3600 4744 tangendo

2018 4752 2451 4819 sanctiﬁcabitur,
2478 4754 2590 4808 sive
2606 4754 3018 4810 sanctiﬁeabitm-
3039 4768 3096 4812 nt
3113 4761 3159 4813 ei
3176 4760 3329 4817 liceat
3352 4773 3566 4836 tangere
3587 4787 3600 4824 :

2017 4845 2062 4898 si
2091 4853 2264 4899 tamen
2306 4860 2410 4900 non
2456 4846 2644 4901 licebat
2685 4854 2900 4917 tangere
2940 4850 3134 4918 populo
3172 4853 3597 4926 tabernaculum,

2019 4937 2229 5006 quando
2255 4936 2548 4993 atl‘erebant
2577 4938 2804 5004 hostias,
2833 4940 2917 4995 vel
2939 4957 3287 5014 quaecumque
3314 4948 3381 5001 ab
3416 4949 3494 5001 eis
3520 4950 3601 5002 al-

2021 5031 2125 5085 lata
2170 5030 2528 5086 oll‘erebantur
2564 5032 2693 5087 Deo.
2737 5032 2868 5087 Nam
2914 5047 3303 5107 consequenter
3337 5056 3440 5094 non
3473 5041 3604 5097 solis

2019 5124 2381 5179 sacerdotibus
2420 5140 2593 5194 neque
2628 5126 2754 5179 solis
2778 5126 2975 5181 Levitis
3002 5127 3284 5185 dicendum
3324 5132 3603 5203 admonet,

2020 5219 2162 5288 quod
2200 5218 2272 5272 ait
2309 5217 2377 5272 ad
2416 5218 2652 5289 Moysen,
2682 5218 2749 5271 Et
2779 5219 2901 5287 ﬁliis
2941 5219 3107 5276 Israel
3134 5223 3351 5291 loqueris
3382 5226 3553 5281 dicens
3587 5239 3609 5283 :

2021 5312 2201 5381 utique
2230 5309 2322 5364 ﬁlii
2347 5309 2507 5365 Israel
2533 5317 2674 5365 totus
2696 5310 2784 5364 ille
2811 5312 3033 5379 populus
3062 5322 3209 5378 erat;
3239 5314 3388 5383 jubet
3420 5328 3600 5374 autem

2021 5402 2127 5457 illis
2155 5401 2279 5466 dici,
2306 5400 2486 5455 Oleum
2506 5400 2667 5454 linitio
2690 5402 2961 5467 unctionis,
2980 5412 3206 5457 sanctum
3225 5407 3318 5459 erit
3345 5406 3439 5460 hoc
3463 5407 3600 5464 vobis

2018 5494 2073 5547 in
2103 5492 2361 5563 progenies
2383 5499 2573 5545 uestras
2591 5506 2611 5545 :
2624 5507 2776 5562 super
2798 5508 3000 5547 carnem
3019 5494 3233 5549 hominis
3254 5512 3354 5550 non
3375 5498 3599 5567 tinietur,

2019 5594 2065 5640 et
2087 5583 2359 5638 secundum
2383 5582 2787 5654 compositionem
2814 5582 2945 5637 hanc
2970 5601 3070 5638 non
3102 5587 3293 5655 facietis
3319 5590 3456 5644 vobis
3477 5590 3597 5662 ipsis

2019 5676 2271 5731 similiter.
2313 5673 2561 5729 Sanctum
2589 5682 2663 5727 est
2684 5715 2700 5742 ,
2733 5684 2779 5728 et
2810 5674 3141 5743 sanctiﬁcatio
3172 5679 3265 5731 erit
3293 5681 3444 5735 vobis.
3479 5683 3579 5748 Qui
3672 5724 3677 5729 .

2022 5783 2231 5842 cumque
2253 5766 2425 5838 fecerit
2452 5766 2698 5835 similiter,
2713 5775 2759 5821 et
2782 5765 3078 5837 quicumque
3102 5765 3238 5822 dabit
3261 5770 3323 5823 de
3343 5788 3399 5826 eo
3427 5784 3607 5829 eum
