4094 6472
516 367 622 430 643

517 480 728 548 nationi,
758 479 976 534 interibit
1010 477 1071 532 de
1106 473 1291 548 populo
1317 493 1426 528 suo.
1454 473 1608 529 Iubet
1634 473 1790 545 igitur
1822 490 1924 526 nou
1966 471 2094 528 solis

515 573 915 640 sacerdotibus,
952 571 1047 627 sed
1079 569 1327 626 universo
1364 566 1558 637 populo
1584 565 1767 631 Israel,
1798 574 1855 620 ut
1883 581 1987 619 non
2017 565 2098 618 la-

513 668 659 723 'ciant
684 664 788 722 tale
817 672 1140 735 unguentum
1163 661 1215 715 in
1242 674 1368 714 usus
1395 657 1673 712 humanos.
1706 657 1818 712 lIoc
1845 665 1926 712 est
1957 655 2100 710 enim

477 765 480 770 ’
516 758 659 830 quod
687 758 789 822 ait,
823 772 972 826 super
996 769 1196 809 carnem
1226 751 1440 805 hominis
1466 767 1567 804 non
1593 749 1815 804 linietur.
1843 747 2099 804 Prohibet

514 865 645 920 ergo
668 849 837 904 simile
859 845 973 901 ﬁeri
1001 845 1051 898 in
1079 857 1205 898 usus
1233 855 1380 908 suos,
1410 849 1463 896 et
1491 840 1764 896 interitum
1794 839 2026 893 minatur
2054 839 2099 892 si

515 941 791 1011 quisquam
813 935 1057 990 similiter
1082 932 1287 997 fecerit,
1311 930 1364 985 id
1386 938 1487 996 est,
1527 938 1851 1000 unguentum
1875 926 1941 982 ad
1974 942 2099 981 usus

516 1045 642 1085 suos
672 1027 846 1083 simile
874 1023 1192 1087 confecerit,
1223 1021 1306 1078 vel
1331 1021 1576 1092 cuiquam
1607 1020 1729 1074 hinc
1766 1019 1969 1074 dederit
1998 1035 2095 1072 ex-

516 1129 646 1174 terae
674 1116 894 1172 nationi.
927 1117 1003 1168 Ac
1031 1128 1127 1183 per
1165 1111 1266 1166 hoc
1304 1110 1443 1181 quod
1478 1110 1580 1175 ait,
1615 1109 1964 1177 Sanctiﬁcatio
2005 1108 2100 1161 erit
2136 1115 2140 1119 ‘

486 1211 671 1276 nobis,
708 1221 830 1263 cum
871 1206 972 1261 hoc
1019 1203 1216 1275 populo
1256 1201 1417 1256 Israel
1456 1201 1707 1255 universo
1747 1197 1852 1253 dici
1891 1197 2096 1268 jubeat,

514 1315 621 1356 non
644 1297 797 1353 video
814 1295 938 1367 quid
961 1294 1274 1364 intelligam,
1299 1291 1397 1346 nisi
1415 1291 1534 1362 quia
1560 1290 1750 1345 licebat
1771 1289 1868 1355 eis,
1889 1285 2100 1358 quando

513 1389 757 1445 veniebat
783 1403 904 1442 cum
931 1386 1040 1441 suis
1068 1385 1290 1456 quisque
1320 1382 1646 1446 muneribus,
1677 1390 1896 1451 tangere
1926 1379 2103 1433 taber—

484 1479 799 1543 naculum;
834 1485 888 1533 et
928 1474 1191 1547 tangendo
1225 1472 1690 1530 sanctiﬁcabantur
1718 1480 1936 1540 propter
1962 1468 2093 1522 illud

487 1571 713 1636 'oleum,
745 1585 850 1638 quo
888 1574 1076 1622 cuncta
1117 1574 1370 1635 peruneta
1413 1573 1570 1628 sunt;
1610 1571 1665 1617 et
1709 1561 1832 1615 hinc
1871 1560 2093 1627 dictum,

485 1679 494 1684 '
517 1663 696 1718 Omnis
720 1662 806 1731 qui
829 1660 990 1732 tangit
1012 1656 1406 1728 sanetiﬁcabitnr
1431 1671 1451 1710 :
1472 1671 1576 1710 non
1603 1663 1780 1708 tamen
1804 1653 1882 1708 sic
1906 1668 2100 1724 quem-

442 1802 452 1809 .
515 1753 800 1810 admodum
824 1749 1147 1814 sacerdotes,
1179 1748 1267 1819 qui
1290 1747 1448 1802 etiam
1475 1756 1534 1801 ut
1575 1745 1873 1801 sacerdotio
1911 1743 2102 1814 funge-

487 1856 726 1912 rentur,
756 1842 1086 1914 angebantur
1112 1855 1180 1896 ex
1225 1839 1333 1894 illo.

591 1935 875 1994 CXXXVI.
899 1933 1001 2009 [Ib.
1027 1949 1151 1999 xxx,
1171 1930 1285 2004 54.]
1320 1928 1725 2000 Quodprzecepit
1747 1925 1946 1997 quibus
1975 1940 2100 1980 aro-

515 2029 748 2086 matibus
776 2029 867 2082 liat
893 2025 1201 2098 thymiama,
1233 2023 1283 2078 id
1315 2029 1397 2078 est
1420 2022 1722 2083 incensum,
1751 2028 1805 2074 ct
1836 2019 1967 2073 dicit
1996 2033 2099 2071 un-

515 2119 792 2191 guentario
830 2131 977 2172 more
1016 2122 1225 2170 coctum
1257 2127 1390 2182 opus
1417 2111 1750 2183 unguentarii
1783 2128 1796 2163 :
1831 2124 1939 2164 non
1979 2108 2098 2162 ideo

517 2220 706 2280 putare
728 2207 983 2264 debemus
1009 2212 1333 2275 unguentum
1359 2201 1491 2268 ﬁeri,
1524 2200 1575 2255 id
1605 2209 1688 2255 est
1713 2199 1854 2255 unde
1899 2198 2098 2269 aliquid

491 2315 765 2376 'ungatur,
797 2301 892 2358 sed
919 2308 979 2356 ut
1007 2299 1204 2355 dictum
1235 2305 1315 2353 est
1348 2297 1636 2368 thymiama
1656 2336 1672 2363 ,
1700 2295 1783 2349 vel
1814 2293 2091 2348 incensum

520 2393 664 2465 quod
694 2395 996 2463 imponatur
1021 2389 1095 2444 illi
1120 2387 1274 2444 altari
1305 2386 1529 2455 incensi,
1553 2385 1639 2439 ubi
1664 2398 1768 2438 non
1796 2383 1989 2439 licebat
2015 2396 2103 2437 sa-

520 2486 766 2547 criﬁcari,
789 2491 843 2539 et
866 2493 980 2538 erat
1006 2481 1149 2535 intus
1175 2480 1226 2532 in
1255 2487 1438 2534 saneto
1461 2485 1765 2532 sanctorum
1793 2475 1837 2528 ί.

499 2599 502 2601 λ
587 2574 891 2633 CXXXVII.
911 2573 1006 2648 [Ib.
1022 2587 1147 2636 xxx,
1169 2569 1284 2643 36.]
1302 2568 1368 2623 Et
1386 2569 1614 2623 concides
1630 2567 1691 2621 de
1709 2566 1811 2620 illis
1832 2565 2100 2632 minutum,

517 2681 564 2726 et
607 2686 760 2742 pones
806 2677 981 2723 contra
1023 2664 1304 2720 testimonia
1343 2663 1398 2716 in
1439 2658 1758 2715 tabernaculo
1802 2656 2099 2720 testimonii,

517 2763 652 2815 unde
665 2747 975 2814 innotescunt
1001 2756 1087 2811 tibi
1111 2754 1248 2809 inde.
1281 2753 1528 2808 Sanctum
1548 2759 1831 2807 sanctorum
1849 2749 1944 2803 erit
1970 2747 2104 2801 vobis

518 2855 795 2907 incensum.
827 2849 967 2906 Ecce
993 2850 1182 2903 iterum
1211 2846 1312 2900 hoc
1344 2845 1641 2909 incensum,
1670 2841 1794 2912 quia
1829 2841 1971 2894 intus
2005 2854 2101 2908 p0-

499 2944 746 2999 ~nebatur
787 2940 840 2996 in
884 2939 1036 2994 altari
1071 2936 1272 2994 incensi
1315 2935 1455 3006 quod
1496 2934 1638 2988 intus
1669 2941 1814 2998 erat,
1861 2939 2102 2986 sanctum

525 3043 828 3090 sanctorum
864 3031 1056 3086 dicitur
1094 3047 1108 3084 :
1145 3037 1199 3084 et
1244 3017 1640 3082 iabernaculum
1673 3022 1958 3079 testimonii
1984 3037 2107 3092 pro-

521 3128 636 3198 prie
657 3126 852 3184 dicitur
883 3122 1012 3179 illud
1044 3122 1216 3192 ipsum
1249 3119 1476 3174 interius
1497 3117 1585 3172 ubi
1615 3131 1736 3170 arca
1766 3123 1914 3179 erat,
1948 3113 2104 3168 adbi-

521 3219 628 3289 bita
654 3231 780 3272 sane
805 3213 1099 3270 dilI'erentia
1115 3227 1233 3266 cum
1260 3209 1353 3275 ait,
1381 3207 1526 3264 Unde
1540 3209 1845 3262 innotescunt
1862 3204 1946 3260 tibi
1966 3205 2099 3259 inde.

521 3309 613 3364 Sic
639 3307 780 3363 enim
806 3305 1012 3360 dixerat
1037 3302 1267 3373 primum
1292 3299 1359 3355 de
1391 3298 1763 3370 pr0pitiatorio
1782 3337 1798 3364 ,
1825 3295 1970 3366 quod
1999 3295 2104 3349 uti-

521 3414 628 3471 que
647 3398 788 3453 intus
813 3403 913 3460 cst,
937 3394 988 3448 id
1008 3399 1112 3458 est,
1145 3390 1282 3446 intra
1309 3390 1488 3445 velum
1513 3403 1676 3459 super
1693 3401 1891 3442 arcam.

591 3485 922 3545 CXXXVIII.
953 3483 1052 3557 [Ib.
1084 3498 1239 3549 xxxi,
1260 3479 1409 3554 2-5.]
1431 3479 1568 3548 Quid
1592 3487 1674 3535 est
1707 3479 1846 3549 quod
1868 3476 2105 3534 Beseleel

504 3597 646 3637 [cum
674 3581 885 3653 iuberet
913 3579 1153 3634 adhiberi
1195 3576 1447 3648 operibus
1478 3574 1802 3630 tabernaculi
1829 3573 2102 3639 faciendis,

523 3673 658 3729 dixit
684 3687 806 3727 eum
849 3685 908 3724 se
932 3667 1200 3740 repleuisse
1230 3667 1410 3738 spiritu
1449 3665 1616 3719 divino
1643 3663 1921 3734 sapientia',
1953 3672 1999 3717 et
2029 3663 2110 3716 in-

525 3764 773 3829 tellectus,
798 3769 843 3816 et
870 3759 1093 3814 scientia:
1112 3759 1166 3812 in
1195 3758 1331 3812 omni
1356 3773 1525 3828 apere,
1557 3757 1860 3827 excogitare,
1883 3764 1928 3810 et
1950 3756 2112 3808 archi-

527 3853 790 3915 tectonari,
825 3852 961 3907 θαι]
998 3851 1190 3907 Utrum
1229 3850 1458 3918 Spiritus
1491 3849 1658 3902 sancti
1696 3846 1902 3901 muneri
1948 3847 2107 3900 etiam

529 3947 626 3999 ista
661 3955 826 4014 opera
850 3941 1126 3996 tribuenda
1156 3947 1299 4004 sunt,
1321 3955 1439 4008 qua:
1468 3938 1737 4007 pertinere
1751 3937 1816 3992 ad
1842 3937 2108 4006 opificium

527 4033 805 4090 videntur?
820 4047 887 4086 an
909 4042 960 4086 et
983 4031 1085 4085 hoc
1103 4029 1450 4098 signiﬁcative
1463 4028 1663 4082 dictum
1683 4036 1786 4092 est,
1809 4037 1937 4082 utea
1955 4027 2111 4098 perti-

529 4133 691 4181 neant
705 4124 772 4179 ad
793 4121 1030 4179 divinum
1051 4122 1293 4192 spiritum
1314 4119 1607 4190 sapientiae,
1629 4128 1684 4173 et
1713 4118 2033 4186 intellectus,
2057 4127 2108 4175 et

529 4215 783 4281 scientiae,
807 4228 931 4285 quae
975 4213 1060 4268 bis
1098 4211 1258 4267 rebus
1293 4209 1688 4281 signiﬁcantur?
1715 4209 1918 4266 Tamen
1951 4210 2110 4266 etiam

507 4341 511 4346 ι
530 4306 618 4361 hic
641 4319 761 4362 eum
783 4304 973 4375 spiritu
996 4303 1230 4373 repletus
1252 4300 1461 4356 dicatur
1482 4302 1584 4358 iste
1607 4299 1791 4355 divino
1813 4301 2108 4370 sapientiae,

529 4409 584 4453 et
608 4399 926 4464 intellectus,
939 4403 995 4452 et
1007 4394 1264 4461 scientiae,
1281 4391 1518 4448 nondum
1539 4393 1728 4464 legitur
1742 4391 1969 4462 Spiritus
1990 4407 2113 4447 sau-

531 4498 891 4634 c“CXXXIX.
922 4576 1023 4648 [lb.
1056 4590 1208 4641 xxxi,
1242 4571 1354 4646 15.]
1383 4572 1519 4640 Quid
1547 4573 1644 4628 sibi
1668 4572 1801 4637 vult,
1825 4572 1963 4639 quod
1990 4587 2110 4627 cum

531 4671 601 4726 de
629 4669 850 4725 sabbato
882 4666 1216 4722 observando
1263 4665 1594 4734 praeciperet,
1625 4663 1718 4730 ait,
1745 4661 2112 4718 Testamentum

532 4772 776 4817 aeternum
819 4761 874 4813 in
914 4775 994 4813 me
1027 4766 1075 4813 et
1112 4759 1233 4828 ﬁliis
1275 4755 1471 4823 Israel;
1513 4771 1618 4810 non
1663 4756 1758 4821 ait,
1781 4755 1922 4809 inter
1947 4769 2032 4809 me
2058 4765 2113 4810 et

537 4855 674 4909 tilios
702 4851 897 4908 Israel?
927 4852 1010 4905 An
1038 4851 1159 4920 quia
1183 4848 1460 4904 sabbatum
1489 4847 1726 4917 requiem
1753 4845 2033 4916 signiﬁcat,
2058 4853 2113 4899 et

532 4946 746 5015 requies
771 4943 925 4999 nobis
946 4957 1050 4996 non
1079 4949 1163 4997 est
1188 4940 1292 4995 nisi
1317 4940 1369 4994 in
1401 4939 1531 4994 illo?
1552 4938 1683 4993 Nam
1713 4938 1948 5007 proiecto
1973 4937 2110 4990 ﬁlios

535 5036 697 5093 Israel
726 5035 1031 5091 universum
1061 5031 1311 5103 pupulum
1353 5046 1506 5086 suum
1539 5030 1694 5095 dicit,
1719 5029 1768 5084 id
1795 5039 1896 5094 est,
1927 5044 2109 5083 semen

533 5127 801 5184 Abraham
826 5133 916 5180 :et
947 5134 1030 5179 est
1057 5123 1217 5178 Israel
1254 5121 1544 5178 secundum
1585 5137 1818 5186 carnem,
1848 5131 1902 5175 et
1922 5135 2112 5176 secun-

533 5221 660 5274 dum
685 5218 954 5289 spiritum.
984 5215 1115 5270 Nam
1143 5215 1189 5269 si
1218 5213 1383 5270 Israel
1403 5217 1517 5267 'uon
1545 5221 1686 5268 esset
1711 5211 1985 5275 dicendus,
2010 5210 2112 5266 nisi

530 5326 593 5364 ex
621 5324 818 5380 genere
844 5308 1039 5370 carnis.
1071 5321 1176 5360 non
1203 5305 1404 5361 diceret
1425 5303 1732 5374 Apostolus,
1759 5302 1932 5356 Videte
1947 5299 2113 5356 Israel

505 5401 807 5458 :secundnm
835 5415 1036 5452 carnem
1056 5396 1096 5468 (I
1123 5396 1241 5452 Cor.
1274 5411 1331 5461 ιι,
1367 5394 1594 5464 18);ιι1)1
1644 5391 1880 5463 profecto
1914 5391 2113 5461 signiﬁ-

529 5505 618 5550 mt
643 5507 762 5550 esse
804 5491 965 5547 Israel
1004 5488 1296 5546 secundum
1333 5488 1576 5558 spiritum
1603 5487 1691 5556 qui
1719 5486 1772 5539 in
1800 5483 2111 5539 abscondito

511 5586 746 5646 Judmus
771 5592 854 5639 est
881 5591 936 5638 et
961 5582 1368 5637 circumcisione
1396 5579 1574 5634 cordis
1595 5579 1770 5648 (Itoni.
1800 5591 1857 5642 ιι,
1880 5573 1996 5647 29.)
2023 5575 2111 5631 Sic

557 5712 611 5822 ιι
639 5710 710 5759 Sic
731 5707 944 5760 melioris
976 5715 1103 5759 noue
1133 5713 1239 5759 Mss.
1273 5712 1328 5756 At
1354 5705 1500 5769 editi,
1525 5707 1630 5757 erat
1658 5703 1787 5755 intra
1821 5707 1986 5754 sancta
2007 5715 2113 5754 saa-

577 5784 733 5822 orum.

507 5797 512 5804 ‘
530 5784 733 5824 etenim.

1290 361 1749 430 QEESTIONUM
1788 361 1845 417 S.
1886 359 2251 417 AUGUSTINI
2294 360 2357 414 IN
2388 359 2940 418 llEPTATEUCIIUM

2209 488 2336 543 ergo
2368 473 2558 527 melius
2599 473 2822 528 fortasse
2857 474 3212 546 distinguitur,
3248 475 3622 532 Testammtunt
3660 496 3796 534 trur-

2207 581 2327 618 num
2349 565 2399 618 in
2431 582 2541 630 me,
2577 575 2635 620 ut
2671 566 2863 621 deinde
2899 567 3032 622 alius
3062 584 3248 623 sensus
3278 571 3362 634 sit,
3401 581 3447 624 et
3487 570 3608 639 [iliis
3633 570 3796 629 Israel

2171 737 2173 740 p
2205 658 2405 728 signum
2435 668 2508 713 est
2541 669 2799 722 teternum,
2834 659 2882 713 id
2915 671 3014 727 est,
3046 671 3257 716 (eterna:
3288 662 3364 718 rei
3390 663 3597 734 signum
3621 681 3635 718 :
3661 681 3794 736 quo-

2205 748 2365 802 m::do
2411 758 2558 818 petra
2613 758 2729 804 erat
2782 749 3045 819 Christus,
3097 753 3219 822 quia
3272 764 3423 824 petra
3469 757 3796 825 signiﬁcabat

2203 835 2471 892 Christum
2495 838 2536 910 (I
2564 837 2681 895 Cor.
2711 857 2766 907 x,
2796 841 2876 912 4).
2903 840 3015 895 Non
3053 857 3182 913 ergo
3223 843 3292 896 ita
3327 843 3659 914 inungendum
3690 859 3792 913 est,

2203 925 2584 982 Testamentum
2617 938 2859 984 talentum
2895 931 2948 984 in
2990 948 3068 985 me
3102 942 3147 986 et
3175 933 3296 1002 filiis
3327 932 3516 1000 Israel,
3545 946 3793 1007 tauquam

2204 1018 2257 1072 in
2289 1018 2397 1073 Deo
2424 1031 2476 1073 et
2499 1019 2621 1073 filiis
2645 1019 2807 1075 Israel
2837 1020 3028 1076 sithoc
3054 1031 3462 1090 testamentum;
3493 1026 3588 1081 sed
3617 1025 3792 1082 Testa-

2204 1123 2426 1166 mentum
2457 1122 2699 1167 etermtm
2726 1113 2776 1167 in
2807 1131 2914 1181 me,
2953 1115 3073 1184 quia
3103 1115 3153 1168 in
3190 1115 3282 1170 illo
3311 1116 3568 1186 promissa
3601 1128 3682 1173 est
3711 1136 3795 1175 re-

2203 1203 2353 1274 quies
2391 1213 2621 1269 mtema;
2651 1213 2696 1258 et
2731 1203 2852 1275 ﬁliis
2878 1203 3044 1259 Israel
3067 1207 3266 1277 signum
3289 1217 3358 1260 est
3381 1217 3643 1276 wternum,
3668 1212 3791 1280 quia

2205 1294 2297 1347 ﬁlii
2336 1292 2498 1348 Israel
2541 1304 2864 1364 acceperunt
2889 1295 3276 1350 observandum
3309 1297 3538 1368 signum,
3565 1315 3670 1369 quo
3700 1317 3789 1354 re-

2204 1385 2355 1455 quies
2385 1385 2713 1454 signiﬁcatur
2732 1395 2928 1440 a-terna
2956 1388 3096 1442 veris
3124 1386 3399 1452 Israelitis,
3430 1387 3529 1444 hoc
3558 1399 3638 1444 est
3675 1391 3794 1444 filiis

2208 1476 2576 1546 promissionis
2615 1486 2667 1532 et
2713 1477 2903 1533 visuris
2950 1478 3118 1534 Deum
3166 1478 3300 1536 facie
3344 1480 3412 1534 ad
3453 1481 3642 1537 faciem
3689 1483 3793 1539 sio-

2205 1566 2279 1621 uti
2305 1574 2406 1621 est.

2276 1657 2430 1713 CXL.
2456 1657 2556 1732 [Ib.
2578 1675 2723 1726 xui,
2749 1658 2860 1733 I8.]
2889 1659 2955 1714 Et
2979 1659 3114 1714 dedit
3138 1659 3312 1732 Moysi
3339 1662 3510 1716 statim
3541 1670 3595 1715 ut
3619 1678 3789 1716 cessa-

2202 1751 2270 1804 vit
2297 1751 2430 1815 loqui
2453 1751 2521 1804 ad
2545 1768 2678 1818 eum,
2711 1753 2761 1806 in
2789 1760 2952 1805 monte
2971 1750 3118 1815 Sina,
3138 1753 3267 1806 duas
3284 1752 3479 1807 tabulas
3500 1754 3788 1818 testimonii,

2205 1843 2400 1897 tabulas
2442 1843 2926 1913 lapideas‘scriptas
2965 1844 3123 1916 digito
3169 1843 3285 1898 Dei.
3316 1845 3448 1900 Cum
3479 1854 3582 1899 tam
3627 1845 3790 1899 multa

2202 1933 2409 1990 locutus
2450 1935 2520 1990 sit
2564 1935 2722 2000 Deus,
2752 1935 2870 1990 dua:
2918 1943 3123 1990 tantum
3162 1936 3353 1992 tabula)
3394 1937 3588 1991 dantur
3622 1937 3791 2009 Moysi

2202 2025 2446 2096 lapidem,
2489 2043 2608 2098 quae
2646 2027 2896 2082 dicuntur
2944 2028 3134 2084 tabula:
3177 2030 3463 2084 testimonii
3508 2031 3697 2084 futurae
3735 2030 3791 2085 in

2203 2132 2344 2171 area.
2375 2116 2633 2171 Nimirum
2665 2117 2841 2171 omnia
2880 2128 3070 2173 cmtera
3116 2134 3234 2188 qua:
3277 2120 3527 2189 prmccpit
3558 2120 3692 2174 Deus
3721 2134 3790 2173 ex

2203 2207 2310 2262 illis
2351 2207 2536 2263 decem
2567 2208 2866 2278 prmceptis,
2897 2224 3014 2279 quae
3040 2209 3246 2264 duabus
3271 2209 3463 2264 tabulis
3489 2209 3791 2279 conscripta

2205 2308 2349 2364 sunt,
2381 2299 2615 2370 pendere
2659 2299 3040 2371 intelliguntur,
3071 2300 3118 2356 si
3161 2300 3443 2370 diligenter
3483 2309 3792 2371 quaerantur

2205 2399 2260 2446 ct
2285 2392 2418 2446 bene
2449 2391 3127 2462 intelliganturzquomodo
3157 2390 3272 2446 bare
3314 2393 3426 2462 ipsa
3465 2409 3649 2447 rursus
3690 2391 3789 2446 de-

2207 2498 2323 2538 cem
2355 2489 2612 2553 prmcepta
2652 2498 2719 2538 ex
2761 2481 2965 2538 duobus
2998 2482 3125 2550 illis,
3156 2483 3438 2537 dilectione
3468 2481 3667 2538 scilicet
3696 2481 3790 2536 Dei

2206 2582 2260 2629 et
2305 2574 2550 2644 proximi,
2579 2573 2630 2627 in
2678 2573 2867 2644 quibus
2916 2581 3023 2629 tota
3067 2571 3174 2631 Lex
3224 2572 3789 2644 peudetetPropbetze

2209 2663 2420 2737 (Matth.
2453 2677 2582 2726 xm,
2614 2661 2830 2734 57-40).

2275 2755 2454 2812 CXLI.
2485 2753 2582 2828 [Ib.
2611 2771 2798 2822 xxxu,
2835 2752 2916 2828 2.]
2957 2753 3110 2822 Quod
3155 2753 3310 2823 jubet
3356 2754 3536 2808 Aaron
3577 2754 3792 2809 inaures

2207 2846 2339 2901 demi
2378 2847 2439 2901 ab
2469 2845 2673 2901 auribus
2712 2863 2931 2901 uxorum
2959 2857 3109 2918 atque
3144 2848 3390 2915 ﬁliarum,
3421 2847 3560 2902 unde
3584 2847 3689 2902 illis
3715 2847 3790 2901 fa-

2206 2950 2349 2995 ceret
2378 2939 2528 3003 deos,
2559 2954 2664 2993 non
2704 2938 2936 2994 absurde
2977 2938 3287 3009 intelligitur
3326 2938 3560 2993 difﬁcilia
3596 2939 3790 3010 praeci-

2207 3045 2334 3101 pere
2359 3030 2609 3093 voluissc,
2637 3039 2693 3083 ut
2731 3029 2830 3083 hoc
2860 3029 3018 3083 modo
3045 3043 3140 3084 eos
3166 3031 3232 3083 ab
3258 3029 3346 3083 illa
3377 3029 3670 3083 intentione
3697 3044 3789 3084 re-

2208 3118 2676 3174 vocaretzfactum
2716 3129 2892 3174 tamen
2937 3119 3067 3174 illud
3111 3119 3282 3190 ipsum
3329 3119 3543 3175 difﬁcile
3570 3129 3622 3174 ut
3648 3129 3793 3175 esset

2207 3228 2394 3268 aurum
2428 3212 2492 3267 ad
2524 3210 2820 3266 faciendum
2852 3211 3071 3278 idolum,
3105 3221 3322 3283 propter
3362 3227 3456 3267 eos
3497 3211 3790 3266 notandum

2211 3307 2408 3377 putavi,
2437 3305 2525 3376 qui
2553 3305 2953 3372 contristantur,
2990 3305 3033 3358 si
3061 3304 3187 3374 quid
3235 3305 3337 3359 tale
3379 3314 3596 3375 propter
3627 3303 3791 3358 vitam

2209 3405 2461 3450 a-ternam
2497 3393 2748 3449 divinitus
2787 3393 2924 3462 ﬁeri,
2956 3394 3037 3448 vel
3065 3408 3220 3465 atquo
3253 3393 3432 3449 animo
3469 3393 3678 3449 tolerari
3699 3393 3789 3465 ju-

2209 3485 2417 3540 beatur.

2284 3577 2484 3634 CXLII.
2505 3575 2604 3652 [Ib.
2643 3593 2809 3644 xxxii,
2832 3575 2910 3652 8.]
2934 3576 3189 3632 Dominus
3217 3576 3453 3632 indicans
3481 3575 3644 3648 Moysi
3668 3575 3792 3646 quid

2211 3670 2398 3726 fecerit
2426 3669 2492 3724 de
2517 3669 2681 3723 vitulo
2711 3669 2954 3738 papulas,
2988 3669 3090 3723 hoc
3129 3677 3212 3723 est
3247 3667 3314 3722 de
3358 3667 3498 3722 idolo
3537 3668 3674 3738 quod
3718 3684 3783 3721 ex

2210 3776 2341 3815 auro
2368 3775 2462 3815 suo
2495 3759 2745 3821 fecerant,
2776 3759 2902 3813 dicit
2941 3774 3035 3814 eos
3075 3757 3303 3820 dixisse,
3342 3758 3412 3811 Ili
3439 3758 3510 3811 dii
3531 3759 3603 3811 tui
3629 3756 3796 3812 Israel

2211 3852 2295 3922 qui
2313 3861 2358 3904 te
2378 3850 2657 3904 eduxerunt
2677 3849 2740 3903 de
2761 3859 2892 3904 terra
2911 3847 3151 3920 Aigypti.
3178 3848 3328 3915 Quod
3353 3864 3447 3904 eos
3466 3847 3663 3903 dixisse
3689 3863 3794 3902 non

2213 3941 2424 4011 legitur,
2453 3940 2546 3996 sed
2575 3941 2807 3994 animum
2826 3954 3009 3996 eorum
3031 3939 3170 3994 hunc
3195 3937 3357 3994 fuisse
3379 3939 3515 3994 Deus
3542 3938 3793 3994 ostendit.

2213 4031 2413 4086 llorum
2444 4032 2639 4102 quippe
2668 4030 2950 4086 verborum
2991 4030 3245 4102 gerebant
3285 4029 3338 4084 in
3379 4031 3539 4086 corde
3578 4039 3795 4086 senten-

2215 4126 2361 4190 tiam,
2389 4143 2508 4196 qua:
2544 4127 2706 4180 Deum
2739 4125 2907 4178 latere
2938 4141 3040 4178 non
3074 4131 3300 4194 poterat.

2295 4217 2518 4272 CXLIII.
2545 4215 2644 4290 [Ib.
2674 4232 2838 4281 xxxu,
2867 4214 2980 4288 LL]
3012 4215 3075 4268 Et
3107 4215 3410 4288 propitiatus
3443 4225 3517 4270 est
3550 4214 3797 4272 Dominus

2215 4308 2276 4364 de
2304 4309 2500 4363 malitia
2524 4325 2673 4379 quant
2701 4309 2828 4362 dixit
2858 4310 3023 4381 facere
3062 4308 3246 4378 populo
3281 4324 3393 4361 suo.
3430 4306 3679 4362 Malitiam
3709 4307 3798 4363 hic

2213 4417 2423 4471 ptenam
2448 4400 2666 4471 intelligi
2698 4399 2881 4464 voluit,
2909 4398 3061 4452 sicuti
3090 4407 3191 4462 est,
3230 4396 3511 4451 {Estimata
3539 4407 3609 4453 est
3642 4399 3795 4452 mali—

2214 4493 2284 4546 tia
2304 4493 2466 4546 exitus
2491 4491 2694 4544 illorum
2716 4489 2869 4562 (Sap.
2900 4506 2980 4556 ιιι,
3009 4487 3089 4560 2).
3114 4487 3414 4544 Secundum
3443 4490 3579 4542 hanc
3606 4488 3799 4543 dicitur

2215 4584 2410 4638 bonum
2439 4591 2492 4637 et
2518 4583 2717 4635 malum
2738 4597 2766 4634 a
2786 4581 2896 4635 Deo
2919 4578 3102 4652 (Eccli.
3130 4594 3205 4644 ιι,
3239 4579 3345 4649 ll),
3374 4594 3476 4632 non
3503 4579 3796 4634 secundum

2215 4674 2467 4728 malitiam
2510 4687 2612 4741 qua
2655 4671 2897 4725 homines
2937 4671 3060 4724 mali
3105 4677 3248 4723 sunt.
3287 4669 3454 4723 Malus
3490 4670 3628 4723 enim
3657 4669 3799 4723 Deus

2215 4771 2422 4818 nonest
2446 4778 2461 4826 ;
2492 4761 2584 4816 sed
2614 4761 2763 4815 malis
2789 4761 2987 4831 ingerit
3013 4760 3174 4827 mala,
3207 4760 3328 4830 quia
3348 4759 3524 4829 justus
3552 4770 3655 4814 est.

2285 4853 2514 4909 CXLIV.
2537 4852 2639 4926 [lb.
2675 4869 2850 4920 xxx",
2884 4851 2995 4925 19.]
3025 4851 3190 4906 Iratus
3229 4852 3440 4922 quidem
3481 4851 3688 4924 Moyses
3713 4851 3798 4906 vi-

2215 4946 2602 5002 deturtabulas
2633 4944 2920 4998 testimonii
2949 4943 3110 5013 digito
3142 4943 3235 4998 Dei
3272 4943 3497 5012 scriptas
3535 4942 3798 4997 collisisse

2214 5045 2371 5106 atque
2408 5035 2658 5104 fregisse;
2701 5050 2894 5104 magno
2941 5042 3114 5088 tamen
3157 5035 3409 5104 mysterio
3451 5032 3673 5104 figurata
3714 5042 3800 5088 est

2216 5127 2424 5180 iteratio
2445 5125 2789 5189 Testamenti,
2809 5126 3057 5194 quoniam
3077 5124 3240 5178 Vetus
3260 5121 3429 5178 fuerat
3453 5123 3795 5189 abolendum,

2214 5224 2270 5272 et
2294 5217 2717 5271 constituendum
2744 5215 2970 5271 Novum.
2999 5215 3300 5270 Notandum
3331 5230 3457 5270 sane
3483 5225 3674 5284 quanta
3702 5229 3798 5285 pro

2214 5310 2410 5382 populo
2437 5309 2504 5365 ad
2544 5309 2709 5364 Deum
2755 5309 3141 5379 supplicatione
3187 5306 3523 5371 laborarerit,
3557 5305 3648 5376 qui
3691 5316 3794 5360 tam

2215 5418 2432 5458 severus
2474 5403 2526 5456 in
2568 5417 2660 5458 eos
2696 5401 3013 5458 vindicando
3061 5402 3284 5456 exstitit.
3329 5398 3476 5467 Quod
3520 5408 3698 5454 autem
3742 5398 3797 5452 in

2215 5495 2389 5567 ignem
2420 5495 2638 5549 missum
2665 5494 2887 5550 vitulum
2915 5494 3124 5548 fusilem
3149 5492 3417 5558 contrivit,
3440 5502 3492 5546 et
3524 5490 3575 5544 iu
3605 5505 3800 5560 aquam

2215 5587 2427 5657 sparsit,
2445 5601 2602 5656 quam
2625 5587 2817 5656 populo
2839 5594 3018 5656 potum
3048 5584 3212 5650 dedit,
3235 5583 3362 5655 quid
3386 5584 3537 5638 nobis
3556 5583 3801 5637 videatur

2281 5700 2598 5770 [tegendum
2621 5708 2676 5770 ut
2694 5709 2873 5770 sisset
2895 5697 3373 5770 castigatipres'editi
3391 5697 3589 5770 habent,
3613 5696 3800 5748 tabulas

2213 5759 2482 5819 nstituam.
2503 5763 2689 5816 tabulas
2711 5764 2942 5816 lauideas.
2969 5764 2986 5823 [
3009 5759 3287 5823 festimonii,
3315 5759 3581 5824 lapideas]
