4094 6454
359 331 474 390 i615

364 445 682 514 signiﬁcare,
703 444 811 514 jam
838 444 961 498 alibi
992 443 1301 512 scripsimus
1328 457 1378 495 ιη
1407 455 1568 510 opere
1595 449 1779 495 contra
1806 437 1942 492 Fau-

365 549 503 589 stum
532 535 874 590 Maniehrcutn
899 534 1033 606 (Lib.
1061 532 1152 598 29.,
1177 550 1291 626 cup.
1316 531 1432 626 D3).
1564 619 1598 626 η
1618 619 1631 626 _
1810 617 1822 626 _
1855 615 1865 626 ο

434 625 635 680 CXLV.
662 624 760 698 [lb.
789 641 953 689 xxxtt,
985 623 1099 696 9.4.]
1129 624 1196 677 Et
1233 623 1474 677 dederunt
1508 619 1652 684 mihi,
1680 626 1726 672 et
1753 616 1865 671 misi
1889 616 1942 669 in

363 718 550 786 ignem,
576 727 624 770 et
649 718 768 771 exiit
793 719 978 770 vitulus
999 717 1098 770 hic.
1122 712 1450 784 Compendio
1477 711 1682 765 loculus
1709 718 1808 774 cst,
1836 722 1940 761 non

360 807 545 862 dicens
573 809 712 879 quod
736 809 853 877 ipse
884 807 1208 871 formaverit,
1241 815 1297 881 ut
1319 804 1488 859 exiret
1510 801 1708 855 vitulus
1734 797 1941 853 fusilis?

360 913 428 953 an
451 899 806 953 excusationis
834 913 990 952 causa
1019 896 1254 952 timendo
1285 895 1535 950 mentitus
1561 901 1663 957 est,
1691 899 1940 958 tanquam

361 990 475 1058 ipse
507 990 556 1042 in
584 989 758 1058 ignem
783 989 1071 1058 periturum
1101 1003 1286 1042 aurum
1315 984 1619 1056 projecerit,
1648 991 1805 1052 atque
1827 982 1942 1049 ipso

359 1097 466 1133 non
492 1080 542 1133 id
573 1087 762 1148 agente
787 1078 953 1133 forma
983 1079 1128 1132 vituli
1153 1077 1380 1133 exierit?
1404 1073 1554 1142 Quod
1582 1072 1704 1127 ideo
1729 1086 1835 1124 non
1860 1078 1942 1125 est

359 1167 684 1222 credendum
727 1167 829 1222 hoc
872 1182 994 1222 eum
1034 1167 1213 1221 animo
1257 1165 1476 1230 dixisse,
1505 1162 1625 1233 quia
1651 1175 1751 1216 nec
1775 1160 1942 1215 latere

359 1259 575 1332 Moysen
601 1268 782 1331 posset
807 1258 932 1330 quid
959 1267 1101 1313 esset
1121 1258 1172 1311 in
1195 1257 1338 1311 viro‘
1360 1296 1375 1320 ,
1407 1269 1527 1309 cum
1552 1268 1660 1324 quo
1687 1252 1825 1306 Deus
1854 1250 1938 1304 Io-

355 1352 637 1424 quehatur,
668 1360 723 1405 et
741 1349 955 1405 fratrem
984 1349 1050 1404 de
1071 1346 1345 1403 mendacio
1377 1361 1480 1400 non
1506 1343 1794 1413 redarguit.

426 1441 652 1497 CXLVI.
681 1441 785 1515 [Ib.
811 1456 976 1506 χχιιι,
1000 1437 1116 1511 25.]
1149 1437 1214 1492 Et
1243 1454 1355 1492 cum
1382 1435 1584 1491 vidisset
1619 1433 1820 1505 Moyses
1843 1448 1936 1503 po-

357 1533 556 1602 pulum,
579 1534 698 1604 quia
717 1533 990 1603 dissipatus
1009 1540 1100 1596 est,
1127 1529 1386 1600 dissipavit
1409 1527 1540 1582 enint
1561 1542 1642 1580 cos
1671 1526 1860 1587 Aaron,
1883 1532 1938 1577 ut

354 1626 410 1678 in
457 1624 699 1694 gaudium
737 1624 961 1678 venirent
1005 1621 1306 1676 adversariis
1344 1620 1468 1674 suis.
1511 1616 1811 1673 Notandum
1856 1623 1939 1670 est

355 1717 803 1786 quemadmodum
842 1715 968 1770 illud
1014 1723 1179 1770 totum
1219 1713 1342 1768 mali
1373 1711 1511 1784 quod
1539 1709 1763 1781 populus
1789 1707 1933 1775 fecit,

355 1808 455 1876 ipsi
486 1809 662 1862 Aaron
691 1807 970 1871 tribuatur,
994 1805 1134 1876 quod
1169 1805 1249 1859 eis
1287 1803 1615 1858 consenserit
1637 1801 1702 1854 ad
1734 1799 1936 1854 facien-

352 1899 482 1953 dum
525 1899 665 1969 quod
714 1901 854 1954 male
903 1900 1183 1968 petierant.
1230 1897 1394 1966 Magis
1435 1896 1575 1950 enim
1607 1893 1804 1946 dictum
1831 1898 1931 1958 est,

353 1990 619 2060 dissipavit
654 2005 739 2044 eos
778 1991 967 2056 Aaron,
997 1987 1244 2059 quoniam
1275 1986 1436 2042 cessit
1461 1986 1560 2051 eis,
1591 1999 1746 2054 quam
1774 1982 1934 2037 dissi-

353 2091 613 2150 paverunt
636 2095 694 2135 se
716 2081 812 2151 ipsi
839 2081 926 2150 qui
950 2089 1148 2134 tantum
1178 2079 1374 2132 malum
1402 2077 1790 2147 ﬂagitaverunt.

425 2171 679 2225 CXLVII.
715 2171 816 2244 [lh.
851 2188 1019 2236 xxxu,
1050 2173 1140 2238 3|,
1168 2169 1282 2243 52.]
1311 2170 1442 2225 Cum
1471 2169 1677 2241 Moyses
1713 2167 1838 2223 dicit
1864 2165 1932 2221 ad

353 2263 543 2330 Deum,
576 2261 785 2327 Precor,
815 2263 1033 2332 peccavit
1053 2263 1269 2333 populus
1286 2262 1376 2316 iste
1396 2270 1651 2331 peccatum
1673 2274 1930 2328 magnum,

345 2363 397 2406 et
429 2357 656 2423 fecerunt
682 2353 777 2407 sibi
812 2355 932 2408 deos
965 2369 1164 2417 aureos,
1195 2363 1240 2405 et
1278 2367 1411 2405 nunc
1438 2349 1682 2421 siquidem
1720 2348 1931 2403 remittis

347 2445 454 2500 illis
466 2455 723 2515 peccatum
739 2446 960 2512 illorum,
981 2447 1204 2511 remitte;
1221 2446 1298 2498 sin
1314 2454 1501 2510 autem,
1521 2443 1628 2497 dele
1639 2461 1715 2496 me
1727 2443 1790 2497 de
1803 2441 1930 2497 libro

349 2546 440 2590 tuo
485 2552 634 2607 quem
675 2537 1210 2608 scripsisti:securus
1251 2535 1464 2606 quidem
1503 2535 1609 2589 hoc
1635 2533 1785 2598 dixit,
1819 2541 1930 2589 uta

345 2627 801 2698 consequentibus
847 2627 1182 2682 ratiocinatio
1218 2627 1592 2692 concludatur;
1633 2625 1682 2679 id
1728 2633 1829 2691 cst,
1873 2634 1927 2678 ut

347 2718 472 2786 quia
499 2716 639 2771 Deus
663 2717 878 2788 Moysen
907 2732 1012 2772 non
1051 2717 1255 2772 deleret
1296 2715 1365 2772 de
1402 2715 1537 2770 libro
1581 2730 1700 2779 suo,
1737 2716 1928 2784 populo

346 2814 623 2879 peccatum
642 2808 772 2863 illud
799 2809 1110 2863 remitteret.
1141 2808 1513 2863 Verumtamen
1543 2807 1923 2862 advertendum

347 2909 432 2955 est
455 2909 712 2970 quantum
737 2901 930 2962 malum
977 2888 1049 2955 in.
1070 2901 1159 2955 illo
1189 2909 1406 2971 peccato
1432 2903 1762 2970 perSpexcrit
1785 2900 1929 2970 Moy—

345 3005 455 3056 ses,
484 2993 625 3062 quod
655 3001 800 3047 tanta
844 2992 991 3048 czede
1036 2993 1320 3048 crediderit
1352 2991 1692 3064 expiandum,
1715 2991 1803 3061 qui
1833 3007 1927 3046 cus

346 3084 426 3136 sic
453 3082 723 3153 diligebat,
755 3092 812 3140 ut
835 3099 932 3154 pro
949 3084 1036 3143 eis
1061 3083 1148 3138 illa
1176 3084 1334 3139 verba
1364 3085 1474 3139 Deo
1498 3081 1764 3138 funderet.

417 3171 689 3228 CXLVIII.
719 3173 820 3248 [11).
852 3189 1020 3237 xxxtt,
1049 3172 1162 3246 55.]
1183 3173 1367 3229 Merito
1388 3175 1661 3244 quatritur,
1693 3189 1812 3227 eum
1839 3187 1928 3226 su-

345 3265 532 3336 perius
573 3267 838 3337 populum
872 3267 1158 3336 dissipasse
1203 3266 1376 3321 dictus
1413 3266 1485 3319 sit
1525 3268 1731 3328 Aaron,
1755 3281 1848 3317 cur
1875 3266 1924 3316 in

347 3359 524 3429 ipsum
551 3359 780 3414 vindicta
820 3359 964 3414 nulla
1013 3360 1351 3430 processerit,
1375 3374 1548 3429 neque
1571 3374 1691 3412 cum
1719 3358 1926 3429 Moyses

345 3449 577 3505 interﬁci
603 3449 763 3518 jussit
781 3465 993 3505 omnem
1015 3451 1104 3520 qui
1133 3450 1331 3505 Levitis
1359 3450 1605 3506 euntibus
1623 3449 1688 3504 ad
1717 3459 1923 3520 portam

342 3546 400 3593 et
428 3539 771 3594 redeuntibus
796 3539 1118 3594 occurrisset
1135 3540 1374 3605 armatis,
1397 3555 1570 3609 neque
1592 3554 1711 3594 cum
1743 3549 1922 3608 postea

345 3628 542 3685 factum
575 3637 658 3685 est
684 3631 824 3701 quod
847 3630 1116 3701 Scriptura
1143 3631 1288 3697 dicit,
1319 3631 1382 3685 Et
1409 3631 1650 3701 percussit
1676 3629 1924 3684 Dominus

345 3723 593 3794 papulum
639 3732 846 3795 prapter
888 3725 1138 3793 facturam
1183 3724 1346 3790 vituli,
1376 3741 1522 3792 quem
1552 3725 1670 3796 fecit
1710 3723 1920 3778 Aaron:

340 3814 576 3868 maxime
601 3814 722 3883 quia
756 3823 811 3869 et
849 3812 937 3869 hic
985 3813 1084 3868 hoc
1121 3813 1259 3868 idem
1290 3812 1577 3882 repetendo
1605 3813 1920 3868 inculcatum

339 3911 446 3956 est.
478 3901 592 3956 Non
621 3903 762 3957 enim
785 3903 982 3977 dictum
1002 3914 1104 3968 est,
1131 3903 1196 3958 Et
1216 3905 1457 3975 percussit
1490 3903 1732 3958 Dominus
1755 3921 1920 3975 papu-

342 3993 449 4046 lum
469 4002 676 4065 propter
699 3994 950 4064 [acturam
975 3995 1135 4060 vituli,
1160 4011 1316 4064 quem
1341 3995 1600 4060 fecerunt,
1632 3995 1746 4060 sed,
1776 4013 1922 4066 quem

341 4084 462 4152 fecit
487 4085 659 4139 Aaron
681 4094 769 4140 :et
797 4094 971 4140 tamen
999 4101 1102 4140 non
1135 4098 1217 4141 est
1247 4102 1526 4155 percussus
1554 4088 1766 4151 Aaron;
1794 4089 1918 4157 quin

338 4177 501 4230 etiam
521 4176 646 4230 illud
668 4177 807 4247 quod
827 4177 893 4232 de
909 4179 1205 4232 sacerdotio
1229 4178 1342 4246 ejus
1369 4188 1490 4233 ante
1513 4189 1785 4248 peccatum
1807 4180 1920 4248 ejus

344 4269 483 4320 Deus
510 4268 868 4336 prtecipiebat,
897 4269 1165 4337 impletum
1196 4277 1296 4324 est.
1334 4269 1440 4348 §ed
1476 4270 1627 4339 jussit
1668 4280 1720 4325 et
1748 4271 1918 4339 ipsum

340 4365 394 4410 et
422 4356 560 4410 lilios
587 4355 762 4423 ablui;
794 4367 850 4412 et
878 4358 954 4412 sic
979 4358 1204 4413 ordinati
1243 4369 1367 4414 sunt
1407 4361 1460 4414 in
1493 4360 1811 4416 sacerdotio.
1842 4362 1920 4418 Ita

339 4448 488 4502 novit
518 4448 606 4503 ille
631 4449 713 4504 cui
743 4459 926 4519 pareat
945 4466 1110 4521 usque
1135 4451 1202 4506 ad
1229 4454 1696 4509 commutationem
1727 4453 1779 4508 in
1807 4470 1919 4510 me-

340 4542 473 4608 lius;
496 4552 552 4598 et
578 4543 661 4598 cui
693 4554 874 4614 parcat
899 4545 963 4599 ad
991 4553 1217 4615 tempus,
1239 4547 1481 4615 quamvis
1509 4562 1629 4602 eum
1664 4547 1917 4617 prmscie-

338 4635 408 4687 rit
436 4633 487 4688 in
517 4636 704 4690 melius
729 4651 834 4690 non
866 4637 1092 4703 mutari;
1118 4648 1169 4692 et
1199 4637 1283 4691 cui
1313 4653 1418 4693 non
1446 4649 1630 4707 parcat
1656 4648 1713 4694 ut
1741 4649 1916 4696 mute-

335 4735 425 4778 tur
447 4725 501 4778 in
529 4726 735 4793 melius,
767 4736 821 4782 et
855 4727 941 4782 cui
987 4744 1089 4782 non
1132 4739 1330 4797 parcat,
1362 4729 1430 4783 ita
1459 4739 1516 4783 ut
1545 4745 1645 4785 nec
1667 4731 1917 4786 mutatio-

339 4831 461 4868 nem
479 4817 499 4846 ’
517 4816 631 4883 ejus
652 4827 922 4887 exspectet
948 4837 962 4874 :
988 4828 1041 4874 et
1069 4828 1234 4873 totum
1273 4818 1377 4873 hoc
1419 4820 1482 4873 ad
1517 4820 1566 4874 id
1595 4821 1750 4887 redit,
1777 4823 1916 4892 quod

339 4907 626 4975 Apostolus
646 4908 773 4961 dicit
799 4910 1124 4967 exclamans.
1153 4910 1318 4974 Quam
1339 4910 1680 4966 inscrutabilia
1699 4923 1813 4969 sunt
1823 4915 1918 4984 ju-

336 4999 472 5051 dicia
497 4999 626 5069 ejus,
655 5005 701 5052 et
729 5000 1094 5072 int'estigabiles
1113 5002 1208 5056 vim
1232 5003 1341 5073 ejus
1371 5001 1543 5072 (Rom.
1570 5021 1642 5064 xl.
1673 5005 1785 5077 55).

408 5087 640 5144 CXLIX.
675 5089 776 5162 [Ih.
805 5091 1071 5163 xxxnt,l.]
1110 5091 1248 5146 Vade
1270 5095 1482 5149 ascende
1510 5097 1644 5159 hinc.
1667 5107 1718 5152 tu
1742 5106 1783 5156 ei
1819 5118 1916 5172 po-

335 5180 489 5251 pulus
514 5190 649 5247 titus,
677 5199 821 5252 quem
849 5183 1064 5238 eduxiin
1080 5187 1141 5238 de
1166 5195 1298 5240 terra
1325 5186 1562 5258 Egypti.
1599 5193 1736 5248 Deus
1756 5195 1918 5251 iratus

336 5269 521 5326 dicere
547 5272 774 5339 videtur,
805 5285 857 5328 tu
877 5285 925 5328 et
942 5277 1158 5346 populus
1182 5288 1319 5345 tuus,
1345 5297 1486 5351 quem
1515 5286 1764 5351 cduxisti;
1785 5289 1916 5344 alio-

337 5361 467 5430 quin
507 5359 746 5428 dixisset,
779 5372 834 5418 tu
874 5371 930 5419 et
969 5367 1199 5437 populus
1229 5385 1398 5432 meus.
1445 5388 1600 5443 quem
1648 5377 1806 5432 eduxi
1850 5380 1916 5437 de

343 5459 481 5505 terra
517 5450 732 5525 Egypti
758 5455 883 5510 :sed
930 5456 1006 5511 illi
1048 5459 1257 5528 quando
1295 5462 1494 5518 idolum
1543 5481 1914 5540 poposcerunt,

405 5604 560 5663 ’Mss.,
581 5605 634 5657 in
649 5620 777 5658 vero.

537 5675 641 5782 δὲῗ.
665 5678 718 5722 At
737 5670 851 5723 editi
875 5675 1046 5724 omissa
1063 5678 1325 5740 negatione
1343 5679 1541 5743 habent,
1559 5687 1612 5732 ut
1633 5682 1740 5737 rita:
1761 5696 1917 5754 muta-

514 5764 645 5790 ,VWI
683 5764 687 5766 ”

1697 328 1898 384 LIBER
1937 325 2311 384 SECUNDUS.
2411 391 2426 396 _

3528 335 3631 394 6“

2049 436 2120 490 ita
2147 436 2306 492 locuti
2323 447 2466 505 sunt,
2501 437 2704 512 Moyses
2737 441 2868 496 enim
2911 442 2993 497 hic
3029 443 3178 499 homo
3224 446 3312 518 qui
3341 446 3516 504 eduxit
3542 467 3632 506 nos

2048 531 2112 583 de
2130 539 2264 584 terra
2292 529 2533 603 Egypti,
2564 551 2666 587 non
2685 534 2868 590 scimus
2887 535 3010 606 quid
3032 539 3224 608 factum
3247 540 3311 592 sit
3337 539 3383 594 ei
3393 554 3416 604 ;
3440 539 3631 597 libera-

2003 669 2006 673 ,
2050 618 2246 674 tionem
2269 635 2418 676 suam
2451 624 2502 677 in
2534 624 2748 680 homine
2771 627 3142 684 constituendo
3166 628 3486 686 deiecerant.
3517 633 3629 690 lloc

2048 709 2126 763 eis
2157 710 2315 765 modo
2343 713 2632 784 replicatur
2654 731 2774 770 cum
2804 717 3018 782 dicitur,
3055 729 3109 773 tu
3149 729 3194 774 et
3231 724 3450 792 populus
3489 734 3622 796 tuus,

2045 816 2189 869 quem
2217 803 2432 858 eduaa'sti
2454 806 2516 859 de
2542 817 2674 861 terra
2704 807 2926 880 ίΕςυριὶ
2943 826 2962 865 :
2978 811 3116 881 quod
3161 813 3266 868 illis
3288 824 3371 870 est
3393 816 3621 883 crimini,

2046 905 2150 944 non
2179 891 2366 962 Moysi.
2395 893 2513 949 Non
2548 897 2690 951 enim
2729 899 2872 953 aliud
2923 900 3131 955 volebat
3177 901 3405 974 Moyses,
3436 904 3538 962 nisi
3571 917 3628 963 ut

2046 985 2224 1039 nonin
2254 987 2365 1054 illo,
2398 989 2492 1044 sed
2517 989 2571 1044 in
2597 991 2824 1048 Domino
2851 1009 3000 1065 spem
3027 1007 3307 1066 ponerent,
3332 1007 3388 1054 et
3415 1002 3624 1059 Domini

2045 1075 2407 1134 misericordia
2447 1095 2505 1135 se
2541 1097 2659 1138 cum
2703 1086 2990 1156 gratiarum
3016 1089 3224 1144 actione
3247 1090 3528 1149 crederent
3556 1095 3627 1150 ab

2043 1165 2131 1220 illa
2160 1170 2413 1226 servitute
2438 1171 2694 1229 liberatos
2719 1192 2734 1231 :
2757 1176 2908 1248 cujus
2939 1187 3116 1237 tamen
3139 1182 3281 1252 apud
3306 1183 3623 1241 Deumtan-

2041 1272 2200 1326 quam
2227 1259 2518 1318 ﬁdelissimi
2559 1264 2740 1321 famuli
2782 1276 2985 1325 tantum
3021 1281 3137 1328 erat
3159 1275 3409 1331 meritum
3438 1293 3535 1348 per
3555 1279 3623 1335 il-

2042 1349 2144 1405 lius
2165 1355 2411 1422 gratiam,
2434 1365 2494 1411 ut
2517 1356 2566 1412 ei
2595 1357 2796 1414 diceret
2825 1360 2982 1429 Dens,
3015 1361 3141 1418 Sine
3164 1381 3262 1433 me,
3288 1377 3337 1421 et
3363 1367 3522 1423 iratus
3543 1370 3621 1424 ira

2039 1452 2293 1498 conteram
2322 1462 2405 1500 eos
2437 1446 2628 1516 (Exod.
2662 1465 2831 1516 xxx",
2893 1453 2945 1518 1,
2987 1453 3079 1519 25,
3121 1456 3229 1526 10).
3259 1457 3410 1526 Quod
3441 1469 3617 1517 utrum

2036 1531 2272 1600 jubentis
2316 1535 2386 1590 sit
2434 1552 2556 1594 cum
2608 1540 2698 1605 ait,
2731 1540 2857 1598 Sine
2898 1559 2997 1611 me,
3044 1559 3112 1600 an
3161 1548 3312 1616 quasi
3363 1551 3615 1620 petentis,

2043 1633 2324 1696 utrumque
2345 1627 2554 1684 videtur
2572 1630 2880 1688 absurdum.
2910 1634 3041 1690 Nam
3070 1645 3124 1691 et
3144 1638 3188 1692 si
3210 1637 3430 1707 jubebat
3454 1640 3614 1708 Deus,

2041 1715 2409 1774 inobedienter
2457 1719 2684 1777 famulus
2724 1740 2828 1780 non
2865 1726 3115 1796 parebat;
3155 1737 3210 1784 et
3249 1729 3414 1785 Deum
3462 1732 3618 1790 hoca

2038 1820 2195 1863 Servo
2228 1809 2375 1867 velut
2420 1827 2515 1881 pro
2551 1812 2808 1871 beneficio
2847 1826 3026 1887 petere
3065 1835 3174 1874 non
3219 1819 3460 1890 decebat,
3493 1838 3615 1880 cum

2035 1902 2330 1969 prazsertim
2373 1915 2553 1972 posset
2593 1922 2687 1962 eos
2727 1909 2888 1963 etiam
2931 1911 3023 1965 illo
3063 1913 3281 1970 nolente
3314 1922 3613 1973 conterere.

2036 1986 2134 2044 Ille
2156 1990 2332 2061 itaque
2365 1994 2432 2048 ibi
2460 2009 2649 2051 sensus
2679 1997 2730 2051 in
2761 2011 3007 2070 promptu
3028 2011 3130 2068 est,
3160 2003 3302 2074 quod
3332 2005 3416 2061 his
3438 2008 3616 2064 verbis

2036 2081 2352 2149 significavit
2381 2086 2518 2141 Deus
2545 2088 2830 2158 plurimum
2857 2092 2994 2160 apud
3035 2107 3096 2148 se
3130 2094 3387 2163 prodesse
3405 2096 3484 2151 illi
3512 2111 3614 2167 po-

2036 2172 2179 2240 pulo,
2208 2175 2328 2242 quia
2351 2176 2429 2230 sie
2455 2178 2523 2232 ab
2545 2178 2635 2232 illo
2665 2180 2784 2234 viro
2811 2180 3186 2253 diligebantur,
3213 2199 3372 2256 quem
3399 2189 3478 2242 sic
3507 2189 3616 2244 Do-

2037 2262 2212 2316 minus
2233 2265 2518 2334 diligebat;
2551 2278 2607 2323 ut
2633 2284 2698 2324 eo
2721 2271 2882 2326 modo
2904 2272 3333 2344 admoneremur,
3354 2291 3476 2332 cum
3501 2293 3616 2334 me-

2033 2354 2135 2408 rita
2162 2366 2341 2410 nostra
2383 2373 2482 2414 nos
2507 2371 2731 2430 gravant
2756 2379 2826 2419 ne
2857 2363 3136 2434 diligamur
3161 2382 3192 2422 a
3223 2368 3357 2437 Deo,
3388 2370 3614 2428 relevari

2033 2460 2132 2499 nos
2155 2447 2293 2516 apud
2311 2463 2433 2503 eum
2462 2449 2671 2507 illorum
2704 2454 2908 2510 meritis
2929 2472 3084 2526 posse
3103 2473 3239 2529 quos
3262 2459 3450 2532 diligit.
3478 2462 3613 2519 Nam

2032 2550 2150 2590 cum
2177 2537 2246 2592 ab
2273 2538 2650 2610 Omnipotente
2669 2543 2861 2600 dicitur
2885 2546 3110 2614 homini,
3139 2547 3265 2606 Sine
3289 2567 3389 2619 me,
3415 2562 3463 2606 et
3484 2569 3612 2608 con-

2031 2635 2188 2680 teram
2223 2643 2326 2694 eos,
2357 2631 2483 2701 quid
2521 2633 2662 2688 aliud
2701 2635 2894 2691 dicitur
2921 2653 3102 2708 quam,
3125 2639 3468 2698 Contererem
3493 2661 3610 2713 eos,

2031 2717 2130 2772 nisi
2159 2719 2506 2790 diligerentur
2522 2724 2620 2778 abs
2647 2725 2734 2780 te?
2756 2725 2831 2780 Ita
2853 2742 2981 2798 ergo
3003 2728 3201 2793 dictum
3227 2740 3326 2798 est,
3354 2732 3482 2790 Sine
3507 2752 3608 2803 me,

2030 2825 2092 2864 ac
2120 2811 2164 2865 si
2209 2813 2497 2882 diceretur,
2526 2815 2644 2871 Noli
2691 2832 2784 2873 eos
2829 2819 3074 2891 diligere,
3114 2831 3160 2877 et
3201 2834 3455 2881 conteram
3487 2844 3610 2895 eos;

2029 2903 2149 2970 quia
2207 2918 2274 2958 ne
2330 2905 2381 2958 id
2442 2905 2630 2961 faciam
2686 2908 2903 2966 dilectio
2939 2921 3027 2966 tua
3072 2912 3128 2968 in
3166 2914 3286 2970 illos
3329 2917 3612 2976 intercedit

2030 2993 2180 3048 mihi.
2213 2994 2701 3067 Obtemperandum
2735 3011 2918 3058 autem
2955 3015 3098 3061 esset
3138 3007 3362 3064 Domino
3389 3011 3609 3081 dicenti,

2028 3082 2146 3138 Noli
2175 3101 2270 3142 eos
2293 3087 2536 3159 diligere,
2568 3090 2614 3146 si
2652 3091 2754 3147 hoc
2768 3093 3008 3164 jubendo
3029 3097 3272 3166 dixisset,
3301 3109 3359 3158 ct
3382 3119 3488 3159 non
3512 3121 3613 3176 po-

2031 3177 2133 3231 tius
2170 3178 2506 3235 admonendo
2532 3193 2586 3236 et
2615 3185 2963 3254 exprimendo
2990 3189 3116 3258 quid
3142 3190 3290 3246 ilium
3326 3194 3397 3248 ab
3420 3210 3607 3252 eorum

2029 3267 2287 3335 supplicio
2325 3282 2759 3330 revocaretznec
2809 3285 2985 3332 tamen
3018 3279 3180 3335 etiam
3223 3282 3318 3338 illo
3370 3285 3603 3343 interce-

2029 3357 2189 3413 dente
2228 3360 2345 3414 sine
2399 3360 2611 3431 ﬂagello
2655 3363 2952 3436 disciplina:
3000 3371 3248 3439 populum
3300 3373 3601 3447 dereliquit.

2027 3447 2218 3526 Nescio
2243 3465 2348 3520 quo
2371 3454 2512 3507 enim
2536 3455 2714 3522 modo,
2748 3468 2804 3511 ut
2833 3458 2911 3514 sic
2937 3475 3031 3516 eos
3049 3461 3293 3534 diligeret
3319 3465 3434 3536 ipse
3461 3468 3609 3542 Moy-

2027 3551 2136 3604 ses,
2165 3541 2304 3597 Deus
2327 3542 2446 3598 illos
2471 3545 2730 3602 occultius
2751 3548 3024 3620 diligebat,
3052 3552 3143 3623 qui
3179 3556 3455 3612 manifeste
3474 3541 3608 3616 voce

2030 3631 2278 3686 terrebat.

2098 3723 2200 3778 (λι.
2234 3723 2538 3798 [lb.xxxtu,
2573 3729 2736 3804 1-3.]
2779 3731 2876 3788 Ubi
2914 3733 3044 3789 dicit
3088 3736 3226 3792 Deus
3263 3739 3328 3793 ad
3365 3740 3606 3813 Moysen,

2036 3811 2176 3868 Vade
2193 3856 2207 3879 ,
2237 3820 2449 3872 ascende
2473 3821 2608 3887 hinc,
2649 3832 2702 3875 tu
2725 3832 2771 3876 et
2810 3825 3030 3894 populus
3056 3839 3189 3892 tuus,
3214 3846 3358 3898 quem
3385 3811 3606 3888 eduxiin

2027 3906 2088 3960 tle
2128 3917 2259 3960 terra
2300 3909 2520 3980 .Egypti
2536 3953 2553 3978 ,
2611 3914 2664 3968 in
2711 3926 2896 3970 terrant
2932 3935 3083 3987 quant
3110 3921 3282 3990 juraui
3327 3923 3604 3991 Abraham,

2026 3993 2195 4063 Isaac,
2225 4007 2271 4052 et
2295 3999 2454 4053 Jacob
2471 4039 2489 4068 ,
2519 4002 2708 4068 dicens,
2741 4006 2934 4060 Semini
2961 4019 3115 4063 vestro
3143 4011 3271 4065 dabo
3298 4031 3407 4068 eam
3423 4032 3446 4081 ;
3473 4031 3607 4074 con-

2028 4087 2173 4141 tinuo
2231 4097 2476 4159 tanquam
2525 4093 2590 4146 ad
2636 4094 2808 4163 ipsum
2863 4097 3081 4169 Moysen
3123 4103 3294 4156 adhuc
3339 4105 3603 4176 loquatur,

2025 4183 2227 4233 occulta
2251 4184 2618 4252 conversione,
2641 4201 2757 4256 qua:
2778 4203 2948 4257 graece
2964 4195 3232 4265 ἀποστροφή
3259 4195 3474 4263 dicitur,
3493 4199 3602 4268 jam

2023 4270 2088 4324 ad
2121 4274 2290 4340 ipsum
2319 4276 2567 4344 pupulum
2609 4277 2840 4348 loquitur
2867 4280 3055 4336 dicens
3086 4299 3100 4336 :
3132 4281 3199 4336 Et
3227 4285 3380 4340 simul
3407 4288 3605 4344 mittam

2023 4361 2258 4432 angelum
2282 4381 2445 4418 meum
2470 4376 2585 4421 ante
2606 4379 2672 4435 te,
2703 4377 2750 4422 et
2768 4371 2930 4440 ejiciet
2959 4370 3316 4441 Chananteum,
3343 4385 3394 4432 et
3418 4379 3604 4436 Amor-

2022 4455 2218 4508 rlueunt
2238 4495 2252 4518 ,
2293 4467 2338 4510 et
2365 4456 2636 4511 Cltettatum
2655 4499 2671 4526 ,
2708 4469 2753 4513 et
2781 4459 3102 4518 Pltercsantm
3118 4505 3135 4529 ,
3177 4476 3223 4520 et
3253 4466 3567 4540 Gergesteum
3586 4515 3602 4540 ,

2023 4553 2068 4598 et
2106 4543 2347 4613 Erteum,
2391 4557 2438 4600 et
2474 4547 2797 4615 Jebuswum;
2840 4562 2886 4605 et
2923 4553 3204 4610 introducet
3241 4567 3289 4611 te
3325 4560 3378 4614 in
3415 4571 3603 4618 terrent

2023 4638 2262 4707 ﬂuentem
2297 4637 2376 4692 lac
2403 4648 2449 4692 et
2474 4640 2590 4694 mel.
2634 4640 2753 4696 Non
2781 4643 2913 4698 enim
2950 4650 3216 4703 ascendam
3251 4658 3412 4706 tecum
3431 4695 3447 4718 ,
3485 4661 3604 4726 quia

2024 4731 2242 4800 papulus
2269 4729 2397 4783 d-ura
2421 4733 2606 4786 cci-vice
2629 4750 2701 4800 es,
2729 4746 2784 4788 ut
2807 4752 2907 4790 non
2927 4737 3121 4793 deleam
3147 4749 3194 4795 te
3211 4744 3263 4797 in
3284 4746 3382 4798 uia.
3417 4746 3600 4818 Magna

2024 4824 2340 4876 sacramenti
2372 4831 2426 4877 et
2455 4824 2583 4878 mira
2629 4827 2985 4895 profunditas,
3017 4840 3266 4902 tanquam
3296 4839 3595 4896 misericor-

2024 4909 2164 4966 diam
2191 4912 2443 4982 majorem
2477 4925 2653 4984 posset
2677 4918 2895 4987 angelus
2925 4919 3124 4978 habere
3139 4941 3295 4993 quam
3325 4927 3482 4997 Deus,
3510 4933 3598 4999 qui

2030 5007 2224 5076 populo
2251 5007 2396 5060 dum!
2423 5009 2649 5064 cervicis
2677 5021 2953 5079 parceret;
2981 5015 3064 5069 cui
3092 5017 3248 5081 Deus,
3281 5019 3324 5074 si
3350 5036 3468 5076 cum
3497 5023 3598 5080 illis

2024 5108 2192 5163 esset,
2230 5100 2342 5168 ipse
2374 5115 2480 5154 non
2510 5113 2750 5170 parceret
2779 5123 2791 5158 :
2823 5114 2877 5159 et
2906 5113 3078 5162 tamen
3119 5110 3277 5164 etiam
3318 5129 3412 5183 per
3433 5130 3600 5187 ange-

2027 5192 2135 5246 lum
2163 5209 2336 5256 suuni,
2383 5209 2442 5248 se
2465 5194 2854 5264 quodammodo
2879 5199 2946 5252 ab
2974 5200 3052 5254 eis
3078 5201 3298 5259 absente
3316 5246 3332 5271 ,
3355 5209 3445 5276 qui
3471 5227 3600 5267 nus-

2024 5302 2180 5354 quam
2221 5302 2340 5343 csse
2369 5287 2564 5342 absens
2589 5299 2780 5357 potest,
2810 5290 3028 5360 implere
3048 5309 3105 5348 se
3125 5295 3252 5349 dicit
3276 5299 3415 5368 quod
3439 5305 3601 5372 patri.

2025 5375 2122 5430 bus
2143 5393 2324 5432 eorum
2349 5377 2543 5446 juravit
2572 5393 2587 5444 ;
2636 5389 2882 5450 tanquam
2907 5393 2959 5435 et
2989 5382 3071 5438 hic
3098 5388 3381 5443 ostendens
3411 5392 3513 5450 hoc
3541 5411 3600 5454 se

2029 5469 2148 5525 ideo
2175 5470 2345 5524 facere
2370 5511 2384 5535 ,
2416 5470 2538 5539 quia
2584 5470 2688 5525 illis
2727 5472 2960 5540 patrihus
2993 5473 3149 5542 justis
3180 5483 3447 5552 promisit,
3490 5501 3596 5544 non

2023 5563 2162 5632 quod
2190 5563 2274 5617 isti
2305 5561 2446 5631 digni
2474 5571 2671 5617 essent.
2709 5562 2841 5629 Quid
2867 5579 2994 5634 ergo
3017 5566 3309 5638 signiﬁcaz,
3342 5578 3440 5632 nisi
3461 5576 3599 5637 forte

2024 5653 2145 5708 ideo
2167 5667 2224 5708 se
2246 5669 2352 5706 non
2373 5667 2493 5708 esse
2511 5669 2633 5710 eum
2654 5653 2750 5720 eis,
2778 5654 2896 5725 quia
2914 5654 3044 5711 dura
3067 5661 3274 5718 cervice
3296 5679 3448 5735 sunt;
3476 5673 3599 5740 quia

2025 5763 2130 5803 non
2171 5764 2289 5804 eum
2337 5749 2622 5819 propitium
2672 5756 2724 5804 et
2764 5747 3053 5818 salubrem,
3097 5753 3197 5810 nisi
3244 5756 3510 5819 humilitas
3543 5776 3602 5824 et
