4062 6358
483 319 586 377 647

485 435 656 504 pietas
689 426 864 499 capit?
904 425 1036 480 Esse
1075 429 1251 476 autem
1280 418 1446 472 Deum
1490 430 1612 470 cum
1655 411 1802 466 dura:
1846 402 2069 462 cervicis

487 496 826 584 hominibus,
876 513 1009 571 nihil
1046 521 1126 568 est
1168 509 1311 566 aliud
1349 522 1508 578 quam
1536 500 1854 559 vindicando
1882 496 2070 552 adesse

488 625 648 683 atque
667 607 934 681 puniendo
963 623 978 658 :
1003 603 1144 659 unde
1167 616 1290 657 cum
1311 613 1376 654 eo
1397 596 1556 652 modo
1585 595 1740 650 malis
1768 607 1872 646 non
1896 588 2066 655 adest,

491 682 762 774 parcendo
817 698 973 764 facit;
1027 709 1134 766 quo
1185 691 1412 762 pertinet
1465 686 1593 742 illud
1647 684 1786 757 quod
1841 682 2067 746 dicitur,

490 769 671 849 averte
693 789 874 861 faciem
899 797 1037 840 luant
1063 801 1094 837 a
1121 781 1336 852 peccatis
1363 781 1483 833 meis
1508 776 1675 850 (Psal.
1704 791 1756 838 ι.,
1788 772 1874 842 11)
1907 788 1920 824 :
1949 769 2069 839 quia

490 885 537 940 si
579 880 840 945 advertit,
887 875 1078 932 evertit
1106 875 1146 926 ⁸.
1191 873 1343 927 Sicut
1381 869 1525 926 enim
1563 867 1677 920 ﬂuit
1703 879 1825 920 cera
1870 879 1898 916 a
1940 861 2071 915 facie

493 973 673 1044 ignis,
733 970 814 1024 sic
865 973 1088 1038 pereunt
1134 971 1443 1034 peccatores
1486 972 1517 1013 a
1561 955 1698 1012 facie
1740 953 1838 1009 Dei
1886 950 2068 1023 (Psal.

493 1079 638 1122 ιχνιι
654 1103 668 1128 ,
697 1059 791 1130 '5).

565 1157 693 1213 CLI.
723 1153 822 1227 [11).
855 1166 1045 1217 χχχιιι,
1068 1147 1154 1215 12,
1187 1143 1299 1218 15.]
1329 1142 1397 1199 Et
1419 1142 1547 1197 dixit
1569 1138 1772 1210 Moyses
1796 1136 1864 1190 ad
1893 1133 2072 1227 Dom—i-

493 1265 649 1315 num,
687 1223 820 1301 Ecce
861 1252 916 1297 tu
953 1240 1074 1295 mihi
1107 1238 1234 1292 dicis
1261 1253 1279 1290 :
1307 1235 1485 1289 Deduc
1519 1231 1764 1302 populum
1801 1229 1953 1282 hunc.
1998 1223 2075 1279 Tu

491 1349 658 1394 autent
679 1353 780 1391 non
799 1330 1151 1388 demonstrasti
1178 1327 1300 1382 mild
1325 1342 1473 1397 quem
1495 1323 1646 1379 simul
1674 1321 1841 1375 mittas
1860 1332 2072 1372 mecum.

493 1431 576 1487 Tu
601 1440 769 1484 autem
797 1424 970 1480 dixisti
995 1422 1134 1487 mihi,
1165 1419 1284 1475 Scio
1315 1427 1362 1471 te
1382 1431 1488 1487 prta
1513 1414 1762 1478 omnibus,
1792 1421 1838 1464 et
1862 1409 2078 1481 gratiam

495 1521 648 1578 habes
689 1518 827 1590 apud
865 1532 964 1569 me.
1021 1513 1081 1568 Si
1107 1526 1225 1582 ergo
1267 1507 1434 1563 inueni
1469 1505 1685 1578 gratiam
1726 1503 1779 1556 in
1813 1506 2079 1569 conspectu

495 1625 614 1680 tuo,
655 1610 860 1667 ostende
894 1607 1018 1662 mihi
1046 1605 1392 1674 temetipsum,
1432 1597 1696 1668 manifeste
1717 1604 1769 1648 ut
1797 1593 1990 1647 videant
2009 1599 2075 1655 te,

495 1719 552 1762 ut
577 1707 673 1762 sim
695 1702 951 1758 inveniens
970 1698 1182 1771 gratiam
1208 1704 1324 1748 ante
1345 1702 1411 1757 te,
1433 1699 1478 1745 et
1503 1699 1556 1744 ut
1583 1688 1742 1743 sciam
1768 1684 1886 1756 quia
1915 1698 2080 1752 popu-

497 1800 580 1854 lus
605 1807 719 1851 tuus
741 1803 814 1849 est
833 1807 952 1862 gens
974 1790 1101 1845 lucc.
1131 1785 1284 1854 Quod
1312 1783 1470 1838 habet
1491 1794 1694 1852 grmcus
1722 1787 1948 1846 γνωπῶς.
1981 1773 2083 1828 hoc

497 1887 716 1960 quidam
743 1883 890 1938 latini
918 1877 1248 1949 interpretati
1273 1883 1436 1940 sunt,
1464 1873 1758 1942 manifeste,
1787 1883 1906 1922 cum
1934 1865 2082 1920 Scri-

502 1955 658 2050 ptura
681 1990 786 2030 non
813 1973 1009 2029 dixerit
1035 1979 1259 2042 φανιρῶς.
1301 1964 1476 2022 Potuit
1495 1977 1624 2032 ergo
1653 1961 1881 2014 fortasse
1911 1955 2084 2027 aptius

499 2047 640 2134 dici,
672 2065 733 2122 Si
761 2063 926 2118 inveni
959 2061 1174 2134 gratiam
1197 2059 1250 2111 in
1278 2064 1546 2124 conspectu
1575 2062 1659 2106 tuo
1679 2092 1694 2116 ,
1725 2047 1927 2105 ostende
1959 2047 2085 2100 mihi

503 2157 815 2226 temetipsum
833 2193 849 2221 ,
877 2153 1088 2208 scienter
1115 2158 1166 2202 ut
1187 2147 1378 2201 uideam
1407 2149 1455 2200 le
1486 2159 1504 2199 :
1527 2143 1724 2213 quibus
1753 2139 1930 2195 verbis
1955 2136 2086 2192 satis

499 2247 732 2304 ostendit
761 2245 970 2315 Moyses
992 2285 1008 2311 ,
1040 2240 1180 2312 quod
1220 2253 1326 2293 non
1357 2239 1426 2291 ita
1467 2235 1680 2290 videbat
1721 2234 1883 2287 Deum
1916 2231 1967 2284 in
1997 2230 2085 2284 illa

505 2349 651 2396 tanta
676 2337 1032 2393 familiaritate
1060 2340 1398 2400 conspectus,
1423 2337 1482 2382 ut
1506 2325 1842 2382 desiderabat
1867 2321 2082 2386 videre;

501 2430 755 2502 quoniam
799 2426 906 2482 illa:
953 2437 1143 2480 clunes
1190 2420 1421 2475 visiones
1465 2417 1596 2482 Dei,
1637 2430 1757 2485 quas
1785 2413 2087 2468 mortalium

507 2520 880 2593 praebebantur
917 2513 1255 2586 aspectibus,
1286 2519 1342 2565 et
1367 2525 1434 2564 ex
1469 2508 1662 2579 quibus
1701 2507 1858 2560 liehat
1902 2519 2084 2568 sonus,

505 2629 612 2684 quo
635 2609 875 2667 mortalis
903 2607 1254 2676 attingeretur
1283 2600 1492 2656 auditus
1514 2639 1530 2666 ,
1573 2599 1650 2653 sic
1679 2595 2086 2658 exhibebantur,

503 2700 776 2774 assumpta
803 2705 940 2756 sicut
967 2700 1105 2754 Deus
1140 2696 1386 2758 volebat,
1413 2692 1593 2762 specie
1630 2707 1733 2760 qua
1774 2688 2002 2752 volebat,
2035 2696 2091 2740 ut

509 2814 615 2852 non
643 2796 698 2850 in
725 2795 805 2850 cis
847 2793 957 2861 ipsa
989 2789 1096 2844 ullo
1135 2802 1297 2843 sensu
1326 2783 1564 2853 corporis
1587 2781 1876 2837 sentiretur
1912 2777 2091 2832 divina

511 2897 720 2953 natura,
757 2899 876 2954 qua:
905 2880 1181 2936 invisibilis
1206 2876 1402 2946 ubique
1429 2883 1536 2928 tota
1564 2881 1680 2937 est,
1709 2879 1762 2926 et
1791 2869 1936 2924 nullo
1961 2883 2090 2923 con-

513 2983 708 3036 tinetur
749 2978 888 3032 loco.
934 2973 1002 3028 Et
1029 2972 1149 3042 quia
1176 2970 1228 3024 in
1268 2967 1478 3024 duobus
1515 2964 1826 3034 praeceptis,
1875 2961 1976 3016 hoc
2013 2969 2094 3014 est

513 3068 813 3127 dilectionis
848 3065 940 3120 Dei
969 3071 1024 3118 et
1054 3058 1312 3132 proximi,
1360 3068 1466 3112 tota
1497 3055 1604 3110 Lex
1643 3053 1841 3123 pendet
1879 3049 2090 3124 (Matth.

513 3179 647 3230 χχιι,
674 3163 740 3217 57
757 3158 888 3228 ~40)
912 3198 926 3222 ,
975 3155 1096 3210 ideo
1122 3152 1328 3224 Moyses
1359 3151 1410 3203 in
1439 3156 1666 3216 utroque
1692 3159 1846 3199 suum
1880 3141 2095 3197 deside-

516 3260 656 3311 rium
697 3248 1100 3308 demonstrabat
1129 3263 1144 3299 :
1179 3245 1248 3298 in.
1273 3241 1560 3297 dilectione
1596 3237 1798 3293 scilicet
1834 3235 1961 3300 Dei,
2009 3232 2096 3286 ubi

511 3347 622 3413 ait,
665 3344 728 3401 Si
751 3341 916 3397 inveni
942 3339 1159 3410 gratiam
1185 3335 1239 3389 in
1273 3340 1542 3401 conspectu
1574 3339 1694 3394 tuo,
1739 3324 1942 3381 ostende
1973 3324 2096 3378 mihi

515 3437 866 3508 temetipsum,
906 3429 1168 3500 manifeste
1193 3437 1248 3480 ut
1272 3423 1467 3479 uideam
1495 3431 1542 3476 te
1560 3460 1576 3487 ,
1619 3428 1677 3473 ιιι
1715 3418 1811 3472 sim
1841 3416 2099 3471 inveniens

503 3531 734 3604 gratiam
772 3527 827 3581 in
865 3532 1134 3594 conspectu
1169 3528 1298 3582 tuo;
1343 3517 1397 3571 in
1427 3513 1712 3570 dilectione
1757 3519 1934 3566 autem
1979 3525 2100 3579 pro-

520 3625 667 3690 ximi,
689 3621 782 3678 ubi
805 3619 899 3686 ait,
918 3616 980 3670 Et
994 3625 1046 3670 ut
1067 3613 1223 3669 sciam
1243 3610 1362 3682 quia
1380 3607 1598 3680 populus
1619 3616 1732 3660 tuus
1752 3613 1824 3658 est
1843 3619 1962 3674 gens
1972 3604 2099 3656 haec.

588 3713 741 3770 CLII.
772 3709 871 3784 [11).
905 3722 1096 3770 χχχιιι,
1118 3701 1232 3775 17.]
1270 3700 1409 3769 Quid
1435 3696 1682 3767 estquod
1709 3695 1838 3750 dicit
1867 3695 2007 3784 Deus
2036 3692 2102 3746 ad

519 3808 736 3878 Moysen
752 3783 1049 3870 {Quoniam
1073 3797 1177 3851 scio
1205 3804 1251 3848 te
1278 3806 1383 3863 pros
1405 3788 1670 3845 omnibus?
1693 3783 1946 3854 numquid
1966 3784 2103 3836 Dt‘US

523 3873 644 3975 plus
667 3899 842 3968 aliqua
872 3896 988 3956 scit.
1019 3901 1074 3948 et
1096 3892 1268 3961 aliqua
1297 3883 1512 3942 minus?
1534 3885 1616 3938 An
1642 3879 1939 3936 secundum
1961 3873 2104 3975 quod

523 3965 720 4050 dicitur
759 3965 1073 4059 quibusdam
1113 3983 1165 4036 in
1207 3977 1498 4048 Evangelio
1522 4015 1538 4039 ,
1585 3973 1708 4028 Non
1737 3970 1852 4024 novi
1879 3985 1966 4023 vos
1995 3965 2102 4038 (Id.

526 4098 660 4152 xxv,
694 4080 784 4149 ιε)
806 4080 832 4134 ?
863 4075 1164 4134 Secundum
1191 4072 1328 4126 hanc
1351 4069 1493 4125 enim
1517 4065 1814 4130 scientiam,
1841 4077 1945 4133 qua
1969 4062 2108 4115 Deus

526 4177 720 4233 dicitur
745 4171 883 4228 scire
905 4183 1023 4238 quae
1050 4166 1123 4220 illi
1152 4164 1400 4233 placent,
1428 4157 1638 4214 nescire
1664 4170 1784 4226 qua:
1803 4151 2104 4222 displicent,

528 4283 636 4324 non
663 4264 785 4337 quia
814 4263 1023 4332 ignorat
1045 4271 1130 4323 ea,
1159 4253 1253 4309 sed
1281 4251 1404 4322 quia
1431 4264 1535 4304 non
1560 4245 1838 4317 approbat,
1865 4245 2000 4298 sicut
2022 4258 2109 4297 ars

529 4335 896 4415 rectevdicitur
920 4348 1127 4404 nescire
1165 4345 1320 4408 vitia,
1352 4355 1472 4396 cum
1514 4336 1778 4408 improbat
1801 4335 1956 4397 vitia;
2003 4350 2110 4403 pne

527 4450 774 4510 onmibus
797 4447 937 4500 Deus
967 4442 1182 4512 Moysen
1198 4436 1419 4500 sciebat,
1449 4432 1569 4504 quia
1595 4431 1703 4486 Deo
1729 4443 1839 4499 pra‘.
1867 4426 2112 4482 omnibus

530 4543 740 4611 Moyses
764 4533 1024 4606 placebat.

600 4604 779 4687 όιιιιζ
811 4626 912 4698 [11).
944 4637 1132 4687 χχχιιι,
1161 4619 1228 4674 ιιι
1252 4660 1266 4684 ,
1295 4614 1406 4688 17.]
1449 4611 1747 4668 Notandum
1769 4617 1944 4675 estne,
1971 4604 2114 4676 quod

531 4725 679 4796 prius
700 4723 814 4792 ipse
843 4719 1053 4788 Moyses
1089 4712 1296 4767 dixerat
1326 4709 1470 4774 Deo,
1516 4704 1702 4759 Dixisti
1727 4703 1883 4764 mihi,
1920 4699 2041 4755 Scio
2069 4710 2116 4751 te

533 4789 642 4872 ima
668 4789 936 4870 omnibus;
964 4802 1105 4875 quod
1135 4801 1208 4856 illi
1227 4801 1364 4854 Deus
1389 4807 1730 4868 posteaquam
1750 4793 1852 4846 hoc
1873 4792 1985 4861 ipse
2006 4789 2115 4842 Deo

531 4906 697 4970 dixit,
729 4901 921 4972 legitur
945 4895 1142 4950 dixisse
1161 4931 1176 4957 ,
1207 4898 1330 4944 ante
1358 4897 1532 4942 autem
1561 4901 1665 4938 non
1694 4883 1884 4952 legitur
1907 4899 1921 4939 :
1948 4889 2007 4934 ut
2029 4879 2114 4934 in-

534 4999 836 5069 telligamus
860 5007 965 5046 non
995 4986 1172 5043 omnia
1200 4997 1318 5038 esse
1347 4979 1540 5047 scripta
1564 4991 1684 5045 quas
1713 4989 1832 5030 cum
1858 4972 1948 5027 illo
1977 4972 2116 5026 Deus

534 5061 741 5148 loculus
767 5084 880 5141 est?
907 5081 1011 5137 Sed
1031 5075 1336 5147 diligentius
1356 5066 1731 5139 requirendum
1757 5073 1839 5120 est
1857 5064 1908 5118 in
1934 5061 2118 5132 priori-

535 5186 636 5241 bus
659 5180 950 5249 Scriptura:
977 5170 1212 5244 partibus
1233 5207 1246 5232 ,
1272 5181 1340 5220 an
1370 5179 1496 5218 vere
1523 5160 1594 5216 ita
1621 5160 1692 5214 sit
1718 5160 1762 5211 ³.

597 5296 616 5327 ι
633 5291 875 5342 Editiones
895 5291 994 5334 nat.
1010 5291 1107 5332 Arn.
1127 5285 1178 5342 et
1197 5284 1292 5342 tam,
1309 5272 1424 5342 quia
1439 5269 1536 5322 nisi
1555 5268 1742 5342 augrtit,
1765 5264 2114 5342 adseruntur.

535 5367 590 5410 οι
609 5328 1106 5417 semisses
1123 5328 1234 5417 est.

534 5392 803 5471 idcib'riéﬁi
819 5392 1137 5470 ὦῖὂιῖιίὼε
1158 5407 1285 5471 nam
1303 5392 1630 5471 gorbéi9n§‘%.
1643 5392 1937 5471 l‘liChf‘F‘E‘lb
1960 5397 2055 5471 ei“:

597 5456 878 5527 ﬁgit}?
891 5456 1128 5527 arun'otant~
1158 5463 1276 5527 edit.
1314 5467 1388 5508 Er.
1426 5456 1717 5527 Lugd._yen.
1736 5461 1817 5527 :et
1844 5459 2004 5527 αντη-ξ
2029 5459 2123 5527 n'o;

533 5517 751 5594 ωτιᾰῶῖῖ
771 5517 854 5586 es?
877 5517 1004 5597 ᾱιῖοά
1225 5523 1328 5588 ipse
1351 5517 1532 5597 μομξέ
1554 5517 2124 5597 ΕἮἜΒῩΡᾼΒΞἾΞἾ

537 5574 1006 5660 ἳὲἳέῖέείῖῖὶεῗρῖῶ
1025 5574 1284 5660 risibus“:
1298 5574 1528 5660 metu
1542 5574 2123 5660 ingerentes

537 5637 2122 5728 ἒὲἕὲἇίὶξῗιέιῖίῖιὶῖ

537 5701 994 5791 ἕᾶἶιᾶἴηᾶιῗιὶἱιῖἰα
1121 5701 1302 5778 scripta
1318 5719 1428 5773 qua:
1443 5717 1553 5759 cum
1573 5702 1657 5758 illo
1669 5701 1795 5755 Deus
1813 5701 1996 5754 locutus
2017 5707 2088 5753 est
2103 5713 2122 5753 :

1316 297 1772 372 QU/ESTIONUM
1811 296 1868 352 S.
1909 288 2272 350 AUCUSTINI
2312 289 2374 343 ΙΝ
2417 285 2968 344 llEPTATEUCllUM

3643 286 3745 343 618

2241 401 2418 458 CLIV.
2450 401 2550 474 [lb.
2577 418 2762 468 χχχιιι,
2791 399 3149 473 14-25.](ὶυιιι
3178 399 3396 454 dixisset
3437 399 3644 471 Moyses
3677 402 3746 455 ad

2175 494 2454 549 Dominum
2479 534 2494 558 ,
2526 490 2744 546 Ostende
2783 491 2906 544 mihi
2943 490 3154 561 gloriam
3183 499 3356 556 tuam;
3399 489 3672 558 reSpoudit
3698 487 3749 542 ei

2175 584 2452 650 Dominus,
2479 582 2591 653 Ego
2613 583 2835 636 transibo
2857 591 2976 635 ante
3003 591 3050 634 te
3077 580 3241 651 gloria
3267 597 3378 633 mea
3405 581 3420 611 ⁸
3452 594 3471 633 :
3497 589 3542 632 et
3567 579 3748 632 uocabo

2174 677 2374 732 nomine
2391 674 2596 729 Domini
2621 675 2674 729 in
2699 684 2963 744 conspectu
2983 683 3103 739 tuo;
3124 682 3172 727 et
3191 671 3456 726 miserebor
3478 671 3560 724 cui
3579 671 3753 724 miser-

2175 777 2256 821 tus
2296 784 2380 821 ero
2401 807 2416 830 ,
2456 776 2504 821 et
2531 767 2924 820 misericordiam
2953 763 3199 834 pra'stabo
3241 764 3322 816 cui
3359 762 3754 816 misericordiam

2176 859 2452 929 pra’stitero
2485 875 2504 913 :
2527 875 2648 913 cum
2678 859 2832 928 paulo
2851 866 2974 912 ante
3001 857 3253 922 dixisset,
3301 854 3328 908 1
3337 871 3423 925 pse
3465 855 3762 908 antecedam

2177 963 2243 1016 te,
2272 961 2319 1005 et
2339 951 2556 1022 requiem
2592 949 2676 1003 tibi
2703 948 2867 1014 dabo;
2892 947 3032 1018 quod
3055 947 3263 1018 Moyses
3288 948 3364 1000 sic
3380 945 3588 1000 videtur
3604 960 3758 999 acce-

2176 1043 2342 1114 pisse,
2373 1041 2677 1095 Antecedam
2706 1050 2774 1107 te,
2802 1050 3050 1110 tanquam
3077 1055 3182 1092 non
3209 1039 3256 1092 ei
3287 1038 3482 1108 populo
3505 1037 3594 1106 qui
3617 1052 3755 1106 pra!-

2177 1148 2302 1188 sens
2333 1133 2386 1187 in
2415 1133 2604 1188 itinere
2644 1132 2850 1186 futurus
2876 1139 3019 1185 esset
3046 1147 3060 1183 :
3089 1138 3144 1184 et
3187 1127 3306 1184 ideo
3337 1129 3449 1194 ait,
3491 1127 3554 1183 Si
3578 1145 3678 1181 non
3704 1137 3758 1180 tu

2177 1224 2287 1294 ipse
2321 1222 2473 1276 simul
2513 1224 2702 1276 ueneris
2743 1223 3020 1287 nobiscum,
3062 1237 3124 1274 ne
3161 1237 3240 1274 me
3263 1207 3622 1288 educas-hinc,
3652 1229 3758 1274 etc.

2179 1315 2322 1372 Deus
2348 1326 2526 1371 autem
2563 1331 2732 1385 neque
2757 1315 2806 1372 ei
2844 1313 2946 1368 hoc
2973 1311 3186 1382 negavit
3209 1314 3392 1367 dicens
3415 1353 3430 1376 ,
3458 1311 3522 1365 Et
3547 1313 3641 1365 Itoc
3674 1312 3761 1366 tibi

2179 1408 2381 1462 verbum
2400 1407 2534 1478 quod
2562 1407 2735 1461 dixisti
2762 1406 2965 1476 (aciem.
2993 1405 3273 1473 Quomodo
3297 1419 3424 1475 ergo
3451 1419 3570 1460 cum
3597 1405 3764 1460 dixis-

2181 1509 2266 1554 set
2292 1499 2341 1554 ei
2383 1498 2591 1570 Moyses
2613 1539 2630 1563 ,
2677 1496 2896 1552 Ostende
2931 1497 3056 1550 mihi
3089 1497 3303 1566 gloriam
3344 1507 3515 1564 tuam,
3555 1511 3762 1562 rursus,

2147 1593 2152 1598 ’
2183 1599 2432 1662 tanquam
2463 1603 2825 1660 praicessurus
2851 1597 2906 1643 ct
2948 1604 3054 1643 non
3080 1603 3202 1642 cum
3227 1588 3306 1643 eis
3344 1587 3504 1642 simul
3532 1586 3797 1652 futurus,’

2183 1685 2394 1739 videtur
2409 1685 2604 1746 dicere,
2631 1681 2742 1753 Ego
2764 1681 2982 1737 transibo
3003 1693 3120 1735 ante
3139 1691 3202 1747 te,
3233 1680 3332 1734 nisi
3357 1681 3477 1750 quia
3502 1680 3602 1734 hoc
3622 1679 3766 1733 al‘.ud

2185 1777 2304 1832 est?
2335 1776 2428 1831 Ille
2453 1775 2645 1846 quippe
2690 1773 2996 1842 intelligitur
3020 1772 3160 1842 loqui
3193 1781 3247 1827 et
3272 1771 3483 1837 dicere,
3522 1769 3768 1824 Transibo

2185 1881 2301 1924 ante
2336 1879 2410 1935 te,
2438 1867 2506 1923 de
2531 1882 2638 1938 quo
2667 1866 2792 1921 dicit
2826 1866 3167 1936 Evangelium
3194 1905 3208 1928 ,
3253 1862 3380 1918 Cum
3403 1863 3612 1916 uenisset
3642 1864 3770 1914 liora

2187 1971 2243 2016 ut
2264 1961 2497 2015 transiret
2520 1959 2672 2014 Jesus
2695 1958 2759 2012 de
2785 1958 2880 2012 Itoc
2901 1958 3091 2011 mundo
3109 1957 3176 2009 ad
3200 1955 3407 2010 Patrem
3442 1954 3618 2028 (Joan.
3646 1971 3768 2019 xm,

2190 2053 2214 2108 1
2242 2051 2263 2125 )
2301 2069 2313 2104 :
2344 2051 2434 2122 qui
2466 2051 2718 2104 transitus
2745 2049 2904 2104 etiam
2931 2046 3135 2103 Pascha
3164 2047 3498 2116 interpretari
3523 2048 3775 2116 perhibe-

2189 2154 2296 2199 tur.
2342 2142 2469 2197 llazc
2507 2142 2685 2211 itaque
2717 2155 2909 2210 magna
2941 2140 3160 2193 omnino
3196 2136 3470 2207 prophetia
3507 2147 3608 2192 est.
3653 2137 3774 2205 l;:se

2189 2237 2330 2292 enim
2363 2245 2485 2289 ante
2511 2247 2698 2288 omnes
2741 2241 2953 2286 sanctos
2995 2230 3185 2285 transit
3217 2229 3282 2284 ad
3309 2229 3519 2284 Patrem
3563 2227 3630 2282 de
3671 2227 3777 2281 hoc

2189 2327 2387 2383 saeculo
2407 2368 2420 2394 ,
2453 2341 2640 2396 parare
2679 2324 2782 2378 illis
2809 2323 3116 2378 tnansiOnes
3139 2321 3284 2392 regni
3319 2321 3577 2377 caelorum
3597 2362 3612 2385 ,
3641 2337 3777 2390 quas

2189 2420 2336 2476 dabit
2353 2419 2430 2475 eis
2450 2417 2502 2474 in
2523 2415 2912 2472 resurrectione
2937 2423 3294 2476 mortuorum;
3335 2412 3584 2482 quoniam
3608 2421 3778 2464 trans-

2193 2511 2365 2566 iturus
2393 2520 2518 2564 ante
2547 2523 2734 2564 omnes
2763 2507 3144 2578 primogenitus
3173 2519 3202 2558 a
3237 2503 3463 2559 mortuis
3492 2501 3662 2558 factus
3690 2511 3779 2558 est

2194 2603 2410 2676 (Coloss.
2435 2616 2488 2666 ι,
2521 2599 2630 2670 18).

2265 2694 2499 2750 Gratiam
2533 2707 2661 2747 vero
2701 2707 2851 2746 suam
2893 2691 2944 2744 in
2987 2705 3052 2745 eo
3089 2689 3206 2760 ipso
3248 2687 3403 2743 valde
3435 2687 3783 2744 commendat

2193 2800 2314 2840 cum
2342 2785 2488 2851 dicit,
2513 2783 2580 2838 Et
2605 2782 2786 2838 vocabo
2811 2783 3011 2836 nomine
3036 2780 3242 2834 Domini
3271 2781 3324 2832 in
3352 2789 3617 2850 conspectu
3642 2788 3732 2832 tuo
3759 2793 3780 2834 θ

2197 2886 2445 2948 tanquam
2473 2877 2524 2930 in
2546 2886 2832 2946 conspectu
2856 2874 3030 2944 populi
3051 2873 3232 2940 Israel,
3259 2871 3408 2942 cujus
3432 2871 3640 2943 Moyses
3654 2887 3784 2926 cum

2199 2967 2314 3022 ha-c
2337 2968 2546 3021 audiret
2568 2976 2746 3036 typum
2765 2965 3000 3036 gerebat.
3032 2962 3090 3017 ιιι
3115 2970 3404 3032 conspectu
3434 2962 3574 3016 enim
3603 2963 3783 3032 gentis

2198 3057 2366 3128 ipsius
2411 3056 2602 3124 ubique
2629 3055 2886 3124 dispersa:
2923 3063 3142 3109 vocatur
3175 3053 3431 3108 Dominus
3454 3051 3702 3107 Christus
3731 3052 3787 3106 in

2199 3148 2446 3204 euntibus
2474 3147 2736 3217 gentibus.
2776 3143 2976 3200 Vocabo
3002 3153 3179 3199 autem
3203 3143 3357 3208 dixit,
3379 3157 3484 3198 non
3515 3140 3784 3205 Vocabor,

2200 3241 2429 3294 aetivum
2470 3237 2692 3292 verbum
2736 3252 2832 3306 pro
2875 3236 3084 3307 passivo
3123 3247 3374 3304 ponens,
3402 3246 3598 3302 genere
3636 3230 3791 3288 locm

2203 3331 2364 3387 tionis
2411 3330 2700 3394 inusitato;
2757 3329 2810 3383 in
2855 3343 2962 3398 quo
3015 3327 3267 3382 nimirum
3317 3338 3542 3394 magnus
3591 3337 3790 3378 sensus

2205 3426 2352 3479 latet.
2381 3423 2471 3480 Sic
2489 3423 2629 3477 enim
2662 3421 2886 3476 fortasse
2911 3419 3209 3490 signiﬁcare
3232 3417 3399 3472 voluit
3419 3416 3654 3486 seipsum
3682 3415 3792 3471 hoc

2204 3517 2408 3584 facere,
2450 3515 2502 3570 id
2530 3524 2612 3571 est
2634 3515 2803 3585 gratia
2824 3528 2922 3568 sua
2946 3511 3080 3579 ﬁeri,
3108 3518 3170 3565 ut
3196 3517 3417 3566 vocetur
3446 3509 3706 3565 Dominus
3736 3511 3792 3564 in

2205 3609 2452 3664 onmibus
2479 3608 2742 3679 gentibus.

2277 3701 2432 3768 Quod
2471 3715 2600 3755 vero
2637 3697 2881 3764 addidit,
2927 3695 2996 3751 Et
3025 3696 3291 3751 miserebor
3317 3694 3399 3749 cui
3423 3693 3653 3748 misertus
3679 3708 3792 3755 ere,

2206 3804 2252 3847 et
2279 3791 2671 3847 misericordiam
2698 3789 2941 3861 praestabo
2961 3789 3044 3842 cui
3063 3787 3456 3842 misericordiam
3476 3785 3796 3856 prtestitero;

2209 3885 2281 3941 ibi
2309 3883 2464 3954 plane
2489 3881 2791 3953 expressius
2819 3879 3052 3937 ostendit
3079 3879 3408 3950 vocationem
3447 3891 3550 3947 qua
3580 3891 3678 3930 nos
3699 3890 3801 3929 vo:-

2209 3975 2348 4031 cavit
2372 3975 2427 4029 in
2467 3987 2622 4030 suum
2659 3987 2880 4043 regnum
2911 3981 2962 4027 et
3001 3970 3223 4042 gloriam
3255 3988 3268 4024 :
3297 3984 3402 4024 non
3447 3982 3544 4038 pro
3581 3966 3797 4021 meritis

2211 4065 2430 4132 nostris,
2470 4064 2564 4121 sed
2591 4079 2688 4134 pro
2713 4062 3075 4118 misericordia
3105 4078 3219 4117 sua.
3263 4060 3523 4126 Quoniam
3553 4057 3699 4113 enim
3733 4073 3796 4113 se

2211 4170 2395 4232 gentes
2418 4158 2837 4214 introducturum
2865 4155 3228 4226 pollicebatur,
3253 4152 3458 4217 dicens,
3475 4149 3673 4205 Vocabo
3704 4166 3803 4204 no-

2214 4254 2347 4307 mine
2373 4251 2582 4305 Domini
2621 4251 2675 4304 in
2712 4257 2981 4318 conspectu
3017 4259 3142 4312 tuo;
3185 4241 3577 4300 commendavit
3601 4241 3710 4296 hoc
3741 4257 3804 4296 se

2215 4341 2632 4397 misericorditer
2652 4340 2848 4405 facere,
2870 4337 3003 4392 sicut
3017 4335 3303 4406 Apostolus
3321 4334 3448 4388 dicit
3477 4350 3490 4386 :
3519 4331 3647 4387 Dico
3663 4331 3806 4385 enim

2216 4433 2468 4489 Christum
2511 4430 2794 4484 ministrum
2831 4429 2988 4499 fuisse
3027 4426 3417 4482 circumcisionis
3443 4433 3645 4494 propter
3670 4422 3809 4477 ueri-

2216 4533 2367 4578 tatem
2394 4521 2506 4585 Dei,
2539 4521 2606 4574 ad
2631 4519 3006 4589 conﬁrmandos
3034 4518 3384 4589 promissiones
3413 4524 3644 4583 patrum;
3672 4513 3810 4568 Gen-

2219 4625 2290 4669 tes
2325 4625 2493 4667 autent
2534 4627 2684 4682 super
2723 4609 3069 4664 misericordia
3110 4606 3395 4678 gloriﬁcare
3419 4603 3582 4658 Deum
3621 4603 3807 4672 (Rom.

2221 4723 2317 4772 xv,
2351 4707 2418 4772 8,
2451 4704 2530 4776 9).
2579 4705 2689 4758 lloc
2723 4717 2849 4773 ergo
2897 4701 3206 4772 praedictum
3233 4707 3349 4764 est,
3406 4695 3684 4751 Miserebor
3723 4696 3811 4751 cui

2219 4799 2450 4851 misertus
2473 4811 2556 4849 ero
2579 4837 2594 4862 ,
2636 4804 2682 4849 et
2713 4793 3102 4848 misericordiam
3140 4788 3385 4860 prastabo
3413 4788 3496 4842 cui
3520 4788 3813 4842 misericoro

2221 4891 2358 4944 diam
2400 4890 2695 4957 proastitero.
2751 4885 2952 4954 Quibus
2999 4882 3175 4938 verbis
3222 4879 3491 4952 prohibuit
3529 4878 3812 4933 hominem

2222 4981 2366 5037 velut
2403 4980 2472 5036 de
2502 4978 2829 5049 propriarum
2855 4977 3104 5029 virtutum
3135 4971 3340 5026 meritis
3363 4969 3599 5042 gloriari.
3626 4976 3684 5023 ut
3715 4969 3816 5040 qui

2220 5074 2495 5146 gloriatur,
2525 5072 2577 5125 in
2621 5069 2847 5124 Domino
2889 5067 3142 5137 glorietur
3179 5063 3246 5135 (ll
3271 5061 3390 5119 Cor.
3423 5078 3454 5116 x
3475 5102 3493 5129 ,
3524 5060 3636 5131 17).
3688 5061 3814 5115 Non

2223 5167 2365 5224 enim
2391 5166 2468 5222 ait
2484 5206 2498 5229 ,
2531 5161 2804 5218 Miserebor
2830 5161 3021 5215 talibus
3036 5158 3119 5214 vel
3148 5156 3340 5213 talibus
3356 5193 3372 5224 ,
3402 5153 3524 5224 sed,
3546 5154 3630 5208 cui
3658 5154 3820 5208 mise-

2222 5261 2384 5315 ricors
2427 5259 2606 5331 fuero;
2647 5263 2707 5309 ut
2751 5253 3018 5309 neminem
3055 5247 3474 5320 praecedentibus
3499 5245 3654 5300 bonis
3677 5258 3818 5312 ope—

2224 5349 2373 5407 ribus
2397 5348 2508 5404 suis
2550 5342 2970 5402 misericordiam
3012 5348 3168 5396 tantae
3211 5336 3504 5394 vocationis
3543 5335 3818 5390 meruisse

2226 5563 2970 5686 acasdiﬁeggzsuigqst‘t‘iramum
2994 5567 3065 5615 est
3088 5560 3140 5612 in
3161 5555 3400 5626 prioribus
3420 5557 3681 5621 scriptura
3698 5567 3823 5618 par-

2294 5664 2677 5753 ῗ.
2691 5664 2898 5754 Bazaira
2914 5700 3036 5740 mea.
3061 5687 3209 5738 AbCIt
3230 5683 3278 5735 in
3308 5696 3336 5738 a
3351 5688 3458 5732 Mss.
3484 5685 3538 5731 et
3560 5690 3588 5729 a
3611 5683 3726 5728 Lxx
