4094 6452
362 352 468 415 649

363 477 714 531 demonstret.
754 471 970 534 Etenim
996 467 1239 526 Christus
1267 481 1361 536 pro
1391 463 1567 536 impiis
1597 472 1837 517 mortuus
1861 471 1944 518 est

365 565 540 640 (Rom.
574 583 603 620 v
621 609 635 631 ,
666 566 746 636 6).

437 660 541 714 Sed
569 670 742 714 utrum
783 657 885 712 hoc
911 655 1048 712 idem
1075 661 1318 723 repetere
1345 650 1604 712 voluerit,
1635 664 1755 703 cum
1796 646 1944 723 addi-

363 753 445 807 dit
465 794 481 818 ,
511 748 912 804 Misericordiam
941 733 1186 816 praestabo
1224 742 1304 796 cui
1333 724 1723 794 misericordiam
1748 720 1944 808 prasti-

364 856 472 900 tero
495 886 510 910 ,
553 844 636 897 vel
665 842 802 896 sicut
827 840 916 894 alii
965 836 1294 908 interpretati
1337 844 1493 899 sunt,
1545 833 1628 886 cui
1665 832 1946 886 misericors

365 929 546 1009 fuero;
587 951 655 990 an
691 919 891 1003 aliquid
922 931 1150 1008 intersit,
1183 927 1383 984 nescio.
1431 923 1580 992 Quod
1609 924 1747 978 enim
1772 936 1942 992 graeca

364 1031 541 1098 lingua
565 1026 770 1082 duobus
794 1023 968 1078 verbis
995 1021 1193 1076 dictum
1219 1027 1320 1084 εει,
1349 1022 1540 1080 liis-rion,
1564 1024 1617 1069 et
1645 1023 1940 1082 οἰκτειρήσω,

364 1119 505 1189 quod
534 1133 693 1173 unum
715 1123 872 1186 atque
898 1104 1038 1168 idem
1064 1111 1271 1166 videtur
1295 1107 1616 1186 signiﬁcare,
1646 1120 1750 1158 non
1777 1103 1946 1173 potuit

364 1212 562 1266 latinus
589 1208 814 1264 diversis
837 1206 1012 1260 verbis
1033 1203 1233 1267 dicere,
1269 1209 1323 1255 et
1349 1197 1573 1274 diversis
1602 1195 1774 1251 modis
1795 1210 1944 1250 eam-

363 1302 487 1357 dem
518 1297 938 1354 misericordiam
967 1293 1230 1365 repetivit.
1257 1290 1312 1347 Si
1334 1297 1509 1344 autem
1533 1286 1816 1350 diceretur,
1849 1283 1944 1339 Mi-

363 1391 584 1448 serebo‘r
614 1389 697 1445 cui
728 1389 1004 1449 misereor,
1037 1392 1092 1440 et
1119 1381 1410 1438 miserebor
1433 1379 1520 1434 cui
1541 1379 1786 1432 misertus
1815 1389 1940 1440 ero;

363 1488 470 1564 non
491 1485 621 1540 satis
639 1463 919 1554 commode
934 1463 1037 1536 dici
1055 1479 1340 1534 videretur.
1367 1476 1434 1531 Et
1456 1484 1629 1530 tamen
1652 1472 1838 1528 fortius
1858 1471 1945 1526 ille

364 1577 478 1648 ipse
506 1577 576 1630 ibi
606 1588 794 1630 sensus
817 1581 901 1630 est
921 1613 936 1638 ,
963 1571 1101 1642 quod
1123 1579 1216 1624 aut
1243 1569 1406 1640 ipsius
1427 1565 1804 1636 misericordiae
1832 1578 1944 1618 sua:

362 1653 669 1722 ﬁrmitatem
715 1649 856 1720 Deus
896 1663 995 1717 ista
1047 1661 1362 1730 repetitione
1417 1658 1767 1712 monstravit:
1807 1655 1944 1709 sicut

361 1746 565 1825 Amen,
598 1759 800 1821 Amen;
830 1754 966 1809 sicut
989 1752 1126 1814 Fiat,
1154 1749 1304 1816 Fiat;
1331 1749 1466 1802 sicut
1487 1746 1729 1817 repetitio
1751 1743 1942 1798 somnii

363 1839 685 1913 Pharaonis,
725 1848 984 1920 pluraque
1016 1844 1226 1899 similia.
1276 1845 1378 1897 Aut
1407 1844 1458 1895 in
1499 1842 1734 1909 utrisque
1777 1853 1943 1908 popu-

363 1943 447 2008 lis,
475 1942 526 1995 id
553 1951 632 1996 est
661 1938 916 1995 Gentibus
953 1945 1007 1992 et
1056 1934 1308 1998 llebrieis,
1340 1933 1441 1986 hoc
1466 1930 1622 1984 modo
1651 1931 1788 1983 Deus
1811 1944 1944 1997 pra:-

365 2026 1068 2087 nuntiavitmisericordiam
1090 2040 1148 2078 se
1174 2038 1292 2078 esse
1320 2021 1598 2099 facturum.
1625 2018 1774 2085 Quod
1802 2019 1944 2086 Apo-

361 2123 532 2178 stolus
570 2121 638 2174 ita
673 2107 801 2173 dicit
830 2135 844 2172 :
876 2117 1018 2171 Sicut
1057 2115 1187 2169 enim
1222 2129 1308 2193 vos
1345 2110 1619 2182 aliquando
1653 2125 1753 2162 non
1778 2107 1941 2161 credi-

361 2215 509 2268 distis
544 2211 684 2279 Deo,
729 2227 862 2264 nunc
895 2217 1062 2262 autem
1099 2205 1494 2260 misericordium
1532 2201 1784 2256 consecuti
1822 2200 1940 2254 estis

361 2289 568 2358 illorum
595 2301 980 2363 incredulitate;
1010 2299 1080 2352 sic
1110 2305 1154 2351 et
1193 2281 1290 2366 ipsi
1327 2311 1461 2348 nunc
1497 2310 1596 2346 non
1623 2292 1941 2346 crediderunt

359 2395 416 2450 in
437 2403 599 2448 vestra
625 2390 967 2446 misericordia
989 2429 1004 2454 ,
1043 2397 1097 2443 ut
1133 2397 1180 2442 et
1215 2386 1310 2458 ipsi
1349 2369 1739 2439 misericordiam
1764 2399 1939 2436 consc-

359 2495 599 2555 quantur.
645 2480 897 2537 Conclusit
936 2481 1068 2555 enim
1097 2478 1232 2533 Deus
1270 2494 1439 2531 omnes
1480 2477 1532 2530 in
1570 2472 1937 2544 incredulitate,

360 2551 416 2630 ut
441 2560 661 2630 omnium
690 2575 979 2627 misereatur
1005 2551 1112 2641 (I'd.
1139 2586 1212 2635 XI,
1241 2566 1448 2637 30-59.).

457 2665 656 2722 Deinde
680 2676 800 2735 post
824 2665 956 2717 hanc
977 2676 1088 2717 suae
1109 2660 1486 2716 misericordiae
1515 2655 1939 2713 commendatio-

360 2776 486 2814 nem
513 2757 795 2828 respondet
811 2755 876 2810 ad
901 2754 1026 2809 illud
1054 2753 1192 2824 quod
1216 2753 1261 2806 ei
1281 2751 1476 2806 dictum
1506 2750 1691 2814 fuerat,
1723 2748 1940 2803 Ostende

359 2851 485 2904 mild
508 2851 722 2921 gloriam
766 2858 933 2913 tuam,
961 2847 1041 2901 vel
1070 2844 1210 2916 quod
1238 2860 1394 2914 supra
1427 2844 1686 2912 petiverat
1706 2841 1934 2913 Moyses,

357 2928 577 3006 dicens,
617 2939 834 2993 Ostende
867 2938 988 2990 mihi
1025 2937 1334 3006 temetipsum
1364 2934 1624 3004 manifeste
1659 2941 1713 2986 ut
1742 2931 1936 2986 videam

359 3045 426 3088 te.
461 3031 582 3086 Non
603 3031 806 3103 poteris,
833 3030 1022 3100 inquit,
1053 3028 1218 3082 videre
1242 3015 1421 3098 {aciem
1447 3041 1624 3079 meam.
1656 3011 1774 3078 Non
1803 3025 1937 3077 enim

356 3129 538 3183 uidebit
577 3129 726 3181 homo
766 3125 950 3198 (aciem.
987 3141 1179 3190 meam;
1220 3131 1266 3176 ct
1294 3122 1418 3175 vivet
1446 3135 1465 3174 :
1488 3119 1788 3189 ostendens
1815 3117 1938 3172 huic

357 3223 487 3275 vita:
505 3262 521 3286 ,
553 3235 671 3290 quae
695 3218 939 3290 agiturin
965 3217 1211 3271 sensibus
1248 3214 1560 3269 mortalibus
1581 3212 1937 3282 corruptibilis

355 3313 570 3379 carnis,
619 3313 782 3366 Deum
816 3296 970 3366 sicuti
1000 3320 1082 3365 est
1109 3323 1362 3378 apparere
1388 3322 1491 3360 non
1520 3320 1712 3376 posse;
1753 3303 1804 3359 id
1830 3312 1931 3370 est,

356 3405 512 3462 sicuti
538 3413 616 3460 est
638 3404 800 3458 videri
826 3420 877 3458 in
901 3403 986 3458 illa
1008 3402 1112 3456 vita
1133 3409 1328 3472 potest,
1354 3399 1444 3454 ubi
1473 3407 1532 3453 ut
1557 3399 1778 3464 vivatur,
1811 3397 1936 3454 huic

362 3499 484 3552 vitae
515 3496 846 3552 moriendum
876 3504 977 3550 est.

431 3588 559 3642 item
603 3586 916 3656 interposito
952 3580 1174 3639 articulo
1200 3581 1409 3637 dicente
1433 3581 1701 3650 Scriptura
1725 3619 1742 3645 ,
1772 3578 1835 3632 Et
1864 3579 1934 3633 ait

357 3683 611 3737 Dominus
634 3721 648 3743 ,
680 3679 922 3748 sequitur
952 3686 1008 3733 ει
1045 3676 1304 3749 loquitur,
1337 3673 1469 3728 Ecce
1496 3673 1634 3727 locus
1658 3687 1807 3740 penes
1834 3687 1930 3725 me.

355 3774 491 3840 Quis
525 3772 668 3828 enim
707 3771 854 3824 locus
897 3783 1002 3822 non
1043 3781 1202 3836 penes
1230 3765 1392 3819 Deum
1423 3771 1522 3827 est,
1557 3762 1645 3832 qui
1673 3775 1932 3836 nusquam

354 3874 439 3918 est
479 3862 714 3918 absens?
755 3858 861 3915 Sed
891 3857 1184 3914 Ecclesiam
1210 3853 1470 3926 significat
1493 3851 1718 3908 dicendo
1737 3893 1753 3918 ,
1797 3849 1935 3904 Ecce

353 3957 494 4009 locus
529 3969 676 4024 penes
715 3968 792 4006 me
815 3991 830 4016 ,
885 3960 1134 4020 tanquam
1172 3947 1428 4016 templum
1469 3960 1622 4000 suum
1656 3959 1932 3999 commen-

351 4046 509 4110 dans,
538 4044 600 4098 Et
625 4043 798 4108 stabis,
833 4041 1038 4111 inquit,
1066 4055 1217 4110 super
1239 4047 1429 4109 petram
1457 4036 1602 4107 (quia
1632 4051 1783 4106 super
1802 4036 1932 4088 lianc

353 4147 568 4208 petram,
591 4136 662 4189 ait
682 4135 953 4196 Dominus,
976 4129 1234 4197 a'diﬁcabe
1258 4129 1534 4183 Ecclesiam
1547 4144 1706 4182 meam
1719 4125 1794 4200 [Μ
1801 4126 1929 4180 αΙιΙι.

355 4244 467 4293 χιι,
497 4227 630 4299 13]),
648 4227 814 4281 statim
839 4233 892 4278 ut
917 4223 1124 4276 transiet
1148 4221 1310 4292 gloria
1334 4235 1444 4273 mea
1472 4235 1489 4272 :
1516 4218 1569 4272 id
1596 4229 1709 4283 εει,
1741 4217 1930 4274 Statim

353 4331 412 4375 ut
442 4320 663 4377 transiet
703 4317 868 4387 gloria
907 4329 1025 4370 mea
1051 4355 1066 4378 ,
1110 4312 1275 4368 stabis
1313 4327 1470 4380 supra
1517 4320 1760 4380 petram;
1806 4310 1930 4380 quia

354 4422 477 4480 post
522 4408 798 4463 transitum
824 4403 1042 4470 Christi,
1081 4397 1136 4458 id
1160 4411 1241 4458 est
1271 4410 1387 4472 post
1417 4400 1713 4471 passionem
1749 4409 1803 4456 et
1847 4416 1930 4455 re-

352 4503 735 4558 surrectionem
777 4498 972 4555 Christi
1012 4497 1156 4551 stetit
1184 4494 1408 4566 populus
1443 4492 1613 4548 ﬁdelis
1640 4507 1797 4562 supra
1834 4507 1929 4562 pe-

353 4603 511 4650 tram.
550 4591 616 4648 Et
645 4606 830 4662 ponam
867 4598 932 4653 te,
973 4587 1170 4656 inquit,
1201 4587 1255 4639 in
1288 4601 1499 4638 caverna
1524 4592 1679 4654 petra:
1709 4599 1727 4637 :
1755 4583 1928 4638 muni-

352 4701 476 4740 men
505 4682 864 4738 ﬁrmissimum
899 4678 1182 4750 signiﬁcat.
1229 4675 1332 4731 Alii
1376 4686 1551 4729 autem
1595 4673 1926 4744 interpretati

350 4783 494 4843 sunt,
526 4776 578 4828 in
603 4771 808 4844 specula
836 4772 854 4804 ί
879 4780 1033 4842 petrae
1057 4784 1073 4835 ;
1101 4767 1194 4850 sed
1223 4781 1424 4838 graecus
1449 4765 1609 4819 habet
1629 4770 1748 4825 ὀπήν
1780 4781 1793 4818 :
1826 4763 1929 4818 hoc

352 4876 530 4924 autem
556 4866 793 4922 foramen
822 4863 905 4918 vel
941 4876 1222 4917 cavernam
1263 4858 1456 4915 rectius
1494 4859 1923 4929 interpretamur.

423 4956 493 5011 Et
531 4967 694 5028 tegam
723 4971 875 5010 manu
901 4969 1010 5007 mea
1037 4967 1186 5022 super
1207 4960 1253 5003 te
1281 4952 1322 5014 ³,
1355 4950 1511 5002 donec
1551 4961 1801 5003 transeam
1833 4965 1852 5002 :
1881 4959 1929 5003 et

351 5054 584 5121 auferam
609 5064 834 5113 manum,
864 5055 912 5100 et
940 5055 1058 5098 tunc
1081 5043 1267 5097 uidebis
1296 5041 1573 5112 posteriora
1601 5057 1746 5106 mea;
1772 5040 1927 5111 facies

351 5150 522 5194 autent
547 5155 657 5192 mea
685 5154 782 5191 non
809 5135 1050 5190 videbitur
1069 5133 1173 5186 tibi.
1204 5132 1336 5187 Cum
1355 5131 1462 5201 jam
1489 5130 1726 5194 dixisset,
1758 5130 1929 5186 Stabis

349 5249 505 5302 super
535 5242 745 5302 petram,
773 5229 942 5284 statim
971 5237 1023 5280 ut
1049 5226 1252 5280 transiet
1271 5225 1433 5296 gloria
1462 5240 1592 5290 mea,
1625 5224 1710 5278 ubi
1736 5224 1928 5280 intelli-

350 5324 491 5394 gitur
519 5331 636 5392 post
671 5320 946 5375 transitura
988 5331 1141 5372 suum
1172 5315 1477 5384 promisisse
1517 5330 1677 5384 super
1721 5327 1928 5391 petram

351 5411 735 5476 stabilitatem;
775 5405 1042 5479 quomodo
1089 5403 1451 5473 accipiendum
1495 5414 1577 5460 est
1623 5405 1763 5477 quod
1816 5405 1925 5474 ait,

416 5568 433 5600 ι
453 5567 590 5625 mni,
609 5564 838 5630 spelunca
860 5570 915 5630 _At
944 5564 1052 5611 Mss.
1084 5562 1231 5610 vatio.
1259 5566 1310 5611 et
1330 5552 1488 5611 Gallic.
1509 5576 1615 5613 eum
1648 5569 1857 5629 Eugypio
1879 5570 1928 5616 in

349 5630 541 5691 duobus
562 5626 690 5688 Mss,
714 5626 923 5691 specula.

416 5693 436 5721 ⁸
458 5690 604 5749 aditi,
623 5695 678 5739 ιιι
700 5690 856 5754 tegam
887 5703 1083 5741 nussum
1102 5704 1258 5741 meam
1288 5697 1431 5748 super
1453 5691 1515 5738 te.
1547 5694 1599 5737 At
1636 5695 1761 5754 Mss,
1790 5691 1926 5754 juxta

351 5763 585 5813 meum,
606 5763 751 5798 manu
774 5763 896 5799 mea.

551 5831 776 5894 Ssucr.
815 5838 1094 5896 Ancus'r.
1134 5834 1242 5894 Ill.

1663 347 1861 402 LIBER
1901 346 2271 405 SECUNDUS.

3529 355 3635 414 650

2055 461 2252 516 Ponam
2289 473 2335 517 te
2373 464 2422 516 in
2463 479 2673 518 caverna
2700 475 2868 536 μεῖναι,
2903 477 2948 522 et
2976 477 3136 539 tegam
3169 486 3317 523 manu
3348 486 3454 523 mea
3478 487 3631 542 super

2051 562 2117 620 te,
2147 554 2302 608 donec
2327 565 2574 609 transeam
2598 572 2617 613 .'
2641 566 2687 611 et
2711 559 2937 630 auferant
2963 575 3183 625 manum,
3227 571 3274 614 et
3303 569 3420 615 tunc
3444 544 3632 617 ridebis

2051 648 2326 715 posteriora
2369 664 2476 701 mea
2511 649 2706 718 :qnasi
2747 652 2855 720 jam
2885 651 2972 705 illo
3009 652 3059 705 in
3104 661 3250 722 petra
3290 655 3580 709 constituto
3607 697 3625 718 ,

2052 744 2192 806 tegat
2215 753 2373 814 (manu
2402 752 2495 792 sua
2531 753 2690 808 super
2718 755 2858 805 eum,
2902 750 2954 795 et
2980 741 3171 798 deinde
3212 753 3474 811 transeat;
3504 761 3626 801 cum

2051 842 2170 882 esse
2213 827 2263 880 in
2293 837 2436 897 petra
2481 843 2582 883 non
2617 830 2800 899 possit,
2848 831 2948 884 nisi
2990 841 3110 901 post
3149 833 3265 902 ejus
3307 835 3628 889 transitum?

2051 915 2156 970 Sed
2204 919 2569 988 recapitulatio
2606 920 2939 989 intelligenda
2968 931 3051 976 est
3092 923 3166 977 rei
3206 925 3580 993 prcetcrmissac
3607 968 3626 993 ,

2049 1007 2188 1076 quali
2215 1008 2350 1061 solet
2371 1007 2446 1062 uti
2466 1009 2732 1078 Scriptura
2756 1012 2807 1064 in
2831 1011 3009 1066 multis
3035 999 3182 1068 locis.
3219 1013 3405 1070 Postea
3432 1015 3628 1085 quippe

2050 1097 2177 1151 dixit
2207 1097 2346 1167 quod
2376 1099 2562 1154 ordine
2591 1102 2842 1169 temporis
2869 1103 3013 1171 prius
3036 1113 3136 1158 est.
3181 1105 3278 1171 Qui
3311 1091 3442 1159 ordo
3470 1105 3538 1160 ita
3567 1121 3628 1163 se

2051 1186 2209 1242 habet
2240 1205 2252 1240 :
2285 1186 2468 1257 Tcgam
2501 1205 2652 1242 manu
2680 1206 2789 1244 mea
2825 1207 2975 1260 super
2999 1201 3064 1256 te,
3096 1179 3252 1247 donec
3281 1203 3550 1260 transeam,
3581 1208 3627 1250 et

2049 1285 2167 1331 tunc
2195 1278 2381 1334 videbis
2408 1281 2684 1362 posteriora
2709 1283 2858 1348 mea;
2885 1300 3003 1337 nam
3044 1284 3198 1355 {acies
3223 1301 3333 1340 mea
3363 1304 3461 1341 non
3492 1288 3624 1341 ride-

2049 1369 2180 1424 bitur
2209 1373 2298 1425 tibi
2319 1387 2339 1426 :
2358 1382 2403 1425 et
2421 1370 2574 1428 stabis
2592 1381 2741 1444 super
2759 1383 2950 1442 petram
2967 1375 3135 1430 statim
3161 1386 3215 1432 ut
3237 1375 3445 1433 transiet
3463 1366 3628 1450 gloria

2048 1477 2176 1525 mea,
2208 1472 2254 1516 et
2285 1466 2466 1530 ponam‘
2492 1472 2538 1517 te
2563 1465 2614 1517 in
2642 1480 2850 1519 caverna
2879 1476 3052 1536 petrae.
3103 1451 3214 1526 Iloc
3243 1469 3384 1524 enim
3429 1470 3624 1526 factum

2046 1552 2204 1606 estin
2231 1555 2308 1635 eis
2332 1571 2463 1624 quos
2492 1564 2612 1636 tunc
2639 1540 2965 1626 signiﬁcabat
2995 1574 3218 1628 persona
3245 1560 3432 1632 Moysi,
3465 1562 3517 1616 id
3539 1573 3627 1618 est

2048 1643 2322 1713 lsraelitis,
2353 1647 2443 1727 qui
2478 1647 2528 1700 in
2560 1647 2838 1703 Dominum
2863 1648 3064 1717 Jesum,
3108 1651 3242 1706 sicut
3269 1654 3431 1710 Actus
3476 1657 3622 1724 Apo-

2047 1735 2308 1817 stolorum
2344 1737 2596 1816 indicant,
2629 1749 2808 1809 postea
2837 1741 3195 1810 crediderunt,
3236 1729 3286 1798 id
3315 1754 3414 1812 est,
3446 1747 3622 1801 statim

2047 1824 2103 1878 ut
2135 1827 2340 1880 transiit
2367 1825 2480 1896 ejus
2508 1828 2691 1911 gloria.
2736 1829 2850 1884 Non
2878 1833 3220 1903 posteaquam
3268 1817 3559 1891 resurrexit
3593 1852 3624 1892 a

2047 1918 2287 2006 mortuis,
2316 1928 2366 1972 et
2393 1909 2630 1972 ascendit
2657 1920 2706 1974 in
2734 1921 2949 1987 ccelum,
2977 1924 3140 1978 misso
3166 1923 3396 1995 desuper
3418 1927 3620 1998 Spiritu

2045 2015 2248 2074 sancto,
2280 2024 2398 2062 cum
2427 2010 2618 2080 linguis
2642 2013 2876 2067 omnium
2903 2016 3136 2084 gemium
3169 2019 3403 2086 Apostoli
3434 2020 3622 2090 loque-

1991 2107 1995 2112 ‘
2044 2089 2246 2176 rentur,
2279 2101 2577 2168 compuncti
2616 2111 2737 2156 sunt
2765 2103 2927 2159 corde
2953 2105 3100 2160 multi
3127 2121 3192 2162 ex
3219 2107 3298 2162 eis
3325 2110 3413 2179 qui
3443 2089 3618 2165 cruci-

2046 2186 2270 2243 ﬁxerant
2309 2188 2576 2244 Christum
2611 2209 2622 2244 :
2655 2207 2811 2262 quem
2857 2201 2914 2247 ut
2961 2209 3064 2248 non
3109 2199 3514 2266 cognovissent,
3563 2210 3619 2256 et

2045 2268 2326 2366 Dominum
2356 2282 2373 2313 ¹
2401 2282 2581 2366 gloria:
2619 2283 3018 2365 cruciﬁxis‘sent,
3053 2273 3263 2344 crecitas
3291 2295 3356 2346 ex
3389 2302 3535 2361 parte
3563 2294 3617 2349 in

2043 2355 2205 2452 lsrael
2241 2370 2378 2426 facta
2407 2381 2488 2428 est
2521 2359 2692 2445 (Rom.
2740 2380 2818 2442 iu,
2862 2359 2980 2450 25),
3020 2378 3156 2434 sicut
3182 2366 3376 2436 dictum
3390 2355 3616 2450 'fuerat,

2047 2455 2230 2532 Tegam
2255 2479 2408 2548 manu
2433 2469 2542 2518 mea
2561 2483 2714 2548 super
2734 2477 2800 2534 te,
2823 2467 2981 2523 donec
3007 2479 3276 2525 transeam.
3303 2473 3452 2530 Unde
3473 2474 3624 2530 Psal-

2043 2567 2162 2608 mus
2189 2553 2333 2620 dicit,
2369 2545 2619 2621 Quoniam
2645 2545 2726 2612 die
2763 2575 2822 2612 ac
2849 2570 2992 2614 nocte
3017 2573 3223 2632 gravata
3266 2573 3336 2619 cst
3368 2583 3520 2636 super
3544 2584 3624 2623 me

2043 2661 2222 2730 manus
2252 2657 2349 2729 tua
2379 2663 2398 2702 :
2425 2648 2565 2729 diem
2608 2651 2899 2721 appellans,
2943 2653 3152 2723 quando
3177 2638 3419 2712 Christus
3441 2657 3620 2713 divina

2043 2731 2294 2790 miracula
2339 2736 2600 2802 faciebat;
2635 2750 2864 2806 noctem,
2911 2743 3122 2811 quando
3147 2745 3286 2799 sicut
3316 2745 3475 2801 homo
3505 2763 3621 2804 mo-

2041 2825 2291 2892 riebatur,
2322 2829 2532 2896 quando
2557 2838 2611 2884 et
2635 2830 2708 2884 illi
2756 2833 3110 2888 titubarerunt
3136 2837 3222 2906 qui
3251 2839 3299 2892 in
3327 2839 3412 2895 die
3440 2841 3619 2895 credi-

2041 2915 2247 2972 derant.
2267 2918 2376 2974 lloc
2397 2927 2476 2974 est
2496 2935 2640 2990 ergo,
2672 2921 2795 2976 Cum
2819 2925 3083 2991 transiero,
3101 2935 3216 2981 tunc
3241 2928 3427 2984 videbis
3451 2941 3618 3002 poste-

2040 3009 2177 3061 riora
2203 3025 2328 3074 mea,
2362 3009 2491 3063 Cum
2537 3011 2797 3065 transiero
2826 3013 2891 3066 de
2920 3013 3020 3068 hoc
3046 3012 3241 3070 mundo
3269 3018 3334 3071 ad
3366 3018 3616 3088 Patrem,
3664 3023 3668 3026 ’

2040 3098 2301 3166 posterius
2331 3097 2382 3153 in
2415 3115 2499 3153 me
2538 3101 2788 3156 credituri
2827 3113 2948 3156 sunt
2975 3120 3197 3174 quorum
3245 3117 3423 3179 typum
3449 3111 3612 3180 geris.

2041 3185 2190 3240 Tunc
2206 3186 2347 3241 enim
2368 3189 2666 3256 compuncti
2697 3191 2858 3244 corde
2879 3191 3124 3248 dixerunt
3151 3213 3164 3250 :
3190 3182 3323 3261 Quid
3338 3181 3619 3268 faciemus?

2041 3271 2106 3328 Et
2147 3274 2282 3344 jussi
2327 3284 2451 3330 sunt
2496 3277 2564 3331 ab
2607 3278 2875 3347 Apostolis
2920 3287 3076 3352 agere
3124 3287 3509 3353 paenitentiam,
3557 3299 3614 3346 et

2040 3364 2296 3435 baptizari
2336 3366 2387 3420 in
2436 3368 2652 3423 nomine
2694 3362 2818 3424 Iesu
2863 3359 3076 3438 Christi,
3130 3384 3185 3428 ut
3225 3365 3617 3435 dimitterentur

2041 3455 2147 3510 illis
2173 3461 2385 3524 peccata
2410 3458 2592 3513 eorum
2624 3458 2756 3525 (Act.
2787 3460 2842 3527 tt,
2875 3446 2964 3526 37,
2989 3460 3101 3532 58).
3150 3455 3298 3533 Quod
3329 3454 3380 3520 in
3410 3469 3614 3538 psalmo

2039 3545 2132 3600 illo
2160 3547 2414 3617 sequitur,
2460 3564 2580 3602 cum
2609 3544 2806 3604 dictum
2835 3562 2996 3618 εεεει,
3037 3549 3129 3607 Die
3151 3571 3210 3607 ac
3237 3567 3378 3610 nocte
3405 3572 3614 3629 gravata

2038 3636 2111 3690 est
2133 3645 2284 3708 Super
2307 3654 2385 3691 me
2413 3655 2588 3692 manus
2614 3648 2741 3704 tua;
2770 3641 2819 3694 id
2849 3653 2950 3708 est,
2984 3651 3042 3697 ut
3070 3659 3172 3698 non
3201 3660 3571 3717 cognoscerem
3589 3653 3612 3683 '

2039 3725 2114 3799 (Si
2160 3728 2300 3782 enim
2351 3730 2739 3798 cognovissent,
2791 3732 3057 3802 nunquam
3108 3735 3381 3791 Dominum
3429 3740 3612 3810 gloria:

2036 3817 2473 3894 cruciﬁxissentﬂ
2504 3817 2618 3876 Cor.
2641 3838 2702 3889 ιι,
2731 3821 2807 3894 8])
2839 3840 2853 3878 :
2883 3826 3119 3894 sequitur
3144 3822 3198 3881 et
3233 3827 3426 3899 jungit,
3470 3830 3608 3886 Con-

2035 3915 2204 3964 versus
2242 3920 2354 3963 sum
2394 3911 2446 3964 in
2476 3911 2699 3965 aerumna
2726 3929 2858 3980 mea,
2904 3913 3023 3969 dum
3051 3912 3384 3988 configeretur
3423 3906 3611 3990 spina;

2036 3997 2088 4052 id
2115 4007 2216 4065 est,
2239 4014 2356 4053 cum
2385 4013 2556 4054 essem
2580 4001 2738 4056 corde
2761 3999 3128 4072 compunctus.
3159 3998 3359 4063 Deinde
3381 3997 3604 4078 addidit,

2037 4087 2307 4143 Peccatum
2331 4095 2493 4144 meum
2520 4093 2744 4162 cognovi,
2776 4102 2824 4148 et
2848 4094 3046 4166 facinus
3082 4098 3243 4152 meum
3269 4100 3369 4155 non
3393 4107 3567 4172 operui
3592 4122 3611 4161 :

2035 4187 2377 4250 posteaquam
2405 4180 2647 4235 viderunt
2680 4194 2875 4251 quanto
2903 4181 3104 4241 scelere
3144 4181 3410 4244 Christum
3436 4181 3610 4249 cruci-

2036 4272 2264 4326 ﬁxerint.
2295 4273 2363 4327 Et
2384 4273 2505 4343 quia
2531 4276 2844 4342 receperunt
2869 4278 3146 4333 consilium
3172 4288 3228 4333 ut
3247 4293 3464 4352 agerent
3487 4288 3603 4354 ρω-

2035 4363 2330 4428 nitenttam,
2380 4372 2434 4417 et
2481 4363 2532 4417 in
2579 4363 2848 4432 Bsptismo
2893 4366 3257 4423 remissiotte'm
3304 4369 3607 4440 acciperent

2033 4461 2408 4524 peccatorum;
2441 4452 2582 4518 Dixi,
2625 4453 2811 4523 inquit,
2858 4457 3186 4524 pronuntiabo
3222 4459 3483 4516 aduersum
3526 4467 3604 4519 me

2034 4544 2269 4598 delictum
2298 4559 2459 4597 meum
2485 4542 2720 4611 Domino,
2745 4552 2792 4598 et
2822 4553 2874 4597 tu
2901 4545 3133 4600 remisisti
3160 4545 3463 4620 impietatem
3484 4571 3601 4609 cor--

2033 4633 2112 4688 dis
2135 4635 2231 4687 mei
2261 4631 2429 4704 (Psal.
2463 4647 2620 4700 xxxi,
2650 4634 2704 4700 4,
2730 4633 2806 4704 5).

2104 4723 2249 4778 Hanc
2275 4731 2448 4777 autem
2473 4722 2802 4794 prophetiam
2824 4723 2997 4794 potius
3020 4722 3202 4795 fuisse,
3225 4731 3380 4800 quam
3399 4732 3608 4790 iccutus

2035 4823 2116 4868 est
2142 4813 2396 4867 Dominus
2420 4812 2485 4866 ad
2513 4811 2724 4884 Moysen
2778 4815 2907 4869 satis
2930 4830 3016 4870 res
3042 4817 3152 4886 ipsa
3182 4819 3410 4888 indicat;
3438 4832 3607 4896 quan-

2032 4903 2316 4974 doquidem
2365 4903 2432 4958 de
2473 4912 2620 4974 petra
2665 4901 2750 4959 vel
2781 4913 3005 4962 caverna
3047 4908 3181 4978 ejus,
3213 4920 3266 4965 et
3309 4911 3374 4966 de
3418 4929 3607 4970 manus

2033 4995 2150 5063 ejus
2179 4995 2621 5064 snperp‘ositione;
2652 4994 2719 5050 de
2746 4995 2947 5052 visione
2979 5000 3325 5067 posteriorum
3355 5002 3490 5073 ejus,
3520 5008 3603 5061 ni-

2035 5084 2106 5138 hil
2131 5093 2312 5154 postea
2334 5085 2525 5140 visibili
2547 5094 2710 5156 opere
2727 5087 3064 5142 subsecutum
3091 5089 3294 5160 legitur.
3319 5093 3436 5150 Mox
3458 5099 3598 5154 enim

2034 5175 2602 5245 adjungitinterposito
2628 5177 2850 5231 articulo
2873 5176 3161 5247 Scriptura,
3215 5180 3282 5235 Et
3321 5181 3450 5238 dixit
3490 5185 3602 5240 Do-

2033 5266 2198 5320 minus
2243 5265 2311 5318 ad
2355 5264 2599 5336 Moysen;
2631 5279 2751 5320 cum
2779 5266 2891 5336 ipse
2922 5268 3171 5324 Dominus
3217 5271 3396 5342 utique
3437 5276 3597 5333 etiam

2034 5358 2119 5412 illa
2148 5371 2265 5427 qua:
2295 5371 2450 5425 supra
2479 5357 2615 5411 dicta
2645 5366 2768 5411 sunt
2790 5358 3112 5428 laquerelnr,
3144 5361 3302 5431 atque
3327 5364 3450 5420 inde
3478 5383 3606 5423 con-

2095 5449 2110 5481 ί
2137 5454 2240 5496 Am.
2263 5452 2338 5495 Er.
2365 5452 2416 5496 et
2438 5452 2724 5509 lov.,quem
2754 5445 3137 5512 sicognovissent,
3172 5463 3415 5515 nunquam
3450 5459 3610 5510 norni-

2031 5516 2273 5580 numzetc.
2299 5515 2396 5580 ttat.
2419 5515 2471 5580 et
2487 5516 2692 5580 quatuor
2715 5515 2818 5558 Mss.
2842 5543 2858 5567 ,
2875 5522 3015 5580 quem
3044 5523 3136 5559 non
3160 5519 3210 5561 ut
3230 5515 3611 5580 cognorismtet

2031 5568 2304 5680 Ξουῗιιίιὲἷιέι,
2330 5576 2422 5619 etc.
2451 5567 2534 5618 Alii
2551 5570 2678 5630 Mss,
2697 5582 2837 5632 quem
2855 5567 2906 5620 ιιι
2927 5583 3021 5620 non
3053 5567 3368 5635 cognoriss'cnt
3387 5585 3433 5630 ct
3453 5567 3610 5632 benti;

2035 5666 2337 5741 “ﬁliis.
2358 5699 2416 5764 et
2435 5697 2542 5742 Iov.
2578 5692 3098 5802 omittungarticulam
3131 5699 3406 5760 negativam
3424 5737 3440 5766 ,
3461 5703 3606 5767 quani

2035 5753 2132 5802 huc
2150 5764 2480 5802 rerocavunus
2502 5767 2564 5802 ex
2582 5760 2687 5802 Mss.
2715 5759 2765 5802 et
2852 5761 3001 5802 mone
3016 5757 3359 5802 Balisnonensi-

2071 5766 2132 5803 uc
2150 5759 2480 5804 revocavimus
2502 5767 2564 5804 ex
2582 5760 2687 5804 Mss.
2715 5759 2765 5803 et
2788 5759 3001 5803 editione
3016 5759 3359 5818 BatiSponensi.

2747 5835 3198 5919 {Vingt-une.)
