4136 6468
508 374 604 431 851

473 477 638 542 ἰειίι
667 486 791 558 quid
839 486 1087 556 deinceps
1132 487 1380 542 Dominus
1415 485 1575 551 dicat,
1618 483 1808 538 Excute
1843 482 1930 536 tibi
1957 482 2083 536 duas

507 577 704 632 tabulas
726 577 974 646 lapideas,
1004 579 1133 632 sicut
1157 586 1204 631 et
1229 577 1438 646 primas,
1465 585 1569 630 etc.

577 668 730 725 CLV.
771 667 873 741 [lb.
899 685 1090 733 xxxiv,
1124 668 1201 742 7.]
1237 667 1372 736 Quid
1401 677 1482 724 est
1510 666 1650 739 quod
1681 666 1880 722 dictum
1910 675 1992 722 est
2017 665 2085 722 de

506 759 750 824 Domino,
780 758 844 813 Et
870 776 1010 814 reum
1039 775 1138 814 non
1159 759 1476 830 puriﬁcabit;
1503 759 1624 827 nisi,
1665 773 1771 814 non
1798 773 1916 814 eum
1945 757 2084 813 dicet

507 852 842 908 innocentem
864 851 889 906 ‘i

577 943 750 999 CLVI.
783 941 882 1017 [lb.
908 957 1097 1010 xxxiv,
1143 939 1255 1015 I0.]
1295 941 1433 996 Deus
1458 942 1509 996 in
1540 949 1716 995 monte
1742 940 1874 994 duas
1900 953 2084 996 rursus

503 1034 740 1104 lapideas
761 1033 965 1088 tabulas
985 1033 1352 1102 conscriptum
1373 1031 1499 1086 dicit
1514 1031 1676 1101 Moysi
1706 1031 1842 1084 inter
1865 1039 2080 1096 caetera,

505 1124 689 1181 Coram
730 1125 864 1179 omni
895 1124 1080 1194 populo
1111 1133 1195 1177 tuo
1224 1124 1407 1196 [eiciam
1451 1123 1692 1194 gloriosa.
1725 1122 1966 1177 Nondum
1997 1121 2084 1174 di-

505 1223 696 1286 gnatur
721 1213 919 1280 dicere,
951 1213 1143 1269 Coram
1171 1213 1314 1268 omni
1344 1214 1532 1284 populo
1553 1229 1692 1267 meo.
1727 1214 1808 1266 An
1833 1212 1900 1265 ita
1928 1210 2079 1276 dixit,

507 1305 829 1375 populotuo,
861 1304 1126 1374 quomodo
1155 1304 1372 1358 cuilibet
1411 1302 1610 1358 homini
1639 1301 1873 1372 ejusdem
1906 1301 2082 1370 populi

505 1395 792 1460 diceretur,
825 1394 877 1450 id
912 1403 1010 1460 est,
1041 1396 1116 1450 Ex
1142 1411 1245 1466 quo
1271 1395 1464 1465 pepolo
1490 1409 1549 1450 es
1587 1411 1601 1448 :
1629 1392 1913 1463 quomodo,
1945 1391 2086 1446 Civi-

505 1487 599 1542 tati
630 1495 734 1541 tua:
764 1486 1008 1552 dicimus,
1041 1501 1144 1540 non
1176 1487 1258 1540 cui
1302 1485 1614 1550 dominaris,
1645 1484 1728 1539 vel
1755 1499 1910 1554 quam
1951 1497 2081 1537 (ξολ.

506 1579 743 1644 stitnisti,
783 1577 876 1634 sed
906 1579 1046 1635 unde
1085 1578 1216 1633 civis
1243 1577 1336 1632 es?
1378 1577 1465 1632 Sic
1496 1577 1637 1632 enim
1683 1583 1736 1630 et
1767 1576 1920 1646 paulo
1968 1583 2086 1644 pest

506 1671 649 1738 dicit,
696 1670 872 1726 Omnis
913 1671 1149 1743 papulas,
1193 1671 1245 1724 in
1283 1671 1459 1739 quibus
1493 1687 1542 1724 es
1575 1685 1594 1723 :
1625 1669 1730 1722 alio
1759 1668 1918 1722 modo
1958 1667 2083 1738 quid

507 1763 704 1819 dictum
730 1772 831 1828 est,
855 1763 976 1830 nisi,
1004 1763 1228 1833 populus
1249 1762 1404 1816 tuus?
1429 1761 1578 1829 Quod
1603 1772 1904 1816 autemnon
1928 1760 2080 1828 dixit,

507 1853 566 1910 In
595 1869 700 1926 quo
725 1869 804 1919 es,
829 1852 1155 1908 consuetudo
1181 1853 1457 1907 locutionis
1483 1861 1584 1906 est.

575 1945 778 2010 CLVII.
809 1944 908 2017 [11).
935 1961 1118 2011 xxxiv,
1165 1944 1279 2017 12.]
1327 1944 1460 2011 Quid
1489 1944 1732 2014 estquod
1779 1943 1972 1998 dicitur
2016 1941 2084 1997 ad

509 2036 743 2109 Moysen,
773 2036 984 2090 Attende
1005 2036 1108 2100 tibi,
1135 2037 1395 2108 nequando
1422 2046 1575 2106 ponat
1601 2037 1612 2066 '
1639 2045 1982 2089 testamentum
2006 2035 2085 2089 his

507 2131 590 2202 qui
616 2130 786 2184 sedent
813 2145 963 2200 super
991 2138 1194 2181 terram.
1240 2127 1354 2183 Non
1382 2128 1520 2181 enim
1551 2127 1708 2181 habet
1730 2143 1958 2198 gnecus,
1989 2144 2086 2181 ue-

508 2220 719 2292 quando
761 2233 964 2291 ponas;
1010 2217 1124 2282 sed,
1168 2235 1228 2272 ne
1269 2218 1470 2288 quando
1502 2231 1674 2288 ponat.
1725 2222 1803 2270 An
1839 2216 1976 2272 forte
2019 2217 2087 2273 de

508 2311 703 2384 populo
740 2311 788 2366 ei
815 2310 994 2365 dicere
1017 2309 1200 2374 voluit,
1248 2309 1397 2374 cujus
1425 2309 1537 2378 ipse
1567 2309 1753 2362 ductor
1793 2307 1934 2362 fuit?
1979 2307 2086 2364 Sed

510 2418 618 2458 non
642 2403 754 2473 ipse
778 2399 1067 2456 introduxit
1094 2400 1342 2470 populum
1376 2399 1428 2453 in
1458 2414 1574 2454 eam
1609 2410 1824 2463 terram,
1855 2400 1940 2454 ubi
1966 2415 2088 2470 pro-

512 2493 658 2549 hibet
687 2492 808 2563 poni
859 2499 1227 2546 testamentum
1277 2506 1396 2545 cum
1442 2491 1519 2546 eis
1547 2492 1634 2561 qui
1669 2491 1721 2545 in
1765 2491 1852 2546 illa
1884 2492 2090 2546 habita-

426 2614 445 2630 ρ
511 2585 658 2639 iant.
705 2583 894 2640 Mirum
939 2584 1114 2654 itaque
1155 2583 1434 2638 locutionis
1476 2597 1641 2653 genus
1683 2590 1786 2650 est,
1832 2592 1886 2638 et
1914 2583 2088 2638 adhuc

511 2675 843 2748 Inexpertum
879 2677 964 2732 vel
993 2691 1094 2730 non
1123 2676 1544 2730 animadversum
1575 2694 1586 2730 :
1619 2675 1667 2731 si
1692 2685 1865 2732 tamen
1894 2677 2091 2732 locutio
2119 2699 2127 2708 ’

514 2777 613 2834 εει,
645 2783 708 2824 ac
729 2784 833 2823 non
859 2782 1048 2824 sensus
1071 2769 1278 2838 aliquis.

583 2858 805 2914 CLVIII.
833 2858 933 2933 [lb.
971 2873 1160 2925 xxxiv,
1197 2859 1280 2923 I3,
1316 2857 1427 2931 I5.]
1448 2857 1578 2913 Cum
1611 2858 1922 2929 praeciperet
1949 2859 2091 2914 Deus

511 2948 580 3005 ad
609 2949 822 3022 Moysen
849 2950 1090 3020 loquens,
1123 2959 1180 3004 ut
1207 2949 1326 3004 data
1359 2959 1497 3004 terra
1523 2951 1573 3003 in
1606 2959 1884 3020 potestate,
1916 2954 2090 3008 omnis

513 3041 814 3097 idololatria
841 3051 1188 3107 everteretur,
1211 3058 1306 3097 nec
1332 3041 1682 3096 adorarcutur
1701 3043 1770 3098 dii
1792 3044 1970 3110 alieni,
1997 3047 2088 3112 ait,

513 3130 762 3186 Dominus
787 3131 918 3186 enim
948 3130 1104 3199 Deus,
1144 3133 1312 3186 zelaus
1341 3149 1542 3200 nomen,
1589 3133 1726 3188 Deus
1753 3134 1942 3189 zelator
1968 3146 2039 3190 est
2071 3151 2092 3192 :

515 3221 569 3278 id
597 3230 700 3291 est,
729 3222 900 3296 ipsum
924 3238 1114 3277 nomen
1144 3223 1282 3293 quod
1312 3223 1562 3278 Dominus
1589 3225 1726 3278 Deus
1755 3225 1965 3291 dicitur,
1998 3243 2090 3283 ze-

513 3315 630 3371 lans
670 3324 773 3384 est,
803 3315 924 3386 quia
953 3316 1093 3370 Deus
1128 3315 1326 3371 zclator
1363 3325 1464 3371 est.
1513 3317 1662 3384 Quod
1697 3333 1800 3372 non
1845 3318 2090 3374 humanae

512 3409 928 3481 perturbationis
971 3409 1096 3464 vitio
1138 3409 1262 3464 facit
1306 3409 1464 3475 Deus,
1506 3425 1720 3480 semper
1759 3420 1918 3482 atque
1945 3412 2087 3466 omni

514 3500 675 3557 modo
691 3500 1133 3556 incommutabilis
1147 3511 1302 3571 atque
1327 3501 1673 3570 tranquillus;
1701 3503 1793 3556 sed
1818 3503 1916 3558 hoc
1929 3501 2092 3560 verbo

515 3592 732 3657 indicat,
780 3608 883 3647 nou
915 3593 1127 3664 impune
1171 3594 1378 3663 plebem
1419 3609 1567 3647 suam
1609 3609 1704 3664 per
1732 3595 1932 3649 alienos
1960 3595 2091 3652 deos

514 3684 910 3739 fornicaturatn.
945 3685 1165 3738 Ductum
1211 3694 1292 3739 εει
1319 3685 1459 3739 enim
1491 3687 1706 3738 verbum
1741 3696 1892 3755 tropo
1918 3695 2088 3740 meta-

516 3774 683 3844 phora
704 3789 735 3828 a
757 3775 869 3829 zelo
889 3774 1136 3840 maritali,
1162 3775 1301 3843 quod
1326 3776 1621 3829 castitatem
1639 3777 1866 3830 custodit
1890 3777 2088 3831 uxoris.

518 3864 671 3934 Quod
701 3864 854 3919 nobis
883 3864 1117 3934 prodest,
1151 3881 1254 3918 non
1281 3863 1410 3920 Deo.
1441 3865 1570 3933 Quis
1597 3868 1738 3921 enim
1783 3867 1873 3921 tali
1899 3883 2092 3937 genere

517 3955 881 4010 fornicationis
906 3955 1012 4009 Deo
1031 3951 1304 4009 nocuerit?
1332 3955 1425 4012 sed
1448 3956 1547 4011 sibi
1575 3957 1875 4026 plurimum,
1897 3968 1952 4012 ut
1974 3973 2094 4028 per-

517 4057 624 4103 eat.
655 4045 808 4114 Quod
831 4046 966 4100 Deus
991 4046 1231 4116 prohibct
1252 4056 1452 4102 terrore
1471 4051 1806 4118 gravissimo,
1830 4049 2090 4105 zelantent

517 4156 577 4198 se
605 4139 877 4212 appellans
901 4157 914 4192 :
935 4139 1016 4194 cui
1047 4139 1238 4194 dicitur
1259 4141 1308 4194 iu
1342 4141 1568 4204 l’salmo,
1602 4140 1874 4195 Perdidisti
1895 4159 2091 4197 omnem

516 4235 602 4306 qui
631 4235 907 4306 fornicatur
932 4233 1019 4288 abs
1044 4242 1130 4296 te;
1160 4233 1282 4287 mihi
1304 4243 1468 4287 autem
1489 4233 1747 4288 adluerere
1773 4233 1878 4288 Deo
1907 4235 2092 4290 bonum

433 4365 438 4369 -
516 4336 587 4382 cst
617 4325 784 4399 (Psal.
814 4341 984 4391 Lxxn,
1011 4323 1101 4390 27,
1131 4323 1247 4393 28).
1281 4325 1514 4391 Denique
1543 4325 1780 4394 sequitur
1809 4342 1822 4377 :
1853 4323 1936 4379 Ne
1961 4326 2093 4396 forte

516 4434 676 4490 ponas
696 4426 1040 4472 testamentum
1066 4415 1143 4470 his
1161 4415 1246 4486 qui
1269 4418 1437 4470 sedent
1461 4432 1610 4487 super
1632 4426 1835 4485 terram,
1865 4426 1910 4471 et
1931 4418 2091 4488 [orni-

515 4519 691 4563 centur
717 4517 826 4579 post
853 4507 972 4562 deus
1000 4523 1190 4561 eorum.

587 4597 768 4654 CLIX.
799 4595 897 4671 [lb.
929 4613 1118 4665 xxxiv,
1148 4594 1263 4671 20.]
1283 4596 1434 4666 Quod
1473 4599 1565 4664 ait,
1614 4597 1734 4654 Non
1773 4599 2012 4656 videberis
2036 4602 2091 4657 in

519 4701 784 4762 conspectu
807 4707 917 4747 meo
951 4691 1154 4758 inanis;
1181 4690 1317 4746 sicut
1345 4691 1577 4746 indicant
1602 4693 1993 4748 circumstantia
2022 4694 2090 4751 de

519 4783 714 4856 quibus
762 4781 1028 4852 loquitur,
1076 4782 1131 4837 in
1184 4793 1449 4853 conspectu
1504 4800 1596 4839 suo
1623 4800 1643 4839 :
1678 4785 1812 4840 dixit
1852 4786 1992 4842 Deus
2033 4787 2088 4842 in

517 4873 860 4951 tabernaculo
895 4886 993 4928 suo
1022 4889 1036 4927 :
1065 4871 1168 4928 hoc
1205 4881 1288 4927 est
1334 4883 1534 4940 autem,
1595 4874 1715 4930 Non
1767 4877 1837 4931 ibi
1888 4879 2088 4933 videbe-

517 4969 590 5023 ris
632 4967 820 5032 iuanis,
875 4980 1143 5036 nunquam
1185 4966 1405 5020 tutrabis
1452 4968 1568 5023 sine
1613 4968 1792 5039 aliquo
1846 4986 2086 5026 munere.

519 5057 673 5128 Quod
698 5057 1045 5129 spiritualitcr
1065 5056 1408 5126 intellectum,
1429 5073 1674 5127 magnum
1700 5069 2085 5116 sacramentum

515 5159 618 5206 est.
661 5147 856 5205 Verum
883 5147 999 5203 hinc
1046 5146 1358 5204 dicebantur
1409 5148 1477 5206 de
1518 5151 1718 5207 umbris
1746 5144 2093 5224 significatio;

515 5258 664 5299 num.
1118 5236 1123 5240 ’

586 5332 742 5391 CLX.
771 5331 872 5409 [lb.
900 5349 1082 5402 xxxiv,
1105 5333 1168 5389 2|
1184 5331 1224 5407 .]
1245 5333 1374 5390 Cum
1397 5334 1463 5390 de
1483 5335 1702 5390 sabbato
1729 5337 2083 5407 przecepisset,

514 5427 642 5499 quid
685 5435 768 5482 est
797 5425 937 5496 quod
961 5424 1199 5494 adduxit,
1232 5426 1442 5483 Satione
1473 5437 1520 5481 et
1546 5430 1739 5482 ’mcsse
1766 5429 2038 5498 requiesces
2063 5431 2090 5485 .’

574 5540 592 5572 ⁸
615 5538 754 5600 mliti,
777 5551 940 5600 ponas.
962 5543 1070 5591 Uss.
1095 5553 1292 5600 omnes,
1316 5550 1457 5600 ponat
1485 5555 1502 5591 :
1525 5543 1595 5593 uti
1625 5543 1771 5593 etiam
1802 5541 1984 5592 habent
2013 5556 2090 5594 oo-

508 5599 644 5672 dices
661 5599 883 5672 plerique
905 5602 1130 5672 tument.
1149 5601 1232 5672 lib.
1316 5599 1412 5672 loc.
1437 5604 1542 5654 I53.
1560 5613 1702 5672 ferro
1717 5607 1766 5654 in
1782 5616 1943 5668 graeco
1957 5611 2087 5668 Lxx,

510 5659 722 5736 libr-[abi
744 5659 864 5736 ςζιξε,
888 5663 968 5736 alii
992 5670 1122 5736 teste
1144 5659 1325 5736 Nobilio
1343 5666 1521 5736 ferunt,
1548 5665 1643 5717 the.

570 5723 592 5753 '
614 5727 665 5774 In
699 5724 876 5791 editis,
902 5735 972 5779 De
1211 5730 1358 5780 Abest
1375 5728 1436 5780 de
1457 5741 1486 5780 a
1510 5723 1698 5781 nostris
1729 5737 1852 5790 Μεεο,
1883 5741 2087 5791 quorum

506 5793 634 5834 unus
655 5793 738 5837 aut
755 5785 880 5838 alter
897 5803 984 5852 pro
1006 5789 1288 5853 requiesces,
1309 5792 1456 5843 habet
1473 5791 1676 5856 requies,
1700 5785 1850 5842 sicuti
1865 5785 1990 5840 LXX.

1208 369 1662 443 ρωεετιοΝωι
1703 370 1758 426 S.
1799 364 2160 425 AUGUSTINI
2201 367 2264 422 IN
2305 367 2856 432 IIEPTA'I'EUCIIUII

3663 384 3766 443 052

2191 481 2408 538 Videtur
2433 485 2572 540 enim
2598 486 2796 552 dicere,
2827 488 3089 560 Tempore
3116 492 3340 549 sationis
3361 504 3416 550 et
3439 497 3650 552 messis.
3678 502 3758 555 An

2190 575 2322 629 forte
2349 574 2424 629 ita
2466 577 2846 633 observandam
2877 582 3112 651 requiem
3156 584 3357 639 sabbati
3396 589 3665 659 prxccpit,
3705 600 3762 647 ut

2189 679 2287 720 nec
2311 664 2395 721 illa
2423 675 2659 738 tempora
2685 668 2912 726 habeant
2936 675 3349 741 excusationem,
3376 693 3497 748 quae
3516 681 3760 750 agricolis

2191 755 2339 812 valde
2379 768 2504 812 sunt
2545 763 2842 816 necessaria
2890 773 3106 834 pr0pter
3150 768 3342 822 vietum
3371 779 3527 841 atque
3556 773 3760 831 vitam?

2187 845 2400 902 Iussum
2429 857 2511 904 est
2537 865 2664 921 ergo
2692 860 2749 905 ut
2773 851 2931 908 etiam
2962 863 3199 922 tempore
3223 859 3446 915 sationis
3469 870 3525 916 et
3549 865 3756 932 messis,

2188 939 2399 1009 quando
2437 941 2658 996 multum
2689 953 2841 1014 urget
2879 946 3137 1015 Operatio,
3167 951 3528 1020 requiescatur
3556 955 3609 1008 in
3634 956 3756 1010 sab-

2189 1031 2314 1110 b'ato
2341 1047 2355 1086 :
2387 1047 2450 1090 ac
2476 1034 2552 1089 sic
2583 1050 2676 1103 per
2723 1036 2835 1090 lucc
2865 1046 3123 1108 tempora,
3168 1057 3287 1112 qua:
3315 1058 3446 1114 opus
3476 1045 3756 1115 plurimum

2189 1121 2439 1192 flagitant,
2469 1123 2816 1195 signiﬁcatum
2843 1138 2942 1196 est,
2971 1131 3113 1185 omni
3156 1138 3394 1203 tempore
3420 1136 3640 1192 sabbato
3665 1138 3757 1193 de-

2190 1212 2316 1268 bere
2347 1215 2562 1269 cessari.

2258 1303 2437 1358 CLXI.
2470 1303 2570 1377 [lb.
2601 1322 2783 1373 xxxiv,
2815 1307 2930 1382 24.]
2951 1309 3099 1376 Quod
3129 1311 3275 1380 dicit,
3309 1312 3428 1370 Non
3449 1320 3763 1387 concupiscet

2189 1393 2449 1464 quisquam
2469 1396 2531 1450 de
2551 1406 2683 1451 terra
2708 1409 2814 1462 tua,
2843 1416 2956 1453 cum
2981 1403 3216 1457 ascendes
3242 1405 3396 1459 videri
3421 1407 3470 1460 in
3496 1421 3762 1478 conspectu

2191 1485 2288 1541 Dei
2323 1489 2416 1555 tui,
2459 1490 2556 1542 tria
2583 1499 2807 1560 tempora
2833 1494 2953 1546 anni
2979 1495 3018 1560 ⁸,
3052 1494 3150 1549 hoc
3189 1497 3299 1551 vult
3328 1497 3568 1570 intelligi,
3599 1512 3655 1556 ut
3679 1519 3762 1558 se-

2190 1593 2347 1634 curus
2373 1581 2594 1651 quisque
2622 1585 2950 1651 ascenderet,
2983 1600 3079 1640 nec
3107 1587 3175 1642 de
3201 1597 3344 1644 terra
3375 1606 3469 1645 sua
3506 1593 3762 1652 sollicitus

2189 1679 2349 1737 esset,
2397 1673 2504 1727 Deo
2546 1676 2886 1743 promittente
2914 1678 3226 1746 custodiam,
3271 1682 3412 1752 quod
3455 1700 3613 1740 nemo
3641 1688 3763 1744 inde

2190 1762 2385 1833 aliquid
2412 1765 2828 1834 concUpiscerct,
2871 1779 3087 1838 pr0pter
3113 1769 3258 1825 illum
3283 1773 3371 1842 qui
3408 1776 3666 1845 ascendit,
3698 1782 3766 1834 ne

2191 1866 2341 1906 suam
2372 1853 2495 1909 inde
2541 1856 2750 1910 timeret
2788 1857 3102 1912 absentiam.
3156 1861 3220 1915 Et
3262 1861 3348 1917 hic
3377 1866 3505 1918 satis
3533 1868 3764 1923 ostendit

2191 1944 2315 2014 quid
2342 1959 2500 2015 Supra
2524 1945 2734 2012 dixerit,
2762 1946 2881 2002 Non
2907 1950 3170 2020 apparebis
3188 1951 3239 2004 in
3265 1966 3528 2023 conspectu
3553 1953 3764 2012 Domini

2192 2035 2289 2088 Dei
2309 2036 2381 2089 tui
2404 2037 2589 2102 inanis,
2615 2039 2734 2108 quia
2764 2038 2813 2092 in
2843 2039 2932 2094 illo
2959 2040 3073 2095 loco
3097 2041 3227 2096 dixit
3251 2043 3336 2098 ubi
3364 2045 3761 2103 tabernaculum

2192 2129 2273 2184 vel
2305 2127 2556 2197 templum
2586 2129 2725 2184 Deus
2755 2129 2922 2184 fuerat
2950 2131 3242 2187 habiturus.

2263 2215 2462 2272 CLXII.
2494 2216 2594 2291 [lb.
2637 2234 2822 2285 xxxiv,
2867 2218 2983 2294 25.]
3019 2221 3156 2287 Quid
3200 2231 3280 2277 cst
3316 2223 3456 2294 quod
3500 2225 3593 2293 ait,
3642 2225 3765 2282 Nan

2193 2310 2384 2364 occides
2410 2327 2561 2381 super
2586 2310 2884 2380 fermentum
2906 2313 3198 2383 sanguinem
3227 2315 3598 2371 immolatarum
3625 2335 3763 2374 meo-

2193 2403 2347 2457 rum?
2377 2404 2457 2457 An
2502 2404 2593 2457 illa
2638 2405 2738 2460 hoc
2766 2405 2883 2460 loco
2908 2405 3036 2460 dicit
3075 2407 3346 2462 immolata
3375 2425 3490 2476 sua,
3523 2427 3640 2482 (ιυτο
3671 2417 3767 2482 per

2194 2494 2396 2550 Pascha
2427 2495 2758 2560 occiduntur,
2803 2505 2858 2552 et
2895 2498 3132 2568 prareipit
3162 2516 3228 2555 nc
3256 2509 3380 2556 tunc
3422 2503 3489 2556 sit
3526 2504 3577 2559 in
3606 2505 3797 2560 domo-

2195 2585 2533 2651 I'ermentum,
2569 2590 2816 2658 quoniam
2841 2589 2960 2645 dies
2987 2601 3110 2646 sunt
3137 2595 3487 2664 azymorum?

2265 2677 2489 2733 CLXIII.
2523 2677 2620 2752 [lb.
2654 2695 2844 2744 xxxxv,
2871 2678 2986 2754 25.]
3006 2679 3140 2750 Quid
3172 2692 3253 2738 est
3278 2685 3415 2753 quod
3447 2686 3538 2753 ait,
3572 2685 3638 2741 Et
3666 2702 3769 2743 non

2196 2770 2405 2824 dormiet
2416 2772 2466 2824 in
2483 2788 2628 2824 niane
2641 2771 2914 2825 immutatio
2925 2773 3250 2828 solemuitatis
3259 2773 3502 2840 Pascite;
3515 2778 3613 2832 uisi
3627 2777 3770 2847 quod

2196 2865 2440 2934 superius
2487 2873 2666 2934 aperte
2700 2865 2967 2934 przecepit,
2999 2881 3066 2920 ne
3089 2867 3282 2938 aliquid
3311 2883 3376 2922 cx
3402 2884 3592 2939 pecore
3628 2869 3769 2942 quod

2198 2953 2519 3020 immolatur,
2541 2955 2776 3009 earnium
2805 2955 3130 3026 relinquatur
3157 2959 3208 3012 iu
3225 2959 3416 3014 mane?
3439 2960 3545 3015 Sed
3574 2962 3770 3018 locutio

2198 3047 2318 3102 Iecit
2345 3047 2716 3101 obscuritatem
2750 3064 2763 3099 :
2795 3045 3014 3102 Dormiet
3038 3049 3178 3102 enim
3204 3048 3356 3116 dixit,
3395 3065 3492 3120 pro
3517 3051 3766 3109 Manebit.

2267 3135 2491 3191 CLXIV.
2521 3135 2618 3209 [lb.
2649 3153 2828 3203 xxxiv,
2857 3136 2972 3210 9.6.]
2998 3136 3115 3193 Non
3155 3155 3332 3210 coques
3355 3159 3540 3212 agnum
3569 3145 3618 3196 in
3645 3143 3772 3198 lacte

2197 3229 2371 3282 matris
2398 3244 2526 3282 suae.
2570 3228 2705 3284 Ecce
2749 3228 2880 3284 dixit
2924 3239 3111 3284 iterum
3142 3231 3281 3302 quod
3323 3234 3770 3303 quemadmodum

2199 3320 2416 3391 intelligi
2464 3321 2629 3390 possit
2657 3322 2860 3390 ignoro.
2902 3320 3084 3390 Magna
3116 3332 3287 3377 tamen
3338 3324 3514 3378 estde
3555 3325 3772 3380 Christo

2199 3411 2494 3482 prophetia,
2540 3412 2696 3466 etiam
2741 3411 2785 3466 si
2815 3411 2926 3465 Iieri
2965 3412 3029 3466 ad
3059 3413 3289 3468 litteram
3321 3415 3525 3484 possit;
3569 3426 3768 3484 quanto

2198 3502 2364 3572 magis
2405 3501 2448 3555 si
2489 3516 2593 3554 non
2635 3500 2843 3570 pozcst?
2885 3500 2938 3555 In
2983 3503 3316 3557 sermonibus
3356 3505 3496 3558 enim
3545 3506 3634 3561 Dei
3665 3521 3770 3561 non

2199 3602 2320 3647 sunt
2347 3591 2410 3646 ad
2441 3591 2810 3661 proprietatem
2841 3607 3060 3661 operum
3093 3593 3268 3646 omnia
3294 3595 3610 3659 revocanda,
3634 3597 3770 3653 sicut

2199 3697 2297 3738 nec
2327 3681 2451 3736 illud
2481 3681 2549 3735 de
2579 3693 2747 3751 petra,
2778 3690 2832 3736 et
2871 3696 3096 3736 caverna
3122 3682 3257 3751 ejus,
3289 3692 3341 3737 et
3365 3699 3553 3740 manus
3578 3699 3772 3754 supcr-

2200 3773 2458 3844 positione
2489 3771 2680 3845 (Exod.
2713 3787 2907 3838 xxxtn,
2934 3769 3050 3844 22).
3090 3772 3193 3827 Sed
3239 3773 3392 3842 plane
3417 3774 3484 3829 de
3514 3774 3615 3829 fide
3645 3790 3768 3830 uar-

2199 3864 2388 3918 ratoris
2431 3863 2530 3918 hoc
2556 3863 2867 3932 exigendum
2896 3870 2998 3929 est,
3044 3871 3102 3917 ut
3129 3879 3247 3934 quae
3285 3864 3413 3919 dicit
3441 3864 3576 3920 facta
3603 3881 3723 3922 esse
3747 3899 3766 3928 ο

2197 3969 2323 4009 vere
2349 3953 2482 4007 facta
2524 3953 2650 4018 sint,
2684 3962 2736 4007 et
2776 3968 2894 4024 qum
2921 3952 3048 4007 dicit
3090 3953 3230 4008 dicta
3275 3969 3416 4020 e~sc,
3461 3971 3587 4011 vere
3627 3957 3772 4013 dicta

2198 4046 2323 4101 sint.
2357 4046 2506 4114 Quod
2537 4046 2762 4115 exigitur
2805 4047 2963 4100 etiatn
2993 4062 3024 4100 a
3063 4048 3424 4102 narratoribus
3453 4048 3723 4119 Evangelii
3752 4067 3769 4110 :

2197 4153 2315 4192 cum
2352 4139 2490 4192 enim
2519 4137 2784 4192 Christum
2817 4146 3030 4192 narrent
3071 4137 3310 4207 quaedam
3341 4138 3538 4193 dixisse
3569 4153 3688 4208 qua:
3718 4139 3773 4196 in

2199 4230 2469 4300 parabolis
2494 4229 2626 4284 dixit
2650 4246 2665 4296 ;
2695 4239 2868 4284 tamen
2889 4229 3002 4285 lucc
3019 4244 3141 4284 eum
3157 4229 3356 4285 dixisse
3373 4247 3477 4285 non
3500 4229 3770 4301 parabole,

2197 4324 2289 4378 sed
2318 4323 2564 4378 historica
2595 4325 2824 4378 narratio
2849 4331 2952 4378 est.

2267 4413 2467 4469 CLXV.
2487 4413 2585 4486 [11).
2601 4430 2786 4480 xxxiv,
2806 4413 2922 4486 28.]
2939 4413 3006 4468 Et
3025 4423 3130 4468 erat
3144 4413 3212 4468 ibi
3230 4413 3426 4484 Moyses
3439 4414 3490 4467 in
3507 4417 3775 4483 conspectu

2197 4505 2403 4560 Domini
2429 4504 2763 4579 quadraginta
2779 4505 2950 4559 diebus
2977 4515 3022 4560 ct
3033 4504 3365 4577 quadraginta
3390 4505 3615 4560 noctibus
3638 4523 3652 4572 ;
3681 4522 3774 4576 pa-

2197 4615 2309 4652 nem
2345 4615 2444 4652 non
2465 4590 2798 4658 manducauit,
2822 4606 2868 4650 et
2886 4613 3068 4668 aquam
3090 4613 3190 4650 non
3208 4597 3344 4651 bibit.
3387 4596 3540 4664 Quod
3568 4607 3623 4652 et
3645 4606 3772 4652 ante

2195 4688 2420 4755 dixerat,
2438 4687 2647 4758 quando
2675 4686 2882 4740 tabulas
2899 4685 3120 4755 accepit,
3143 4701 3276 4756 quas
3293 4687 3465 4756 fregit,
3483 4687 3582 4741 hoc
3605 4687 3768 4742 etiam

2196 4779 2353 4834 modo
2371 4781 2562 4848 repetit
2584 4797 2598 4846 ;
2624 4793 2726 4833 non
2755 4777 3151 4846 recapitulando
3167 4775 3307 4846 quod
3333 4775 3528 4831 factum
3553 4786 3656 4842 est,
3673 4775 3770 4830 sed

2196 4871 2384 4927 iterum
2408 4871 2602 4926 factum
2629 4885 2746 4926 esse
2757 4869 3155 4926 commendans.
3180 4869 3444 4938 Repetitio
3464 4869 3656 4939 quippe
3670 4868 3697 4921 I
3711 4883 3776 4922 e-

2193 4966 2274 5036 gis
2295 4966 2402 5036 jam
2430 4964 2550 5034 quid
2568 4965 2824 5034 signiticet
2839 4962 3085 5017 diximus.
3100 4961 3249 5028 Quod
3267 4970 3442 5016 autem
3461 4963 3553 5027 ait,
3576 4959 3771 5014 Panem

2193 5073 2292 5111 non
2310 5056 2645 5124 manducavit,
2660 5063 2708 5109 et
2722 5070 2904 5120 aquam
2921 5070 3019 5108 non
3037 5053 3768 5123 bibit,iutelligiturjejuuavit,

2193 5161 2222 5200 a
2241 5157 2388 5218 parte
2403 5154 2601 5210 totum;
2633 5144 2682 5198 id
2709 5153 2809 5208 est,
2839 5145 3051 5198 nomine
3066 5144 3218 5215 panis
3248 5158 3459 5198 omnem
3487 5143 3684 5207 cibum,
3715 5150 3770 5196 et

2194 5239 2409 5293 nomine
2435 5252 2584 5306 aquae
2609 5251 2818 5290 omnem
2851 5245 3030 5305 potum
3056 5235 3383 5304 significante
3402 5234 3693 5304 Scriptura.

2265 5328 2484 5385 CLXVI.
2521 5327 2540 5401 [
2570 5327 2646 5382 11).
2673 5344 2868 5394 xxxiv,
2889 5329 2980 5390 28,
3002 5327 3159 5395 27,1.
3187 5326 3206 5400 ]
3237 5326 3305 5381 Et
3324 5329 3524 5398 scripsit
3543 5327 3595 5381 in
3625 5326 3768 5379 tabu-

2195 5422 2256 5476 lis
2277 5422 2421 5475 uerba
2450 5423 2470 5452 ¹
2499 5420 2821 5484 Testamenti,
2845 5420 3016 5474 decem
3061 5419 3226 5473 verba.
3257 5420 3329 5474 De
3356 5419 3536 5490 Moyse
3564 5418 3760 5474 dictum

2193 5523 2276 5570 est
2293 5512 2434 5585 quod
2460 5515 2574 5583 ipse
2593 5512 2884 5581 scripserit,
2905 5511 2991 5566 cui
3018 5512 3176 5567 etiam
3194 5511 3332 5566 Deus
3357 5511 3514 5580 paulo
3537 5518 3662 5564 ante
3680 5508 3764 5563 di-
3788 5582 3790 5586 τ

2257 5665 2272 5698 ί
2298 5665 2371 5716 sic
2391 5672 2494 5727 Mss.
2522 5669 2574 5715 et
2588 5676 2735 5727 grzec.
2759 5668 2887 5727 Lxx.
2914 5669 2967 5713 Αι
2984 5661 3119 5727 editi,
3143 5673 3229 5727 per
3251 5658 3584 5727 tria_tempora
3605 5658 3736 5708 anni.
3754 5718 3766 5727 _
3830 5647 3836 5653 ’

2192 5728 2348 5839 ιιιιι)
2371 5726 2514 5777 editis
2544 5718 2777 5778 omittitur
2809 5725 2901 5787 hic,
2923 5723 3084 5774 verba.
3105 5718 3329 5774 Vtiabetur
3353 5723 3402 5771 in
3575 5729 3626 5772 et
3641 5718 3766 5782 apud
