4136 6460
386 381 493 442 653

385 505 555 561 xerat,
583 492 757 551 Scribe
782 494 871 549 tibi
892 494 1037 549 verba
1064 494 1187 547 lucc.
1211 492 1342 549 Cum
1366 508 1493 549 vero
1512 493 1740 565 primum
1762 492 1960 565 Legem

383 588 608 659 accepit,
636 588 786 658 cujus
815 586 1015 642 tabulas
1036 586 1228 655 abjecit
1252 596 1306 640 et
1334 584 1506 655 fregit,
1540 599 1639 639 nec
1677 584 1790 653 ipse
1815 583 1960 639 exci-

380 681 527 737 disse
555 680 728 735 dictus
758 688 841 735 est
862 678 1065 733 tabulas
1096 676 1349 747 lapideas,
1372 686 1424 732 et
1452 670 1611 731 modo
1634 674 1831 729 dictum
1858 681 1955 737 est,

380 772 575 827 Excide
598 773 685 827 tibi
714 772 841 826 duas
870 771 1066 825 tabulas
1092 770 1357 836 lapideas;
1389 783 1486 823 nec
1512 768 1558 822 ei
1577 766 1772 822 dictum
1795 772 1878 819 est
1902 773 1959 818 ut

380 862 658 928 scriberet,
681 862 818 916 sicut
838 861 887 916 ei
915 859 1073 916 modo
1092 859 1281 913 dicitur
1305 876 1319 925 ;
1352 874 1449 913 nec
1469 872 1559 913 eas
1585 857 1698 928 ipse
1722 855 1957 925 scripsis-

379 969 441 1010 se
464 963 728 1020 narratur,
752 954 887 1009 sicut
902 952 1061 1007 modo
1082 959 1262 1005 narrat
1279 948 1568 1021 Scriptura,
1588 958 1640 1003 et
1656 948 1799 1013 dicit,
1818 947 1959 1002 Scri-

379 1045 479 1114 psit
506 1049 560 1097 in
586 1042 768 1098 tabulis
794 1043 939 1097 verba
963 1039 1287 1107 Tcstamenti,
1308 1041 1473 1095 decem
1500 1040 1645 1095 verba
1675 1054 1694 1092 .'
1719 1037 1811 1093 sed
1835 1047 1959 1091 tunc

377 1134 578 1188 dictum
607 1143 709 1200 est,
732 1132 794 1186 Et
824 1132 959 1186 dedit
985 1131 1171 1202 Moysi,
1203 1132 1374 1185 statim
1415 1140 1469 1183 ut
1498 1131 1705 1183 cessarit
1730 1129 1864 1200 loqui
1892 1127 1958 1180 ad

376 1238 492 1277 cum
516 1223 568 1277 in
593 1233 760 1277 monte
782 1223 930 1289 Sina,
963 1222 1089 1275 duas
1117 1222 1311 1275 tabulas
1351 1220 1638 1284 testimonii,
1667 1220 1862 1273 tabulas
1883 1220 1960 1274 lai-

379 1313 553 1383 pideas
580 1314 795 1383 scriptas
843 1313 1000 1385 digito
1050 1312 1143 1366 Dei
1170 1313 1188 1385 (
1211 1311 1380 1366 Exod.
1414 1328 1555 1377 xxxt,
1590 1311 1655 1366 18
1677 1308 1732 1383 );
1765 1310 1958 1365 deinde

376 1406 536 1477 paulo
566 1416 702 1476 post,
734 1404 800 1459 Et
822 1421 1106 1469 conversus,
1142 1406 1329 1475 inquit,
1373 1403 1575 1474 Moyses
1619 1404 1870 1459 descendit
1897 1404 1959 1457 de

374 1508 564 1564 monte,
596 1508 640 1551 et
668 1498 780 1552 duce
805 1498 987 1551 tabula
1012 1498 1277 1552 testimonii
1296 1498 1349 1551 in
1371 1498 1598 1551 manibus
1616 1498 1747 1563 eius,
1774 1497 1957 1551 tabula:

375 1590 592 1660 lapidea:
614 1591 816 1660 scripta:
836 1606 897 1643 ea:
925 1600 1134 1661 utraque
1157 1598 1299 1657 parte
1316 1605 1509 1651 earum,
1537 1590 1651 1642 hinc
1671 1598 1818 1659 atque
1840 1588 1957 1643 hinc

374 1680 760 1749 erantscriptaz,
810 1688 860 1732 et
888 1679 1072 1733 tabula:
1113 1695 1238 1749 opus
1274 1676 1369 1731 Dei
1395 1688 1555 1747 erant,
1610 1689 1655 1733 et
1706 1679 1957 1748 scriptura

370 1772 624 1840 scripmra
652 1771 745 1824 Dei
771 1772 1020 1837 insculpta
1042 1773 1092 1825 in
1138 1772 1321 1825 tabulis
1351 1770 1369 1843 (
1397 1769 1483 1824 Id.
1511 1788 1676 1835 xxxu,
1702 1771 1789 1838 15,
1820 1770 1883 1826 16
1910 1771 1951 1842 ).

373 1861 606 1917 Proinde
637 1877 821 1932 magna
847 1863 1011 1915 oritur
1035 1861 1277 1931 qumstio,
1304 1861 1569 1931 quomodo
1612 1862 1715 1915 illm
1742 1862 1952 1924 tabulae.

370 1968 505 2022 quas
534 1964 647 2007 erat
664 1953 870 2025 Moyses
894 1954 999 2007 Deo
1017 1954 1194 2023 utique
1217 1954 1526 2022 pret-sciente
1542 1952 1823 2019 fracturus,
1848 1970 1953 2009 non

372 2040 609 2096 hominis
634 2057 767 2110 opus
804 2057 924 2098 csse
950 2042 1211 2105 dicantur,
1246 2042 1338 2097 sed
1366 2042 1491 2108 Dei;
1517 2058 1613 2097 nec
1641 2043 1709 2098 ab
1739 2044 1952 2100 nomine

369 2132 604 2201 scripta),
630 2133 722 2189 sed
767 2133 977 2202 scriptae
1004 2133 1166 2203 digito
1193 2133 1282 2187 Dei
1314 2150 1326 2186 :
1363 2134 1682 2202 posteriores
1722 2150 1849 2191 vero
1873 2144 1954 2189 ta-

368 2222 509 2277 bulae
537 2222 736 2277 tamdiu
765 2239 1051 2290 mansurae,
1102 2239 1165 2277 ac
1196 2223 1245 2277 in
1275 2224 1612 2279 tabernaculo
1646 2240 1709 2279 ac
1759 2226 1955 2295 templo

372 2312 468 2368 Dei
518 2311 734 2381 futurm,
776 2314 994 2384 jubente
1022 2314 1231 2384 quidem
1266 2314 1393 2381 Deo,
1439 2323 1614 2369 tamen
1643 2316 1708 2370 ab
1740 2315 1955 2372 homine

369 2406 563 2459 excisa:
587 2405 713 2470 sint,
734 2404 799 2459 ab
831 2404 1042 2458 homine
1062 2405 1293 2473 scriptae.
1319 2408 1398 2458 An
1432 2403 1568 2458 forte
1597 2406 1651 2458 in
1676 2405 1777 2459 illis
1805 2405 1952 2476 prio-

372 2496 517 2549 ribus
537 2496 706 2566 gratia
727 2496 814 2551 Dei
844 2496 1262 2566 signiﬁcabatur,
1295 2512 1398 2549 non
1421 2496 1648 2550 hominis
1674 2512 1827 2567 opus,
1849 2512 1953 2566 qua

370 2589 540 2657 gratia
569 2587 772 2659 indigni
813 2587 933 2642 facti
966 2596 1089 2642 sunt
1146 2596 1473 2642 revertentes
1515 2587 1677 2643 corde
1703 2588 1755 2641 in
1786 2586 1955 2659 Egy-

370 2689 540 2748 ptum,
559 2689 615 2733 et
642 2680 893 2733 iacientes
929 2677 1154 2743 idolum;
1183 2678 1321 2732 unde
1353 2678 1441 2731 illo
1478 2678 1734 2733 beneﬁcio
1766 2679 1943 2747 priva-

371 2769 410 2822 ti
434 2778 579 2836 sunt,
608 2778 663 2824 et
694 2779 970 2839 preptcrea
1000 2769 1206 2840 Moyses
1229 2769 1432 2823 tabulas
1460 2766 1651 2838 fregit:
1684 2769 1796 2823 istis
1827 2784 1953 2823 vero

371 2861 565 2915 tabulis
589 2860 973 2931 posterioribus
997 2860 1274 2930 signiﬁcati
1306 2868 1429 2913 sunt
1452 2860 1541 2928 qui
1572 2858 1639 2914 de
1663 2861 1773 2914 suis
1820 2873 1952 2928 ope-

371 2950 519 3004 ribus
544 2951 866 3021 gloriantur;
900 2951 1038 3005 unde
1059 2951 1185 3004 dicit
1202 2950 1505 3019 Apostolus,
1526 2948 1827 3021 Ignorantes
1854 2951 1945 3004 Dei

366 3044 640 3115 justitiam,
678 3053 723 3097 et
747 3060 889 3097 suam
920 3044 1135 3097 volentes
1164 3043 1481 3109 constituere,
1499 3043 1713 3113 justitia:
1739 3042 1831 3095 Dei
1852 3060 1953 3097 non

371 3143 487 3188 sunt
533 3134 745 3205 subjecti
774 3132 963 3205 (Rom.
995 3150 1048 3201 ι,
1078 3135 1111 3189 5
1140 3134 1189 3204 );
1223 3142 1277 3188 et
1314 3132 1434 3187 ideo
1487 3133 1676 3187 tabula:
1717 3133 1953 3188 humano

371 3240 534 3296 opere
576 3227 887 3297 exsculptze,
914 3236 966 3280 et
994 3226 1226 3281 humano
1270 3236 1431 3297 opere
1456 3226 1773 3295 conscripta:
1814 3226 1953 3281 data:

371 3326 517 3382 sunt,
544 3334 663 3389 qua:
700 3333 821 3372 cum
848 3318 976 3387 ipsis
1019 3324 1312 3382 manerent,
1347 3314 1412 3369 ad
1442 3330 1535 3369 eos
1582 3316 1955 3386 signiﬁcantius

371 3409 440 3463 de
465 3408 575 3462 suis
599 3409 847 3478 operibus
884 3408 1227 3479 gloriaturos,
1283 3422 1388 3463 non
1414 3407 1481 3462 de
1521 3406 1686 3476 digito
1714 3408 1825 3474 Dei,
1855 3408 1955 3465 hoc

372 3511 455 3555 est
478 3500 547 3555 de
565 3500 762 3571 Spiritu
789 3501 924 3555 Dei?

443 3590 599 3647 Certe
624 3607 751 3661 ergo
796 3592 1044 3663 repetitio
1068 3591 1226 3663 Legis
1248 3590 1452 3647 Novum
1467 3591 1862 3649 Testamentum
1884 3595 1954 3649 si-

370 3680 583 3751 gniﬁcat
608 3698 623 3747 ;
653 3672 780 3735 illud
809 3690 983 3735 autem
1014 3681 1172 3736 Vetus
1204 3682 1553 3753 significabat,
1580 3684 1717 3739 unde
1748 3686 1955 3739 confra-

370 3786 516 3827 ctum
543 3782 597 3828 et
622 3774 873 3828 abolitum
894 3782 977 3829 est
1007 3792 1020 3832 :
1050 3775 1280 3831 maxime
1294 3776 1542 3845 quoniam
1565 3792 1684 3831 cum
1708 3777 1944 3833 secundo

370 3865 483 3920 Lex
504 3865 683 3929 datur,
712 3866 859 3921 nullo
878 3876 1077 3921 terrore
1105 3866 1281 3935 datur,
1300 3867 1435 3922 sicut
1460 3868 1548 3921 illa
1577 3868 1628 3922 in
1649 3876 1794 3923 tanto
1815 3879 1953 3924 stre-

373 3957 488 4027 pitu
516 3957 737 4026 ignium,
771 3956 988 4010 nubium
1030 3965 1083 4011 et
1111 3957 1393 4023 tubarum;
1426 3957 1565 4014 unde
1611 3959 1953 4016 tremefactus

371 4049 601 4119 populus
625 4048 779 4115 dixit,
815 4047 935 4102 Non
956 4050 1192 4115 loquatur
1207 4048 1345 4103 Deus
1364 4050 1431 4104 ad
1448 4067 1559 4115 nos,
1585 4068 1647 4106 ne
1670 4052 1953 4107 moriantur

375 4141 396 4214 (
425 4141 593 4195 Exod.
622 4157 713 4208 xx,
746 4142 811 4197 l9
837 4141 855 4213 )
891 4160 903 4195 :
937 4142 1076 4197 unde
1096 4141 1421 4213 signiﬁcatur
1445 4144 1602 4199 timor
1626 4160 1744 4201 esse
1772 4147 1825 4201 in
1850 4146 1954 4203 Ve-

372 4242 487 4287 tere
532 4232 893 4299 Testamento,
926 4233 978 4287 in
1002 4232 1149 4287 Novo
1190 4233 1422 4289 dilectio.
1473 4235 1749 4301 Quomodo
1793 4238 1951 4308 igitur

371 4324 489 4379 hare
518 4324 740 4378 solvitur
764 4324 1005 4394 qumstio,
1032 4339 1195 4394 quare
1224 4324 1323 4378 illa:
1352 4336 1485 4394 opus
1517 4326 1630 4390 Dei,
1670 4327 1786 4381 ista:
1814 4344 1948 4398 opus

372 4416 643 4482 hominis;
674 4427 728 4471 et
755 4417 857 4471 illa:
882 4418 1197 4487 conscripta:
1244 4418 1408 4489 digito
1430 4420 1545 4486 Dei,
1578 4421 1693 4475 istan
1732 4423 1945 4491 scriptte

372 4508 442 4563 ab
471 4508 721 4563 homine?
749 4510 828 4563 An
854 4509 989 4564 forte
1013 4509 1130 4564 ideo
1152 4512 1316 4581 magis
1348 4512 1398 4565 in
1430 4513 1532 4566 illis
1559 4513 1820 4581 prioribus
1850 4515 1954 4570 Ve-

372 4611 460 4656 tus
480 4601 827 4672 signiﬁcatum
854 4612 935 4656 est
960 4602 1376 4667 Testamentum,
1406 4604 1528 4674 quia
1559 4605 1697 4659 Deus
1728 4606 1797 4659 ibi
1822 4622 1959 4675 prte-

374 4694 537 4763 cepit,
562 4694 655 4749 sed
677 4694 835 4749 homo
862 4710 964 4749 non
993 4693 1156 4750 fecit?
1184 4694 1292 4749 Lex
1312 4697 1451 4750 enim
1481 4698 1646 4766 posita
1665 4706 1748 4751 est
1773 4698 1823 4751 iu
1856 4698 1955 4753 Ve-

375 4795 493 4844 tere
538 4788 902 4853 Tcstamento,
949 4804 1067 4858 qua:
1119 4789 1462 4843 convinceret
1507 4797 1951 4860 transgressores,

377 4898 499 4954 qua:
528 4882 847 4938 subintravit
872 4890 928 4936 ut
950 4881 1243 4937 abundaret
1259 4881 1713 4956 delictum(Rom.
1742 4900 1790 4950 v,
1824 4884 1954 4955 20).

374 4975 493 5031 Non
521 4975 666 5031 enim
696 4974 1013 5044 implebatur
1038 4975 1245 5040 timore,
1273 4991 1392 5046 qua:
1436 4990 1542 5031 non
1583 4977 1831 5046 impletur
1855 4978 1957 5032 nisi

375 5066 659 5122 charitate.
685 5066 754 5122 Et
774 5066 895 5121 ideo
923 5066 1115 5121 dicitur
1137 5083 1268 5137 opus
1298 5067 1411 5134 Dei,
1440 5068 1559 5137 quia
1590 5069 1731 5125 Deus
1760 5070 1954 5140 Legem

376 5158 678 5221 constituit,
724 5158 864 5213 Deus
908 5159 1263 5228 conscripsit:
1292 5160 1491 5214 nullum
1537 5176 1671 5231 opus
1705 5163 1952 5227 hominis,

377 5249 498 5318 quia
523 5249 683 5304 homo
710 5250 820 5305 Deo
844 5264 948 5304 non
978 5250 1380 5319 obtemperavit,
1399 5259 1455 5307 et
1471 5269 1589 5308 eum
1614 5255 1787 5323 potius
1807 5268 1956 5311 reum

379 5339 484 5395 Lex
516 5338 663 5395 fecit.
685 5339 741 5394 In
769 5341 1016 5396 secundis
1044 5350 1222 5397 autem
1254 5343 1443 5397 tabulis
1491 5343 1651 5398 homo
1682 5362 1777 5416 per
1802 5348 1951 5416 adju-

379 5432 575 5485 tOrium
607 5432 696 5485 Dei
728 5432 932 5486 tabulas
959 5431 1098 5496 facit,
1126 5444 1283 5503 atque
1304 5436 1625 5500 conscribit;
1653 5438 1777 5507 quia
1818 5438 1951 5495 Novi

380 5520 705 5577 Testameuti
724 5522 954 5577 cltaritas
972 5522 1165 5593 Legem
1192 5524 1331 5578 facit.
1355 5522 1506 5581 Unde
1531 5526 1657 5581 dicit
1682 5528 1955 5597 Dominus,

385 5606 506 5666 Non
548 5613 658 5666 emi
685 5610 868 5683 Legem
893 5614 1102 5675 solvere,
1132 5615 1221 5669 sed
1254 5616 1463 5687 implere
1483 5616 1691 5688 (Matth.
1726 5634 1775 5683 v,
1807 5620 1867 5675 l7
1898 5620 1916 5690 )
1942 5638 1957 5674 :

384 5701 508 5755 dicit
527 5711 704 5757 autem
730 5703 1035 5771 Apostolus,
1070 5703 1335 5760 Plenitudo
1353 5703 1499 5777 Legis
1525 5706 1745 5762 cltarilds
1771 5707 1958 5782 (Rom.

383 5808 507 5867 ιιι),
532 5791 668 5859 10);
699 5802 773 5863 et,
801 5792 955 5848 Fides
979 5811 1092 5859 qua:
1112 5812 1199 5866 per
1226 5796 1535 5852 dilectionem
1557 5802 1833 5854 oneratur!
1861 5800 1961 5854 Ga-

1710 378 1914 435 ιιι)εῆ
1947 378 2321 436 SECUNDUS.

3540 379 3645 436 655

2070 490 2158 545 lat.
2180 507 2230 558 v,
2263 490 2360 564 6).
2390 490 2604 548 Factum
2631 501 2711 549 est
2740 494 2918 564 itaque
2970 492 3170 547 homini
3220 490 3372 550 facile
3417 493 3469 548 in
3496 493 3645 550 Novo

2069 582 2430 652 Testamento,
2475 584 2615 655 quod
2662 585 2716 641 in
2766 585 2956 641 Vetere
3002 584 3215 641 difﬁcile
3258 583 3375 650 fuit,
3425 584 3640 640 babenti

2068 671 2223 727 ﬁdem
2251 690 2366 743 qua:
2392 690 2485 745 per
2501 673 2838 731 dilectionem
2879 684 3161 746 operatur;
3185 684 3344 747 atque
3364 675 3453 731 illo
3480 675 3644 747 digito
3702 680 3709 685 ’

2068 762 2181 825 Dei,
2203 764 2301 818 hoc
2325 776 2425 830 est,
2451 765 2646 835 Spiritu
2676 767 2767 822 Dei
2798 766 2940 821 intus
2960 782 3078 822 eam
3103 767 3154 821 in
3172 766 3331 823 corde
3345 766 3636 835 scribente,

2068 870 2171 909 non
2196 854 2320 909 loris
2340 857 2391 910 in
2417 857 2609 926 lapide.
2636 857 2784 913 Unde
2806 858 2934 914 dicit
2953 854 3255 927 Apostolus,
3276 855 3397 911 Non
3424 856 3477 910 in
3504 856 3637 911 tabu:

2066 942 2129 998 lis
2158 944 2384 1015 lapideis,
2407 947 2495 1001 sed
2512 947 2564 1000 in
2593 946 2778 1002 tabulis
2816 948 2981 1002 cordis
3004 947 3288 1001 carnalibus
3308 945 3327 1020 (
3348 946 3389 1001 11
3417 945 3533 1002 Cor.
3559 964 3636 1013 ut,

2065 1034 2123 1103 5)
2149 1052 2163 1100 ;
2191 1037 2424 1105 quoniam
2449 1036 2666 1091 eharitas
2688 1036 2801 1105 Dei,
2823 1053 2925 1108 qua
2955 1040 3211 1095 veraciter
3230 1037 3480 1110 impletur
3502 1054 3642 1108 prae-

2063 1136 2294 1198 ceptum,
2336 1127 2523 1195 eli/fusa
2570 1138 2639 1183 est
2666 1131 2719 1183 in
2766 1130 2997 1184 cordibus
3044 1130 3226 1185 nostris
3252 1146 3339 1201 per
3389 1129 3641 1200 Spiritum

2062 1228 2313 1286 sanctum,
2343 1222 2428 1289 qui
2447 1220 2593 1275 datus
2611 1230 2682 1275 cst
2709 1221 2848 1275 nobis
2878 1221 2896 1292 (
2927 1221 3073 1275 Rom.
3097 1237 3149 1285 v,
3172 1222 3205 1277 5
3233 1221 3276 1291 ).
3309 1222 3419 1277 Hoc
3447 1230 3528 1276 est
3557 1239 3641 1277 er-

2060 1321 2128 1376 go
2160 1309 2329 1377 primo
2357 1309 2477 1364 data
2498 1310 2604 1365 Lex
2638 1310 2656 1383 (
2684 1310 2771 1365 ubi
2788 1310 3114 1381 signiﬁcatur
3144 1309 3303 1366 Vetus
3324 1311 3635 1367 Testamen-

2065 1406 2195 1461 tum,
2239 1399 2378 1469 quod
2408 1410 2489 1455 est
2518 1416 2651 1471 opus
2678 1401 3043 1455 tantummodo
3072 1401 3186 1465 Dei,
3226 1408 3282 1456 et
3319 1402 3639 1472 conscriptio

2061 1489 2207 1560 digiti
2237 1491 2327 1546 Dei
2353 1492 2391 1562 ),
2420 1492 2560 1562 quod
2605 1493 2887 1561 Apostolus
2916 1492 3062 1557 dicit,
3094 1491 3271 1562 Itaque
3314 1490 3640 1563 Lexquidem

2060 1590 2258 1647 sancta,
2305 1591 2351 1636 et
2397 1582 2689 1635 mandatum
2737 1590 2983 1648 sanctum,
3032 1590 3078 1635 et
3109 1582 3322 1654 justum,
3355 1592 3401 1636 et
3430 1582 3635 1637 bonum.

2059 1672 2168 1727 Lex
2186 1688 2311 1743 ergo
2331 1684 2510 1728 saneta
2541 1683 2594 1729 et
2623 1674 2781 1741 bona,
2811 1674 2901 1729 Dei
2929 1688 3063 1743 opus
3089 1682 3170 1727 est
3197 1691 3210 1727 :
3238 1672 3324 1728 ubi
3355 1672 3515 1729 homo
3547 1674 3634 1729 ni-

2064 1764 2137 1818 hil
2166 1766 2294 1834 agit,
2326 1766 2445 1836 quia
2475 1782 2581 1821 non
2631 1767 2988 1836 obtemperat;
3014 1766 3106 1821 scd
3138 1775 3284 1820 reatu
3315 1767 3487 1837 potius
3512 1781 3635 1837 prc-

2061 1856 2239 1921 mitur,
2270 1856 2409 1928 Lege
2432 1858 2662 1912 minante
2682 1869 2840 1927 atque
2864 1857 3164 1911 damnante.
3207 1856 3470 1910 Peccatum
3490 1857 3632 1912 enim

2061 1948 2248 2017 inquit,
2278 1958 2331 2001 ut
2357 1958 2603 2019 appareat
2649 1959 2929 2019 peccatum,
2962 1966 3049 2019 per
3089 1948 3273 2003 bonum
3302 1949 3426 2002 milii
3451 1965 3635 2019 operu-

2048 2030 2167 2093 tum
2192 2049 2263 2094 est
2282 2052 2489 2093 mortem
2514 2039 2638 2112 (Id.
2664 2056 2757 2105 vtt,
2784 2041 2869 2106 η,
2893 2042 2956 2095 15
2982 2041 3020 2110 ).
3046 2041 3237 2095 Beatus
3265 2049 3441 2095 autem
3473 2040 3633 2093 homo

2059 2139 2161 2195 est,
2188 2147 2310 2187 cum
2348 2130 2449 2186 hoc
2491 2132 2795 2186 mandatum
2826 2142 3088 2197 sanctum,
3117 2140 3171 2187 et
3206 2132 3429 2202 justum,
3460 2140 3514 2186 ct
3539 2130 3638 2185 bo-

2060 2238 2207 2287 num,
2238 2231 2321 2278 est
2346 2223 2504 2277 etiam
2532 2238 2665 2293 opus
2693 2223 2808 2292 ejus
2837 2223 2875 2285 ί,
2903 2222 2994 2276 sed
3026 2237 3119 2291 per
3142 2222 3365 2292 gratiam
3393 2220 3504 2276 Dei.

2128 2314 2377 2370 CLXVII.
2410 2314 2529 2387 [11).
2560 2331 2719 2379 xxxv,
2752 2312 2828 2387 1.]
2855 2313 3060 2386 Moyses
3076 2313 3142 2367 ad
3174 2314 3309 2367 filios
3328 2311 3508 2376 Israel,
3532 2325 3631 2382 po-

2059 2413 2329 2475 steaquam
2377 2405 2443 2459 de
2472 2413 2653 2460 monte
2681 2404 2975 2469 descendit,
3008 2403 3209 2458 habens
3247 2402 3379 2456 alias
3424 2402 3631 2456 tabulas

2058 2496 2231 2565 Logis,
2257 2497 2633 2566 circumposito
2650 2497 2747 2551 sibi
2764 2496 3024 2551 velamine
3048 2503 3260 2565 pr0pter
3279 2494 3497 2564 gloriam
3520 2493 3638 2547 vul-

2064 2600 2149 2646 tus
2175 2591 2311 2660 ejus,
2344 2606 2500 2661 quam
2534 2591 2626 2644 ﬁlii
2652 2590 2812 2645 lsrael
2843 2604 2947 2643 non
2979 2596 3220 2657 poterant
3246 2586 3459 2652 intueri,
3490 2584 3635 2654 Πατε,

2060 2681 2246 2750 inquit,
2276 2680 2443 2746 verba,
2473 2697 2587 2753 quae
2618 2681 2746 2735 dixit
2789 2679 3036 2734 Dominus
3079 2679 3245 2748 facere
3268 2694 3325 2731 ea
3352 2692 3371 2731 :
3397 2677 3641 2746 ambigue

2061 2773 2291 2842 positum
2320 2781 2419 2835 est,
2451 2782 2628 2826 utrum
2664 2787 2722 2825 ea
2765 2774 2929 2841 facere
2972 2770 3085 2838 ipse
3126 2768 3397 2834 Dominus,
3428 2783 3495 2821 an
3524 2768 3633 2822 illi:

2059 2863 2153 2918 sed
2179 2865 2356 2933 utique
2383 2863 2717 2918 manifestum
2740 2871 2822 2918 est
2859 2862 2998 2933 quod
3021 2860 3128 2926 illi;
3153 2860 3312 2930 jussit
3335 2861 3528 2931 quippe
3550 2860 3639 2916 ille

2061 2969 2180 3023 qum
2238 2954 2444 3009 ﬁerent.
2471 2953 2576 3008 Sed
2623 2956 2758 3008 forte
2788 2951 2909 3007 ideo
2945 2953 3023 3007 sic
3072 2952 3298 3022 positum
3348 2958 3453 3016 est,
3484 2960 3541 3004 ut
3569 2966 3633 3005 ex

2060 3054 2283 3114 utroque
2329 3044 2653 3113 accipiatur;
2682 3043 2804 3114 quia
2847 3051 2901 3098 ct
2939 3043 3193 3097 Dominus
3236 3040 3380 3104 facit,
3411 3056 3533 3095 cum
3556 3039 3637 3095 fa-

2061 3136 2265 3193 cientes
2290 3134 2525 3205 adjuvat,
2555 3135 2848 3191 secundum
2880 3134 3007 3189 illud
3053 3134 3316 3209 Apostoli,
3348 3132 3416 3188 In
3460 3134 3638 3188 timore

2058 3238 2105 3282 et
2150 3238 2362 3282 tremore
2402 3237 2617 3282 vestrum
2659 3228 2884 3299 ipsorum
2910 3228 3123 3282 salutem
3162 3226 3479 3297 operamini;
3505 3224 3642 3282 Deus

2062 3320 2195 3373 enim
2236 3330 2307 3374 est
2335 3317 2419 3390 qui
2446 3330 2684 3389 aperatur
2703 3320 2757 3373 in
2784 3317 2920 3374 vobis
2949 3328 2995 3374 et
3023 3318 3167 3386 velle,
3216 3327 3263 3373 et
3286 3316 3508 3390 operari,
3538 3333 3632 3389 pro

2062 3409 2193 3464 bona
2221 3411 2472 3464 voluntate
2493 3410 2511 3480 (
2530 3407 2761 3480 Philipp.
2791 3426 2847 3476 ιι,
2878 3408 2965 3475 12,
2992 3410 3116 3479 15).

2127 3500 2400 3557 CLXVIII.
2432 3502 2534 3576 [lb.
2562 3518 2717 3568 xxxv,
2763 3500 2878 3574 24.]
2912 3501 3088 3555 Omnis
3132 3499 3349 3568 efferens
3390 3500 3640 3571 demptio-

2059 3611 2189 3661 nem,
2217 3606 2484 3666 argentum
2510 3604 2555 3649 et
2606 3609 2676 3649 ws
2713 3594 2986 3649 attulerunt
3012 3593 3344 3664 demptionem
3371 3591 3590 3647 Domino
3616 3607 3637 3647 :

2060 3696 2309 3755 tanquam
2340 3685 2559 3750 diceret,
2586 3686 2771 3741 Omnis
2798 3686 2886 3756 qui
2913 3685 3107 3753 attulit,
3129 3685 3303 3739 attulit
3331 3684 3460 3741 illud
3480 3694 3640 3756 atque

2058 3777 2185 3832 illud
2221 3819 2238 3844 ,
2268 3779 2403 3831 inter
2444 3786 2635 3833 etetcra
2663 3792 2781 3849 qua:
2822 3777 3052 3845 diccbat,
3091 3788 3145 3833 et
3172 3785 3444 3848 argentum
3474 3787 3530 3833 et
3555 3794 3632 3835 tes

2057 3884 2513 3925 commemorans.
2562 3869 2911 3941 Demptionem
2958 3885 3086 3925 sane
3138 3870 3468 3939 interpretati
3505 3879 3631 3927 sunt

2057 3960 2229 4026 latini,
2284 3959 2423 4029 quod
2470 3975 2675 4030 graecus
2728 3959 2888 4015 habet
2932 3963 3193 4032 ἀφαίριμα.
3240 3959 3515 4031 Appellata
3554 3970 3638 4017 est

2057 4060 2233 4106 autem
2260 4051 2517 4122 demptio,
2559 4066 2625 4107 eo
2672 4050 2812 4122 quod
2847 4052 2947 4108 sibi
2986 4051 3227 4107 demeret
3274 4052 3365 4122 qui
3408 4052 3636 4108 Domino

2055 4141 2287 4201 afferret.

2129 4235 2358 4291 CLXIX.
2393 4234 2494 4308 [11).
2522 4250 2682 4299 xxxv,
2710 4233 2849 4307 29.]
2886 4234 3144 4291 Narrante
3180 4236 3361 4310 Moyse
3400 4254 3609 4298 comme

2058 4336 2321 4389 moratum
2349 4336 2431 4383 est
2457 4326 2596 4397 quod
2638 4327 2689 4382 ei
2731 4326 2863 4381 dixit
2893 4327 3030 4380 Deus
3060 4327 3127 4381 de
3158 4328 3399 4385 Bcseleel
3433 4332 3635 4389 eisdem

2059 4420 2237 4477 verbis
2260 4436 2323 4475 ac
2344 4420 2583 4485 totidem,
2616 4418 2757 4489 qttod
2782 4434 2903 4474 eum
2944 4419 3241 4488 impleverit
3268 4421 3465 4491 Spiritu
3494 4424 3633 4480 divi-

2062 4526 2130 4565 no
2157 4511 2447 4579 sapientim,
2478 4519 2531 4565 et
2566 4510 2885 4573 intellectus,
2917 4517 2971 4563 ct
3018 4510 3256 4566 scientia:
3282 4513 3349 4569 ad
3391 4515 3637 4572 taberna-

2059 4603 2163 4658 culi
2185 4618 2345 4670 opera
2367 4601 2622 4665 facienda,
2637 4618 2753 4671 qua:
2776 4602 3041 4671 pertinent
3061 4602 3127 4657 ad
3149 4612 3293 4660 artes
3306 4606 3553 4677 Opiﬁcum
3572 4612 3591 4643 ³
3617 4627 3632 4665 :

2060 4694 2199 4749 unde
2218 4693 2341 4764 quid
2369 4694 2520 4749 nobis
2540 4693 2806 4747 videretur
2827 4692 2937 4763 jam
2955 4693 3185 4750 diximus
3214 4694 3431 4769 (Supra,
3458 4712 3635 4771 quiest.

2065 4785 2165 4841 158
2183 4786 2228 4858 ).
2255 4784 2360 4841 Sed
2390 4784 2508 4839 ideo
2532 4800 2672 4839 nunc
2695 4783 2796 4839 hoc
2827 4784 2963 4839 idem
2985 4790 3513 4846 commemorandum
3537 4808 3636 4862 puo

2062 4879 2190 4945 lavi,
2215 4878 2337 4949 quia
2358 4892 2462 4934 non
2491 4877 2680 4932 frustra
2699 4877 2897 4934 eisdem
2925 4879 3143 4935 omnino
3159 4881 3332 4937 verbis
3360 4884 3638 4953 repetitum

2061 4981 2162 5035 est,
2193 4970 2385 5041 quibus
2409 4977 2561 5025 antea
2594 4970 2761 5041 Moysi
2787 4985 2818 5024 a
2847 4971 3072 5026 Domino
3113 4970 3290 5028 fuerat
3315 4974 3639 5033 iutimatum.

2062 5064 2200 5118 Sane
2243 5076 2382 5116 novo
2426 5076 2574 5116 more
2626 5060 2711 5115 hic
2740 5076 2827 5116 ars
2855 5063 3265 5121 architectonica
3312 5066 3641 5137 perhibetur,

2063 5153 2312 5225 opiﬁcum
2337 5168 2405 5208 ex
2441 5167 2574 5208 auro
2598 5161 2653 5208 et
2697 5161 2917 5223 argento
2943 5162 2999 5209 et
3025 5170 3359 5228 quocumque
3397 5158 3635 5225 metallo,

2064 5260 2187 5300 cum
2216 5243 2302 5297 illa
2333 5242 2437 5297 dici
2474 5243 2645 5297 soleat
2670 5242 3106 5308 architectonica,
3145 5260 3266 5316 qua:
3313 5246 3542 5319 pertinet
3568 5250 3637 5307 ad

2064 5333 2293 5389 fabricas
2323 5331 2687 5387 mdiﬁciorum.

2135 5422 2341 5478 CLXX.
2359 5422 2439 5495 [ib
2472 5422 2698 5485 xxxvt,2
2721 5431 2768 5477 et
2784 5420 2864 5495 3.]
2890 5422 2955 5476 Et
2970 5438 3140 5478 omnes
3155 5425 3241 5495 qui
3265 5435 3442 5498 sponte
3459 5429 3642 5486 uellent

2065 5516 2139 5570 ire
2176 5514 2243 5569 ad
2268 5532 2440 5586 Opera,
2487 5524 2540 5569 ut
2585 5522 2987 5569 consummarent
3032 5531 3123 5585 ea,
3174 5528 3221 5572 et
3266 5532 3564 5590 acceperunt
3608 5541 3643 5579 a

2131 5690 2233 5757 {tta
2382 5689 2500 5757 aditi
2518 5702 2656 5747 vero,
2681 5694 2725 5738 et
2743 5688 2916 5757 bonum
2935 5685 3069 5753 facit,
3093 5688 3181 5757 hoc
3217 5689 3359 5757 etiam
3381 5706 3499 5757 opus
3520 5697 3642 5755 eius.

2131 5754 2151 5784 ³
2173 5752 2476 5826 (mnrbciepsis
2498 5759 2639 5826 vetus
2666 5750 2856 5802 codex:
2883 5750 2996 5813 Qua:
3018 5750 3251 5816 pertinent
3279 5756 3345 5807 ad
3366 5750 3485 5811 artis
3506 5750 3633 5826 optﬁv

2069 5826 2194 5862 own.
2215 5820 2349 5864 Forte
2374 5811 2720 5864 lemooiticinm
