4136 6474
521 416 625 473 655

526 529 705 601 Moyse
731 543 898 583 omnes
928 525 1287 596 demptionrs‘.
1319 524 1370 576 In
1392 521 1628 576 notitiam
1659 529 1858 574 .antum
1889 517 2095 588 Moyses

523 620 742 693 pertulit
763 634 880 688 qure
905 617 1156 672 Dominus
1173 622 1332 683 opera
1353 612 1465 667 ﬁeri
1489 609 1818 680 praeceperit,
1845 607 2094 662 taberna-

522 713 699 766 culum
721 709 930 764 scilicet
959 721 1078 760 cum
1108 704 1352 757 omnibus
1381 715 1498 772 qua:
1525 702 1575 754 in
1605 713 1670 755 eo
1695 707 1892 763 essent,
1923 709 1975 752 et
1999 711 2092 750 ve-

522 813 634 858 stes
682 797 1037 855 sacerdotalcs
1063 797 1110 849 ’.
1138 793 1584 849 Commemoravit
1611 799 1783 845 autem
1814 788 2094 859 quosdam,

525 895 713 966 quibus
733 891 865 945 dixit
904 887 1156 958 Spiritum
1179 884 1426 938 divinitus
1455 883 1654 947 datum,
1677 895 1780 951 quo
1803 881 1889 934 illa
1921 878 2100 934 efﬁce-

527 1000 587 1039 re
639 988 894 1054 possent:
926 987 977 1033 ct
1015 985 1195 1030 tamen
1244 973 1394 1028 mttltl
1426 973 1788 1043 intelliguntur
1814 977 2002 1040 Sponte
2033 967 2100 1022 ad

532 1075 718 1129 eadem
750 1084 912 1138 Opera
952 1067 1161 1120 venisse
1203 1064 1392 1134 quibus
1428 1077 1602 1130 neque
1639 1061 1950 1129 imperatum
1992 1065 2092 1122 est,

538 1181 634 1220 nec
662 1177 845 1218 eorum
889 1159 1100 1214 nomina
1123 1161 1535 1212 commemorata
1557 1160 1678 1207 sunt
1705 1169 1732 1205 a
1760 1151 1984 1206 Domino
2013 1149 2098 1204 di-

532 1267 613 1310 cta
637 1249 824 1322 Moysi.
849 1249 964 1305 Non
1002 1259 1129 1316 ergo
1153 1245 1227 1300 illi
1254 1245 1350 1299 soli
1377 1245 1476 1298 hoc
1503 1257 1694 1297 munus
1725 1241 1978 1295 divinitus
2010 1240 2103 1293 ha-

529 1347 772 1406 buerunt,
791 1341 880 1412 qui
912 1335 1218 1396 nominatim
1244 1340 1742 1394 commemorantur,
1765 1330 1855 1384 sed
1884 1331 2105 1382 fortasse

531 1435 791 1506 pt‘utciptte
816 1440 975 1500 atque
994 1426 1358 1483 excellentius.
1385 1423 1701 1478 Laudandus
1731 1431 1811 1476 cst
1839 1430 2012 1473 autem
2052 1419 2104 1472 in

533 1525 615 1579 his
637 1522 880 1576 omnibus
911 1534 1016 1574 non
1042 1525 1298 1572 attractus
1314 1515 1378 1570 ad
1407 1529 1542 1584 opus
1570 1512 1835 1568 serviliter
1871 1510 2102 1574 animus,

531 1614 624 1670 sed
649 1612 938 1667 liberaliter
953 1617 1007 1665 et
1033 1618 1222 1680 sponte
1251 1606 1492 1660 devotus.

601 1703 830 1761 CLXXI.
859 1700 958 1774 [11).
986 1711 1168 1764 xxxvr,
1187 1697 1238 1763 4,
1271 1707 1316 1750 et
1341 1696 1374 1751 5
1399 1694 1419 1767 ]
1445 1693 1741 1749 Notandum
1763 1690 1900 1761 quod
1920 1691 1989 1744 illi
2017 1689 2106 1760 qui

531 1797 794 1867 sapientes
821 1791 1174 1863 appellantur,
1198 1787 1472 1844 ellectores
1487 1795 1704 1856 operum
1728 1785 1915 1848 sancti,
1947 1784 2106 1838 etiam

536 1886 774 1941 moribus
796 1883 927 1937 tales
955 1889 1128 1944 erant,
1161 1886 1219 1933 ut
1267 1892 1390 1933 cum
1421 1876 1518 1946 ipsi
1553 1875 1884 1941 susciperent
1929 1873 2108 1926 omnia

531 1993 650 2048 quae
678 1973 901 2046 populus
939 1970 1216 2036 offerebat,
1239 1967 1545 2023 existimans
1563 1964 1862 2019 necessaria
1895 1977 1959 2016 ex
1985 1961 2108 2030 qui-

532 2069 632 2122 bus
673 2066 759 2119 illa
813 2062 990 2119 omnia
1032 2060 1446 2130 complerentur,
1479 2055 1725 2110 viderunt
1771 2054 1888 2124 plus
1928 2052 2106 2108 ol‘l‘erri

533 2175 690 2230 quam
722 2165 838 2212 erat
867 2168 1102 2218 necesse,
1130 2160 1184 2208 et
1212 2151 1460 2205 dixerunt
1487 2148 1683 2218 Moysi;
1707 2156 1865 2216 atque
1897 2145 1988 2200 ille
2015 2159 2109 2214 per

535 2263 832 2321 prmconcm
860 2247 998 2322 ultra
1031 2243 1280 2314 populum
1319 2240 1510 2295 offerre
1537 2237 1822 2302 prohibuit.
1856 2237 2110 2290 Poterant

535 2349 733 2406 autem,
761 2339 804 2394 si
833 2337 1046 2400 vellent,
1072 2334 1236 2389 multa
1278 2333 1506 2397 auferre,
1536 2327 1628 2384 sed
1657 2326 1909 2381 modestia
1931 2324 2113 2396 prohi-

540 2432 673 2495 buit,
699 2430 781 2484 vel
810 2427 996 2496 religio
1024 2425 1227 2480 terruit.

605 2519 857 2576 CLXXII.
889 2515 906 2590 [
927 2516 1005 2572 Ib.
1027 2531 1182 2578 xxxv,
1204 2512 1283 2584 2.]
1310 2512 1655 2580 Posteaquam
1674 2507 1944 2563 descendit
1966 2507 2112 2578 Moy-

535 2627 621 2669 scs
637 2613 704 2667 de
726 2618 927 2674 monte,
966 2621 1126 2677 opera
1153 2603 1589 2660 commendantur
1617 2599 1940 2655 tabernaculi
1976 2614 2112 2653 con-

503 2715 505 2718 ‘
537 2702 798 2770 struendi,
830 2710 883 2757 et
908 2702 1071 2754 vestis
1116 2697 1458 2752 sacerdotalis
1488 2712 1502 2761 ;
1527 2696 1592 2749 de
1621 2695 1810 2764 quibus
1856 2693 2112 2748 faciendis

537 2806 817 2865 antequam
849 2790 1042 2862 aliquid
1070 2791 1400 2861 pratciprrct,
1423 2789 1626 2842 locutus
1662 2796 1742 2841 est
1763 2785 1828 2840 ad
1859 2786 2111 2856 populum

535 2887 602 2943 de
617 2885 818 2941 sabbati
836 2883 1221 2939 observatione.
1245 2879 1344 2936 Ubi
1369 2895 1471 2933 non
1494 2879 1757 2932 immerito
1775 2885 1971 2941 movet,
1991 2892 2111 2930 cum

536 2977 718 3031 decem
748 2973 910 3029 verba
940 2971 1095 3042 chis
1125 2971 1384 3039 acceperit
1431 2970 1480 3024 in
1541 2969 1730 3022 tabulis
1774 2969 1988 3038 lapideis
2011 2967 2114 3022 itc-

541 3083 680 3132 rum,
722 3081 852 3136 quas
882 3065 994 3134 ipse
1031 3061 1245 3124 excidit,
1275 3061 1388 3130 ipse
1441 3061 1792 3129 conscripsit;
1834 3075 1996 3130 quare
2045 3058 2112 3113 de

539 3158 762 3213 sabbato
786 3155 923 3221 solo,
971 3161 1312 3222 posteaquam
1340 3151 1630 3213 descendit,
1661 3152 1911 3220 populum
1930 3151 2112 3206 admo-

539 3253 674 3307 nuit.
694 3251 748 3306 Si
773 3249 912 3303 enim
947 3253 1224 3318 propterea
1254 3245 1435 3298 decem
1468 3254 1726 3313 przeccpta
1753 3243 1908 3313 Legis
1925 3259 2113 3312 super-

537 3344 702 3398 lluum
747 3340 844 3395 fuit
880 3349 938 3394 ut
993 3337 1212 3408 populus
1264 3337 1456 3390 iterum
1484 3335 1724 3400 audiret;
1755 3351 1848 3388 cur
1879 3352 1985 3388 non
2017 3336 2114 3390 fuit

539 3433 862 3504 supcrlluum
895 3439 951 3483 nt
976 3429 1042 3483 de
1069 3428 1287 3481 sabbato
1313 3426 1539 3490 audiret,
1559 3441 1676 3480 cum
1702 3437 1755 3480 et
1804 3427 1902 3479 hoc
1932 3426 1981 3478 in
2005 3426 2112 3481 eis-

539 3525 658 3580 dem
687 3520 964 3592 przrceptis
992 3519 1176 3572 decem
1207 3516 1444 3586 legatur?
1472 3518 1549 3569 An
1597 3525 1652 3570 et
1699 3517 1798 3570 hoc
1838 3517 2007 3570 simile
2033 3527 2116 3570 est

538 3616 857 3676 velamento,
887 3625 991 3681 quo
1019 3609 1203 3662 faciem
1227 3607 1447 3672 obtexit,
1481 3608 1599 3676 quia
1624 3608 1960 3676 splendorem
2001 3609 2116 3663 vul-

546 3715 632 3761 tus
652 3706 766 3774 ejus
789 3704 878 3757 lilii
901 3701 1059 3757 lsrael
1097 3715 1200 3754 non
1233 3708 1475 3768 poterant
1507 3700 1734 3754 intueri?
1763 3701 1891 3754 Nam
1916 3715 1980 3754 ex
2015 3701 2112 3755 de-

539 3813 655 3852 cem
685 3795 964 3864 prmceptis
991 3792 1092 3846 hoc
1109 3792 1276 3846 solum
1307 3789 1503 3859 populo
1527 3790 1792 3858 praecepit,
1818 3791 1957 3860 quod
1983 3791 2116 3860 ﬁgu-

539 3896 657 3942 rate
678 3884 749 3940 ibi
767 3883 962 3937 dictum
983 3889 1063 3936 cst
1091 3897 1104 3933 :
1132 3881 1232 3934 alia
1264 3880 1458 3950 quippe
1485 3880 1552 3932 ibi
1578 3895 1766 3933 novem
1795 3881 1934 3934 sicut
1973 3897 2111 3949 prata

539 3985 690 4047 cepta
713 3983 857 4039 sunt,
881 3973 1036 4027 etiam
1060 3972 1110 4024 in
1129 3971 1276 4024 Novo
1300 3970 1638 4024 Testamento
1659 3971 1987 4025 observanda
2015 3973 2114 4026 mi-

539 4067 684 4123 nime
709 4063 1026 4119 dubitamus.
1060 4059 1188 4114 Illud
1212 4068 1386 4115 autem
1422 4075 1582 4114 unum
1606 4061 1671 4114 de
1699 4062 1919 4117 sabbato
1948 4079 2114 4134 usque

541 4156 674 4210 adeo
706 4154 920 4223 figurata
952 4151 1054 4206 diei
1084 4150 1290 4220 septimi
1317 4150 1685 4206 observatione
1714 4152 1852 4222 apud
1905 4153 2116 4209 Israeli-

541 4258 622 4302 tas
646 4245 876 4298 velatum
903 4241 1018 4304 fuit,
1057 4248 1111 4295 et
1158 4241 1210 4294 in
1243 4241 1494 4312 mysterio
1554 4251 1870 4311 praeceptum
1917 4245 2032 4311 luit,
2062 4253 2118 4300 et

539 4336 768 4408 quodam
798 4340 1128 4388 sacramento
1159 4331 1494 4402 ﬁgurabatnr,
1520 4343 1574 4385 nt
1603 4332 1760 4388 hodie
1779 4349 1809 4388 a
1835 4335 1986 4390 nobis
2009 4352 2115 4391 non

543 4429 879 4492 observetur,
921 4423 1011 4478 sed
1061 4424 1231 4478 solum
1259 4423 1396 4492 quod
1423 4423 1748 4493 signiﬁcabat
1792 4426 2109 4480 intUeamur.

541 4518 598 4575 In
626 4519 712 4572 illa
735 4526 911 4571 autem
931 4515 1110 4584 requie
1137 4513 1225 4568 ubi
1241 4528 1400 4583 opera
1422 4515 1628 4568 servilia
1656 4515 1908 4584 jubcntur
1931 4532 2115 4573 cessa-

540 4627 619 4680 re,
649 4623 834 4679 magna
861 4614 944 4661 est
990 4604 1209 4660 altitudo
1251 4606 1434 4676 gratia:
1476 4604 1588 4659 Dei.
1625 4605 1775 4661 Tunc
1811 4609 1954 4663 enim
1986 4609 2115 4666 ﬁunt

541 4685 662 4758 cum
687 4699 866 4768 requie
904 4713 1061 4766 opera
1105 4695 1264 4762 bona,
1305 4710 1425 4750 cum
1485 4694 1616 4750 ﬁdes
1647 4713 1739 4766 per
1775 4697 2112 4754 dilectionem

541 4799 792 4861 operatur
821 4787 1026 4861 (Calui.
1059 4802 1111 4852 v,
1133 4787 1167 4840 6
1192 4784 1210 4858 )
1239 4803 1253 4840 :
1287 4785 1444 4839 timor
1463 4795 1639 4840 autem
1669 4795 1988 4844 tormentum
2019 4789 2112 4844 ha-

542 4885 654 4951 bet,
677 4893 730 4938 et
759 4883 809 4938 in
829 4886 1092 4935 tormento
1111 4893 1228 4948 quae
1249 4878 1499 4947 requies?
1531 4878 1679 4934 Unde
1701 4880 1858 4936 timor
1893 4896 1997 4935 non
2027 4892 2110 4938 est

541 4979 596 5033 in
617 4974 918 5043 cbaritate(
953 4970 1147 5026 lJoan.
1174 4986 1245 5037 tv,
1283 4968 1390 5044 t8)
1425 4988 1437 5024 :
1470 4971 1700 5027 eltaritas
1738 4983 1912 5028 autem
1955 4974 2114 5029 dill’u-

461 5137 466 5148 I
544 5084 602 5123 sa
625 5067 785 5123 estin
826 5063 1076 5119 cordibus
1105 5056 1300 5116 nostris
1343 5077 1436 5131 per
1465 5062 1717 5132 Spiritum
1758 5073 1997 5119 sanetum
2027 5067 2118 5136 qtti

541 5159 696 5214 datus
715 5165 796 5212 est
817 5154 968 5210 nobis
994 5152 1013 5227 (
1034 5152 1183 5207 Rom.
1203 5169 1256 5218 v,
1271 5153 1304 5208 5
1326 5156 1361 5216 ).
1386 5152 1507 5207 Ideo
1526 5153 1784 5208 sabbatum
1804 5158 1992 5226 requies
2011 5175 2121 5213 aan-

544 5261 627 5306 cta
648 5251 868 5304 Domino
896 5263 916 5302 :
947 5247 1037 5302 Dei
1067 5245 1265 5300 scilicet
1292 5245 1476 5315 gratia:
1499 5245 1796 5312 tribuenda,
1828 5263 1932 5301 non
1964 5249 2119 5304 nobis

541 5343 690 5398 velut
706 5356 770 5395 ex
794 5339 965 5394 nobis.
990 5337 1234 5406 Alioquin
1254 5345 1431 5390 nostra
1455 5351 1614 5404 opera
1631 5335 1708 5390 sic
1726 5347 1904 5402 erunt,
1935 5348 1992 5392 ut
2012 5341 2120 5394 sint

540 5435 793 5496 humana,
815 5439 906 5484 aut
924 5438 1136 5500 peccata
1158 5427 1180 5460 ³
1213 5446 1226 5482 :
1257 5437 1348 5482 aut
1374 5443 1494 5482 cum
1527 5428 1735 5494 timore,
1765 5444 1869 5483 non
1894 5446 2014 5485 cum
2041 5431 2120 5485 di-

607 5550 624 5582 ι
648 5546 844 5616 codices
997 5551 1049 5594 et
1066 5549 1198 5601 Mss,
1214 5541 1456 5616 deruptum
1472 5553 1555 5616 res.
1574 5547 1743 5591 Locum
1758 5541 1886 5616 hunc
1903 5544 2119 5616 vitiatum

543 5623 658 5661 esse
679 5615 815 5659 notat
835 5605 1044 5656 Nobilius
1059 5639 1074 5664 ,
1097 5618 1206 5654 cum
1239 5603 1338 5667 legi
1356 5604 1570 5667 debeat,
1597 5616 1757 5653 omnes
1796 5604 2083 5667 demptwnes
2105 5621 2121 5666 ;

541 5732 764 5784 universa
787 5731 1007 5781 donaria.
1061 5754 1068 5763 -

605 5797 625 5827 ⁸
649 5792 857 5842 Melioris
880 5800 1007 5840 noue
1029 5796 1157 5848 Mss,
1181 5793 1226 5842 et
1248 5783 1386 5837 restis
1407 5785 1734 5836 sacerdotalis.

607 5858 628 5889 ⁸
648 5856 786 5915 editi,
811 5859 891 5904 aut
914 5864 1024 5903 cum
1050 5858 1260 5918 peccato.
1279 5855 1408 5912 Mss,
1433 5853 1513 5898 aut
1536 5856 1746 5912 peccata.

1230 407 1689 478 QUIESTIONUM
1727 406 1786 460 S.
1825 401 2186 460 AUGUSTINI
2229 402 2292 458 IN
2335 405 2895 466 IIEP'I‘ATEUCllUlll

3679 412 3778 468 656

2205 516 2430 572 lectiOne
2455 536 2468 584 ;
2496 530 2548 575 ct
2570 522 2686 576 ideo
2715 526 2926 580 servilia
2947 526 3059 580 sine
3077 526 3276 596 requie.
3300 524 3574 582 Plenitudo
3598 538 3773 582 autem

2204 607 2408 662 sabbati
2436 611 2536 664 erit
2561 611 2613 666 in
2657 616 2842 684 requie
2868 616 3213 685 sempiterna.
3241 613 3359 670 Non
3390 618 3530 672 enim
3581 616 3772 671 frustra

2204 696 2494 752 institutum
2514 699 2607 756 est
2627 710 2680 756 et
2703 704 2978 758 sabbatum
3009 705 3386 777 sabbatorum'(
3420 703 3576 760 Leuit.
3607 723 3707 762 xxv
3735 709 3776 775 ).

2276 788 2551 845 CLXXIII.
2585 787 2687 864 [lb.
2719 807 2807 860 XL,
2835 794 2888 860 9,
2920 793 3031 869 10.]
3059 797 3075 828 ί
3113 795 3367 866 Superius
3390 795 3604 868 quando
3634 798 3780 868 prius

2207 879 2408 934 locutus
2430 890 2511 935 est
2534 883 2672 937 Deus
2697 883 2761 938 de
2785 885 3123 940 tabernaculo
3148 884 3414 956 tingendo,
3442 887 3571 942 dixit
3592 886 3778 942 eadem

2207 973 2454 1028 unctione
2494 974 2808 1030 sanctiﬁcari
2853 976 2939 1030 illa
2967 978 3143 1031 omnia
3164 1019 3180 1043 ,
3211 982 3264 1032 et
3294 977 3406 1033 ﬁeri
3433 987 3624 1034 sancta
3655 980 3781 1033 s'a‘n-

2205 1071 2433 1116 ctorum.
2467 1063 2649 1120 Altare
2693 1074 2868 1120 autem
2918 1066 3422 1122 holocaustomatum
3464 1068 3648 1124 eadem
3681 1072 3781 1124 tin-

2207 1154 2383 1209 ctione
2411 1156 2816 1221 sanctificatum,
2855 1156 3064 1212 dixerat
3087 1157 3196 1212 ﬁeri
3223 1169 3461 1213 sanctum
3487 1160 3653 1214 sancti
3685 1177 3697 1212 :
3729 1170 3783 1215 et

2208 1241 2309 1297 hoc
2351 1243 2608 1300 interesse
2646 1246 2952 1313 videbatur,
2990 1247 3129 1318 quod
3170 1249 3297 1303 nihil
3337 1265 3520 1305 eorum
3563 1251 3784 1306 dixisset

2208 1342 2447 1388 sanctum
2475 1345 2799 1406 sanctorum,
2834 1338 2933 1391 nisi
2961 1339 3100 1408 quod
3128 1348 3328 1393 tantum
3355 1342 3472 1394 velo
3502 1341 3784 1408 separaba-

2210 1430 2295 1477 tur
2318 1437 2348 1477 a
2375 1433 2576 1492 sancto,
2608 1427 2658 1481 id
2687 1437 2787 1491 est,
2815 1428 2900 1482 ubi
2922 1436 3037 1483 erat
3063 1445 3186 1484 arca
3219 1431 3517 1486 testamenti
3541 1440 3592 1485 et
3617 1432 3785 1486 altare
3864 1478 3866 1480 ,

2209 1511 2412 1568 incensi
2442 1513 2635 1587 (Exod.
2666 1533 2806 1584 xxx,
2834 1518 3046 1588 26-38).
3079 1519 3228 1574 Nilne
3254 1529 3428 1574 autem
3449 1536 3568 1575 cum
3599 1520 3784 1576 eadem

2208 1609 2505 1674 repeteret,
2549 1608 2682 1662 dixit
2719 1608 2786 1665 de
2826 1610 3162 1665 tabernaculo
3197 1618 3364 1666 'un‘eto
3395 1621 3448 1666 et
3479 1613 3558 1667 bis
3585 1615 3703 1683 qua:
3733 1615 3785 1668 in

2209 1697 2302 1752 illo
2345 1709 2557 1762 essent,
2601 1701 2740 1770 quod
2779 1701 2965 1757 eadem
3014 1704 3263 1758 unctione
3301 1701 3784 1770 sanetilicarentnr,

2211 1797 2265 1842 et
2309 1789 2494 1843 fierent
2523 1801 2702 1845 sancta
2737 1809 2750 1846 :
2785 1792 2912 1846 illud
2951 1800 3127 1847 autem
3167 1794 3334 1849 altare
3361 1794 3786 1850 ltolocaustoma-

2214 1885 2343 1945 tum,
2373 1878 2438 1933 de
2461 1893 2568 1950 quo
2593 1881 2736 1950 prius
2760 1881 2964 1937 dixerat
2990 1883 3129 1954 quod
3161 1884 3310 1939 licret
3335 1895 3574 1939 sanctum
3595 1885 3785 1950 sancti,

2212 1969 2396 2024 eadem
2425 1971 2674 2027 unctione
2713 1987 2852 2028 nunc
2879 1972 3012 2028 dixit
3042 1973 3155 2028 ﬁeri
3194 1984 3431 2029 sanctum
3455 1977 3788 2029 ‘sanctoru‘m.

2213 2057 2365 2115 Unde
2391 2060 2547 2115 datur
2573 2062 2794 2133 intelligi
2832 2064 3158 2119 tantumdem
3203 2065 3382 2119 valc‘rc
3421 2063 3564 2134 quod
3591 2062 3790 2120 dictum

2212 2150 2385 2206 fuerat
2404 2162 2640 2207 sanctum
2663 2155 2852 2222 sancti,
2875 2157 3128 2225 quantum
3154 2157 3294 2211 valet
3318 2156 3460 2226 quod
3487 2156 3683 2221 dictum
3709 2152 3790 2215 es!

2214 2253 2452 2296 sanctum
2481 2253 2784 2299 sanctorum
2818 2263 2830 2300 :
2863 2261 2925 2302 ac
2955 2257 3050 2318 per
3076 2247 3176 2303 hoc
3209 2257 3261 2304 et
3292 2249 3377 2304 illa
3404 2249 3580 2302 omnia
3613 2259 3789 2314 uncta,

2215 2333 2266 2387 id
2290 2342 2369 2388 est
2403 2343 2570 2390 totum
2615 2337 3006 2393 tabernaculum
3028 2381 3041 2404 ,
3071 2349 3123 2395 et
3159 2357 3504 2411 qurccumque
3533 2343 3585 2396 in
3616 2358 3678 2397 eo
3707 2359 3792 2398 es-

2213 2433 2352 2490 sent,
2381 2440 2499 2495 qua:
2527 2427 2672 2495 prius
2697 2429 3058 2498 appellaverat
3087 2441 3266 2485 saneta
3298 2440 3604 2486 sanctorum
3633 2474 3647 2496 ,
3679 2438 3793 2487 tan-

2214 2516 2446 2570 tumdem
2466 2517 2642 2573 valere
2663 2520 2800 2588 quod
2826 2536 2966 2574 nunc
2985 2520 3057 2574 ait
3082 2531 3264 2576 saneta
3297 2541 3310 2577 :
3333 2538 3432 2577 nec
3460 2523 3795 2593 u'nttr'nquoda

2214 2623 2317 2678 quc
2355 2621 2539 2664 eorum
2579 2611 2681 2664 diri
2722 2613 3085 2665 tantummodo
3134 2619 3252 2682 post
3289 2613 3442 2667 istam
3490 2609 3792 2669 unctionem

2216 2709 2452 2754 sanctum
2493 2702 2696 2767 sancti,
2737 2711 2924 2756 verum
2967 2703 3124 2757 etiant
3165 2712 3404 2757 sanctum
3448 2705 3793 2771 sanctorum,

2217 2791 2352 2845 sicut
2380 2791 2543 2844 altare
2569 2792 3118 2856 bdlo’caustomatum;
3153 2802 3208 2846 ut
3231 2793 3341 2863 jam
3383 2794 3514 2847 nihil
3554 2795 3792 2859 intersit,

2216 2892 2470 2950 quantum
2508 2881 2574 2935 ad
2618 2882 2753 2936 hanc
2796 2883 3208 2952 appellationem
3251 2883 3478 2946 attinet,
3516 2882 3659 2937 inter
3703 2871 3794 2938 illa

2217 2989 2334 3042 qu;e
2361 2973 2582 3028 interius
2611 2973 2745 3027 intra
2773 2974 2946 3028 velum
2975 2976 3201 3039 fuerant,
3235 2973 3284 3028 id
3309 2983 3390 3028 est
3413 2968 3499 3028 ubi
3527 2982 3642 3028 erat
3670 2988 3795 3028 arca

2217 3064 2524 3131 testimonii,
2559 3072 2612 3118 et
2643 3071 2833 3118 caetera
2863 3063 3012 3128 foris,
3050 3063 3150 3118 nisi
3181 3063 3322 3133 quod
3354 3063 3442 3117 illa
3472 3063 3693 3118 interius
3722 3062 3794 3117 ita

2216 3156 2529 3211 dicebantur
2569 3165 2750 3210 sancta
2806 3165 3108 3210 sanctorum
3156 3156 3240 3210 vel
3292 3166 3530 3211 sanctum
3579 3166 3764 3210 sancto

2217 3264 2335 3304 rum
2362 3251 2417 3315 ',
2449 3258 2504 3302 ut
2541 3249 2701 3302 etiam
2741 3257 2864 3302 ante
2904 3249 3205 3302 unctionem
3245 3247 3322 3302 sic
3358 3247 3787 3316 appellarentur;

2217 3350 2406 3396 caetera
2437 3356 2561 3395 vero
2590 3339 2840 3396 unctione
2864 3340 3187 3393 sanctiﬁcata
3215 3348 3356 3404 sunt,
3388 3348 3444 3392 ut
3474 3337 3574 3392 hoc
3599 3344 3792 3393 nomen

2217 3433 2536 3501 acciperent.
2564 3430 2713 3499 Quod
2753 3430 2862 3485 otio
2890 3428 3276 3484 discutiendum
3319 3438 3402 3484 est
3429 3428 3554 3500 quid
3592 3428 3690 3482 ista
3716 3427 3764 3483 si

2218 3523 2488 3595 gniﬁccnt.

2288 3611 2561 3669 CLXXIV.
2581 3610 2680 3686 [lb.
2705 3629 2795 3679 ιι,
2824 3611 2934 3687 19.]
2959 3611 3089 3667 Cum
3112 3611 3644 3682 Scriptnranarrar'et
3664 3615 3794 3681 Quo.

2219 3703 2376 3758 modo
2424 3703 2630 3774 Moyses
2674 3703 3008 3758 constituerit
3053 3703 3481 3767 tabernaCulum,
3527 3701 3790 3767 Extendit,

2220 3797 2414 3866 inquit,
2452 3798 2617 3850 aulam
2651 3811 2802 3867 super
2830 3795 3206 3876 (abcnmculum
3238 3810 3257 3849 :
3285 3809 3388 3848 non
3420 3795 3602 3863 utique
3630 3793 3792 3849 desu-

2219 3904 2313 3958 per
2343 3896 2558 3952 tectum,
2588 3886 2682 3942 sed
2708 3887 2922 3957 cingens
2952 3887 3258 3951 columnas;
3287 3885 3408 3954 quia
3438 3884 3506 3940 de
3534 3883 3794 3940 columnis

2218 3979 2452 4045 dixerat,
2484 3979 2622 4049 quod
2652 3979 2892 4034 statuerit
2921 3977 3334 4032 tabernaculum.

2287 4070 2540 4126 CLXXV.
2575 4068 2673 4142 [11).
2702 4086 2802 4134 xL,
2831 4068 2948 4142 29.]
2983 4069 3114 4124 Cttm
3143 4070 3305 4136 dixit,
3336 4069 3399 4123 Et
3433 4087 3585 4139 super
3609 4069 3795 4135 atrium

2218 4165 2270 4216 in
2292 4163 2500 4216 εἰνὶ-νήια
2528 4161 2835 4216 tabernaculi
2862 4172 2906 4214 ct
2932 4163 3112 4216 altaris
3135 4205 3148 4228 ,
3178 4163 3479 4217 manifestat
3502 4163 3668 4217 altare
3694 4160 3794 4214 ho-

2220 4255 2658 4309 locaustomatum
2720 4253 2787 4308 ad
2847 4254 3039 4308 ostium
3107 4253 3433 4308 tabernaculi
3498 4252 3796 4307 forinsecus

2221 4348 2418 4413 fuisse,
2466 4355 2524 4399 ut
2565 4346 2701 4400 atrio
2753 4353 2919 4399 totum
2969 4344 3298 4410 ambiretur,
3349 4353 3402 4398 et
3445 4344 3611 4398 altare
3651 4352 3797 4397 esset

2222 4437 2354 4492 infra
2404 4437 2595 4492 atrium
2649 4436 2786 4491 inter
2830 4445 3033 4506 portam
3084 4435 3201 4490 atrii
3253 4443 3306 4489 et
3361 4434 3554 4488 ostium
3611 4432 3798 4487 taber-

2220 4532 2414 4587 nacuﬁ.

2291 4620 2564 4678 CLXXVI.
2593 4619 2692 4693 [11).
2723 4635 2811 4686 xL,
2843 4609 3058 4691 34,33]
3085 4616 3320 4672 Notanda
3348 4625 3433 4670 est
3461 4631 3546 4671 res
3574 4615 3794 4670 multum

2221 4714 2474 4770 mirabilis
2494 4753 2508 4778 ,
2547 4711 2686 4782 quod
2715 4711 2853 4765 nube
2877 4709 3232 4765 descendente
3265 4716 3318 4763 et
3344 4709 3594 4778 implente
3621 4705 3800 4760 taber-

2223 4806 2490 4870 naculum,
2528 4818 2647 4873 qu;e
2675 4811 2847 4855 tamen
2875 4800 3038 4870 gloria
3071 4800 3276 4854 Domini
3318 4797 3537 4863 dicitur,
3565 4812 3670 4851 non
3699 4811 3800 4866 po-

2222 4905 2358 4952 terat
2400 4895 2607 4966 Moyses
2654 4894 2855 4946 intrare
2898 4890 3321 4955 tabernaculum,
3375 4889 3464 4960 qui
3519 4889 3569 4941 in
3618 4895 3802 4942 monte

2223 4987 2367 5044 Sina.
2393 4984 2607 5055 quando
2641 4983 2833 5052 Legem
2867 4981 3108 5052 primitus
3132 4980 3355 5049 acet-pit,
3384 4979 3595 5032 intravit
3623 4979 3676 5030 in
3708 4994 3802 5030 nu-

2223 5077 2343 5131 bem
2383 5075 2472 5130 ubi
2499 5085 2614 5129 erat
2641 5075 2779 5128 Deus
2811 5072 2922 5146 (Id.
2954 5087 3040 5126 xix
3060 5114 3073 5138 ,
3105 5069 3218 5143 20).
3260 5071 3450 5126 Procul
3485 5070 3645 5124 dubio
3671 5085 3801 5138 ergo

2224 5169 2380 5222 aliam
2409 5180 2686 5236 personam
2718 5173 2844 5218 tunc
2871 5164 3161 5233 ﬁgurabat,
3189 5164 3343 5217 aliam
3373 5177 3512 5217 nunc
3546 5181 3559 5217 :
3589 5169 3644 5216 et
3674 5169 3802 5216 tunc

2225 5275 2408 5315 eorum
2432 5259 2518 5328 qui
2548 5258 2828 5328 participes
2859 5257 2988 5312 ﬁunt
3019 5257 3216 5310 intimzr.
3239 5257 3478 5310 veritatis
3505 5255 3631 5320 Dei;
3661 5269 3802 5308 nunc

2226 5361 2402 5406 autem
2428 5349 2754 5414 Judzeornm,
2800 5351 2986 5418 quibus
3012 5349 3174 5420 gloria
3209 5349 3450 5413 Domini,
3491 5363 3609 5417 qua:
3638 5347 3688 5400 in
3717 5355 3800 5400 ta-

2227 5441 2513 5497 bernaculo
2542 5447 2641 5505 cst,
2675 5441 2812 5512 quod
2840 5449 2922 5496 cst
2948 5441 3116 5511 gratia
3146 5439 3338 5494 Christi
3364 5482 3378 5506 ,
3420 5450 3665 5509 tanquam
3699 5454 3800 5490 titt-

2227 5535 2322 5590 bes
2349 5534 2648 5606 opponitur,
2684 5551 2786 5589 non
2813 5550 2929 5589 eam
2957 5532 3371 5604 iulelligcntibus
3395 5575 3409 5600 ,
3441 5542 3494 5586 et
3529 5531 3647 5586 ideo
3690 5546 3799 5584 non

2292 5670 2308 5700 ¹
2350 5672 2433 5731 ttic
2447 5667 2529 5724 ab
2555 5669 2748 5718 excusis
2771 5669 2818 5716 in
2842 5669 3162 5731 qnzestionum
3199 5666 3507 5718 distinctione
3552 5641 3804 5727 incipimus

2226 5730 2479 5778 discedere
2503 5737 2556 5777 ut
2578 5741 2837 5791 sequamur
2859 5730 2960 5779 Mss.

2292 5794 2311 5823 ²
2333 5793 2406 5839 sic
2427 5797 2532 5839 Mss.
2554 5787 2771 5860 eruditio
2789 5792 3157 5854 ttatiswnensis.
3181 5789 3295 5841 Athe
3312 5803 3431 5841 vero
3453 5789 3710 5851 editiones,
3734 5787 3806 5840 vel

2229 5861 2445 5905 sanctum
2466 5860 2633 5903 δωιειι.
