4136 6490
369 445 473 501 65"

369 557 607 612 intrantl
640 555 692 610 in
746 553 1139 609 tabernaculum
1201 549 1505 606 testimonii.
1565 549 1634 602 Et
1682 548 1780 602 hoc
1831 563 1951 602 cre-

369 645 607 702 dendum
648 651 745 701 est~
772 645 936 700 semel
972 644 1198 708 factum,
1243 659 1362 696 tuo:
1399 650 1453 694 ut
1493 640 1834 693 constitutum
1873 649 1955 691 est

368 736 790 798 tabernaculum,
817 734 1218 806 significationis
1239 732 1394 802 hujus
1414 746 1594 796 causa,
1625 729 1707 784 vel
1734 729 1954 798 alicujus

367 828 607 882 alterius.
638 826 820 896 Neque
849 826 990 880 enim
1019 839 1234 894 semper
1257 824 1332 878 sic
1358 831 1472 878 erat
1497 821 1662 876 nubes
1688 836 1846 889 super
1873 830 1952 874 ta-

368 919 738 984 bernaculum,
765 907 823 972 ut
846 917 972 972 illuc
989 916 1197 988 Moyses
1221 916 1417 970 intrare
1443 929 1545 969 non
1575 923 1772 984 posset;
1796 927 1956 983 quan-

369 1011 660 1082 doquidem
693 1026 796 1064 non
830 1010 1205 1064 removebatur
1232 1008 1428 1072 nubes,
1462 1006 1562 1061 nisi
1599 1020 1718 1059 cum
1747 1006 1826 1059 eis
1852 1003 1954 1058 hoc

367 1105 578 1173 signum
607 1101 833 1156 dabatur
856 1100 1212 1172 disjungendi,
1239 1099 1340 1154 hoc
1369 1107 1449 1154 est
1489 1106 1660 1152 castra
1704 1097 1954 1151 movendi

365 1209 431 1248 ex
456 1209 521 1248 eo
541 1193 660 1248 loco
688 1192 774 1246 ubi
797 1203 948 1246 erant
973 1208 987 1253 ;
1015 1189 1378 1255 ct~_aceedendi
1403 1203 1507 1258 quo
1533 1187 1703 1242 nubes
1728 1187 1956 1241 ducebat

367 1299 464 1354 per
489 1283 631 1338 diem
653 1282 900 1353 ,gﬂamma
927 1298 1023 1354 per
1067 1291 1273 1336 noctem
1310 1279 1498 1351 (Exod.
1539 1295 1627 1332 xm
1650 1321 1664 1343 ,
1685 1278 1799 1348 2|).
1825 1281 1953 1343 Qua:

364 1375 474 1429 duo
520 1374 751 1429 vicissim
791 1376 949 1429 etiam
988 1389 1150 1444 super
1191 1373 1584 1426 tabernaculum
1630 1371 1949 1434 manebant,

365 1466 454 1520 ubi
486 1475 658 1521 castra
694 1466 1032 1537 posuissent,
1075 1465 1242 1519 nubes
1290 1480 1382 1544 per
1409 1464 1548 1518 diem
1575 1505 1589 1529 ,
1619 1464 1827 1527 flauima
1860 1478 1953 1532 per

366 1568 604 1621 noctem.

633 1650 846 1716 Quesr.
876 1647 1176 1703 CLXXVII;
1209 1647 1288 1702 De
1319 1646 1680 1702 Tubernaculo.

442 1744 492 1798 1.
526 1743 783 1809 Quoniam
824 1742 956 1797 liber
993 1743 1081 1812 qui
1112 1741 1324 1796 Exodus
1349 1741 1574 1806 dicitur,
1607 1741 1657 1794 in
1689 1739 1948 1795 constitu-

369 1835 514 1888 tinne
545 1833 869 1890 tabernaculi
911 1833 1071 1887 sumit
1116 1833 1430 1897 terminum,
1462 1832 1530 1887 de
1570 1847 1675 1902 quo
1704 1831 1950 1885 taberna.

366 1926 490 1978 culo
521 1925 678 1979 etiam
712 1940 804 1992 per
829 1925 1100 1992 superiora
1139 1922 1376 1992 ejusdem
1408 1922 1526 1976 libri
1565 1923 1727 1976 multa
1767 1922 1949 1976 dicun-

368 2025 475 2080 tur,
499 2030 618 2084 qu:e
646 2013 837 2068 faciant
861 2013 1224 2068 difficultatem
1257 2013 1614 2082 intelligendi,
1643 2013 1779 2067 sicut
1816 2013 1951 2067 solet

367 2105 546 2158 omnis
583 2111 902 2176 τοπογραᾳὶα,
943 2103 992 2158 id
1039 2113 1121 2158 est
1165 2103 1266 2158 loci
1307 2104 1530 2172 alicujus
1569 2103 1855 2174 descriptio
1896 2104 1948 2158 in

366 2199 512 2252 omni
546 2197 760 2252 historia
793 2197 999 2263 facere;
1033 2197 1200 2251 visum
1232 2207 1313 2251 est
1350 2195 1478 2249 mihi
1505 2195 1571 2250 (le
1599 2203 1708 2249 toto
1735 2196 1848 2264 ipso
1873 2204 1950 2249 ta-

367 2289 654 2344 bernaculo
682 2290 961 2358 separatim
989 2288 1164 2342 dicere
1185 2329 1201 2354 ,
1241 2303 1346 2357 quo
1385 2288 1734 2358 intelligatur,
1762 2287 1806 2342 si
1836 2287 1948 2342 fieri

366 2389 562 2450 potest,
591 2381 743 2451 quale
771 2381 918 2447 illud,
951 2391 1004 2435 ct
1032 2382 1156 2452 quid
1187 2381 1360 2447 fuerit,
1390 2381 1598 2436 interim
1626 2381 1949 2452 proprietate

367 2471 687 2524 narrationis
713 2471 948 2539 inspecta
969 2472 1024 2537 ⁸,
1058 2480 1110 2525 et
1140 2471 1356 2537 inlaliud
1389 2480 1595 2541 tempus
1624 2458 1785 2525 dilata
1819 2471 1949 2540 ligu-

367 2570 480 2616 rata
510 2560 896 2631 significatione
932 2580 944 2617 :
974 2577 1145 2632 neque
1173 2563 1312 2628 enim
1339 2562 1533 2632 aliquid
1560 2563 1628 2628 ibi
1665 2562 1825 2616 fuisse
1851 2577 1947 2632 pu-

369 2653 588 2706 tandum
634 2661 742 2718 est,
783 2651 925 2723 quod
972 2652 1193 2722 jubente
1235 2653 1346 2708 Deo
1383 2653 1799 2707 constitueretur
1833 2653 1948 2706 sine

367 2747 592 2818 alicujus
624 2762 827 2818 magnae
852 2747 927 2801 rei
954 2757 1312 2813 sacramento,
1345 2747 1498 2817 cujus
1531 2746 1760 2818 cognitio
1791 2745 1948 2800 [idem

369 2837 702 2909 formamque
728 2839 938 2908 pietatis
963 2839 1206 2900 :edillect,

439 2928 493 2982 2.
527 2925 628 3000 [11).
657 2944 805 2993 xxvr,
828 2929 878 2994 1,
900 2927 977 3003 6.]
1003 2930 1156 2984 Jubet
1178 2945 1304 2999 ergo
1330 2929 1468 2983 Deus
1487 2927 1648 2999 Moysi
1678 2927 1851 2982 facere
1879 2936 1950 2982 ta-

371 3009 716 3072 bernaculum
744 3018 925 3072 decem
957 3006 1241 3073 aulicorum
1269 3019 1334 3073 de
1365 3020 1524 3090 bysso
1552 3027 1707 3084 torta,
1738 3027 1789 3072 et
1817 3018 1948 3088 hya-

369 3107 573 3169 cintho,
622 3116 675 3162 et
717 3124 945 3177 purpura
971 3151 986 3175 ,
1016 3121 1068 3164 et
1094 3124 1256 3164 cocco
1283 3118 1440 3175 torto,
1470 3108 1753 3164 Cherubim
1788 3124 1951 3179 Opere

371 3198 593 3252 textoris
648 3215 662 3252 :
717 3189 919 3261 αὖλαιας
968 3214 1098 3270 quas
1157 3200 1327 3255 Graaci
1391 3201 1712 3270 appellant,
1776 3199 1948 3254 Latini

369 3288 538 3343 anima
579 3289 902 3358 perhibent,
941 3306 1072 3360 quas
1112 3292 1342 3346 cortinas
1375 3293 1532 3362 vulgo
1578 3302 1791 3347 vocant.
1831 3291 1949 3348 Non

369 3395 498 3450 ergo
528 3380 711 3436 decem
741 3383 874 3436 atria
902 3381 1011 3437 ﬁeri
1033 3383 1207 3453 jussit,
1234 3384 1368 3438 sicut
1387 3386 1598 3454 quidam
1624 3385 1950 3456 negligenter

370 3470 700 3542 interpretati
729 3483 853 3527 sunt
885 3490 897 3526 :
932 3489 1036 3528 non
1058 3475 1198 3529 enim
1225 3480 1371 3536 αὐλὰς
1394 3515 1408 3542 ,
1441 3474 1534 3530 sed
1563 3480 1763 3538 αὐλαίας
1794 3476 1947 3530 dixit.

369 3559 544 3632 Opere
583 3577 709 3632 ergo
751 3564 915 3618 textili
946 3563 1233 3620 Clierubim
1272 3566 1429 3634 jussit
1471 3566 1522 3621 in
1568 3568 1750 3622 aulaeis
1795 3568 1905 3624 fieri
1932 3610 1948 3635 ,

369 3667 596 3722 quorum
627 3652 916 3718 anlzeorum
945 3656 1322 3725 longitudinem
1359 3673 1480 3718 esse
1518 3659 1770 3734 praecepit
1798 3660 1948 3716 cubi-

373 3753 549 3799 torum
575 3745 756 3822 viginti
785 3756 921 3813 octo,
955 3757 1010 3804 et
1034 3749 1364 3806 latitudinem
1385 3751 1682 3808 cubitorum
1705 3763 1946 3824 quatuor.

372 3835 657 3893 Cobmrere
681 3846 857 3892 autem
885 3839 1109 3895 invicem
1137 3841 1304 3896 aulzea
1325 3881 1340 3908 ,
1371 3852 1424 3897 et
1454 3843 1701 3915 conjungi
1729 3846 1867 3900 inter
1893 3863 1951 3903 se

371 3929 606 3998 quinque
638 3929 780 3994 hinc,
814 3937 870 3984 et
899 3931 1131 4002 quinque
1174 3933 1316 3998 inde,
1359 3942 1416 3988 ut
1441 3935 1668 4004 spatium
1694 3937 1834 4007 quod
1873 3940 1952 3994 eis

369 4021 709 4089 cingeretur,
735 4019 840 4076 hoc
869 4031 1012 4078 esset
1043 4024 1364 4079 tabernaculi
1395 4028 1643 4096 Spatium.
1674 4028 1951 4096 Quomodo

369 4122 548 4164 autem
582 4112 721 4166 inter
758 4127 817 4167 se
855 4124 1297 4169 connecterentur
1325 4115 1509 4170 eadem
1551 4117 1708 4186 quina
1738 4119 1904 4173 aulica
1931 4162 1946 4187 ,

371 4202 443 4256 ita
487 4203 736 4273 prtrcepit
757 4244 773 4271 ,
807 4203 985 4259 Facies
1026 4206 1128 4259 illis
1151 4247 1166 4272 ,
1201 4207 1396 4276 inquit,
1429 4223 1578 4261 ansas
1604 4209 1951 4279 hyacinthinus

371 4294 422 4346 in
455 4311 544 4346 ora
573 4311 772 4348 summa
796 4296 950 4350 aulazi
985 4295 1135 4350 unius
1176 4313 1239 4351 ex
1276 4314 1379 4350 una
1407 4307 1549 4367 parte
1582 4299 1632 4353 in
1662 4303 1953 4356 commissu-

370 4400 520 4452 ram;
549 4396 597 4440 et
623 4386 694 4440 sic
723 4387 880 4459 facies
904 4389 1163 4457 superiora
1197 4405 1394 4442 summa
1432 4389 1452 4421 ³
1482 4391 1550 4443 ad
1574 4393 1950 4447 commissura»:

369 4479 645 4531 secundam
675 4494 694 4532 :
731 4477 785 4533 id
826 4487 944 4548 est,
985 4479 1070 4533 ubi
1099 4480 1447 4535 committitur
1480 4483 1705 4537 animum
1749 4484 1950 4551 animo,

371 4570 588 4623 tertium
620 4570 825 4626 scilicet
861 4570 1128 4635 secundo,
1170 4571 1310 4640 quod
1353 4573 1644 4628 secundum
1681 4573 1792 4644 jam
1830 4591 1951 4630 cum

373 4660 546 4728 primo
566 4660 909 4715 commissum
948 4669 1050 4723 est,
1083 4661 1132 4715 id
1156 4671 1237 4716 est
1269 4663 1609 4733 conjunctnm
1641 4675 1800 4736 atque
1832 4683 1954 4727 con-

371 4765 591 4816 nexum,
621 4748 808 4804 faciem
837 4759 1019 4804 contra
1045 4750 1230 4806 faciem
1261 4753 1604 4808 consistentia
1639 4770 1703 4810 ex
1729 4756 1954 4816 adverso

371 4839 614 4909 singula;
645 4839 891 4909 quoniam
919 4841 1058 4898 inter
1081 4855 1139 4895 se
1167 4840 1325 4911 jussit
1352 4843 1510 4911 quina
1538 4843 1560 4874 ⁸
1585 4845 1833 4916 conjungi
1852 4889 1866 4912 ,
1897 4857 1954 4901 ut

371 4942 437 4984 ex
479 4929 707 4984 adverso
741 4931 1210 4984 constituerentur.
1245 4930 1435 4987 Utrum
1477 4943 1656 4989 autem
1695 4936 1953 5006 quadrum

371 5021 602 5089 spatium
630 5019 712 5074 his
768 5020 1182 5075 concluderetur
1205 5063 1220 5088 ,
1253 5037 1320 5076 an
1352 5023 1636 5091 rotundum
1661 5066 1676 5091 ,
1719 5027 1952 5082 nondum

370 5119 592 5180 apparet
616 5128 629 5174 ;
660 5110 753 5166 sed
781 5111 1055 5181 apparebit
1081 5127 1201 5167 cum
1242 5111 1308 5168 de
1335 5115 1597 5169 columnis
1626 5118 1848 5187 eruperit
1871 5118 1955 5187 di-_

371 5217 517 5269 cere,
541 5201 732 5271 quibus
762 5203 1148 5271 protenduntur
1186 5205 1372 5258 aulaea.
1419 5206 1534 5270 Non
1563 5223 1689 5278 ergo
1731 5211 1958 5281 amplius

369 5310 531 5366 quam
557 5295 624 5350 de
662 5294 819 5349 trium
849 5298 1182 5352 eounexione
1221 5297 1401 5355 dicere
1432 5302 1627 5368 voluit,
1661 5319 1779 5373 qua:
1817 5303 1872 5358 lit
1902 5305 1954 5360 in

436 5469 451 5500 ⁸
474 5473 524 5517 In
548 5467 712 5523 editis,
734 5465 950 5529 intrarit.
971 5474 1018 5516 tn
1041 5475 1169 5529 Mss,
1192 5470 1387 5522 intrant.

433 5532 454 5560 ¹
471 5528 642 5602 plures
664 5535 770 5602 uss.
786 5562 802 5602 ,_
813 5525 1002 5602 arteria}
1011 5532 1075 5579 ad
1085 5525 1422 5602 proprietatem
1435 5535 1738 5602 narrationis,
1758 5546 1959 5602 excepta

436 5546 454 5560 -
474 5546 642 5578 riui-es
664 5546 770 5578 uss.
786 5562 800 5586 ,
813 5546 1074 5598 uitet-urina
1085 5546 1422 5642 pr‘qpricwtem
1435 5546 1738 5596 narrationis,
1758 5546 1959 5602 excepta

371 5589 482 5651 (uel
503 5596 808 5657 exspectata)
827 5625 841 5649 ,
869 5594 931 5657 _et
972 5604 1022 5640 in
1053 5606 1083 5640 a
1103 5607 1135 5641 ιι
1191 5628 1205 5652 ,
1231 5603 1336 5657 εις.
1364 5599 1570 5647 Vaticani
1606 5599 1733 5648 duo:
1764 5607 1959 5652 Interun

372 5656 604 5720 quantum
625 5653 688 5701 ad
713 5651 1051 5720 proprietatem
1074 5651 1361 5720 narrationis
1389 5665 1588 5720 spectat,
1612 5668 1656 5709 ct
1678 5659 1729 5708 in
1752 5660 1902 5710 aliud.

436 5715 456 5746 ³
473 5713 737 5783 sic‘inttss‘.
764 5713 815 5767 ei
837 5713 961 5777 apud
985 5723 1109 5766 LXX.
1137 5725 1190 5768 At
1213 5719 1260 5766 in
1287 5713 1446 5782 editis,
1469 5713 1616 5783 facies
1637 5734 1958 5772 summum.—

369 5784 419 5845 ιιι
438 5775 682 5845 ,δη-[ιιιτὶρες
705 5791 848 5842 super
868 5775 963 5845 ora
980 5792 1181 5830 summa.
1211 5787 1264 5829 Μ.

432 5841 454 5872 ⁴
477 5841 610 5903 miti,
637 5851 710 5888 ea.
737 5841 861 5906 Mss,
882 5841 1041 5905 quina.

1751 5924 1756 5928 -
1787 5914 1832 5932 -ο

1676 435 1875 490 NBER
1914 435 2286 491 SECUNDUS.

3535 447 3640 505 658

2057 549 2262 604 duabus
2290 553 2672 622 commissuris,
2695 557 2912 611 secundi
2941 559 3281 628 ad‘primum,
3309 572 3356 615 et
3394 563 3532 617 tertii
3561 567 3629 619 ad

2059 642 2366 708 secundum,
2408 655 2464 699 ut
2493 663 2555 700 ex
2588 646 2686 702 hac
2714 649 2873 703 veluti
2902 653 3078 720 regula
3110 662 3300 708 cmtera
3340 653 3635 726 iungeren-

2060 741 2162 786 tur.
2195 733 2364 787 Ansas
2393 750 2518 803 ergo
2545 739 2797 808 praecepit
2827 740 2936 794 fieri
2977 728 3147 810 primo
3173 744 3344 798 animo
3371 747 3635 817 quinqua-

2057 822 2222 891 ginta,
2253 839 2316 878 ex
2347 840 2447 878 una
2480 837 2628 896 parte
2654 845 2754 898 qua
2788 831 2860 884 illi
2894 831 3062 886 fuerat
3085 835 3522 893 committendum
3551 855 3638 894 se-

2057 913 2321 978 cundum;
2365 925 2419 970 et
2457 932 2612 976 ansas
2641 921 3012 991 quinquaginta
3041 926 3197 979 tertio
3221 928 3424 991 aulaeo,
3467 943 3532 983 ex
3575 946 3637 985 ca

2060 1011 2211 1071 parte
2240 1019 2341 1074 qua
2379 1007 2612 1060 secundo
2653 1011 3072 1080 cenjnngebatur
3099 1031 3111 1066 :
3142 1015 3311 1083 ipsum
3345 1029 3520 1073 autem
3551 1034 3638 1074 se-

2056 1095 2285 1149 cundum
2312 1138 2326 1162 ,
2369 1097 2419 1150 id
2460 1107 2544 1152 est
2583 1099 2718 1153 inter
2758 1112 3007 1171 utrasque
3043 1119 3200 1158 ansas
3237 1109 3637 1179 quinquagenas

2057 1187 2310 1253 medium,
2344 1189 2571 1244 circulos
2597 1190 2790 1247 habere
2821 1195 3388 1267 voluit-quinquaginta
3419 1215 3633 1265 aureos,

2056 1279 2236 1348 utique
2259 1295 2321 1334 ex
2347 1296 2447 1334 una
2479 1291 2644 1351 parte,
2678 1299 2776 1352 per
2797 1301 2928 1352 quos
2949 1287 3360 1358 conjungcrctur
3382 1291 3637 1362 quinqua-

2056 1370 2198 1440 ginta
2237 1373 2380 1426 ansis
2405 1374 2557 1427 aulaei
2585 1374 2771 1445 primi;
2801 1391 2864 1430 ac
2893 1393 2988 1446 per
3018 1379 3120 1434 hoc
3163 1396 3493 1451 consequens
3520 1394 3636 1439 erat

2057 1471 2199 1516 nt-ex
2230 1463 2332 1518 alia
2354 1480 2563 1536 quoque
2594 1477 2741 1537 parte
2766 1469 2991 1524 circulos
3018 1471 3234 1527 totidem
3263 1473 3502 1541 haberet,
3541 1493 3636 1546 per

2053 1570 2186 1622 quos
2211 1557 2622 1626 conjungeretur
2649 1559 2794 1612 ansis
2821 1562 2972 1615 animi
3013 1562 3174 1618 tertii.
3216 1563 3365 1632 Quod
3400 1566 3636 1622 breviter

2053 1647 2323 1716 Scriptura
2374 1651 2440 1703 ita
2491 1651 2666 1704 dixit:
2703 1651 2764 1704 Et
2812 1653 2967 1721 {acies
3013 1656 3225 1711 circulos
3270 1659 3636 1729 quinquaginta

2053 1755 2252 1805 aureos,
2281 1750 2326 1792 et
2352 1742 2623 1812 conjungcs
2649 1745 2867 1796 aulicam
2896 1745 2964 1797 ad
2983 1746 3201 1800 aularum
3226 1749 3447 1816 circulis,
3470 1759 3516 1803 ct
3541 1752 3634 1804 erit

2044 1829 2428 1884 tabernaculum
2470 1848 2645 1885 unum.
2687 1833 2882 1888 Circuli
2921 1851 3049 1905 ergo
3075 1838 3448 1908 quinquaginta
3485 1842 3631 1896 aurci

2053 1922 2270 1975 secundi
2294 1923 2470 1986 aulasi,
2496 1924 2863 1979 inserebantur
2887 1928 3261 1998 quinquaginta
3290 1931 3434 1984 ansis
3461 1931 3476 1962 ¹
3510 1931 3633 2003 hya-

2052 2011 2306 2066 cinthinis
2338 2013 2489 2081 primi
2511 2015 2661 2068 aulasi
2685 2033 2698 2079 ;
2724 2017 3097 2086 quinquaginta
3116 2021 3295 2074 circuli
3321 2021 3632 2076 insereban-

2053 2108 2140 2156 tur
2171 2110 2226 2156 ct
2265 2103 2641 2174 quinquaginta
2686 2107 2830 2159 ansis
2877 2107 3014 2160 tertii
3063 2109 3250 2176 aulici;
3283 2118 3337 2164 et
3379 2109 3632 2182 deinceps

2053 2192 2125 2246 ita
2187 2193 2362 2246 czcteri
2409 2197 2880 2262 conuectebantur,
2917 2207 2974 2250 ut
3019 2199 3252 2268 quinque
3299 2199 3628 2268 complecte-

2051 2292 2255 2347 rentur,
2276 2295 2431 2354 atque
2457 2301 2521 2340 ex
2553 2285 2770 2341 adversa
2801 2297 2952 2357 parte
2976 2289 3076 2342 alia
3106 2290 3351 2344 similiter
3376 2292 3628 2361 quinque.

2123 2375 2175 2429 5.
2207 2372 2310 2446 [11).
2343 2374 2517 2448 7-11.]
2551 2376 2747 2431 Deinde
2776 2378 2919 2441 dicit,
2953 2377 3018 2431 Et
3048 2379 3199 2448 [acies
3233 2380 3340 2434 vela
3366 2383 3632 2452 capillaria

2052 2468 2246 2538 aperire
2270 2485 2418 2537 super
2441 2467 2814 2522 tabernaculum
2845 2485 2863 2523 :
2892 2470 2941 2523 id
2972 2479 3082 2535 est,
3113 2487 3230 2541 qua:
3259 2474 3498 2527 venirent
3529 2490 3623 2527 su-

2051 2571 2174 2626 per,
2207 2572 2308 2610 non
2335 2573 2364 2610 a
2397 2566 2542 2626 parte
2567 2559 2723 2624 tecti,
2767 2558 2860 2612 sed
2905 2561 3346 2630 supereingendo.
3395 2561 3625 2616 Dicimus

2051 2649 2192 2702 enim
2225 2655 2277 2701 et
2311 2647 2388 2701 sic
2429 2647 2625 2716 aliquid
2665 2650 2980 2718 superponi,
3030 2665 3133 2703 non
3177 2651 3624 2720 quemadmodum

2052 2743 2249 2790 tectum
2280 2736 2469 2790 domus
2491 2778 2504 2802 ,
2546 2737 2640 2792 sed
2680 2739 3119 2808 quemadmodum
3150 2741 3426 2796 tectorium
3455 2742 3630 2811 parie-

2051 2825 2138 2888 tis,
2171 2834 2417 2896 tanquam
2447 2841 2605 2896 super
2636 2827 2827 2882 lineam
2860 2828 3094 2884 fasciam.
3131 2829 3404 2897 Undecim,
3437 2828 3624 2902 inquit,

2050 2919 2159 2972 vela
2186 2919 2341 2988 [acies
2373 2936 2448 2972 ea.
2478 2918 2761 2990 Longitudo
2792 2920 2886 2974 veli
2913 2922 3060 2977 unius
3087 2924 3178 2976 erit
3205 2924 3409 2994 triginta
3435 2925 3626 2979 cubito-

2050 3025 2186 3075 rum,
2211 3019 2257 3063 et
2283 3019 2496 3080 quatuor
2528 3011 2801 3065 cubitorum
2829 3012 3040 3066 latitudo
3060 3013 3154 3066 veli
3174 3015 3321 3068 unius
3351 3030 3368 3067 :
3394 3031 3628 3068 mensura

2052 3101 2224 3154 eadem
2250 3102 2342 3155 erit
2369 3102 2596 3155 undecim
2624 3102 2862 3156 velorum.
2888 3103 2954 3156 Et
2988 3105 3262 3174 conjunges
3281 3105 3496 3175 quinque
3517 3107 3625 3160 vela

2051 3191 2104 3245 in
2133 3208 2222 3257 se,
2265 3201 2310 3246 et
2354 3209 2442 3246 sea:
2480 3195 2587 3248 vela
2615 3195 2666 3248 in
2707 3211 2778 3249 se.
2811 3195 3088 3262 Quomodo
3124 3197 3211 3252 illa
3257 3199 3421 3253 aulara
3463 3199 3628 3254 voluit

2051 3281 2210 3351 quina
2241 3281 2508 3351 conjungi,
2535 3282 2611 3336 sie
2639 3283 2735 3337 ista
2765 3285 2878 3338 vela
2909 3285 3138 3356 quinque
3166 3297 3220 3342 et
3242 3302 3357 3353 sex,
3385 3304 3503 3359 qua:
3532 3305 3626 3343 uu-

2052 3374 2222 3430 deeim
2251 3384 2420 3439 erant,
2449 3391 2553 3429 non
2580 3375 2785 3430 decem.
2821 3375 2884 3430 Et
2904 3377 3202 3448 duplicabis,
3233 3380 3431 3451 inquit,
3461 3381 3624 3435 uelum

2052 3477 2245 3521 sextum
2286 3467 2555 3521 secundum
2602 3469 2780 3538 facient
2826 3472 3134 3526 tabernaculi
3177 3487 3196 3526 :
3239 3488 3304 3528 ne
3343 3475 3624 3529 moveret'

2053 3559 2171 3629 quia
2202 3559 2513 3630 impariliter
2541 3560 2851 3637 alterutrum
2893 3563 3227 3618 incurrebant
3265 3579 3358 3619 sex
3395 3576 3447 3622 et
3473 3566 3630 3636 quin-

2053 3665 2174 3720 que.
2211 3649 2407 3706 Deinde
2433 3650 2562 3706 dicit
2589 3652 2746 3707 etiam
2777 3653 2873 3707 ista
2901 3653 3013 3708 vela
3043 3653 3336 3725 capillacia,
3367 3658 3622 3728 quemad-

2053 3739 2269 3794 modum
2295 3739 2507 3795 sibimet
2527 3740 2892 3811 juugercntur.
2933 3743 3000 3797 Et
3028 3743 3166 3798 idem
3193 3743 3355 3812 dicit,
3386 3745 3478 3802 sed
3513 3747 3624 3801 for-

2056 3838 2198 3885 tasse
2222 3830 2448 3900 planius,
2483 3831 2546 3886 Et
2567 3833 2720 3903 facies
2741 3875 2755 3898 ,
2788 3833 2986 3904 inquit,
3019 3851 3170 3890 ansas
3195 3837 3552 3910 quinquaginta
3575 3841 3628 3893 in

2055 3936 2146 3974 ora
2170 3922 2265 3974 veli
2288 3921 2459 3988 unius,
2485 3922 2620 3991 quod
2641 3933 2816 3976 contra
2837 3924 3054 3979 medium
3077 3935 3150 3979 est
3172 3968 3184 3990 ,
3222 3927 3272 3981 id
3300 3937 3375 3982 est
3398 3971 3412 3994 ,
3441 3939 3626 3984 contra

2055 4011 2342 4067 secundum
2363 4053 2375 4077 ,
2405 4012 2524 4082 quia
2553 4013 2722 4082 ipsum
2760 4015 2862 4069 erit
2886 4016 3119 4072 medium
3157 4017 3295 4073 inter
3319 4021 3546 4090 primum
3575 4029 3630 4076 et

2056 4105 2268 4160 tertium
2298 4123 2312 4160 :
2341 4107 2614 4160 secundum
2639 4108 3046 4175 commissuram,
3078 4109 3131 4164 id
3159 4119 3241 4165 est
3262 4151 3276 4174 ,
3300 4110 3623 4181 juncturam.

2058 4193 2120 4247 Et
2145 4197 2505 4267 quinquaginta
2533 4213 2682 4251 ansas
2700 4197 2852 4266 facies
2871 4217 3020 4270 super
3047 4216 3188 4254 oram
3212 4201 3326 4269 veli,
3350 4204 3484 4271 quod
3507 4220 3624 4258 con-

2047 4286 2284 4355 junctum
2315 4297 2384 4340 est
2419 4287 2486 4340 ad
2500 4287 2796 4341 secundum
2821 4289 3018 4353 velum,
3065 4289 3114 4344 id
3155 4299 3236 4344 est
3273 4305 3432 4360 super
3477 4308 3628 4349 oram

2057 4377 2194 4432 tertii
2224 4380 2346 4441 veli,
2374 4394 2475 4448 qua
2505 4379 2841 4450 conjungitur
2866 4380 3117 4435 secundo.
3151 4381 3214 4434 Et
3236 4384 3388 4454 facies
3411 4389 3627 4440 circulos

2054 4483 2209 4521 arcos
2237 4470 2597 4540 quinquaginta
2620 4509 2635 4535 ,
2675 4479 2718 4523 et
2743 4472 3014 4541 conjunges
3040 4471 3252 4526 circulos
3279 4474 3342 4527 de
3372 4476 3546 4539 ansis;
3583 4483 3630 4530 et

2053 4560 2324 4631 conjunges
2349 4560 2475 4626 vela,
2505 4569 2550 4614 et
2578 4561 2668 4613 erit
2698 4577 2872 4613 unum.
2897 4561 3132 4616 Circulos
3159 4578 3285 4634 ergo
3311 4564 3486 4620 medio
3514 4567 3630 4621 velo

2055 4649 2219 4703 voluit
2246 4651 2436 4721 apponi
2463 4693 2477 4716 ,
2521 4650 2571 4704 id
2617 4661 2698 4706 est
2735 4651 3006 4720 secundo,
3051 4654 3241 4723 quibus
3283 4658 3628 4728 quiquageuis

2055 4740 2197 4794 ansis
2217 4740 2527 4810 jnngcretur
2553 4742 2722 4811 primo
2764 4752 2814 4798 et
2853 4745 3028 4800 tertio.
3058 4744 3194 4799 Nihil
3227 4746 3313 4802 hic
3341 4749 3479 4804 aliud
3509 4760 3590 4805 est
3609 4792 3624 4818 ,

2055 4830 2156 4884 nisi
2195 4832 2336 4901 quod
2364 4833 2590 4888 circulos
2615 4849 2718 4888 non
2746 4850 2936 4891 aureos
2960 4879 2974 4900 ,
3011 4837 3106 4891 sed
3137 4854 3304 4894 aereos
3336 4841 3449 4896 ﬁeri
3487 4859 3628 4899 nunc

2056 4925 2325 4993 praecepit.
2368 4929 2538 4981 Ansas
2566 4935 2739 4981 autem
2785 4927 2834 4981 in
2874 4929 3053 4984 animis
3093 4927 3458 5001 byacintbinas
3486 4934 3630 4989 dixe-

2057 5024 2138 5068 rat
2177 5033 2188 5068 :
2222 5015 2271 5068 in
2302 5016 2433 5070 velis
2461 5025 2635 5072 autem
2668 5018 2953 5088 capillaciis
2981 5021 3227 5089 quoniam
3260 5024 3421 5077 tacuit
3448 5025 3631 5092 cujus-

2059 5106 2199 5160 modi
2229 5116 2407 5160 essent
2430 5123 2594 5174 ansm,
2621 5109 2746 5178 quid
2768 5108 2868 5164 nisi
2890 5111 3187 5180 eapillacias
3211 5127 3303 5168 eas
3327 5115 3632 5172 credibilius

2058 5197 2165 5250 acei
2173 5199 2344 5266 pimus
2363 5197 2386 5250 ?

2128 5287 2181 5341 4.
2214 5286 2311 5361 [11).
2339 5287 2544 5362 12‹14.]
2570 5289 2719 5356 Quod
2751 5289 2942 5346 deinde
2966 5293 3204 5363 sequitur
3231 5295 3297 5350 ita
3325 5306 3408 5351 est
3449 5299 3513 5353 ad
3544 5299 3628 5353 in-

2061 5379 2399 5449 telligendum
2427 5381 2662 5446 difficile,
2692 5394 2747 5437 ut
2775 5400 2959 5441 verear
2986 5404 3054 5444 ne
3080 5392 3392 5460 exponendo
3422 5395 3509 5447 fiat
3538 5395 3635 5447 οι».

2059 5472 2280 5526 scurius.
2313 5472 2444 5525 Dicit
2480 5473 2620 5527 enim
2643 5516 2656 5539 ,
2700 5475 2766 5528 Et
2794 5493 3044 5548 suppones
3083 5481 3134 5534 in
3173 5483 3293 5535 uelis
3321 5484 3631 5540 tabernaculi

2123 5606 2138 5636 ¹
2163 5609 2215 5652 ιιι
2239 5606 2432 5671 excusis
2453 5605 2750 5671 deera_utbic
2770 5608 2944 5659 decem
2969 5612 3142 5671 verba,
3175 5628 3300 5664 nunc
3321 5619 3545 5667 restituta
3571 5633 3634 5671 ex

2059 5667 2283 5775 :ls'fiugui
2305 5665 2447 5728 paulo
2471 5675 2574 5730 post
2597 5669 2796 5733 habent,
2815 5665 3194 5738 complerentur;
3228 5691 3330 5738 pro,
3355 5665 3634 5744 ερῂέριεἷαξζ

2087 5740 2112 5774 (⁷
2231 5762 2242 5773 ο

2122 5789 2353 5864 fiexcusi,
2370 5801 2429 5864 ne
2445 5797 2725 5864 moveretur.
2751 5801 2877 5856 Mss,
2897 5809 2956 5848 ne
2972 5806 3193 5861 maceret,
3215 5799 3260 5849 id
3281 5808 3376 5864 est,
3398 5817 3462 5852 ne
3487 5802 3630 5854 faces

2063 5857 2195 5900 seret
2219 5849 2561 5902 ditlicultatctn.
