4136 6468
540 407 644 464 659

537 520 802 576 dimidium
827 518 920 572 veli
947 515 1079 587 quod
1109 514 1412 587 superaverit
1430 552 1446 578 ,
1478 509 1702 580 subteges
1725 506 1858 578 quod
1885 505 2106 559 abundat

537 612 600 666 de
617 612 735 665 velis
753 608 1076 672 tabernaculi,
1094 607 1318 676 subtcges
1333 613 1444 674 post
1461 599 1854 654 tabernaculum.
1879 594 2108 649 Cubitum

538 719 601 757 ex
617 702 732 768 hoc,
746 709 792 755 et
816 697 1033 754 cubitum
1050 713 1111 751 ea:
1121 697 1232 757 hoc,
1250 711 1312 749 ea:
1331 710 1388 748 eo
1413 691 1546 763 quod
1569 697 1769 758 superat
1792 685 1911 740 velis
1921 684 1983 739 de
1995 685 2110 736 lon-

540 793 764 864 gitudine
787 789 1008 862 velorum
1033 787 1358 849 tabernaculi,
1383 786 1474 839 erit
1495 792 1755 853 contegens
1775 795 1925 848 super
1954 777 2112 830 latera

540 881 868 948 tabernaculi,
891 881 1006 943 hinc
1031 889 1177 952 atque
1201 877 1317 932 hinc
1336 886 1387 931 ut
1411 873 1622 946 aperiat.
1644 872 1776 927 Cum
1797 878 2002 924 sextum
2023 880 2113 920 ve-

540 978 650 1036 lum
675 975 892 1047 jusserit
914 972 1166 1042 duplicari
1201 968 1491 1024 secundum
1530 966 1716 1022 faciem
1753 952 2109 1026 tabernaculi,

539 1068 664 1139 quid
677 1067 815 1122 dicat
829 1079 1079 1136 superare
1097 1062 1148 1116 in
1162 1061 1291 1116 velis
1309 1058 1583 1114 dimidium
1600 1057 1723 1121 veli;
1743 1063 1797 1112 ct
1815 1052 1939 1124 quid
1952 1050 2110 1114 dicat,

538 1157 772 1215 Cubitum
791 1171 854 1210 ea:
873 1155 987 1221 hoc,
1016 1161 1060 1208 et
1086 1151 1306 1207 cubitum
1330 1167 1393 1205 ea:
1418 1151 1532 1217 hoc,
1559 1163 1680 1204 cum
1707 1144 1978 1200 dimidium
2009 1139 2113 1202 veli

539 1246 839 1320 quindecim
875 1243 1050 1300 cubita
1086 1243 1192 1297 sint
1214 1283 1231 1310 ,
1277 1241 1524 1311 quoniam
1564 1238 1780 1309 triginta
1813 1234 2112 1289 cubitorum

535 1341 694 1412 jussit
720 1352 840 1396 esse
865 1351 1028 1392 unum
1052 1335 1226 1392 velum
1252 1375 1268 1400 ,
1296 1333 1413 1404 quis
1437 1331 1588 1388 facile
1614 1326 1910 1398 intelligat?
1941 1325 2045 1383 Aut
2069 1322 2114 1378 si

539 1437 815 1502 propterea
837 1435 1050 1498 superat
1073 1425 1140 1481 de
1164 1423 1490 1495 longitudine
1511 1422 1771 1484 velorum,
1797 1417 1918 1488 quia
1945 1415 2115 1485 prima

537 1523 703 1577 aulaea
733 1519 800 1576 de
823 1519 983 1591 bysso
1012 1526 1066 1574 et
1092 1530 1252 1576 cocco
1289 1525 1343 1571 et
1375 1528 1608 1588 purpura
1633 1521 1688 1566 et
1713 1507 2000 1582 hyacintho
2032 1505 2112 1560 vi-

535 1612 667 1688 ginti
709 1620 831 1666 octo
867 1608 1059 1665 cubitis
1081 1607 1236 1678 longa
1265 1621 1382 1662 esse
1410 1603 1659 1676 praecepit
1683 1644 1698 1675 ,
1743 1602 1843 1656 ista
1871 1613 2000 1666 vero
2020 1612 2114 1688 ca-

539 1687 748 1774 pillacia
773 1702 982 1772 triginta
1007 1699 1303 1759 cubitorum
1327 1712 1446 1758 esse
1473 1695 1664 1761 voluit,
1694 1692 1899 1748 duobus
1923 1687 2116 1744 cubitis

536 1803 852 1866 superantur
889 1792 1091 1864 singula
1123 1791 1290 1846 aulaea
1318 1805 1349 1845 a
1377 1788 1596 1858 singulis
1621 1785 1752 1844 velis
1777 1781 2064 1854 capillaciis
2098 1797 2112 1835 :

536 1901 655 1956 quze
685 1886 736 1940 in
775 1899 1036 1944 summam
1075 1883 1254 1948 ducta,
1282 1889 1508 1950 excepto
1530 1877 1811 1933 undecimo
1840 1873 1982 1945 quod
2013 1875 2114 1927 du-

536 1976 918 2055 plicarijussit,
947 1972 1130 2044 viginti
1150 1972 1322 2028 cubita
1357 1977 1701 2035 excrescunt,
1729 1967 1917 2037 quibus
1953 1978 2114 2039 supe-

535 2077 684 2135 ratur
711 2066 940 2126 ambitus
975 2065 1267 2120 aulaeorum
1309 2060 1506 2116 ambitu
1547 2057 1964 2129 capillaciorum.
2003 2054 2113 2110 De-

538 2173 655 2221 cem
699 2157 893 2229 quippe
935 2155 1173 2222 velorum
1220 2153 1396 2223 cubita
1441 2150 1564 2206 bina
1589 2191 1605 2216 ,
1646 2147 1834 2219 quibus
1875 2145 2114 2216 longiora

537 2256 711 2313 erant,
740 2247 923 2318 viginti
950 2245 1148 2302 faciunt
1175 2261 1188 2298 :
1219 2258 1444 2318 quorum
1473 2256 1538 2298 ex
1565 2249 1789 2309 utroque
1816 2238 1980 2294 latere
2019 2234 2116 2290 de-

538 2355 654 2397 cem
681 2339 804 2394 hinc
831 2348 885 2394 et
919 2337 1104 2393 decem
1149 2335 1271 2390 inde
1306 2339 1549 2404 poterant
1576 2343 1860 2400 superare,
1890 2341 1997 2382 non
2023 2340 2115 2379 cu-

540 2430 710 2486 bitum
740 2444 807 2484 ex
835 2428 936 2483 hoc
965 2435 1020 2482 et
1048 2426 1282 2482 cubitum
1309 2439 1372 2479 ex
1404 2423 1506 2478 hoc
1525 2463 1540 2488 ,
1569 2421 1706 2476 sicut
1733 2419 2004 2488 Scriptura
2031 2417 2112 2471 lo-

537 2521 735 2590 quitur.
765 2518 1097 2588 Quapropter
1123 2513 1411 2571 differenda
1443 2511 1569 2566 mihi
1598 2509 1806 2564 videtur
1836 2507 1990 2576 hujus
2011 2505 2112 2560 loci

540 2607 833 2680 expositio,
877 2607 1048 2663 donec
1095 2603 1488 2661 tabernaculum
1529 2601 1788 2656 columnis
1831 2599 2109 2661 omnibus,

539 2715 662 2757 cum
689 2700 854 2768 atrio,
889 2697 1028 2769 quod
1053 2695 1467 2765 circumpouitur
1485 2735 1500 2760 ,
1533 2692 1677 2756 omni
1709 2707 1776 2756 ex
1803 2698 1954 2762 parte
1981 2703 2113 2753 con-

539 2789 711 2846 sistat.
745 2787 1009 2844 Fortassis
1033 2787 1174 2854 enim
1202 2800 1294 2855 per
1315 2782 1742 2853 anticipationem
1769 2780 1964 2848 aliquid
1987 2779 2117 2837 dicit

539 2883 608 2938 de
629 2881 713 2936 his
738 2879 871 2936 velis
894 2879 1198 2949 capillaciis,
1229 2877 1372 2948 quod
1397 2877 1463 2931 ad
1491 2876 1580 2932 illa
1617 2876 1872 2946 proficiat,
1905 2874 1972 2929 de
1999 2873 2116 2944 qui-

538 2973 640 3027 bus
663 2971 894 3027 nondum
925 2971 1130 3025 locutus
1158 2979 1258 3024 est.
1290 2968 1442 3036 Quod
1481 2968 1620 3022 enim
1672 2967 1830 3033 dicit,
1870 2966 1936 3020 Et
1959 2966 2116 3036 facies

539 3063 647 3130 uela
677 3061 941 3132 capillacia
965 3059 1160 3130 operire
1185 3075 1338 3128 super
1366 3056 1762 3132 tabernaculum,
1790 3065 1967 3112 utrum
2000 3057 2118 3110 uni-

538 3167 754 3210 versum
797 3151 1193 3215 tabernaculum
1236 3148 1318 3217 his
1358 3149 1486 3204 velis
1527 3147 1788 3218 cooperiri
1830 3147 1953 3210 velit
1993 3161 2114 3202 cum

539 3245 677 3300 atrio
700 3244 924 3309 scilicet,
946 3243 1012 3298 dc
1039 3256 1143 3313 quo
1167 3239 1614 3310 circumponendo
1644 3249 1820 3309 postea
1851 3237 2112 3308 loquitur;

541 3353 609 3396 an
641 3338 744 3393 hoc
785 3335 1005 3392 interius
1047 3332 1472 3400 tabernaculum,
1519 3331 1660 3402 quod
1703 3330 1886 3399 decem
1935 3329 2116 3392 aulaeis

541 3428 656 3494 lieri
679 3427 870 3498 jussit,
911 3426 1168 3480 incertum
1199 3432 1300 3478 est.
1331 3421 1580 3492 Sequitur
1615 3437 1740 3492 ergo
1779 3430 1832 3476 et
1858 3420 2017 3486 dicit,
2052 3419 2118 3474 Et

543 3519 700 3599 {acies
729 3519 1091 3588 operimentum
1117 3513 1438 3569 tabernaculo
1458 3555 1474 3580 ,
1503 3513 1657 3584 pelles
1701 3512 1913 3566 arietum
1945 3511 2113 3566 rubri.

541 3621 699 3665 catas.
722 3609 896 3665 Etiam
924 3609 1025 3662 hoc
1053 3607 1445 3677 operimentum
1473 3613 1648 3660 utrum
1676 3604 1923 3660 universo
1949 3603 2119 3659 taber-

541 3699 735 3768 naculo
765 3699 878 3754 fieri
901 3697 1120 3767 jusserit
1143 3696 1194 3750 in
1222 3694 1442 3752 circuitu
1461 3734 1478 3762 ,
1507 3709 1574 3748 an
1601 3693 1837 3748 interiori
1873 3700 2074 3748 tanwm
2099 3733 2116 3760 ,

541 3791 785 3850 similiter
825 3789 1048 3854 habetur
1087 3788 1368 3853 incertum.
1409 3785 1558 3861 Quod
1587 3799 1714 3840 vero
1740 3783 2004 3854 adjungit,
2057 3783 2121 3838 Et

543 3883 851 3953 Operimenta
878 3880 1034 3950 pelles
1050 3877 1402 3950 hyacinthinus
1416 3867 1648 3945 desuper,
1667 3874 1770 3943 hoc
1795 3889 1901 3933 non
1933 3874 1984 3929 iu
2011 3875 2119 3947 cire

543 3976 708 4041 cuitu,
737 3973 834 4034 sed
862 3989 890 4026 a
920 3981 1059 4028 tecto
1084 3972 1228 4027 velut
1250 3984 1458 4025 camera
1484 3968 1848 4039 accipiendum
1875 3974 1975 4022 est.

613 4069 666 4123 5.
698 4065 796 4140 [lb.
829 4063 1034 4137 15-21.]
1079 4063 1146 4118 Et
1174 4063 1350 4134 facies,
1386 4062 1574 4132 inquit,
1601 4061 1860 4116 colunmas
1886 4059 2120 4115 taberna-

543 4159 656 4218 culo
677 4158 740 4212 de
770 4157 920 4229 lignis
947 4153 1333 4227 imputribilibus
1361 4167 1380 4208 :
1409 4153 1576 4206 decem
1612 4152 1892 4206 cubitorum
1929 4151 2123 4208 colum:

545 4267 664 4315 nam
691 4266 864 4312 unam,
895 4256 941 4304 et
967 4247 1121 4304 cubiti
1153 4247 1302 4300 unius
1331 4255 1378 4300 et
1427 4244 1625 4298 dimidii
1675 4244 1989 4301 latitudinem
2033 4259 2122 4300 co-

545 4335 733 4392 lumnis
751 4333 931 4399 unius;
951 4333 1076 4387 duos
1101 4330 1390 4406 anconiscos
1415 4329 1664 4383 columnis
1689 4329 1779 4382 uni
1801 4316 2124 4384 consistentes

544 4444 609 4484 ea:
645 4427 852 4482 adverso
875 4441 894 4481 :
919 4425 991 4488 sic
1017 4425 1170 4497 [acies
1207 4422 1440 4488 omnibus
1474 4422 1720 4484 columnis
1795 4421 2121 4495 tabernaculi.

543 4518 721 4585 Quare
745 4516 958 4587 jusserit
993 4514 1106 4572 fieri
1145 4513 1242 4582 bos
1284 4513 1617 4579 anconiscos,
1654 4511 1722 4567 de
1741 4512 1932 4582 quibus
1969 4519 2124 4568 antea

544 4609 652 4670 disi
681 4607 807 4679 quid
834 4615 1015 4662 essent
1035 4605 1254 4678 (Supra,
1295 4613 1471 4676 quiest.
1505 4602 1651 4675 109),
1699 4619 1804 4658 non
1837 4603 1966 4658 satis
1994 4603 2124 4660 mihi

545 4707 783 4768 apparet.
807 4697 865 4752 Si
884 4697 1024 4761 enim
1053 4696 1118 4751 ad
1140 4697 1416 4752 columnas
1445 4696 1727 4766 portandas
1751 4696 1960 4762 fierent,
1989 4712 2125 4768 qua-

545 4798 668 4845 tuor
697 4798 754 4844 ut
779 4789 1054 4843 minimum
1085 4788 1303 4850 fierent'
1335 4787 1415 4841 :si
1443 4795 1619 4841 autem
1642 4786 1728 4841 ubi
1759 4801 1892 4841 sera:
1923 4787 2127 4842 incum-

551 4883 761 4952 berent,
783 4880 944 4937 etiam
972 4881 1151 4950 plures
1168 4878 1388 4946 fierent;
1420 4894 1540 4934 nam
1567 4879 1914 4949 quinasseras
1943 4881 2123 4951 singu-

542 4973 610 5028 lis
633 4971 893 5031 columnis
913 4969 1197 5026 distribuit.
1223 4969 1331 5026 Nisi
1361 4969 1496 5026 forte
1517 4971 1566 5024 in
1589 4970 1672 5026 bis
1692 4971 1992 5029 anconiscis
2020 4988 2124 5029 non

543 5062 737 5133 aliquis
760 5077 912 5128 usus,
938 5059 1032 5116 sed
1051 5060 1166 5116 sola
1190 5060 1504 5131 significatio
1523 5061 1612 5128 sit,
1639 5061 1775 5118 sicut
1798 5061 1851 5116 in
1883 5062 2004 5117 velo
2029 5078 2126 5123 uu-

544 5155 752 5211 deeimo
779 5154 1076 5225 capillacio.
1102 5152 1234 5208 Nam
1259 5153 1502 5208 columna
1529 5151 1664 5207 duos
1689 5154 2002 5209 anconiscos
2035 5170 2126 5210 ve-

543 5247 621 5304 lut
651 5245 865 5312 brachia
887 5246 1011 5302 hinc
1033 5253 1190 5317 atque
1218 5245 1344 5300 hinc
1361 5243 1673 5310 extendens,
1704 5243 1924 5315 guram
1950 5246 2125 5316 crucis

543 5337 738 5394 reddit.
776 5337 929 5397 Nunc
960 5337 1072 5408 jam
1109 5336 1380 5392 videamus
1418 5351 1696 5396 numerum
1733 5336 2122 5406 columnarum,

545 5430 598 5484 in
639 5430 828 5500 quibus
863 5437 920 5484 et
943 5427 1113 5483 forma
1142 5426 1463 5487 tabernaculi
1501 5425 1668 5496 possit
1693 5426 1918 5494 adverti,
1947 5435 2123 5483 utrum

543 5523 764 5593 quadra,
783 5537 848 5577 an
866 5520 1091 5576 rotunda
1117 5520 1207 5586 sit,
1238 5534 1304 5572 an
1327 5518 1607 5591 oblongum
1626 5518 1818 5574 habeat
1840 5520 2123 5592 quadratu-

582 5666 624 5736 ,
651 5663 800 5724 radici,
840 5675 1000 5714 armies
1032 5660 1292 5713 colamus.
1316 5665 1424 5709 uss.
1461 5664 1513 5708 et
1533 5664 1662 5720 Lxx,
1701 5659 1917 5714 cautibus
1949 5659 2126 5712 colurn-

543 5739 633 5853 mf'
651 5788 723 5836 Sic
756 5793 862 5836 Ilss.
966 5784 1084 5836 editi
1123 5791 1334 5853 excepto
1369 5790 1467 5834 nat.
1501 5781 1572 5832 sic
1597 5781 1815 5853 habent:
1839 5782 2036 5853 ri_enim
2057 5785 2123 5836 ad

547 5848 790 5913 caluum
812 5853 1092 5910 particulas,
1107 5843 1278 5904 erent
1312 5853 1530 5906 quatuor,
1557 5849 1608 5894 ut
1631 5843 1681 5896 in
1706 5858 1848 5898 unum
1867 5843 2058 5905 fierent.

1859 393 1918 447 S.
1956 387 2317 445 AUGUSTINI
2463 384 3015 444 HEPTATEUCHUM

3687 391 3789 450 600

2214 517 2348 568 ram,
2373 500 2622 556 lateribus
2649 500 2970 571 longioribus
3008 501 3334 558 brevioribus
3366 501 3633 560 frontibus
3657 504 3792 561 sicut

2217 594 2482 663 pleraeque
2511 592 2740 646 basilica:
2766 600 3144 649 construuntur
3173 611 3188 648 :
3218 592 3318 650 hoc
3337 594 3480 649 enim
3508 597 3680 665 potius
3707 595 3792 653 hic

2217 681 2490 738 evidenter
2517 682 2848 751 exprimitur.
2872 681 3002 736 Nam
3031 682 3100 737 ita
3149 681 3278 737 dicit
3306 700 3319 736 :
3349 681 3416 736 Et
3456 685 3611 754 facies
3653 687 3792 738 cotu-

2217 788 2360 826 mnas
2403 772 2740 836 tabernaculo,
2777 772 2950 842 viginti
2978 773 3236 831 columnas
3260 772 3320 826 ab
3342 772 3497 828 latere
3517 775 3631 839 ista,
3660 775 3793 844 quod

2216 863 2417 932 respicit
2451 861 2518 914 ad
2551 863 2853 930 aquilonem.
2892 862 2957 916 Et
2992 863 3327 934 quadraginta
3361 863 3502 919 bases
3536 874 3794 935 argenteas

2217 953 2373 1023 facies
2401 954 2572 1025 viginti
2595 954 2858 1019 columnis,
2895 953 3024 1009 duas
3046 938 3189 1010 bases
3216 956 3465 1014 columntc
3492 957 3580 1009 uni
3604 957 3657 1010 in
3685 973 3793 1011 am-

2217 1043 2306 1107 bas
2335 1055 2502 1114 partes
2541 1044 2668 1113 ejus.
2700 1042 2768 1096 Et
2793 1043 2924 1098 latus
2959 1045 3232 1099 secundum
3263 1056 3438 1099 contra
3465 1057 3690 1104 austrum
3722 1049 3795 1104 vi.

2217 1134 2344 1204 ginti
2366 1132 2643 1198 columnas,
2674 1142 2722 1188 et
2749 1133 3084 1205 quadraginta
3121 1151 3294 1188 earunt
3324 1135 3463 1190 bases
3490 1146 3794 1208 argenteas;

2219 1223 2345 1278 duas
2370 1223 2508 1278 bases
2547 1223 2794 1293 columna:
2835 1224 2925 1278 uni
2955 1225 3006 1278 in
3034 1223 3206 1279 ambas
3233 1235 3399 1294 partes
3432 1225 3562 1290 eius,
3597 1236 3645 1280 et
3669 1229 3796 1286 duas

2219 1311 2358 1369 bases
2389 1315 2635 1390 colunth
2660 1314 2745 1368 uni
2769 1314 2821 1366 in
2854 1313 3026 1382 ambas
3051 1324 3217 1385 partes
3236 1315 3367 1385 ejus.
3391 1315 3655 1387 Repetitio
3685 1332 3794 1378 non

2219 1414 2454 1471 moveat;
2478 1405 2598 1476 quia
2622 1404 2901 1477 locutionis
2924 1413 3024 1469 est,
3052 1414 3105 1460 ut
3126 1420 3313 1474 omnes
3339 1405 3407 1460 ita
3436 1406 3796 1477 intelligantur

2219 1495 2286 1564 de
2305 1497 2495 1566 quibus
2516 1511 2620 1566 non
2645 1495 2790 1550 dicit.
2817 1494 2892 1550 De
2920 1495 3134 1552 basibus
3157 1504 3333 1552 autem
3352 1495 3460 1566 jam
3487 1508 3640 1552 antea
3661 1498 3797 1553 (

2219 1600 2359 1652 mus,
2399 1599 2494 1647 cur
2521 1599 2623 1640 una
2661 1584 2905 1640 columna
2947 1584 3078 1640 duas
3119 1585 3330 1650 habeat,
3367 1585 3489 1660 quia
3535 1595 3589 1642 et
3625 1588 3797 1659 capita

2221 1676 2322 1737 hoc
2349 1677 2466 1736 loco
2489 1662 2644 1732 bases
2674 1686 2824 1732 vocat
2855 1662 3054 1749 (supra,
3078 1686 3252 1748 quiest.
3277 1676 3425 1748 HO).

2291 1767 2343 1823 6.
2362 1766 2462 1840 [lb.
2477 1765 2681 1840 22-25.]
2700 1767 2949 1822 Videmus
2966 1767 3120 1838 igitur
3137 1769 3332 1824 vicenis
3348 1767 3609 1824 columnis
3619 1784 3795 1841 porre-

2219 1867 2300 1929 cta
2322 1858 2427 1932 duo
2448 1859 2610 1912 latera
2636 1857 2961 1926 tabernaculi
2983 1858 3244 1935 aquilonis
3261 1866 3316 1914 et
3339 1859 3502 1914 austri
3521 1859 3652 1915 :duo
3673 1870 3800 1925 sunt

2218 1950 2440 2020 reliqua,
2466 1949 2721 2004 orientale
2746 1959 2799 2004 et
2818 1948 3166 2014 occidentale,
3194 1963 3310 2022 qua:
3336 1950 3380 2004 si
3409 1949 3625 2004 totidem
3651 1952 3803 2006 colu-

2219 2055 2370 2101 mnas
2389 2040 2712 2104 habuissent,
2728 2039 2909 2110 procul
2927 2039 3088 2095 dubio
3098 2040 3355 2116 quadrum
3371 2050 3530 2114 esset.
3550 2042 3688 2110 Quot
3702 2059 3800 2098 au-

2221 2141 2326 2196 tem
2345 2130 2627 2199 habeat,de
2640 2131 2855 2200 occiden
2863 2131 2950 2209 tali
2966 2146 3070 2212 non
3084 2131 3379 2198 tacetur,de
3394 2133 3636 2188 orientali
3654 2143 3800 2190 taces

2221 2231 2304 2278 tur
2321 2241 2333 2277 :
2349 2231 2523 2277 utrum
2544 2221 2665 2293 quia
2709 2237 2812 2276 non
2835 2221 3036 2289 habuit,
3061 2230 3115 2278 et
3133 2223 3246 2278 sola
3268 2223 3375 2279 illic
3394 2223 3509 2289 sine
3539 2224 3801 2279 columnis

2219 2312 2640 2370 extendebantur
2654 2313 2818 2366 aulica
2835 2313 2901 2367 ab
2921 2322 3157 2368 extrema
3178 2314 3421 2368 columna
3442 2298 3598 2369 unius
3621 2298 3801 2387 lateris

2218 2420 2387 2476 usque
2398 2403 2465 2458 ad
2481 2402 2696 2458 alterius
2709 2403 2927 2458 alteram
2946 2411 3238 2460 extremam
3252 2421 3267 2471 ;
3281 2419 3348 2460 an
3366 2405 3538 2476 aliqua
3554 2420 3710 2460 causa
3725 2415 3804 2472 ta;

2218 2510 2460 2565 ceantur,
2492 2508 2550 2555 ut
2583 2500 2739 2556 etiam
2765 2500 2934 2555 tacita:
2962 2499 3340 2570 intelligantur,
3373 2500 3574 2556 nescio.
3607 2500 3801 2556 Postea

2218 2590 2411 2660 quippe
2441 2606 2505 2646 ex
2547 2591 2658 2662 ipsa
2689 2601 2834 2659 parte
2872 2590 3092 2644 orientis
3133 2588 3318 2644 decem
3360 2590 3621 2644 columna:

2219 2691 2600 2744 memorantur,
2624 2680 2716 2735 sed
2742 2680 2859 2734 atrii
2881 2679 2948 2752 de
2971 2695 3076 2750 quo
3098 2687 3216 2749 post
3236 2680 3488 2754 loquitur,
3513 2680 3653 2754 quod
3679 2679 3802 2736 huic

2219 2770 2557 2825 tabernaculo
2601 2769 2924 2839 circumponi
2971 2769 3135 2828 iubet.
3189 2753 3631 2825 Com'memoratis
3674 2786 3804 2844 ergo

2218 2861 2475 2918 lateribus
2506 2861 2829 2938 tabernaculi
2869 2859 3140 2929 aquilonia
3174 2868 3227 2914 et
3268 2860 3487 2915 australi
3526 2861 3578 2914 in
3605 2861 3804 2916 vicenis

2218 2951 2500 3027 columnis,
2533 2950 2726 3008 deinde
2751 2951 2990 3028 sequitur
3017 2958 3071 3005 et
3096 2949 3352 3024 adjungit,
3380 2949 3601 3006 dicens:
3633 2950 3696 3005 Et
3718 2967 3803 3006 re-

2221 3053 2298 3100 tro
2321 3043 2700 3098 tabernaculum
2725 3061 2815 3114 per
2832 3052 3024 3113 partem
3046 3058 3157 3114 qua:
3175 3053 3246 3096 est
3267 3052 3440 3096 contra
3466 3060 3622 3109 mare,
3648 3045 3804 3115 [acies

2219 3119 2307 3200 seu:
2345 3135 2605 3189 columnas
2631 3150 2648 3189 .'
2675 3143 2721 3188 et
2762 3133 2888 3188 duas
2921 3134 3180 3202 columnas
3208 3134 3361 3204 facies
3403 3134 3458 3186 in
3486 3135 3686 3204 angulis
3727 3144 3806 3188 ta-

2219 3218 2476 3279 bernaculi
2497 3241 2528 3277 a
2553 3223 2928 3295 posterioribus,
2956 3233 3002 3278 et
3030 3225 3246 3294 mquales
3268 3224 3501 3277 deorsum
3523 3239 3734 3288 uersus;
3757 3235 3805 3279 at

2222 3334 2275 3388 5n
2302 3333 2355 3371 se
2395 3317 2736 3372 convenientes
2769 3325 2934 3379 erunt,
2971 3312 3188 3386 aequales
3217 3314 3279 3367 de
3303 3314 3549 3384 capitibus
3586 3315 3638 3369 in
3670 3331 3810 3370 com-2

2220 3407 2488 3462 missuram
2514 3423 2688 3462 unam.
2731 3405 2820 3460 Sic
2855 3406 3008 3478 facies
3042 3404 3280 3458 ambobus
3313 3404 3506 3459 duobus
3530 3406 3728 3476 angulis

2220 3497 2440 3568 tequales
2470 3498 2588 3552 sint.
2615 3496 2680 3549 Et
2705 3493 2847 3550 erunt
2871 3505 2980 3550 octo
3006 3495 3273 3562 columnas,
3304 3505 3349 3548 et
3372 3494 3514 3549 bases
3533 3511 3702 3549 carum
3721 3514 3808 3550 ar-

2222 3587 2410 3659 genteae
2427 3587 2677 3642 sexdecim
2705 3602 2723 3641 :
2753 3587 2869 3662 duce
2899 3586 3037 3642 bases
3067 3584 3312 3656 columna:
3331 3586 3438 3651 uni,
3461 3595 3506 3639 et
3527 3586 3642 3642 duae
3665 3586 3810 3644 bases

2224 3681 2473 3735 columnae
2507 3680 2596 3734 uni
2631 3680 2683 3732 in
2711 3677 2882 3734 ambas
2911 3688 3078 3749 partes
3107 3678 3232 3749 ejus.
3275 3677 3350 3737 De
3377 3677 3593 3734 basibus
3619 3680 3810 3736 similis

2225 3774 2360 3829 ratio
2387 3781 2442 3826 et
2482 3771 2669 3826 similis
2710 3770 2905 3825 locutio
2943 3778 3044 3825 est.
3078 3768 3242 3823 Latus
3273 3769 3449 3838 itaque
3487 3770 3804 3838 occidentis,

2225 3879 2347 3919 nam
2375 3863 2475 3917 hoc
2497 3871 2577 3916 est
2613 3861 2677 3915 ad
2707 3876 2873 3926 mare,
2904 3860 3171 3930 columnis,
3199 3868 3320 3913 octo
3355 3859 3686 3926 extenditur;
3713 3877 3810 3916 sex

2225 3959 2434 4038 mediis,
2464 3967 2516 4014 et
2542 3958 2744 4012 duabus
2770 3957 3107 4028 angularibus
3135 3973 3266 4027 quas
3300 3957 3532 4030 aequales
3552 3956 3618 4011 ad
3648 3971 3806 4010 unam

2225 4051 2626 4123 commissuram
2660 4050 2787 4106 dicit
2813 4065 2933 4105 esse
2970 4049 3196 4116 debere;
3226 4050 3387 4112 credo
3421 4049 3562 4120 quod
3587 4049 3810 4119 angulus

2227 4141 2333 4200 duo
2359 4145 2413 4198 in
2443 4157 2502 4198 sc
2525 4143 2688 4205 latera
2718 4141 3032 4207 committat,
3063 4151 3117 4196 et
3157 4141 3227 4203 sit
3272 4140 3516 4198 columna
3543 4139 3811 4209 angularis

2226 4232 2378 4290 lateri
2401 4231 2609 4301 utrique
2633 4231 2953 4296 communis,
2977 4231 3074 4284 ista
3096 4230 3410 4285 occidentali
3431 4239 3486 4285 et
3505 4229 3809 4299 aquilonius.

2228 4324 2319 4389 illa,
2353 4322 2663 4381 occidentali
2707 4331 2761 4376 et
2802 4321 3037 4376 australi.
3073 4319 3226 4388 Quod
3270 4329 3446 4376 autem
3483 4320 3613 4375 dicit
3649 4320 3812 4376 ctiam

2231 4413 2464 4484 aequales
2484 4399 2734 4468 deorsum
2763 4426 2951 4468 versus
2980 4412 3082 4467 hoc
3107 4413 3286 4482 utique
3317 4411 3468 4479 dicit,
3509 4419 3567 4466 ut
3591 4411 3658 4466 ad
3686 4426 3812 4481 per-

2230 4503 2565 4575 pendiculum
2609 4502 2949 4568 librarentur,
2996 4517 3062 4556 ne
3100 4501 3429 4558 robustiores
3466 4511 3646 4558 essent
3674 4499 3814 4558 infra

2229 4612 2387 4669 quam
2415 4610 2594 4664 supra,
2623 4594 2759 4648 sicut
2788 4593 3052 4664 pleneque
3074 4593 3335 4654 columna:
3357 4600 3506 4648 sunt.

2302 4687 2354 4742 7.
2388 4685 2486 4759 [lb.
2514 4683 2732 4757 26-29.]
2756 4684 2954 4740 Deinde
2972 4683 3101 4741 dicit
3124 4700 3137 4737 :
3164 4683 3226 4737 Et
3245 4684 3398 4756 {acies
3413 4699 3552 4738 seras
3579 4681 3638 4736 de
3665 4682 3816 4753 lignis

2229 4763 2641 4848 imputribilibus,
2673 4776 2891 4847 quinque
2927 4775 3016 4830 uni
3052 4775 3301 4832 columna
3335 4791 3397 4830 ea:
3430 4791 3531 4829 una
3557 4784 3700 4846 parte
3737 4784 3816 4828 ta-

2230 4868 2516 4948 bernaculi;
2557 4869 2844 4938 etquinque
2878 4883 3014 4930 seras
3051 4867 3297 4922 columnis
3320 4867 3466 4921 lateri
3503 4864 3817 4921 tabernaculs

2228 4959 2484 5035 secundo;
2519 4967 2564 5013 et
2588 4959 2805 5029 quinque
2836 4974 2976 5013 seras
3001 4958 3248 5012 columnas
3275 4957 3540 5029 posteriori
3566 4956 3710 5011 lateri
3737 4966 3818 5010 ta-

2235 5050 2512 5118 bernaculi,
2551 5050 2685 5120 quod
2714 5035 2786 5104 est
2807 5049 2874 5103 ad
2895 5065 3050 5103 mare.
3077 5049 3264 5104 Mirum
3293 5049 3340 5104 si
3363 5049 3591 5104 dubitari
3619 5057 3814 5118 potest,

2230 5144 2368 5199 latus
2387 5143 2645 5199 orientale
2663 5143 2936 5210 columnas
2959 5156 3063 5198 non
3087 5141 3336 5197 habuisse
3358 5142 3411 5196 in
3433 5142 3536 5197 hoc
3557 5135 3818 5198 interiere

2232 5234 2590 5300 tabernaculo,
2637 5234 2719 5288 cui
2762 5243 2943 5306 postea
2982 5235 3402 5304 circumponitur
3442 5235 3659 5289 atrium.
3695 5232 3819 5288 Sin.-

2229 5327 2379 5396 gulas
2397 5339 2631 5394 quasque
2659 5325 2814 5396 igitur
2835 5326 3110 5383 columnas
3138 5325 3375 5382 omnium
3398 5326 3561 5380 trium
3587 5326 3813 5380 laterum

2233 5416 2433 5478 habere
2461 5429 2610 5471 seras
2636 5417 2824 5487 quinas
2851 5417 3015 5488 jubet.
3043 5417 3113 5473 Et
3149 5434 3282 5485 sera,
3319 5419 3508 5489 inquit,
3536 5418 3702 5477 media
3733 5418 3816 5470 iu-

2231 5517 2305 5569 ter
2337 5509 2526 5568 medias
2552 5509 2813 5565 columnas
2833 5520 3144 5580 pertranseat
3173 5512 3235 5565 ab
3258 5527 3359 5565 uno
3389 5510 3546 5566 latere
3583 5512 3637 5564 in
3675 5509 3816 5564 aliud

2234 5601 2386 5656 latus.
2417 5601 2528 5656 Hoc
2546 5600 2756 5658 videtur
2775 5601 2970 5669 dicere,
2999 5612 3057 5659 ut
3081 5603 3147 5658 de
3168 5603 3415 5659 columna
3441 5603 3492 5658 iu
3515 5603 3816 5658 columnam

2231 5706 2350 5746 sera
2382 5691 2701 5760 perveniret,
2728 5700 2783 5746 et
2808 5707 2902 5761 per
2923 5693 3254 5748 intervallum
3281 5694 3651 5749 columnarum
3697 5707 3814 5763 por-

2336 5788 2453 5856 editi
2468 5821 2484 5846 ,
2507 5786 2577 5838 sic
2595 5789 2746 5856 tricies
2767 5789 2964 5854 angulos
2995 5791 3177 5856 duobus
3189 5791 3404 5856 angulis.
3446 5801 3570 5856 Mss,
3596 5791 3817 5856 ainbobus

2234 5850 2444 5903 duobus;
2467 5851 2732 5901 secundum
2755 5850 2881 5902 LXX.
2905 5853 3222 5905 antu/tcterais
3244 5850 3336 5906 tuis
3359 5854 3470 5906 dusi
3495 5853 3695 5907 carduis.
