4136 6478
409 373 516 430 661

409 512 672 581 rigeretur
707 512 754 562 ai
777 505 946 560 latere
978 503 1134 559 unius
1176 516 1347 571 usque
1387 498 1441 553 in
1470 497 1610 554 latus
1647 494 1866 550 alterius
1894 510 1907 546 :
1937 506 2000 548 ac

407 619 508 675 per
533 602 634 656 hoc
657 613 760 654 una
789 613 854 652 ex
890 597 973 650 his
1010 594 1256 649 omnibus
1295 591 1540 647 columna
1571 602 1675 644 non
1701 595 1816 643 erat
1846 584 1997 640 babi-

409 705 531 748 tura
553 689 791 762 proprias
814 687 1051 758 quinque
1070 699 1240 750 seras;
1262 682 1329 738 ad
1348 695 1506 752 quam
1526 687 1817 734 extremam
1843 675 1999 746 quin-

407 800 514 856 que
541 781 920 854 perveniebant
947 795 977 832 a
1019 778 1267 833 columna
1302 774 1402 830 sibi
1435 772 1674 843 proxima
1701 769 1994 824 venientes.

412 877 480 934 Et
508 878 790 940 columnas,
822 872 1012 943 inquit,
1042 867 1300 924 inaurabis
1335 881 1483 932 auro,
1521 873 1566 917 et
1591 861 1810 916 annulos
1845 859 1998 932 {acies

407 986 586 1035 cereos,
617 969 672 1021 in
709 981 833 1032 quos
857 964 1063 1019 induces
1103 976 1262 1026 seras,
1304 966 1350 1012 et
1392 955 1649 1012 inaurabis
1679 967 1806 1011 auro
1835 966 1992 1006 seras.

407 1064 488 1119 Ne
529 1061 794 1117 columna:
830 1055 1178 1113 foraminibus
1220 1057 1652 1113 cavernarentur,
1685 1061 1791 1116 quo
1835 1045 1998 1099 intra-

407 1163 531 1209 rent
569 1167 725 1217 ξριτιξ,
776 1148 1004 1205 annulus
1049 1145 1162 1200 ﬁeri
1201 1144 1379 1214 jussit,
1426 1140 1616 1210 quibus
1659 1153 1725 1193 ex
1770 1145 1996 1204 utraque

407 1249 558 1310 parte
578 1237 978 1292 continerentur
1004 1230 1137 1285 ﬁnes
1157 1243 1416 1284 serat-um.
1445 1222 1673 1279 Proinde
1696 1221 1995 1290 intelligun-

408 1340 496 1384 tur
525 1329 576 1382 hi
607 1326 807 1381 annulli
835 1322 954 1380 ﬁxis
980 1322 1032 1376 in
1067 1320 1209 1390 ligno
1233 1317 1434 1373 ansulis
1461 1313 1796 1386 pependisse,
1824 1319 1880 1366 ut
1903 1325 1996 1365 ex-

409 1432 607 1476 tremas
636 1428 810 1488 partes
831 1429 1070 1471 serarnm
1097 1420 1313 1482 possent
1332 1423 1524 1479 capere
1547 1415 1603 1463 et
1626 1407 1919 1462 continere.

478 1513 534 1566 8.
575 1505 913 1583 [lb.50—57.}
953 1505 1018 1560 Et
1043 1504 1225 1575 eriges,
1267 1502 1457 1570 inquit,
1501 1498 1874 1553 tabernaculum
1911 1512 1993 1550 se-

405 1601 630 1660 cundum
654 1599 869 1669 speciem
890 1610 1003 1664 quae
1027 1601 1307 1649 monstrata
1330 1599 1401 1644 est
1424 1589 1510 1643 tibi
1536 1589 1591 1643 in
1616 1596 1800 1642 monte.
1827 1585 1894 1639 Et
1916 1588 1996 1656 fa-

407 1693 507 1747 cies
533 1691 754 1746 uelamen
784 1687 846 1740 de
879 1683 1148 1756 hyacintho
1189 1692 1236 1736 et
1276 1696 1502 1752 purpura
1531 1687 1576 1733 et
1608 1694 1756 1732 cocco
1791 1686 1921 1729 torto
1947 1685 1992 1729 et

405 1785 555 1853 bysso
579 1790 694 1835 neta
712 1797 730 1844 ;
759 1795 886 1850 opus
921 1775 1090 1832 textile
1119 1775 1272 1844 facies
1295 1773 1425 1828 illud
1456 1769 1779 1826 Cherubim‘.
1813 1767 1880 1822 Et
1909 1785 1993 1822 su-

406 1877 723 1947 perimpones
766 1870 895 1924 illud
930 1885 1080 1939 super
1104 1875 1320 1937 quatuor
1363 1865 1624 1918 columnas
1658 1860 1992 1929 imputribilcs

404 1967 668 2022 inauratos
697 1977 842 2024 auro,
885 1970 930 2014 et
959 1959 1124 2028 capita
1160 1971 1331 2010 earum
1363 1970 1537 2017 aurea,
1573 1961 1624 2005 et
1650 1952 1789 2005 bases
1817 1966 1994 2004 earum

403 2066 624 2125 quatuor
650 2061 919 2123 argenteae.
948 2049 1007 2102 lit
1036 2063 1190 2119 pones
1219 2046 1441 2100 velamen
1465 2059 1615 2112 super
1643 2043 1921 2106 columnas,
1946 2049 1992 2094 et

402 2148 611 2207 induces
631 2147 769 2210 illuc,
792 2143 999 2196 interius
1017 2157 1166 2208 quam
1190 2139 1413 2192 velamen
1431 2139 1559 2202 est’,
1582 2152 1751 2190 arcam
1773 2135 1992 2188 testimo-

404 2241 478 2293 nii
496 2255 514 2292 :
549 2248 596 2290 ct
623 2237 803 2290 dividet
829 2233 964 2287 vobis
989 2233 1209 2286 velamen
1233 2230 1364 2283 inter
1393 2228 1610 2282 medium
1643 2225 1804 2281 sancti
1832 2233 1878 2279 et
1905 2225 1988 2278 in-

403 2343 480 2388 ter
505 2330 722 2383 medium
751 2326 912 2380 sancti
939 2332 1245 2378 sanctorum.
1280 2319 1342 2374 Et
1371 2319 1626 2390 cooperies
1659 2317 1722 2371 de
1747 2315 1993 2371 velamine

401 2437 575 2476 arcam
600 2417 866 2474 testimonii
891 2416 943 2469 in
962 2424 1133 2468 sancto
1157 2410 1503 2467 sanctorum”.
1533 2409 1656 2464 llaec
1676 2408 1851 2464 omnia
1879 2421 1993 2460 ma-

402 2511 592 2566 nifesta
638 2515 780 2573 sunt,
811 2505 1034 2562 interius
1061 2504 1198 2558 intra
1232 2502 1476 2556 velamen
1518 2499 1616 2554 hoc
1646 2507 1873 2569 quatuor
1897 2512 1991 2568 eo-

402 2603 600 2658 lunmis
631 2598 927 2671 impositam
950 2595 1112 2650 fuisse
1136 2609 1314 2649 arcam
1343 2591 1629 2647 testimonii
1660 2608 1673 2644 :
1697 2605 1854 2660 quam
1883 2604 1988 2643 non

400 2697 481 2750 sic
509 2691 704 2762 operiri
726 2690 886 2760 jussit
913 2687 1198 2750 velamine.
1243 2695 1298 2739 ut
1340 2699 1504 2754 super
1528 2697 1669 2738 arcae
1700 2693 1990 2750 coopercu-

399 2785 510 2845 lum
543 2783 748 2852 jaceret
799 2779 1065 2844 velamen,
1113 2774 1208 2830 sed
1259 2783 1317 2828 ut
1363 2782 1546 2828 contra
1603 2779 1925 2826 statueretur
1942 2769 1984 2824 ’⁵.

399 2874 604 2930 Deinde
625 2872 752 2928 dicit
779 2889 792 2926 :
823 2870 887 2924 Et
918 2885 1072 2941 pones
1092 2882 1315 2921 mensam
1343 2867 1467 2937 foris
1492 2873 1632 2918 ecetra
1659 2863 1918 2927 velamen;
1942 2868 1989 2914 et

398 2965 758 3022 candelabrum
788 2973 961 3016 contra
991 2975 1212 3014 mensam
1245 2958 1299 3011 in
1325 2966 1468 3028 parte
1507 2953 1836 3018 tabernaculi,
1874 2966 1990 3022 quat

397 3059 604 3127 respicit
627 3056 692 3108 ad
715 3064 945 3108 austrum
970 3060 1053 3106 :et
1082 3065 1303 3104 mensam
1333 3062 1486 3118 pones
1515 3047 1567 3099 in
1593 3055 1736 3114 parte
1755 3043 1990 3098 taberna-

397 3151 520 3213 culi,
551 3163 662 3219 quw
681 3145 881 3216 respicit
902 3143 968 3195 ad
994 3141 1297 3211 aquilonem.
1328 3138 1498 3192 Etiam
1522 3137 1622 3191 hoc
1645 3136 1860 3206 planum
1881 3140 1984 3189 est.

397 3241 551 3312 Quod
579 3249 755 3293 autem
786 3235 1042 3306 sequitur,
1091 3231 1157 3285 Et
1186 3230 1342 3301 facies
1381 3228 1735 3283 adductorium
1763 3227 1825 3280 de
1852 3227 1984 3296 hya-

397 3335 569 3390 cintho
599 3341 641 3386 et
664 3346 888 3402 purpura
917 3336 964 3382 et
988 3341 1133 3380 cocco
1163 3334 1292 3378 torto
1313 3331 1358 3376 et
1389 3325 1533 3393 bysso
1557 3328 1707 3386 torta,
1741 3333 1867 3388 opus
1891 3333 1984 3370 va-

397 3427 619 3483 n’atoris.
663 3424 726 3477 Et
750 3423 902 3494 [acies
929 3418 1162 3474 velamiui
1191 3417 1410 3488 quinque
1433 3415 1713 3480 columnas,
1755 3420 1801 3464 et
1834 3411 1984 3464 inau-

396 3519 534 3575 rabis
557 3518 672 3571 illas
706 3529 850 3578 auro,
883 3522 927 3566 et
952 3512 1119 3582 capita
1145 3524 1318 3563 earum
1345 3522 1500 3560 aurea
1527 3519 1547 3558 :
1572 3514 1620 3570 et
1646 3501 1888 3574 conﬂabis
1913 3500 1986 3556 eis

337 3666 340 3669 .
395 3615 618 3683 quinque
645 3615 784 3664 bases
823 3624 979 3663 cereas
1003 3622 1022 3661 :
1048 3605 1132 3660 cui
1162 3603 1280 3657 usui
1307 3603 1548 3656 velamen
1590 3599 1691 3653 hoc
1717 3598 1806 3653 ﬁat
1831 3597 1987 3666 quin—

397 3719 503 3774 que
529 3700 790 3756 columnis
811 3706 1110 3759 cxtcntum,
1140 3704 1259 3765 post.
1283 3690 1577 3761 apparebit.
1610 3703 1731 3743 nam
1763 3687 1848 3742 hic
1877 3703 1991 3746 non.

397 3804 640 3866 apparet.
675 3791 798 3846 Vult
823 3790 966 3844 enim
1004 3786 1133 3842 illud
1167 3799 1288 3848 esse
1313 3783 1554 3838 velamen
1582 3779 1704 3835 ostii
1733 3780 1983 3834 taberna-

395 3887 526 3954 culi,
583 3885 738 3954 Iiujus
790 3883 1036 3937 videlicet
1083 3878 1387 3942 interioris,
1434 3876 1518 3931 cui
1566 3873 1986 3943 circumponitur

395 3983 613 4037 atrium.
652 3976 853 4033 Deinde
868 3976 1014 4045 jubet
1037 3973 1203 4027 altare
1226 3970 1336 4024 ﬁeri
1362 3968 1738 4024 sacrilieiorum
1757 3974 1810 4020 et
1834 3963 1985 4018 holo—
2027 4027 2029 4030 ι

395 4082 821 4132 eaustematum;
869 4078 923 4123 ct
949 4067 1076 4121 dicit
1102 4061 1545 4135 quemadmodum
1585 4060 1715 4114 ﬁat:
1747 4057 1983 4112 nondum

396 4175 576 4221 autem
595 4164 721 4218 dicit
736 4161 822 4214 ubi
842 4168 1086 4229 ponatur;
1108 4155 1200 4209 sed
1215 4156 1314 4208 hoc
1329 4166 1538 4222 quoque
1553 4158 1669 4220 post
1686 4147 1980 4218 apparebit.

469 4259 522 4314 9.
567 4255 668 4329 [lb.
722 4268 889 4318 xxvn,
933 4247 1108 4321 943.]
1157 4247 1288 4302 lline
1322 4245 1433 4316 jam
1475 4244 1542 4298 de
1583 4243 1719 4297 atrio
1753 4239 1984 4310 loquitur

396 4365 567 4421 usque
601 4348 653 4402 in
699 4345 879 4408 ﬁnem,
910 4341 1050 4413 quod
1081 4333 1586 4407 circumponendum
1616 4341 1700 4388 est
1740 4331 1983 4386 taberna-

395 4441 520 4497 culo
546 4439 644 4504 illi,
668 4437 736 4492 de
757 4451 860 4506 quo
885 4434 1028 4503 prius
1055 4427 1428 4486 constituendo
1453 4427 1660 4480 locutus
1685 4430 1788 4480 est.
1821 4421 1884 4476 Et
1903 4422 1984 4492 {a-

395 4537 517 4599 cies,
561 4532 751 4602 inquit,
791 4527 1008 4589 atrium;
1053 4521 1198 4595 quod
1233 4521 1424 4575 dicitur
1465 4533 1636 4589 graece
1665 4521 1829 4581 αὗλήν,
1877 4528 1980 4568 nou

398 4632 636 4683 αὖὶαίανξ
665 4621 805 4694 quod
833 4619 1044 4692 quidam
1083 4617 1396 4684 interpretes
1434 4610 1600 4665 nostri
1645 4624 1748 4662 non
1777 4607 1982 4661 discer-

407 4727 605 4782 ‘tentes,
642 4713 826 4769 ethoc
864 4709 1028 4782 etiilla
1064 4707 1254 4768 aulaea,
1288 4717 1417 4782 quas
1454 4705 1657 4782 «metu;
1683 4713 1798 4782 non
1820 4701 1982 4782 fore,

394 4769 567 4843 ﬁli-ieci
592 4769 804 4849 'dicunt,
831 4781 963 4836 atria
1000 4769 1328 4847 interpretati
1371 4781 1493 4828 sunt
1524 4773 1778 4834 dicentes,
1813 4769 1875 4821 Et
1900 4769 1975 4837 fa-

395 4895 497 4935 crcs
522 4874 895 4933 tabernaculum
919 4872 1087 4928 decent
1107 4869 1372 4932 atriorum,
1401 4864 1488 4918 ubi
1515 4862 1684 4916 decem
1705 4861 1983 4915 aulicorum

393 4975 576 5031 dicere
596 4975 914 5030 debuerunt.
937 4968 1186 5026 Nonnulli
1213 4974 1388 5021 autem
1413 4963 1579 5017 multo
1603 4960 1979 5030 imperitiores,

394 5065 589 5137 januas
619 5063 949 5136 interpretati
976 5067 1101 5118 sunt
1124 5069 1178 5114 et
1205 5061 1353 5117 αὐλὰς
1386 5063 1438 5109 et
1465 5057 1688 5113 αὖὶαὶας.
1716 5049 1864 5106 Sicut
1890 5064 1986 5104 au—

458 5168 474 5198 ι
502 5171 555 5214 tn
595 5163 770 5222 editis,
793 5175 952 5225 super
984 5157 1255 5225 cherubim.
1284 5155 1575 5225 _At_in_t_t}ss:
1610 5159 1662 5225 e_t
1687 5151 1812 5225 apud
1852 5156 1980 5225 ιξςχ,

391 5212 582 5294 ξιιιθςιίῐθ
603 5212 1044 5289 inﬁcimur".
1067 5221 1249 5294 legitur
1272 5217 1420 5294 ηιςίεδ
1439 5212 1983 5294 ,il‘";4.€;!E€t"£’.f'ft€:._i'_‘E:

671 5295 776 5346 est.
813 5275 1227 5350 quojpm'eciifitur
1261 5275 1486 5350 reuma
1521 5277 1715 5350 εινιίίξίὲίξ
1750 5275 1982 5350 i."“.“-“”‘-"

389 5364 430 5422 si
449 5338 721 5422 argendum
742 5338 1033 5422 imaginibus
1054 5338 1220 5422 alatis,
1243 5343 1348 5422 sive
1387 5341 1574 5422 petitis,
1599 5339 1669 5388 uti
1695 5338 1845 5388 habet
1875 5351 1983 5388 ver-

390 5384 1192 5474 ;a‘eazgzutnu;;z"vseaz

456 5477 476 5505 ²
498 5459 709 5524 εἰὲῖἰέἐῖ
721 5459 858 5534 juxta
876 5484 1024 5534 graec.
1048 5476 1190 5518 LXX:
1218 5465 1299 5517 ltui
1549 5459 1653 5512 ekei
1676 5459 1885 5534 esbteron
1903 5465 1984 5530 tau

391 5528 805 5600 hautpetasmalos.
830 5528 1058 5600 adeoque
1078 5529 1405 5600 perperam‘in
1426 5532 1570 5575 antea
1593 5528 1786 5573 excusis
1801 5556 1816 5581 ,
1839 5528 1884 5571 et
1905 5528 1982 5572 in-

391 5592 686 5662 ducésiillutl
707 5594 909 5662 interius
938 5592 1020 5645 ubi
1042 5592 1362 5662 υέιιωιεηέδζῖ
1403 5661 1406 5662 ν
1455 5649 1465 5660 .
1517 5654 1603 5662 -.η
1657 5646 1668 5657 .

457 5661 477 5691 ³
501 5660 637 5718 Editi,
660 5656 712 5708 in
729 5656 908 5708 sanctis
928 5663 1220 5708 stmctorum.
1266 5653 1469 5701 Vaticani
1516 5654 1622 5697 MSS.
1649 5653 1788 5709 juxta
1809 5658 1980 5709 grege,

392 5719 441 5770 in
464 5727 627 5771 stmcto
643 5727 931 5771 sanctorum.

454 5787 474 5814 δ
497 5788 549 5832 In
588 5782 733 5834 editis
749 5817 763 5844 ,
787 5789 954 5833 contra
977 5789 1190 5832 metuam
1212 5778 1518 5828 statueretur.
1551 5771 1724 5836 Abest,
1749 5781 1979 5833 mensam,

392 5854 533 5896 aMSS

1745 360 1946 427 LIBER
1982 356 2356 417 SECUNDUS.

3580 355 3688 418 60%

2103 500 2209 546 tem
2254 491 2306 545 in
2353 491 2525 562 lingua
2570 493 2731 547 latina
2769 492 3066 548 invenimus
3106 483 3304 557 aulaea,
3338 506 3470 563 quas
3513 490 3685 548 Graeci

2103 586 2306 645 αὐλαίας
2329 593 2551 650 vocant;
2601 583 2672 638 ita
2711 598 2869 654 quam
2908 584 2980 639 illi
3009 584 3275 654 appellant
3301 587 3469 649 αὗλήν,
3515 583 3686 639 nostri

2103 672 2279 728 aulam
2309 683 2649 729 vocaverunt.
2692 674 2796 729 Sed
2819 674 2928 744 jam
2960 690 3066 730 non
3091 676 3284 730 atrium
3315 675 3420 730 isto
3445 674 3685 741 nomine,

2103 765 2196 820 sed
2233 763 2424 820 domus
2469 767 2612 836 regia
2650 766 2975 838 signilieatur
3005 767 3057 822 in
3087 766 3250 822 latina
3280 766 3493 838 lingua;
3541 766 3682 836 apud

2102 855 2529 925 Graecosautem,
2559 858 2773 913 atrium.
2806 857 2966 930 Ergo,
2999 855 3065 911 Et
3089 857 3264 927 facies,
3288 857 3477 928 inquit,
3501 857 3684 911 atrium

2100 949 2424 1004 tabernaculo
2444 951 2497 1004 in
2518 952 2671 1006 latere
2693 951 2829 1021 quod
2846 951 3047 1018 respicit
3072 950 3142 1004 ad
3165 959 3431 1015 austrum;
3454 958 3500 1004 et
3521 959 3684 1006 tento-

2100 1040 2178 1092 ria
2203 1041 2320 1095 atrii
2347 1058 2410 1096 ex
2433 1041 2582 1113 bysso
2606 1051 2771 1109 torta;
2806 1042 3064 1114 longitudo
3092 1043 3156 1097 sit
3179 1053 3375 1097 centum
3398 1043 3680 1099 cubitorum

2101 1133 2189 1184 uni
2200 1132 2640 1188 lateri:columnte
2657 1151 2828 1188 eorum
2855 1134 3081 1205 ’viginti,
3115 1144 3158 1189 et
3190 1135 3330 1189 bases
3347 1152 3520 1189 carum
3537 1151 3684 1190 terere

2100 1223 2276 1293 viginti
2291 1239 2310 1288 ;
2326 1235 2371 1278 et
2401 1225 2574 1278 circuli
2600 1241 2788 1290 carum,
2810 1235 2855 1280 et
2876 1242 3024 1280 arcus
3045 1242 3216 1279 earum
3243 1227 3484 1297 argentei.
3517 1226 3607 1282 Sic
3629 1236 3677 1280 et

2100 1314 2245 1368 lateri
2271 1316 2403 1387 quod
2432 1326 2502 1370 est
2533 1316 2601 1369 ad
2627 1317 2929 1387 aquilonem,
2959 1317 3167 1370 tentoria
3188 1327 3383 1371 centum
3403 1317 3684 1371 cubitorum

2101 1407 2460 1478 longitudinis;
2488 1419 2536 1462 et
2565 1408 2813 1462 columnae
2838 1424 3007 1462 eorum
3037 1409 3231 1480 viginti,
3263 1418 3308 1462 et
3333 1407 3473 1463 bases
3510 1425 3683 1462 earum

2099 1515 2244 1553 arrete
2268 1501 2461 1570 viginti,
2489 1511 2535 1554 et
2559 1502 2734 1555 circuli
2769 1517 2962 1567 earum,
2998 1511 3044 1555 et
3065 1518 3212 1556 arcus
3239 1501 3603 1566 columnarum,
3635 1512 3683 1556 et

2097 1591 2238 1646 bases
2263 1593 2589 1664 inargenlataz
2615 1604 2840 1665 argento.
2875 1593 3114 1648 Latitudo
3140 1605 3303 1648 autem
3333 1597 3450 1649 atrii
3475 1611 3589 1667 qua:
3609 1609 3683 1651 est

2097 1684 2165 1736 ad
2205 1701 2360 1749 mare,
2390 1687 2602 1740 tentoria
2645 1689 2753 1759 ejus
2782 1688 3146 1760 quinquaginta
3181 1688 3498 1754 cubitorum;
3542 1688 3681 1742 colu-

2098 1793 2229 1830 mna:
2258 1793 2429 1832 eorum
2455 1779 2642 1844 decem,
2675 1789 2720 1834 et
2758 1779 2900 1835 bases
2928 1798 3102 1835 earum
3139 1779 3329 1835 decem.
3370 1779 3436 1833 Et
3465 1781 3680 1835 latitudo

2095 1869 2212 1921 αιήὶ
2238 1870 2373 1939 quod
2400 1879 2471 1925 est
2497 1872 2564 1924 ad
2587 1871 2844 1938 orientem,
2871 1873 3232 1944 quinquaginta
3260 1871 3571 1938 cubitorum;
3591 1887 3680 1926 co-

2096 1958 2282 2012 lumnae
2308 1961 2414 2030 ejus
2443 1960 2632 2028 decem,
2665 1971 2709 2015 et
2736 1962 2876 2017 bases
2903 1978 3075 2015 earum
3099 1962 3286 2016 decent.

2168 2049 2254 2110 10.
2299 2051 2395 2104 llic
2425 2050 2534 2120 jam
2566 2052 2802 2107 videmus
2845 2054 3254 2109 commemorari
3296 2053 3573 2109 columnas
3611 2053 3680 2110 ab

2095 2141 2318 2207 oriente,
2350 2157 2472 2199 cum
2504 2144 2735 2214 loquitur
2771 2145 2838 2200 de
2871 2146 3028 2214 atrio,
3071 2154 3124 2200 et
3164 2161 3254 2201 eas
3279 2145 3462 2201 decem
3494 2145 3680 2201 dicens

2093 2245 2218 2286 cum
2260 2232 2474 2288 basibus
2503 2233 2679 2301 mrcis,
2712 2235 2850 2290 sicut
2881 2234 3012 2290 dixit
3037 2236 3196 2291 etiam
3217 2222 3292 2290 'de
3334 2235 3681 2291 occidentali-

2094 2321 2234 2378 bus:
2269 2323 2354 2378 nbi
2383 2323 2694 2380 difﬁcillima
2743 2327 2911 2382 oritur
2947 2327 3188 2398 qumstio.
3234 2327 3362 2382 Nam
3406 2326 3557 2383 facile
3595 2336 3680 2382 est

2094 2415 2308 2489 quidem
2340 2424 2396 2470 ut
2430 2416 2754 2487 accipiamus
2788 2418 2853 2474 ab
2882 2418 3085 2474 oriente
3127 2435 3287 2473 unum
3325 2417 3564 2473 ordinem
3588 2433 3680 2474 co-

2094 2504 2391 2560 lumnarum
2419 2507 2484 2562 ad
2514 2509 2703 2563 atrium
2731 2510 3121 2579 pertinentium,
3146 2524 3252 2580 quo
3277 2509 3676 2564 tabernaculum

2093 2595 2315 2652 interius
2341 2613 2437 2668 per
2460 2613 2644 2654 omnes
2672 2612 2899 2671 quatuor
2925 2610 3100 2670 partes
3133 2601 3389 2670 cingitur;
3421 2600 3541 2671 quia
3571 2615 3676 2656 non

2094 2688 2321 2744 habebat
2346 2707 2411 2746 ex
2437 2706 2494 2746 ea
2519 2700 2668 2762 parte
2696 2692 2970 2747 Columnas
3000 2693 3397 2748 tabernaculum
3424 2693 3673 2749 interius:

2091 2781 2160 2836 ab
2184 2781 2456 2838 occidente
2485 2792 2659 2839 autem
2691 2783 2778 2837 ubi
2811 2784 2918 2852 jam
2949 2793 3099 2838 erant
3129 2785 3397 2840 interioris
3423 2784 3675 2839 taberna-

2091 2873 2196 2927 culi
2228 2876 2492 2927 columnm
2519 2884 2660 2938 octo,
2691 2874 2956 2944 quomodo
2977 2875 3134 2929 etiam
3162 2875 3288 2929 istas
3309 2873 3513 2940 decem,
3539 2890 3674 2946 quas

2092 2966 2369 3020 exterioris
2406 2965 2524 3020 atrii
2571 2974 2968 3030 commemorat,
3001 2966 3270 3035 accepturi
3308 2980 3512 3032 sumus,
3557 2974 3676 3020 tan-

2091 3072 2248 3127 quam
2294 3059 2360 3114 ab
2406 3057 2684 3115 occidente
2729 3058 2838 3113 duo
2877 3060 2982 3113 sint
3023 3059 3236 3113 ordines
3284 3059 3672 3122 columnarum,

2093 3148 2401 3202 interiorum
2433 3156 2574 3215 octo,
2617 3160 2672 3204 et
2713 3149 3034 3203 exteriorum
3077 3147 3300 3203 decem?
3328 3148 3477 3217 Quod
3515 3149 3560 3205 si
3604 3149 3675 3204 ita

2091 3250 2188 3303 est,
2219 3240 2455 3310 longiora
2486 3249 2640 3294 erunt
2668 3240 2826 3295 etiam
2855 3240 3018 3295 latera
3039 3240 3157 3294 atrii
3185 3241 3483 3306 exterioris,
3514 3255 3675 3312 quam

2093 3333 2414 3388 tabernaculi
2445 3333 2734 3402 interioris,
2771 3343 2839 3388 ut~
2864 3334 2932 3389 sit
2958 3333 3097 3389 unde
3130 3333 3198 3388 ab
3225 3346 3465 3390 extremo
3495 3335 3545 3388 in
3589 3350 3675 3390 ex-

2093 3433 2320 3478 tremum
2347 3424 2481 3479 alius
2505 3425 2866 3480 columnarum
2903 3423 3036 3479 ordo
3062 3424 3336 3495 dirigatur,
3369 3434 3423 3481 ct
3461 3441 3564 3480 non
3595 3425 3675 3480 iu-

2089 3525 2268 3569 eurrat
2299 3516 2350 3569 in
2381 3515 2619 3570 ordinem
2658 3517 2887 3586 priorem
2921 3516 2990 3570 ad
3018 3516 3239 3571 interius
3275 3516 3672 3572 tabernaculum

2092 3605 2464 3674 pertinentem.
2508 3605 2574 3659 Et
2602 3607 2645 3659 si
2688 3606 2786 3660 hoc
2813 3615 2915 3673 est,
2948 3619 3280 3675 Consequens
3317 3607 3417 3660 erit
3443 3615 3499 3661 ut
3529 3607 3673 3662 vice-

2089 3715 2172 3753 na:
2219 3699 2325 3752 ill-.c
2360 3699 2619 3752 columna:
2667 3697 2893 3752 duorum
2923 3698 3147 3752 laterum
3178 3698 3504 3754 tabernaculi
3539 3699 3674 3754 inte:

2089 3790 2264 3856 rioris,
2289 3789 2454 3843 austri
2484 3799 2536 3843 et
2560 3789 2842 3859 aquilonis,
2875 3789 3163 3844 intervallis
3186 3790 3518 3846 brevioribus
3543 3789 3672 3845 diri-

2090 3890 2322 3945 mantur,
2364 3895 2520 3951 quam
2553 3881 2655 3934 illa:
2684 3880 2884 3935 vicenas
2917 3895 3048 3951 quas
3085 3880 3247 3936 habet
3284 3881 3474 3935 atrium
3519 3889 3670 3937 exte-

2089 3973 2200 4028 rius
2247 3988 2311 4027 ex
2368 3971 2568 4027 eisdem
2626 3972 2896 4027 lateribus.
2956 3972 3024 4026 Et
3075 3973 3198 4041 quia
3251 3972 3325 4027 illi
3381 3973 3672 4030 exteriores

2088 4063 2304 4118 ordines
2335 4064 2640 4118 vicenarum
2677 4062 3067 4125 columnarum.
3109 4070 3248 4117 SlClll
3283 4064 3555 4134 Scriptura
3596 4071 3675 4117 lo-

2088 4155 2286 4224 quitur,
2315 4165 2538 4209 centena
2566 4153 2740 4209 cubita
2778 4163 2994 4222 tenent;
3023 4155 3109 4209 isti
3141 4156 3420 4212 interiores
3451 4155 3672 4212 totidem

2088 4247 2456 4302 columnarum
2487 4247 2746 4317 quotlibet
2765 4247 2940 4303 minus
2963 4248 3137 4303 cubita
3168 4258 3398 4316 teneant,
3423 4249 3670 4319 quoniam

2089 4342 2189 4397 hoc
2217 4340 2488 4411 Scriptura
2517 4356 2620 4395 non
2651 4340 2934 4411 expressit,
2971 4355 3305 4411 consequens
3337 4341 3438 4396 erit
3464 4351 3519 4395 ut
3548 4352 3672 4398 octo

2088 4436 2346 4491 Columna:
2369 4435 2469 4488 illa:
2498 4434 2824 4488 tabernaculi
2852 4432 3119 4486 interioris
3148 4433 3198 4486 in
3217 4433 3388 4488 latere
3419 4432 3672 4488 occiden-

2089 4525 2178 4579 tali
2213 4525 2442 4579 rariores
2471 4523 2576 4577 sint
2604 4538 2759 4593 quam
2788 4523 2988 4577 vicena:
3017 4523 3122 4577 illa:
3148 4523 3386 4593 ejusdem
3419 4523 3671 4578 taberna-

2088 4616 2188 4671 culi
2231 4615 2496 4669 australcs
2541 4623 2595 4669 et
2637 4614 2938 4684 aquiloniae,
2985 4623 3039 4668 ut
3079 4615 3248 4684 possit
3290 4613 3674 4685 comprehendi

2089 4709 2316 4779 spatium
2355 4717 2608 4779 quantum
2650 4707 2846 4764 sufﬁcit
2875 4707 3060 4764 decem
3088 4709 3191 4764 illis
3218 4710 3402 4764 animis
3439 4711 3672 4766 circum-

2090 4797 2389 4867 tendendis,
2431 4798 2620 4870 quibus
2667 4797 2912 4869 primitus
2953 4799 3086 4854 dixit
3130 4799 3233 4855 hoc
3273 4801 3673 4858 tabernaculum

2087 4893 2222 4962 ﬁeri.
2253 4892 2456 4948 llabent
2483 4893 2621 4946 enim
2653 4892 2826 4946 cubita
2855 4894 3039 4948 vicena
3075 4902 3130 4948 et
3152 4902 3363 4962 octona,
3395 4911 3513 4966 qua:
3544 4894 3676 4950 ﬁunt

2087 4987 2243 5042 simul
2265 4986 2488 5040 ducenta
2516 4985 2780 5055 octoginta
2808 5003 2820 5039 :
2845 5000 3068 5056 quorum
3093 4987 3137 5040 si
3163 4995 3385 5041 centena
3416 4994 3596 5041 essent
3620 4987 3675 5041 in

2090 5077 2346 5133 lateribus
2375 5077 2580 5132 duobus
2619 5076 2782 5130 austri
2821 5086 2874 5131 et
2917 5077 3198 5148 aquilonis,
3241 5079 3328 5132 ubi
3366 5079 3670 5133 vicenarum

2088 5171 2450 5224 columnarum
2490 5167 2706 5224 ordines
2739 5175 2883 5234 sunt,
2915 5169 3249 5238 quadragena
3287 5169 3467 5239 utique
3495 5170 3674 5226 cubita

2089 5260 2430 5314 tenderentur
2460 5275 2552 5330 per
2575 5259 2674 5313 alia
2701 5260 2804 5314 duo
2831 5259 2994 5313 latera
3023 5259 3244 5314 orientis
3271 5269 3326 5313 et
3357 5260 3671 5328 occidentis,

2087 5349 2514 5425 etpr0portione
2550 5357 2895 5404 occurrerent
2939 5349 2992 5402 in
3038 5356 3160 5403 octo
3201 5349 3466 5405 columnis
3494 5351 3674 5408 cubita

2087 5441 2455 5513 quadraginta,
2485 5442 2620 5495 sicut
2646 5440 2698 5495 in
2724 5441 2906 5511 viginti
2936 5431 3201 5496 columnis
3227 5441 3400 5497 cubita
3421 5453 3668 5512 centum;

2088 5533 2182 5589 scd
2211 5550 2312 5588 non
2352 5542 2530 5587 essent
2556 5526 2793 5603 longiora
2824 5534 2987 5588 latera
3030 5533 3312 5588 exterioris
3351 5534 3494 5600 atrii,
3539 5551 3674 5606 quo-

2089 5625 2229 5679 niam
2258 5623 2495 5678 centenis
2520 5623 2709 5678 cubitis
2729 5621 2943 5678 deﬁnita
2973 5633 3096 5677 sunt
3120 5639 3134 5688 ;
3161 5632 3218 5679 et
3243 5623 3363 5680 ideo
3391 5639 3498 5681 non
3527 5634 3671 5684 esset

2089 5714 2534 5788 quemadmodum
2567 5716 2653 5771 ille
2688 5715 2820 5772 ordo
2858 5714 3042 5772 decem
3082 5717 3450 5774 columnarum
3481 5719 3547 5775 ab
3570 5735 3668 5778 an-

2086 5885 2107 5896 ε
2154 5833 2168 5863 ι
2196 5829 2332 5893 Editi,
2357 5841 2539 5882 carum.
2567 5835 2624 5881 At
2784 5840 2949 5880 parum
2972 5829 3220 5884 :rel'ertur
3243 5832 3299 5883 ad
3327 5834 3554 5884 tentoria.
