4136 6474
501 457 626 529 gulo
653 455 868 513 australi
896 457 948 512 in
974 455 1221 526 angulum
1247 455 1568 525 aquilonium
1607 453 1900 509 includeret
1933 451 2077 507 ordi-

502 563 625 604 nem
656 547 971 602 interiorum
1013 555 1133 613 octo
1169 546 1553 607 columnarum.
1595 543 1821 598 Proinde
1846 552 1898 596 ut
1939 542 2076 596 atrio

499 637 736 708 undique
775 635 1129 693 circumdetur
1163 635 1382 690 interius
1422 633 1832 697 tabernaculum,
1864 640 2078 701 oportet

500 729 631 784 illud
661 743 780 785 esse
808 728 967 793 etiam
996 725 1337 798 longitudinis
1369 725 1628 780 brevioris
1653 743 1666 778 ε
1695 733 1854 793 atque.
1883 723 1952 775 ita
1982 737 2076 776 ne-

501 836 654 880 cesse
689 820 758 874 sit
783 820 996 874 vicenas
1033 818 1150 888 ejus
1177 817 1448 872 columnas
1485 815 1538 878 in
1567 815 1773 875 duobus
1799 815 2072 882 lateribus,

499 911 692 981 quibus
718 911 769 965 in
798 909 1009 979 longum
1043 892 1345 978 porrigitur,
1376 906 1592 968 densius
1617 905 1884 970 constitui,
1917 919 2073 975 quam

498 1011 624 1056 sum
646 1001 764 1059 atrii
785 999 1065 1056 exterioris
1084 999 1241 1063 etiam
1265 998 1391 1067 ipsa:
1417 999 1648 1062 vicenre;
1679 1005 1733 1052 et
1760 999 1928 1051 rarius
1953 1006 2074 1050 octo

497 1094 774 1148 columnas
825 1089 1150 1156 tabernaculi
1189 1089 1452 1150 interioris
1499 1103 1528 1140 a
1566 1095 1718 1158 parte
1760 1087 2066 1149 occidentis,

497 1199 654 1255 quam
681 1181 865 1242 decem
884 1196 949 1247 ex
968 1179 1153 1234 eadem
1174 1187 1322 1248 parte
1341 1177 1460 1231 atrii
1485 1176 1763 1246 exterioris
1787 1193 1800 1230 :
1823 1175 2071 1246 quoniam

497 1275 748 1345 quidquid
791 1274 966 1328 minus
1004 1272 1299 1327 cubitorum
1327 1286 1392 1324 ex
1419 1270 1521 1338 illis
1551 1270 1732 1329 aulaeis
1771 1268 2073 1331 extenditur

496 1370 552 1435 in
580 1367 842 1435 columnis
862 1367 1062 1430 vicenis
1079 1365 1303 1421 duorum
1331 1347 1556 1429 laterum
1577 1364 1642 1419 ad
1668 1373 1904 1424 austrum
1932 1372 1978 1417 et
2003 1361 2070 1416 ad

492 1461 817 1531 aquilonem,
847 1458 1294 1528 compensandum
1320 1467 1403 1514 est
1423 1458 1693 1524 latitudine
1720 1457 1990 1520 orientalis
2018 1464 2072 1512 et

493 1550 837 1606 occidentalis
866 1549 1062 1612 lateris,
1094 1559 1150 1604 ut
1175 1549 1396 1616 ducenta
1427 1549 1688 1619 octoginta
1724 1549 1900 1610 cubita
1931 1563 2064 1608 con,-

493 1649 823 1697 summentur
865 1641 1175 1706 aulmorum.
1219 1639 1334 1694 Non
1365 1640 1505 1694 enim
1544 1640 1681 1693 sicut
1710 1639 1778 1694 de
1802 1640 1934 1694 velis
1975 1655 2068 1694 ca-

495 1733 742 1801 pillaciis.
774 1731 864 1786 ubi
894 1746 1056 1786 unum
1080 1731 1198 1800 plus
1228 1741 1328 1794 est,
1368 1730 1436 1784 ita
1463 1738 1518 1784 et
1543 1729 1610 1785 de
1640 1729 1721 1784 bis
1749 1730 1932 1784 aulicis
1955 1729 2070 1799 jus-

493 1825 564 1878 sit
593 1823 794 1892 aliquid
819 1822 1096 1894 duplicari.
1125 1822 1456 1891 Quapropter
1483 1821 1528 1876 si
1561 1830 1764 1876 tantum
1802 1822 2070 1876 breviatur

492 1916 765 1986 longitudo
801 1916 1124 1988 tabernaculi
1160 1915 1444 1982 interioris,
1475 1913 1618 1983 quod
1656 1913 1722 1967 ab
1751 1913 1888 1967 atrio
1916 1923 2068 1968 exte-

491 2006 636 2068 riore
669 2014 848 2076 posset
877 2003 1092 2069 includi,
1126 2015 1181 2058 ut
1213 2004 1265 2057 in
1296 2003 1494 2058 vicenis
1525 2004 1641 2072 ejus
1675 2003 1935 2057 columnis
1961 2017 2068 2058 non

491 2107 716 2166 centena
736 2098 912 2167 cubita
938 2096 1219 2173 tendantur
1238 2096 1524 2150 aulicorum
1549 2113 1562 2160 ;
1587 2095 1678 2151 sed
1707 2095 1850 2150 verbi
1875 2095 2064 2164 gratia,

492 2198 554 2245 ut
585 2189 858 2246 minimum
900 2203 1172 2263 nonagena
1211 2197 1266 2242 et
1298 2201 1447 2258 sena,
1491 2196 1547 2240 ut
1571 2186 1841 2255 quaternis
1878 2186 2068 2245 cubitis

491 2281 734 2350 breviora
761 2280 904 2352 sint:
931 2278 1044 2342 lucc
1073 2279 1184 2347 ipsa
1213 2285 1467 2348 quaterna
1509 2276 1705 2342 cubita,
1737 2276 1788 2344 id
1827 2285 1910 2334 est
1947 2286 2070 2338 octo

482 2371 666 2438 cubita
705 2371 758 2425 in
797 2369 931 2438 duos
969 2369 1085 2428 aliis
1114 2369 1363 2440 lateribus
1401 2367 1584 2437 utique
1615 2367 1876 2425 tendenda
1921 2376 2065 2435 sunt,

491 2461 736 2520 orientali
773 2469 826 2516 et
853 2459 1198 2526 occidentali;
1231 2474 1294 2512 ac
1323 2459 1401 2513 sic
1433 2459 1486 2513 in
1517 2458 1623 2512 illis
1660 2467 1782 2513 octo
1806 2457 2070 2514 columnis

491 2551 904 2624 occidentalibus
931 2549 1255 2618 tabernaculi
1281 2549 1546 2611 interioris
1580 2565 1686 2604 non
1711 2549 2070 2606 extenduntur

490 2643 668 2710 cubita
692 2641 1058 2713 quadraginta,
1107 2641 1199 2712 scd
1229 2641 1570 2714 quadraginta
1600 2649 1844 2712 quatuor,
1883 2648 1939 2700 et
1965 2640 2067 2696 alia

489 2733 833 2806 quadraginta
861 2740 1086 2804 quatuor
1123 2731 1191 2786 ab
1217 2731 1442 2788 oriente.
1484 2722 1772 2803 Cum'ergo
1800 2731 1852 2786 in
1882 2731 2066 2786 decem

489 2825 750 2896 columnis
787 2823 1075 2889 exterioris
1107 2823 1228 2877 atrii
1269 2823 1560 2877 tenduntur
1597 2823 1772 2886 cubita
1809 2823 2069 2894 quinqua-

490 2914 654 2989 ginta,
685 2915 737 2979 in
767 2923 895 2984 octo.
917 2923 1092 2968 autem
1134 2912 1400 2968 interioris
1430 2912 1751 2981 tabernaculi
1783 2913 2069 2972 tenduntur

491 3006 667 3072 cubita
695 3005 1038 3088 quadraginta
1070 3013 1318 3078 quatuor.
1364 3004 1564 3079 rariora
1607 3004 1943 3066 inveniuntur
1988 3005 2070 3059 in-

497 3095 717 3168 tervalla
754 3095 1064 3158 interiorum
1106 3103 1228 3159 octo
1255 3093 1619 3167 columnarum
1646 3111 1802 3164 quam
1839 3095 2068 3162 exterio-

493 3203 610 3254 rum
632 3187 814 3242 decem
844 3204 856 3240 :
879 3186 1000 3256 quia
1026 3185 1068 3240 si
1097 3185 1241 3256 paria
1266 3194 1462 3257 essent,
1494 3185 1563 3238 ita
1591 3185 1642 3238 in
1668 3185 1929 3250 columnis
1947 3193 2068 3239 octo

493 3277 838 3359 quadraginta
887 3275 1060 3331 cubita
1103 3275 1461 3338 tenderentur,
1513 3275 1651 3332 sicut
1691 3274 2067 3345 quinquaginta

494 3365 846 3438 tendebantur
862 3365 912 3418 in
928 3363 1110 3420 decem
1129 3379 1145 3429 ;
1167 3363 1415 3434 quoniam
1433 3362 1569 3432 quod
1591 3372 1713 3418 sunt
1729 3363 2068 3440 proportione

493 3467 614 3512 octo
639 3455 706 3512 ad
725 3455 929 3521 decem,
959 3454 1060 3510 hoc
1079 3463 1200 3509 sunt
1215 3452 1558 3524 quadraginta
1577 3453 1644 3508 ad
1670 3454 2066 3524 quinquaginta.

493 3547 801 3627 Quinarium
815 3546 1007 3617 quippe
1024 3560 1300 3600 numerum
1313 3543 1653 3615 quadraginta
1670 3543 1834 3599 octies
1851 3543 2066 3611 habent,

495 3638 872 3715 quinquaginta
897 3637 1076 3692 decies
1254 3631 1259 3636 ’

565 3727 654 3805 υτ
679 3725 784 3806 [lbi
808 3726 1013 3799 ηοω]
1039 3725 1148 3783 Nec
1171 3740 1269 3780 nos
1295 3733 1569 3781 moverent
1600 3726 1961 3782 columnarum
1988 3727 2071 3782 in-

495 3817 716 3890 tervalla
741 3817 994 3890 disparia,
1024 3817 1164 3887 quod
1190 3815 1465 3889 densiores
1486 3816 1539 3871 in
1561 3817 1810 3873 lateribus
1835 3819 2068 3889 longitu-

493 3909 634 3978 dinis
660 3891 1001 3987 ponerentur,
1030 3895 1119 3985 ubi
1145 3909 1342 3984 vicena:
1370 3915 1517 3975 sunt,
1544 3909 1774 3964 rariores
1802 3918 1979 3964 autem
2011 3910 2066 3966 in

496 3998 662 4066 latere
692 3996 1010 4074 latitudinis,
1042 3997 1132 4051 ubi
1170 4008 1292 4052 octo
1322 4005 1472 4065 sunt,
1508 3997 1608 4068 nisi
1639 3997 1778 4066 aliud
1815 3998 2069 4069 existeret

494 4089 638 4177 quod
676 4099 889 4176 urgeret
917 4095 1122 4171 mutare
1149 4082 1482 4165 sententiam.
1514 4085 1644 4143 Cum
1668 4089 1808 4144 enim
1836 4105 2070 4154 comme-

497 4189 759 4256 morasset
789 4179 1166 4256 longitudinem
1203 4180 1324 4234 atrii
1349 4179 1415 4234 ad
1446 4195 1592 4236 mare
1620 4179 1814 4236 habere
1839 4183 2068 4249 tentoria

497 4271 879 4357 quinquaginta
906 4269 1225 4347 cubitorum,
1242 4278 1295 4324 et
1319 4271 1588 4348 columnas
1611 4269 1818 4338 decem,
1834 4281 1888 4326 et
1914 4272 2068 4328 bases

494 4379 674 4418 carum
701 4362 884 4418 decem
907 4370 1004 4440 ;_et
1041 4361 1368 4440 latitudinem
1397 4361 1515 4416 atrii
1550 4361 1616 4435 ad
1657 4363 1912 4418 orientem
1939 4364 2068 4420 item

493 4454 870 4531 quinquaginta
896 4435 1215 4531 cubitorum,
1243 4435 1303 4523 et
1333 4454 1604 4524 columnas
1629 4453 1812 4510 decem
1839 4465 1892 4509 et
1914 4454 2070 4512 bases

493 4527 678 4620 decem
740 4528 905 4625 atque
931 4527 1014 4598 bis
1038 4527 1192 4621 dictis
1228 4544 1456 4620 perlecta
1488 4543 1757 4598 videretur
1795 4544 1960 4599 forma
1989 4554 2068 4599 ta-

492 4621 764 4713 bernaculi
805 4621 926 4715 cum
955 4637 1090 4715 atrio
1126 4650 1223 4690 suo
1264 4635 1494 4706 undique
1542 4636 1842 4705 ambiente,
1889 4635 2070 4706 injecit

493 4728 634 4791 aliud
654 4769 668 4793 ,
699 4709 842 4810 quod
868 4709 967 4804 ubi
995 4709 1047 4790 et
1087 4726 1352 4812 quomodo
1401 4727 1797 4796 intelligendum
1833 4729 1932 4793 sit,
1964 4727 2067 4781 tlifo'

495 4821 727 4877 licillime
768 4821 1067 4888 reperitur:
1099 4813 1165 4898 Et
1204 4817 1516 4897 quindecim,
1558 4818 1761 4896 inquit,
1790 4819 2069 4873 cubitorum

495 4912 822 4966 tentoriorum
865 4907 1082 4962 altitudo
1122 4906 1266 4960 lateri
1301 4907 1428 4960 uni:
1451 4909 1697 4984 columna:
1733 4926 1903 4977 eorum
1948 4920 2064 4978 tres,

494 5017 544 5060 ct
574 5005 715 5059 bases
743 5018 916 5057 eorum
945 5011 1062 5054 tres.
1096 4997 1162 5052 Et
1185 4999 1313 5052 latus
1333 4999 1605 5057 secundum
1624 4985 1651 5066 ,1
1671 5001 1952 5071 quindecim
1975 5019 2068 5056 cu-

496 5096 712 5148 bitorum
745 5091 1067 5146 tentoriorum
1095 5087 1308 5141 altitudo
1347 5102 1365 5140 :
1406 5089 1653 5142 columna:
1685 5103 1990 5162 eorumtrcs,
2023 5102 2069 5168 ct

491 5186 634 5240 bases
650 5200 820 5238 earum
854 5191 972 5236 tres.
1009 5180 1075 5234 Et
1101 5189 1258 5248 porta:
1284 5179 1402 5232 atrii
1427 5190 1650 5249 tegumen
1676 5181 1848 5254 viginti
1872 5184 2066 5248 cubito?

490 5294 604 5331 rum
639 5273 852 5330 altitudo
887 5274 950 5328 de
987 5257 1254 5343 hyacintho
1289 5279 1336 5324 ct
1375 5287 1602 5341 purpura
1637 5282 1682 5324 et
1709 5288 1853 5326 cocco
1882 5281 1994 5325 ueto
2021 5282 2069 5326 et

496 5368 641 5438 bysso
668 5375 800 5420 torta
817 5405 833 5428 ,
859 5363 1096 5418 varietate
1131 5377 1226 5415 acu
1257 5362 1390 5433 picta
1421 5376 1439 5415 :
1467 5360 1714 5415 columnae
1740 5378 1912 5416 carum
1936 5379 2066 5434 qua-

494 5470 607 5512 tuor
631 5467 676 5511 ct
705 5457 843 5521 bases
869 5471 1042 5510 earum
1088 5463 1319 5533 quatuor.
1361 5452 1485 5507 Hice
1523 5451 1613 5528 ubi
1649 5453 2064 5522 constituantur,

487 5548 720 5622 perlecta
743 5531 832 5602 illa
865 5546 1028 5601 forma
1068 5531 1411 5622 tabernaculi,
1447 5559 1548 5599 non
1574 5545 1728 5599 video
1752 5563 1765 5596 :
1787 5545 1880 5601 sed
1910 5547 2067 5616 plane

486 5623 642 5692 video
673 5619 918 5692 etimdem
959 5650 1079 5690 esse
1125 5619 1405 5709 numerum
1444 5635 1805 5691 columnarum
1851 5636 2061 5706 decem,

487 5729 540 5796 in
586 5727 756 5803 tribus
785 5733 838 5782 et
885 5723 1048 5780 tribus
1093 5735 1147 5781 et
1189 5736 1434 5798 quatuor,
1463 5729 1624 5785 ternis
1660 5729 1862 5786 scilicet
1910 5746 1938 5785 τι
1984 5731 2062 5786 la-

1313 339 1767 409 QUAZSTIONUM
1803 336 1861 393 s.
1904 333 2265 393 auersum
2306 338 2371 395 lN
2410 340 2958 407 HEPTATEUCIIUM
3005 333 3010 338 ’
3655 353 3748 410 tot

2185 450 2385 508 teribus
2426 464 2480 514 et
2528 466 2752 526 quatuor
2789 461 2840 515 in
2894 461 3088 518 medio.
3131 463 3206 518 Ac
3249 478 3342 534 per
3383 467 3484 519 hoc
3527 467 3749 522 tentoria

2183 541 2272 601 illa
2325 546 2702 619 quinquaginta
2758 553 3053 609 cubitorum
3120 570 3227 610 non
3269 564 3515 611 contexta
3561 566 3750 624 erunt,
3806 573 3818 576 ·

2181 649 2250 689 ne
2292 638 2464 692 aditus
2513 641 2566 696 in
2613 641 2748 696 atrio
2799 644 2974 700 nullus
3033 647 3146 701 sit:
3179 646 3271 701 sed
3320 647 3602 717 quindenis
3653 663 3749 701 cu-

2178 725 2302 782 bitis
2346 730 2517 786 media
2559 732 2738 804 viginti
2785 735 2962 790 cubita
3009 738 3424 806 separabuntur,
3465 749 3520 793 ut
3559 738 3753 793 iaciant

2119 870 2123 879 ί
2180 830 2348 888 porta:
2398 823 2720 880 tabernaculi
2769 829 3032 898 tegimen,
3078 829 3179 882 hoc
3225 837 3307 885 est
3346 831 3562 894 velum,
3609 830 3750 901 quod

2180 923 2493 968 ornamento
2532 916 2934 989 velamentoque
2961 919 3290 990 dependeat,
3331 929 3386 977 et
3417 931 3594 978 teneat
3625 938 3752 992 spa-

2181 1003 2308 1059 tium
2345 1013 2571 1074 quatuor
2614 1010 3012 1078 columnarum,
3057 1012 3196 1081 quod
3243 1022 3408 1082 porta:
3435 1015 3553 1069 atrii
3586 1014 3751 1083 depu-

2173 1103 2344 1150 tatum
2387 1107 2546 1168 atque
2591 1112 2892 1170 separatum
2933 1111 3033 1157 est.
3071 1104 3192 1158 Ideo
3227 1106 3466 1160 velamen
3508 1106 3677 1175 ipsum
3715 1121 3747 1160 a

2178 1184 2431 1243 lateribus
2455 1190 2774 1258 quindenum
2813 1194 3112 1248 cubitorum
3149 1194 3374 1250 divisum
3411 1205 3565 1265 atque
3591 1212 3748 1265 sepa—

2176 1287 2384 1344 ratum,
2409 1283 2569 1336 etiam
2611 1283 2788 1352 specie
2827 1284 3076 1355 distingui
3115 1286 3312 1352 voluit,
3355 1294 3413 1339 ut
3452 1302 3614 1357 opere
3649 1302 3749 1340 acu

2177 1368 2320 1436 picto
2342 1381 2570 1438 quatuor
2590 1372 2692 1427 illis
2712 1373 2978 1428 coloribus
3004 1376 3314 1430 variaretur.
3345 1376 3451 1431 Sed
3477 1378 3634 1430 latera
3661 1378 3748 1432 illa

2176 1454 2500 1523 quindenum
2535 1457 2828 1512 cubitorum
2857 1457 2979 1519 hinc
3006 1470 3164 1529 atque
3194 1461 3315 1517 hinc
3339 1469 3515 1514 ternas
3541 1461 3750 1516 colum-

2175 1558 2274 1603 nas
2320 1543 2661 1612 habentium,
2707 1547 2752 1602 si
2793 1547 2858 1602 ad
2903 1549 3142 1603 eamdem
3187 1549 3340 1604 linea:
3379 1550 3751 1605 rectitudinem

2174 1645 2342 1704 porta:
2375 1637 2496 1692 atrii
2525 1638 2931 1709 coniungantur,
2961 1655 3067 1694 non
3093 1643 3195 1696 erit
3231 1642 3458 1711 spatium
3495 1641 3632 1696 inter
3654 1643 3750 1696 de-

2175 1742 2292 1782 cem
2321 1730 2599 1786 columnas
2643 1731 2919 1788 exterioris
2952 1732 3072 1789 atrii
3116 1741 3171 1788 et
3205 1741 3327 1787 octo
3369 1733 3634 1788 interioris
3671 1742 3750 1786 ως

2174 1817 2463 1885 bernaculi,
2491 1820 2580 1874 ubi
2601 1821 2668 1875 sit
2690 1822 3114 1891 altare-quinque
3135 1821 3454 1887 cubitorum,
3485 1821 3748 1892 quadrum

2172 1925 2438 1980 occupans
2460 1913 2719 1981 Spatium;
2745 1920 2802 1968 et
2824 1921 2948 1968 ante
2978 1914 3148 1982 ipsum
3174 1913 3358 1979 altare,
3382 1913 3470 1967 ubi
3489 1914 3749 1967 serviatur

2172 2000 2357 2066 altari;
2381 2009 2433 2056 et
2462 2001 2600 2056 inter
2623 2002 2796 2071 ipsum
2823 2012 2876 2058 et
2895 2003 3086 2057 ostium
3109 2003 3428 2060 tabernaculi
3454 2003 3745 2067 interioris,

2174 2089 2264 2144 ubi
2292 2091 2362 2146 sit
2389 2091 2592 2146 labrum
2629 2107 2856 2147 mneum.
2899 2092 2989 2149 Sic
3033 2094 3172 2148 enim
3210 2108 3336 2164 poni
3374 2093 3580 2163 jussum
3630 2102 3747 2162 est,

2173 2181 2314 2237 unde
2342 2197 2529 2237 manus
2553 2190 2610 2238 et
2637 2182 2800 2252 pedes
2836 2183 3142 2238 sacerdotes
3177 2183 3378 2248 lavent,
3409 2183 3618 2254 quando
3661 2183 3745 2236 in-

2174 2281 2315 2331 trant
2359 2273 2784 2342 tabernaculum,
2829 2276 2915 2330 vel
2951 2275 3162 2346 quando
3203 2275 3458 2331 accedunt
3496 2284 3556 2331 ut
3591 2276 3747 2332 altari

2172 2363 2508 2420 deserviant:
2537 2365 2676 2434 quod
2704 2366 2803 2419 nisi
2835 2365 2963 2420 loris
2991 2382 3019 2419 a
3049 2365 3386 2422 tabernaculo
3415 2367 3468 2421 in
3493 2367 3628 2422 atrio
3663 2367 3746 2422 in-

2175 2454 2532 2536 tellexerimus
2553 2496 2569 2522 ,
2614 2456 2881 2527 quomodo
2913 2467 3134 2528 possunt
3167 2459 3311 2530 prius
3345 2459 3522 2514 lavare
3559 2474 3746 2513 manus

2173 2554 2227 2600 et
2251 2545 2442 2614 pedes,
2471 2555 2524 2602 et
2565 2548 2644 2606 sic
2687 2548 3084 2603 tabernaculum
3111 2551 3365 2605 introire?
3391 2550 3542 2606 Foris
3566 2559 3745 2606 autem

2172 2637 2240 2692 ab
2280 2638 2416 2692 atrio
2464 2654 2571 2693 non
2614 2654 2898 2709 possumus
2935 2641 3104 2698 altare
3143 2651 3407 2710 statuere;
3433 2643 3554 2714 quia
3580 2652 3634 2698 et
3663 2653 3745 2698 ta-

2171 2727 2509 2783 bernaculum
2536 2737 2591 2784 et
2616 2731 2782 2785 altare
2809 2726 3122 2788 circumdari
3155 2733 3292 2787 atrio
3344 2734 3613 2804 prmcepit.
3637 2734 3745 2788 lle-

2171 2825 2276 2872 stat
2311 2818 2467 2888 igitur
2506 2828 2565 2874 ut
2608 2820 2694 2874 illa
2735 2820 2897 2874 latera
2935 2821 3260 2891 quindenum
3293 2823 3588 2879 cubitorum
3625 2824 3748 2880 hinc

2171 2916 2328 2978 atque
2357 2909 2506 2974 hinc,
2538 2919 2592 2965 et
2617 2910 2982 2968 columnarum
3011 2921 3308 2978 ternarum,
3332 2914 3410 2971 sic
3428 2915 3748 2984 accipiamus

2171 3011 2201 3050 a
2229 2997 2514 3064 lateribus,
2539 3006 2596 3052 ut
2625 2999 2735 3068 ipsa
2770 2999 2962 3055 faciant
2998 3002 3331 3060 intervallum
3363 3002 3578 3058 totidem
3600 3003 3748 3062 cubi-

2172 3095 2346 3143 torum
2370 3089 2386 3121 ί
2415 3089 2554 3144 inter
2583 3099 2786 3159 portam
2811 3092 2930 3146 atrii
2959 3101 3012 3146 ct
3037 3093 3232 3147 ostium
3263 3093 3582 3150 tabernaculi
3613 3095 3750 3150 inte-

2172 3178 2330 3235 rioris
2365 3195 2379 3232 :
2420 3188 2630 3250 portam
2669 3182 2881 3251 quidem
2925 3192 3189 3253 patentem
3231 3185 3412 3254 viginti
3463 3185 3650 3240 cubitis
3692 3187 3744 3240 in

2172 3278 2398 3340 quatuor
2421 3271 2704 3338 columnis,
2728 3281 2782 3327 et
2808 3272 3092 3328 habentem
3116 3274 3286 3329 velum
3308 3290 3402 3329 acu
3425 3276 3564 3345 picto
3584 3291 3748 3345 apere

2172 3362 2428 3424 variatum
2471 3364 2654 3434 viginti
2677 3365 3006 3431 cubitorum;
3039 3367 3232 3421 ostium
3257 3382 3383 3423 vero
3422 3369 3745 3423 tabernaculi

2173 3451 2423 3518 interius,
2455 3453 2545 3510 ubi
2591 3463 2817 3524 ponatur
2859 3456 3098 3510 velamen
3128 3456 3256 3510 illud
3293 3458 3346 3511 in
3379 3457 3612 3527 quinque
3649 3474 3745 3513 co—

2173 3541 2370 3610 lumnis
2394 3552 2664 3608 extentum
2698 3546 2875 3614 :quod
2905 3545 3083 3616 utique
3111 3560 3212 3600 non
3243 3549 3375 3600 intra
3406 3546 3552 3600 illum
3589 3547 3738 3602 ordi-

2173 3648 2294 3702 nem
2322 3641 2441 3690 octe
2467 3633 2829 3702 columnarum
2851 3676 2866 3699 ,
2895 3635 2988 3690 scd
3013 3645 3161 3690 extra
3191 3634 3316 3688 foris
3341 3636 3406 3691 ad
3428 3637 3617 3691 atrium
3648 3653 3746 3707 po-

2173 3723 2333 3778 situm
2381 3725 2672 3795 intelligere
2716 3725 2993 3781 debemus.
3041 3726 3190 3780 Tunc
3237 3726 3379 3780 enim
3429 3727 3530 3782 erit
3569 3729 3744 3784 velum

2173 3813 2294 3868 ostii
2330 3813 2681 3881 tabernaculi,
2735 3815 2878 3884 quod
2909 3815 3100 3870 ostium
3138 3823 3385 3886 tanquam
3423 3817 3586 3873 valvis
3622 3834 3749 3888 ape-

2175 3903 2424 3969 riebatur,
2469 3905 2558 3960 ubi
2599 3905 2767 3970 aulica
2818 3906 2954 3961 inter
2996 3921 3055 3962 se
3099 3907 3310 3961 circulis
3353 3917 3407 3962 et
3449 3910 3594 3964 ansis
3638 3925 3744 3965 non

2172 3996 2645 4066 conjungebantur.
2668 3998 2770 4056 Aut
2797 3997 2840 4052 si
2871 3997 3002 4057 forte
3025 3997 3160 4053 intra
3190 3997 3334 4052 illum
3359 3999 3599 4056 ordinem
3625 4011 3746 4056 octo

2173 4087 2535 4153 columnarum
2567 4087 2888 4147 tabernaculi
2923 4088 3187 4146 interioris
3211 4129 3224 4152 ,
3257 4090 3622 4158 opponebatur
3647 4093 3749 4147 hoc

2173 4179 2414 4236 velamen
2461 4183 2515 4233 in
2552 4178 2785 4249 quinque
2826 4179 3090 4242 columnis
3128 4180 3264 4235 ostio
3294 4180 3644 4248 tabernaculi,
3690 4192 3749 4237 ut

2172 4270 2383 4342 quando
2423 4270 2779 4340 aperiebatur,
2819 4270 3070 4326 interiora
3111 4285 3216 4330 non
3248 4271 3591 4340 nudarentur,
3620 4290 3687 4330 ne
3713 4291 3745 4330 a

2170 4363 2616 4434 prospicientibus
2645 4362 2979 4428 viderentur;
3000 4362 3138 4433 quod
3168 4373 3342 4424 tamen
3369 4365 3610 4419 velamen
3636 4367 3748 4422 sive

2173 4455 2396 4516 interius
2432 4455 2500 4510 ab
2543 4455 2634 4509 illo
2683 4454 2869 4509 ordine
2911 4455 3309 4520 columnarum,
3361 4456 3474 4514 sive
3515 4459 3749 4513 exterius

2174 4554 2477 4614 poneretur,
2505 4543 2647 4616 quod
2669 4559 2772 4598 non
2801 4545 2929 4599 satis
2947 4545 3119 4599 elucet
3143 4563 3156 4600 :
3185 4546 3366 4614 procul
3396 4546 3554 4602 dubio
3583 4548 3751 4601 dista-

2172 4632 2262 4688 bat
2282 4633 2558 4704 moderato
2572 4634 2847 4702 intervallo
2867 4635 2932 4688 ab
2950 4633 3136 4706 eodem
3156 4635 3340 4694 ordine
3359 4637 3747 4701 columnarum,
3781 4707 3783 4709 ι

2172 4739 2239 4778 ne
2254 4724 2483 4797 quinque
2497 4725 2756 4794 columnae
2779 4724 2842 4779 ad
2862 4732 3091 4795 quatuor
3103 4725 3374 4781 columnas
3391 4727 3605 4783 densius
3621 4745 3752 4784 cou-

2173 4814 2377 4883 stipatre
2399 4854 2413 4878 ,
2444 4815 2852 4874 intercluderent
2879 4815 3054 4884 potius
3074 4815 3296 4884 aditum,
3318 4832 3474 4887 quam
3492 4819 3747 4875 velareut.

2244 4905 2332 4970 12.
2370 4905 2668 4962 Secundum
2699 4907 2856 4961 istum
2886 4907 3060 4975 itaque
3094 4905 3342 4975 modum,
3373 4917 3426 4963 et
3458 4909 3749 4965 secundum

2173 4993 2310 5050 hanc
2333 4993 2558 5049 l‘ormam
2588 4995 2912 5049 tabernaculi
2943 4995 3070 5049 nihil
3107 4998 3215 5066 jam
3257 5012 3391 5067 opus
3415 5007 3497 5053 est
3538 4999 3752 5056 vicenas

2174 5085 2292 5140 illas
2343 5087 2618 5140 columnas
2675 5085 2896 5140 laterum
2969 5088 3236 5157 interioris
3300 5089 3626 5146 tabernaculi
3682 5091 3748 5145 ad

2174 5186 2410 5230 austrum
2446 5185 2501 5230 et
2535 5177 2834 5246 aquilonem
2876 5180 3198 5234 constituere
3235 5179 3543 5247 densiores,
3571 5189 3626 5236 et
3659 5198 3750 5236 ra-

2173 5268 2344 5322 riores
2399 5267 2514 5336 illas
2565 5275 2686 5323 octo
2734 5266 2907 5324 facere
2942 5285 3058 5348 qua:
3096 5271 3162 5325 ab
3208 5271 3480 5327 occidente
3518 5273 3744 5328 fuerant.

2172 5358 2365 5412 Decem
2413 5357 2608 5433 quippe
2645 5359 2752 5415 illm
2789 5359 2909 5414 atrii
2941 5362 3220 5416 exterioris
3257 5362 3326 5416 ab
3366 5362 3552 5427 eadem
3597 5373 3748 5433 parte

2172 5448 2460 5518 occidentis
2486 5465 2588 5503 non
2619 5449 2832 5521 longum
2863 5451 3100 5521 ordinem
3134 5453 3328 5526 faciunt
3354 5455 3744 5521 columnarum,

2173 5553 2278 5610 quo
2313 5538 2647 5606 includantur
2671 5550 2790 5595 octo
2824 5540 3138 5618 interiores,
3178 5543 3272 5597 sed
3314 5545 3479 5601 ternis
3507 5546 3572 5600 ab
3597 5555 3744 5601 utro-

2237 5744 2253 5778 ι
2277 5744 2350 5794 sic
2364 5749 2472 5793 Mss.
2502 5748 2554 5794 At
2568 5741 2704 5803 editi,
2728 5741 2903 5805 aliquot
2923 5741 3203 5795 cubitorum.
