4136 6460
358 366 462 426 665

357 496 464 550 que
494 480 657 533 latere
681 471 1016 535 constitutis,
1047 479 1101 526 et
1125 477 1350 542 quatuor
1376 468 1426 523 in
1453 476 1606 539 porta
1630 467 1671 530 ί,
1709 465 1936 534 spatium

359 567 717 629 concludunt,
749 565 836 619 ubi
863 573 919 619 et
938 564 1104 618 altare
1138 564 1206 617 sit
1240 562 1749 617 bolocaustomatum
1795 557 1933 611 intra

360 669 569 728 portam
594 656 716 710 atrii
744 665 866 709 ante
891 656 1083 708 ostium
1113 651 1465 717 tabernaculi;
1488 660 1542 706 et
1566 650 1770 704 labrum
1803 648 1943 702 inter

360 751 558 806 ostium
585 746 912 810 tabernaculi
938 756 993 801 et
1019 745 1214 809 altare;
1249 753 1306 799 et
1329 743 1660 799 intervallum
1690 754 1941 796 necessa-

361 840 502 903 rium
530 837 823 893 ministerio
849 838 985 891 inter
1015 837 1181 891 altare
1207 843 1261 890 et
1284 843 1488 904 portam
1515 833 1635 887 atrii
1660 849 1674 886 :
1698 839 1752 886 et
1773 831 1851 885 sic
1880 829 1945 884 il-

363 929 454 989 lud
486 939 651 983 totum
687 927 912 995 spatium
942 927 1060 981 atrii
1082 925 1411 981 concluditur
1439 922 1701 978 columnis
1724 922 1941 988 decem,

365 1019 535 1078 tribus
561 1019 629 1072 ab
653 1017 920 1088 aquilone,
954 1026 1010 1072 et
1039 1015 1203 1071 tribus
1228 1014 1294 1068 ab
1321 1023 1522 1080 austro,
1546 1021 1602 1068 et
1627 1021 1853 1082 quatuor
1876 1011 1944 1066 ab

364 1108 672 1170 occidente,
706 1117 954 1176 tanquam
983 1106 1027 1160 si
1056 1114 1096 1160 n
1129 1119 1355 1175 grmcam
1400 1104 1626 1158 litteram
1669 1101 1847 1156 facias.
1877 1100 1945 1154 Et

364 1197 442 1252 sic
466 1196 849 1267 adjnngebatur
876 1197 1013 1251 idem
1043 1196 1266 1267 spatium
1295 1195 1519 1266 longiori
1545 1194 1717 1250 ordini
1742 1194 1948 1248 colum-

365 1304 554 1344 narum
592 1289 914 1356 tabernaculi
947 1289 1234 1358 interioris,
1259 1299 1503 1359 tanquam
1531 1289 1575 1347 si
1612 1288 1678 1343 ad
1712 1289 1942 1349 litteram

366 1390 714 1435 memoratam
739 1422 754 1453 ,
782 1396 846 1446 ex
888 1396 948 1440 ea
979 1389 1130 1450 parte
1157 1396 1258 1451 qua
1301 1396 1406 1453 non
1449 1379 1646 1448 habet,
1688 1379 1944 1450 adjungas

366 1471 556 1528 littera:
583 1473 981 1544 productionem
1005 1489 1122 1544 quae
1162 1474 1266 1528 iota
1297 1473 1526 1538 dicitur;
1559 1482 1616 1528 ut
1651 1473 1768 1543 ejus
1795 1482 1944 1543 parte

365 1577 486 1639 qua:
524 1563 575 1618 in
614 1564 787 1619 medio
815 1573 932 1628 est,
963 1565 1030 1620 ab
1059 1581 1123 1622 eo
1163 1567 1330 1621 latere
1355 1565 1722 1632 concludatur,
1763 1575 1819 1622 et
1859 1582 1945 1622 re-

365 1661 510 1721 stent
557 1653 681 1709 hinc
710 1663 868 1724 atque
909 1653 1030 1709 inde
1071 1670 1138 1710 ex
1176 1654 1290 1724 ipso
1328 1655 1433 1710 iota
1477 1657 1694 1726 reliquie
1745 1667 1940 1726 partes.

365 1743 621 1818 Poterant
646 1759 773 1814 ergo
802 1745 1066 1799 numerari
1092 1745 1274 1800 decem
1301 1746 1559 1800 columnir
1581 1747 1634 1802 in
1659 1747 1748 1802 illo
1786 1749 1945 1818 longo

365 1815 554 1891 ordine
580 1837 748 1906 partis
771 1837 1113 1893 occidentalis
1146 1838 1467 1894 tabernaculi
1512 1839 1810 1906 interioris,
1849 1840 1944 1896 sed

365 1940 488 1994 cum
531 1926 633 1979 illis
671 1936 791 1981 octo
830 1926 1152 1984 adderentur
1176 1928 1324 1993 dote,
1357 1945 1476 1998 qua:
1514 1929 1944 1984 fuerantultinia:

366 2013 421 2069 in
460 2014 734 2071 ordinibus
774 2016 996 2072 laterum
1040 2019 1156 2076 atrii
1205 2020 1468 2089 aquilonis
1507 2028 1561 2077 et
1599 2021 1782 2083 austri.
1811 2020 1945 2076 Nam

365 2114 421 2160 et
449 2106 554 2181 illa:
588 2107 775 2181 decem
819 2123 935 2174 quae
969 2110 1181 2180 proprie
1218 2109 1285 2169 ad
1324 2111 1516 2164 atrium
1544 2112 1874 2180 pertinerent
1912 2127 1944 2168 a

405 2178 519 2251 arte
555 2179 877 2265 occidentis,
905 2178 1044 2254 unde
1069 2178 1148 2255 _et
1185 2201 1479 2256 intrabatur
1519 2178 1586 2256 ad
1627 2204 1946 2268 tabernacu.

405 2210 519 2251 arte
555 2210 877 2265 occulcatis,
905 2210 1044 2254 unde
1095 2210 1148 2255 et
1185 2210 1479 2256 intrabatur
1519 2210 1586 2256 ad
1627 2210 1942 2268 tabernacu.

365 2210 509 2353 ﬁrm,
559 2296 736 2344 ternas
780 2289 1044 2346 habebant
1087 2293 1136 2346 in
1188 2293 1476 2360 lateribus,
1517 2303 1572 2350 et
1617 2305 1843 2367 quatuor
1891 2298 1942 2351 in

364 2378 567 2452 fronte,
600 2381 688 2436 ubi
721 2390 867 2451 porta
896 2392 1011 2438 erat
1030 2424 1045 2447 ,
1079 2393 1236 2454 atque
1266 2385 1337 2438 ita
1367 2386 1594 2455 spatium
1630 2389 1747 2442 usui
1775 2389 1945 2444 sacri-

364 2468 606 2524 ficiorum
649 2473 1002 2528 necessarium
1043 2475 1176 2529 intra
1229 2476 1422 2531 atrium
1462 2488 1586 2533 ante
1633 2479 1944 2536 tabernacu-

364 2558 476 2632 lum
517 2561 988 2630 amplectebantur.
1020 2562 1075 2617 lu
1105 2565 1270 2620 ternis
1307 2576 1483 2621 autem
1523 2569 1782 2624 columnis
1823 2587 1944 2640 qua:

364 2650 572 2708 fuerant
601 2668 630 2707 a
655 2653 926 2717 lateribus.
951 2657 1172 2716 tentoria
1197 2667 1351 2713 erant
1378 2659 1445 2714 de
1467 2660 1626 2730 bysso
1647 2661 1942 2731 quindeno-

361 2755 481 2804 rum
510 2743 808 2804 cubitorum
835 2747 918 2800 :in
950 2758 1176 2816 quatuor
1204 2758 1379 2805 autem
1409 2752 1494 2807 ubi
1519 2760 1665 2820 porta
1690 2762 1824 2819 erat,
1847 2771 1941 2810 ve-

360 2833 472 2908 lum
499 2846 613 2888 erat
633 2836 815 2908 viginti
844 2839 1140 2894 cubitorum
1168 2855 1265 2894 acu
1285 2842 1425 2910 picto
1469 2858 1632 2912 opere
1657 2846 1936 2902 variatum.

434 2927 521 2980 15.
563 2925 675 3000 [lb.
704 2945 941 2995 xxxvut,
987 2931 1206 3005 9-l8.]
1254 2932 1364 2988 Nec
1418 2943 1630 2990 moveat
1675 2937 1814 3006 quod
1867 2938 1945 2992 ait

359 3012 664 3089 Scriptura,
708 3019 1006 3083 Quindecim
1043 3023 1319 3077 cubitorum
1357 3026 1682 3080 tentoriorum
1724 3028 1939 3083 altitudo

361 3106 506 3173 lateri
533 3108 624 3160 uni
644 3123 664 3162 :
683 3110 930 3165 columnae
953 3128 1121 3166 eorum
1153 3123 1270 3181 tres,
1300 3123 1345 3169 et
1368 3116 1508 3171 bases
1533 3134 1705 3172 earum
1732 3129 1846 3173 tres.
1870 3119 1941 3175 Et

359 3197 490 3261 latus
509 3199 784 3253 secundum
801 3202 1084 3270 quindecim
1103 3206 1385 3260 cubitorum
1412 3209 1738 3263 tentoriorum
1771 3211 1938 3265 altitu-

359 3287 425 3357 do
445 3303 464 3341 :
479 3289 729 3346 columnae
755 3308 924 3345 eorum
951 3302 1049 3348 tres
1068 3336 1082 3359 ,
1101 3303 1148 3348 et
1174 3296 1314 3350 bases
1337 3313 1509 3352 earum
1531 3309 1650 3353 tres.
1675 3299 1742 3354 Et
1780 3311 1940 3371 parun

357 3377 478 3430 atrii
517 3388 745 3450 tegumen
787 3382 961 3452 viginti
998 3385 1275 3445 cubitorum
1311 3387 1546 3443 altitudo.
1591 3391 1939 3448 Altitudincm

356 3468 556 3554 quippe
594 3471 835 3526 eamdem
874 3473 1030 3537 dicit,
1071 3491 1188 3546 quae
1235 3476 1408 3532 fuerat
1448 3479 1718 3550 longitudo
1762 3490 1938 3538 tento-

358 3561 582 3616 riorum.
635 3563 832 3618 Eadem
866 3568 1061 3638 quippe
1098 3569 1318 3626 altitudo
1365 3580 1448 3627 est
1490 3588 1611 3628 cum
1652 3583 1936 3644 texuntur,

359 3667 477 3722 qua:
529 3653 802 3724 longitudo
845 3667 927 3712 est
984 3674 1104 3714 cum
1167 3661 1470 3718 tenduntur.
1523 3665 1675 3733 Quod
1726 3683 1800 3722 ne-
1845 3685 1938 3723 su-

359 3744 551 3812 Spicari
590 3744 898 3810 videamur,
930 3749 1036 3804 alio
1065 3751 1182 3806 loco
1226 3752 1449 3823 idipsum
1477 3753 1746 3826 Scriptura
1786 3773 1938 3814 com-

360 3850 664 3906 memorans
689 3840 796 3906 ait,
823 3839 889 3894 Et
907 3845 1127 3913 fecerunt
1145 3847 1331 3900 atrium
1349 3849 1484 3919 quod
1503 3859 1576 3904 est
1593 3851 1661 3904 ad
1686 3863 1934 3922 austrum,

359 3927 572 3979 tentoria
599 3929 716 3982 atrii
736 3930 800 3983 de
825 3931 970 3997 bysso
997 3942 1148 4001 torta,
1163 3946 1359 3991 centum
1377 3955 1466 4008 per
1494 3951 1729 3997 centum:
1751 3945 1800 3998 id
1832 3955 1936 4012 est,

358 4025 572 4072 centum
597 4020 771 4074 cubita
805 4025 1147 4080 tentoriorum
1189 4044 1284 4096 per
1323 4039 1534 4085 centum
1575 4033 1753 4090 cubita
1783 4039 1936 4108 spatii

358 4108 498 4178 quod
531 4111 778 4166 tenebant
809 4115 990 4182 viginti
1015 4117 1294 4172 columnae.
1332 4120 1528 4176 Deinde
1567 4127 1806 4195 sequitur
1833 4145 1846 4181 :
1874 4129 1940 4184 Et

358 4197 608 4263 colinnnte
645 4217 816 4256 eorum
848 4205 1054 4276 viginti,
1097 4217 1141 4261 et
1174 4209 1316 4264 bases
1353 4228 1522 4267 earum
1561 4216 1735 4286 viginti
1771 4235 1935 4275 crete.

357 4285 427 4342 Et
457 4289 591 4344 latus
616 4293 752 4364 quod
774 4294 842 4347 ad
867 4298 1150 4366 aquilonem
1186 4312 1382 4355 centum
1409 4321 1498 4373 per
1525 4285 1749 4372 centum,
1778 4319 1824 4365 et
1849 4328 1938 4366 co-

358 4379 544 4435 lumna:
571 4400 743 4438 eorum
769 4386 941 4456 viginti
957 4389 1000 4454 ³,
1032 4400 1077 4443 et
1111 4391 1249 4447 bases
1277 4410 1449 4449 earum
1486 4399 1660 4469 viginti
1682 4417 1828 4456 terea:
1847 4419 1867 4457 :
1893 4413 1940 4457 et

357 4473 491 4527 latus
509 4475 647 4546 quod
665 4486 739 4530 est
767 4479 835 4531 ad
861 4497 996 4535 mare
1011 4523 1028 4549 ,
1059 4484 1225 4539 aulica
1243 4489 1602 4561 quinquaginta
1621 4494 1934 4550 cubitorum:

356 4564 608 4632 calumnia
633 4583 804 4623 eorum
829 4570 995 4634 decem
1018 4613 1034 4640 ,
1065 4584 1110 4628 et
1148 4574 1290 4630 bases
1313 4593 1488 4634 earum
1517 4582 1706 4644 decem,
1739 4584 1937 4640 Eadem

356 4655 484 4709 dicit
509 4658 674 4723 aulica
697 4675 814 4729 quae
842 4664 1158 4719 tentoria.Et
1185 4667 1317 4722 latus
1337 4672 1470 4738 quod
1495 4682 1565 4726 est
1593 4674 1661 4726 ad
1699 4656 1936 4732 orientem

355 4750 722 4821 quinquaginta
759 4756 1036 4809 cubitorum
1085 4761 1315 4813 tentoria.
1359 4763 1484 4816 Post
1531 4763 1646 4819 hinc
1693 4767 1829 4821 redit
1870 4768 1938 4823 ad

354 4842 649 4910 posteriora
701 4843 1054 4912 tabernaculi,
1103 4859 1160 4903 ut
1212 4853 1457 4907 ostendat
1491 4857 1938 4924 quemadmodum

354 4931 460 4985 illa:
492 4932 673 4988 decem
697 4935 956 4992 columna:
980 4941 1204 5008 spatium
1231 4941 1299 4996 de
1328 4959 1432 5012 quo
1462 4944 1794 5014 loquebatur,
1817 4951 1936 5006 atrii

352 5024 863 5094 complectebantur.
898 5029 1194 5096 Quindecim
1238 5035 1540 5102 cubitorum,
1572 5039 1774 5109 inquit,
1803 5044 1937 5112 quod

353 5129 427 5174 est
453 5137 484 5173 a
512 5121 679 5184 dorso.
708 5123 930 5188 Dorsum
957 5127 1206 5196 appellat,
1225 5130 1346 5198 quia
1379 5133 1667 5200 posteriora
1687 5135 1935 5192 taberna-

352 5215 459 5268 culi
487 5226 667 5282 erant,
699 5216 754 5282 id
779 5227 862 5273 cst
887 5234 918 5276 a
949 5230 1096 5289 par-te
1121 5220 1429 5277 occidentis.
1471 5224 1532 5278 Et
1555 5225 1821 5293 columnae,
1853 5230 1936 5284 in-

352 5305 501 5372 quit,
520 5321 692 5362 coruus
717 5317 836 5374 tres,
865 5320 911 5365 et
927 5311 1066 5366 bases
1085 5329 1256 5367 earum
1277 5325 1392 5370 tres.
1415 5315 1478 5370 Et
1498 5336 1528 5371 ιι
1549 5320 1698 5374 dorso
1719 5322 1936 5376 secundo

351 5399 471 5452 hinc
512 5410 560 5453 et
595 5402 713 5457 hinc
750 5407 1020 5461 secundum
1049 5412 1280 5478 portam’
1313 5415 1432 5466 atrii
1455 5417 1621 5469 aulam
1652 5419 1934 5485 quindecim

463 5520 562 5594 ttat.
589 5518 979 5594 etgl.ov.,impar.
998 5529 1095 5570 Am.
1115 5528 1188 5572 Er.
1212 5532 1262 5575 et
1276 5527 1490 5588 quinque
1509 5533 1638 5588 Mss,
1658 5527 1709 5579 in
1731 5537 1931 5594 portam.

348 5573 440 5643 Alii
461 5582 593 5643 Mss,
613 5578 664 5630 in
684 5573 837 5643 porta.

348 5710 380 5749 ⁸
401 5639 598 5749 ι’ΧΕἱΙΞιι,
639 5639 847 5705 excepto
873 5651 967 5694 nat.
986 5677 1001 5704 ,
1022 5643 1187 5709 viginti
1209 5659 1368 5698 terere.
1387 5650 1531 5699 Abest
1551 5663 1725 5702 auena
1748 5661 1854 5705 Mss.
1883 5664 1937 5708 et

415 5738 599 5824 ἷῖξίίιί,
621 5771 846 5830 partem;
867 5779 953 5832 pro
975 5781 1072 5832 quo
1094 5775 1231 5829 5155.,
1254 5776 1456 5834 portam.
1480 5774 1550 5822 sic
1575 5738 1719 5826 etiam
1743 5785 1869 5831 LXX.

1659 346 1862 405 LIBER
1901 341 2274 403 SECUNDUS.

3522 359 3628 416 666

2047 463 2328 517 cubitorum
2351 465 2634 520 :eolumntz
2675 481 2845 520 eorum
2877 474 3004 533 tres,
3034 477 3080 522 et
3112 468 3253 524 bases
3293 487 3465 526 earum
3496 483 3622 532 tres.

2046 553 2406 616 Manisfestum
2435 568 2518 612 est
2539 569 2686 614 certe
2709 559 2892 614 eadem
2917 559 3025 614 duo
3051 561 3206 616 dorsa
3228 563 3330 618 dici
3357 564 3456 620 hoc
3481 567 3620 635 loco,

2045 661 2168 703 cum
2217 663 2702 707 commemorantur
2759 653 2937 708 omnia
2991 655 3432 724 quemadmodum
3487 660 3621 716 facta

2045 739 2172 805 sint,
2195 757 2312 810 quae
2341 743 2507 800 latera
2538 744 2868 812 dicebautur,
2894 747 3106 816 quando
3131 751 3539 821 principiebatur
3564 765 3622 811 ut

2047 831 2269 888 tierent:
2296 837 2456 892 latera
2479 839 2686 894 scilicet
2711 842 2832 907 quia
2857 841 2979 896 hinc
3003 852 3162 913 atque
3190 845 3313 900 inde
3341 848 3622 918 conjuncta

2047 933 2212 993 portzn
2237 926 2598 982 occidentalis‘
2621 930 2739 984 atrii
2764 933 2990 1000 spatium
3017 935 3436 1005 concludebant;
3465 940 3623 997 dorsa

2045 1028 2195 1081 vero,
2221 1016 2360 1086 quod
2381 1032 2414 1072 a
2445 1028 2592 1089 tergo
2614 1019 2936 1076 tabernaculi
2965 1032 3080 1078 erat
3107 1026 3220 1080 hinc
3241 1043 3361 1097 pars
3386 1031 3538 1097 atrii,
3573 1032 3625 1088 id

2047 1113 2132 1159 est
2170 1120 2199 1158 a
2248 1116 2398 1176 parte
2437 1107 2768 1164 occidentali.
2815 1112 3062 1182 Sequitur
3112 1127 3288 1171 autem
3340 1127 3394 1173 et
3448 1120 3621 1177 dicit:

2051 1193 2235 1249 Omnia
2257 1198 2421 1252 aulaea
2447 1200 2566 1252 atrii
2589 1200 2652 1254 de
2680 1202 2824 1272 bysso
2849 1213 3000 1270 torta,
3023 1215 3071 1258 et
3100 1207 3240 1262 bases
3269 1210 3621 1267 columnarum

2045 1301 2216 1352 a’retv,
2253 1297 2302 1342 et
2328 1305 2466 1344 ansa:
2497 1306 2669 1345 earum
2700 1302 2974 1364 argentea,
3005 1305 3051 1350 et
3083 1298 3254 1367 capita
3276 1316 3450 1355 earum
3484 1303 3626 1357 inar-

2045 1387 2244 1448 gentata
2263 1391 2505 1451 argento;
2531 1391 2576 1435 et
2604 1383 2852 1438 columna:
2877 1385 3211 1457 inargentatte
3259 1403 3484 1462 argento,
3503 1410 3618 1448 om-

2046 1484 2134 1525 nes
2157 1470 2403 1525 columna:
2425 1472 2559 1525 atrii.
2589 1473 2788 1529 Deinde
2814 1475 3049 1546 adjuugit
3073 1479 3213 1547 quod
3257 1482 3487 1536 nondum
3517 1484 3619 1538 isto

2046 1557 2164 1614 loco
2209 1574 2718 1618 commemoraverat
2751 1582 2763 1620 :
2791 1563 2859 1618 Et
2895 1567 3003 1620 vela
3026 1571 3289 1624 memorati
3313 1573 3468 1626 atrii'
3497 1590 3624 1643 apns

2047 1647 2330 1712 variataris.
2349 1650 2410 1703 de
2431 1650 2704 1721 hyacintho
2724 1663 2768 1707 et
2796 1671 3021 1725 purpura
3044 1666 3091 1710 et
3115 1674 3260 1713 cocco
3280 1670 3390 1714 neto
3409 1668 3454 1715 et
3481 1662 3626 1732 bysso

2047 1745 2214 1803 torta;
2249 1741 2420 1812 viginti
2461 1743 2739 1804 cubitorum
2790 1746 3148 1817 longitudinem
3193 1759 3242 1804 et
3286 1751 3622 1807 latitudinem.

2046 1830 2186 1886 Ecce
2211 1833 2296 1887 ubi
2339 1845 2558 1903 apparet
2601 1837 2843 1892 eamdem
2885 1839 3082 1894 dictam
3111 1843 3356 1910 superius
3381 1844 3623 1900 altitudi-

2045 1937 2204 1989 nem,
2243 1925 2692 1994 quatlaulaeorum
2737 1935 3070 1982 extentorum
3113 1929 3286 1986 fuerat
3330 1933 3624 2004 longitudo.

2047 2013 2284 2084 Denique
2309 2015 2456 2070 addit
2478 2033 2490 2068 :
2512 2017 2577 2070 Et
2604 2016 2918 2073 latitudinem
2947 2022 3161 2091 quinque
3187 2025 3481 2078 cubitorum.
3523 2027 3626 2082 Tot

2047 2106 2189 2160 enim
2228 2106 2422 2162 cubitis
2463 2107 2756 2164 latitudinis
2811 2111 3148 2180 erigebantur
3195 2117 3417 2169 tentoria
3472 2127 3624 2172 exte-

2046 2197 2202 2253 rioris
2269 2199 2434 2263 atrii,
2489 2199 2628 2254 sicut
2670 2200 2938 2255 interioris
3001 2203 3193 2258 cubitis
3243 2215 3487 2276 quatuor.
3538 2209 3628 2264 Sic

2047 2298 2226 2344 autem
2276 2297 2332 2344 et
2375 2291 2622 2360 superius
2677 2290 3239 2364 dixerat:Longituda
3295 2307 3462 2352 autem
3510 2301 3628 2353 atrii

2047 2387 2244 2433 centum
2268 2396 2358 2449 per
2385 2390 2612 2443 centum,
2642 2390 2688 2436 et
2718 2380 2931 2437 latitudo
2959 2385 3323 2455 quinquaginta
3355 2405 3445 2457 per
3480 2392 3627 2459 quin-

2046 2470 2287 2539 quaginta
2303 2510 2318 2536 ,
2348 2480 2394 2525 et
2419 2471 2632 2526 altitudo
2666 2473 2883 2545 quinque
2909 2473 3188 2529 cubitorum
3213 2493 3276 2530 ea:
3297 2477 3442 2547 bysso
3471 2489 3623 2535 torta.

2046 2559 2195 2615 I‘lanc
2241 2561 2572 2617 latitudinem
2619 2563 2802 2618 dicens
2852 2580 3010 2634 quam
3052 2576 3238 2635 postea
3287 2569 3622 2626 altitudinem

2047 2649 2214 2715 dixit;
2243 2652 2490 2721 quoniam
2531 2668 2649 2722 qua:
2686 2653 2976 2722 iacentium
3019 2656 3240 2711 latitudo
3285 2669 3396 2723 est,
3437 2660 3623 2716 eadem

2049 2749 2348 2802 erectorum
2383 2743 2628 2798 altitudo.
2673 2744 2822 2800 Sicut
2853 2746 2994 2816 quod
3041 2748 3198 2816 paulo
3218 2758 3348 2809 ante
3389 2765 3626 2806 commc-

2045 2832 2246 2884 moravi
2265 2871 2280 2894 ,
2307 2847 2428 2900 qua)
2459 2847 2579 2888 cum
2611 2842 2858 2889 texuntur
2887 2835 3112 2890 altitudo
3140 2845 3252 2904 est,
3284 2838 3472 2895 eadem
3500 2856 3621 2897 cum

2044 2921 2328 2975 tenduntur
2360 2923 2630 2994 longitudo
2656 2933 2755 2979 est.

2116 3011 2202 3064 M.
2241 3010 2350 3084 [lb.
2375 3027 2524 3080 xxvr,
2546 3012 2644 3078 l2,
2671 3013 2704 3067 9
2724 3055 2739 3080 ,
2771 3013 2882 3087 15.]
2911 3015 3060 3071 Nunc
3088 3017 3198 3085 jam
3227 3019 3366 3088 quod
3395 3019 3623 3077 distule-

2043 3116 2186 3166 ram,
2217 3101 2519 3168 videamus;
2546 3104 2809 3173 quomodo
2835 3104 3041 3160 exhac
3075 3107 3240 3161 forma
3276 3109 3506 3165 universi
3535 3120 3620 3165 ta-

2044 3189 2350 3258 bernaculi,
2396 3208 2552 3262 quam
2604 3195 2740 3248 sicut
2785 3196 2932 3264 potui
2961 3205 3082 3252 ante
3119 3199 3304 3254 oculos
3331 3201 3621 3268 collocavi,

2044 3280 2328 3336 difficultas
2357 3282 2446 3337 illa
2485 3283 2722 3338 solvatur
2761 3285 2830 3339 de
2868 3287 3153 3356 capillaciis
3181 3289 3332 3344 velis.
3359 3291 3488 3358 Qua:
3512 3291 3623 3346 for-

2043 3378 2186 3425 tasse
2213 3371 2332 3426 ideo
2357 3381 2472 3426 erat
2497 3373 2809 3439 abstrusior,
2841 3379 2960 3445 quia
2989 3392 3082 3446 per
3099 3380 3526 3449 anticipationem
3551 3382 3622 3438 ibi

2043 3461 2240 3532 aliquid
2264 3463 2462 3519 dictum
2491 3473 2573 3519 est
2592 3507 2606 3530 ,
2629 3466 2769 3536 quod
2796 3468 3074 3536 proliceret
3098 3473 3280 3539 operi,
3309 3472 3376 3526 de
3395 3489 3500 3542 quo
3524 3491 3622 3544 po-

2043 3561 2156 3617 stea
2201 3553 2373 3608 fuerat
2417 3556 2716 3621 locuturus,
2753 3572 2874 3636 cum
2912 3561 3101 3616 atriutn
3143 3562 3476 3621 tabernaculo
3515 3567 3623 3621 cir-

2042 3647 2468 3717 cumponendum
2503 3648 2851 3705 describeret.
2902 3650 3052 3706 Nunc
3094 3654 3268 3722 itaque
3307 3656 3464 3712 verba
3510 3657 3625 3726 ipsa

2041 3737 2334 3800 videamus.
2369 3737 2435 3792 Et
2462 3754 2742 3810 suppones,
2776 3741 2972 3810 inquit,
2995 3742 3131 3812 quod
3153 3746 3403 3812 superabit
3431 3747 3484 3800 in
3503 3748 3624 3803 velis

2043 3829 2388 3894 tabernaculi,
2438 3830 2703 3884 dimidium
2742 3833 2837 3887 veli
2885 3833 3020 3900 quod
3065 3834 3318 3904 superabit
3362 3836 3626 3907 subteges;

2041 3921 2178 3992 quod
2205 3921 2426 3976 abundat
2454 3923 2506 3976 in
2535 3924 2655 3977 velis
2685 3925 3027 3990 tabernaculi,
3057 3927 3284 3996 subtegcs
3318 3937 3428 3997 post
3457 3929 3624 3983 taber-

2043 4015 2298 4072 naculum.
2329 4015 2441 4070 Hoc
2467 4023 2632 4070 totum
2670 4017 2810 4086 quod
2847 4018 3045 4075 dictum
3085 4029 3168 4074 est
3210 4035 3372 4074 unum
3407 4036 3624 4078 sensum

2044 4105 2202 4160 habet
2226 4148 2240 4171 ,
2271 4107 2391 4176 quia
2417 4107 2695 4166 dimidium
2726 4109 2824 4163 veli
2847 4108 2986 4177 quod
3012 4112 3366 4179 superaverit,
3397 4112 3497 4167 hoc
3519 4121 3622 4179 est,

2044 4197 2096 4252 id
2122 4198 2260 4267 quod
2288 4198 2636 4255 abundaverit
2669 4199 2736 4254 de
2773 4201 2906 4254 velis
2935 4202 3294 4269 tabernaculi,
3339 4203 3626 4274 subtcgen-

2042 4289 2168 4348 dum
2198 4298 2280 4344 est
2315 4299 2431 4359 post
2457 4290 2870 4347 tabernaculum.
2901 4292 3178 4358 Quomodo
3207 4308 3334 4362 ergo
3369 4303 3583 4362 superet
3605 4335 3623 4361 ,

2044 4381 2096 4436 id
2123 4391 2234 4449 est,
2265 4381 2500 4436 abundet
2527 4391 2582 4436 et
2611 4382 3072 4437 restetdiinidium
3102 4384 3235 4448 veli,
3268 4400 3331 4438 ex
3362 4384 3450 4438 illa
3485 4386 3624 4439 serie

2043 4485 2408 4525 connexorum
2452 4471 2692 4525 velorum
2755 4479 2962 4540 oportet
3010 4472 3274 4541 inquirere
3317 4491 3330 4527 :
3375 4474 3624 4544 quoniam

2044 4560 2274 4629 quinque
2301 4562 2352 4614 in
2381 4575 2469 4626 se,
2501 4567 2556 4614 et
2590 4574 2685 4615 sex
2722 4559 2772 4612 in
2801 4574 2859 4614 se
2878 4561 3118 4614 connecti
3147 4563 3340 4630 voluit,
3371 4565 3506 4618 sicut
3531 4580 3625 4619 su-

2045 4652 2222 4721 perius
2248 4652 2468 4720 loquens
2511 4650 2746 4712 dixerat,
2788 4659 2992 4719 sextum
3022 4653 3195 4706 velum
3221 4669 3252 4708 a
3276 4652 3412 4709 facie
3441 4656 3624 4711 taber-

2045 4741 2216 4798 naculi
2256 4741 2624 4810 duplicandum
2647 4783 2661 4806 ,
2704 4741 2754 4794 id
2797 4750 2878 4795 est
2912 4743 2980 4796 ab
3020 4744 3244 4800 oriente.
3273 4745 3454 4802 Toties
3477 4748 3620 4803 enim

2043 4832 2336 4902 posteriora
2369 4831 2691 4885 tabernaculi
2724 4847 2752 4884 a
2783 4839 2929 4900 parte
2958 4834 3248 4890 occidentis
3276 4851 3396 4891 esse
3422 4837 3625 4908 signifi-

2043 4926 2212 4990 cavit,
2242 4924 2290 4979 id
2317 4931 2400 4979 est
2433 4922 2501 4977 ad
2540 4938 2702 4978 mare.
2731 4923 2867 4990 Quid
2897 4925 3053 4995 igitur
3079 4925 3240 4982 facies
3263 4927 3644 4995 tabernaculi,

2045 5015 2148 5071 nisi
2190 5029 2312 5084 pars
2353 5014 2439 5067 illa
2483 5013 2822 5082 intelligenda
2863 5021 2945 5067 est
2987 5030 3102 5084 qua:
3130 5015 3304 5070 estad
3333 5017 3626 5071 orientem?

2045 5107 2174 5162 Pars
2202 5121 2328 5177 ergo
2359 5105 2445 5160 illa
2473 5123 2573 5175 qua
2603 5107 2717 5160 vclu
2745 5109 2978 5176 quinque
3015 5123 3249 5163 connexa
3280 5119 3435 5172 sunt,
3465 5109 3627 5165 habet

2044 5196 2218 5251 cubita
2235 5206 2446 5252 centum
2469 5196 2862 5265 quinquaginta,
2896 5198 2995 5251 hoc
3019 5206 3098 5250 est
3117 5199 3399 5266 quinquies
3426 5203 3624 5254 tricena

2046 5289 2384 5362 (tricenorum
2415 5288 2555 5342 enim
2585 5287 2883 5342 cubitorum
2918 5296 3070 5342 erant
3107 5290 3347 5358 singula,
3389 5291 3524 5345 sicut
3563 5307 3626 5347 ea

2045 5381 2185 5436 Deus
2214 5380 2326 5434 ﬁeri
2352 5379 2604 5449 iusserat)
2631 5396 2644 5431 :
2677 5379 2763 5432 illa
2791 5393 2916 5433 vero
2954 5394 3077 5449 pars
3106 5379 3156 5433 in
3186 5395 3287 5449 qua
3327 5395 3478 5434 erant
3519 5397 3627 5438 non

2044 5472 2308 5541 quinque,
2341 5469 2435 5524 sed
2463 5455 2557 5523 sex
2583 5469 2699 5522 vela
2727 5469 2937 5524 sibimet
2961 5468 3203 5523 similiter
3229 5484 3502 5539 connexa,
3532 5487 3630 5529 cu-

2041 5564 2151 5619 bita
2184 5562 2410 5618 habebat
2435 5569 2645 5615 centum
2673 5560 2937 5630 octoginta
2957 5601 2972 5623 ,
3003 5560 3054 5615 id
3080 5570 3162 5614 cst
3188 5563 3361 5617 sexies
3387 5566 3586 5620 tricena
3608 5607 3625 5633 ,

2106 5657 2122 5688 ι
2143 5652 2477 5703 Cisterciensis
2497 5657 2600 5710 11s.,
2622 5656 2877 5713 conjuncta
2897 5664 2929 5699 a
2950 5659 3086 5713 parte
3108 5651 3408 5706 occideritnli.

2103 5719 2125 5749 ³
2142 5717 2340 5780 tegitur
2357 5714 2482 5775 apud
2501 5720 2627 5780 Lux,
2648 5713 2790 5780 Exo_dj
2808 5725 2912 5774 mp.
2928 5713 3009 5780 :5].
3030 5721 3081 5764 El
3100 5715 3309 5767 velatum
3323 5725 3474 5780 portce
3491 5719 3621 5772 atrii.

2040 5773 2412 5839 mufer'V’ulgat.
2438 5775 2580 5825 Exodi
2604 5788 2710 5839 cap.
2731 5774 2810 5836 38,
2835 5773 2882 5824 vL
2922 5773 2999 5824 18.
