4062 6358
482 443 548 484 ac
575 442 670 498 per
699 426 800 486 hoc
838 421 1101 493 duplicato
1128 433 1196 474 ex
1235 419 1315 474 eis
1350 431 1456 471 uno
1485 414 1634 481 velo,
1673 415 1811 468 sicut
1848 411 2059 482 jussum

483 527 602 583 est,
631 514 920 574 secundum
950 512 1136 568 faciem
1161 507 1504 572 tabernaculi,
1525 506 1898 562 minuebantur
1921 503 1975 557 in
1999 517 2061 558 ca

486 608 843 678 duplicatione
867 606 1044 661 cubita
1063 601 1394 674 quindecim;
1425 599 1618 671 quibus
1635 597 1906 663 detractis,
1937 611 2064 651 cen-

488 707 598 754 tum
625 697 894 766 sexaginta
919 695 1150 764 quinque
1174 689 1536 748 remanebant.
1561 689 1631 743 Et
1658 689 1777 743 ideo
1802 696 1920 757 post
1947 701 2065 741 cen-

490 799 600 844 tum
641 787 1016 859 quinquaginta
1058 785 1264 850 cubita,
1289 781 1495 852 quibus
1532 780 1606 834 illi
1652 779 1787 850 parti
1831 778 2064 848 quinque

488 879 729 935 velorum
773 877 933 932 etiam
981 875 1082 930 ista
1133 888 1256 944 pars
1296 887 1392 928 sex
1449 870 1684 925 velorum
1731 867 2060 938 aequabatur,

487 967 812 1038 superabant
849 972 1008 1035 atque
1044 961 1381 1019 abundabant
1416 961 1592 1016 cubita
1632 957 1954 1029 quindecim.
1995 956 2065 1011 ll-

491 1057 597 1113 linc
636 1057 777 1112 enim
835 1063 987 1111 erant
1023 1069 1052 1108 a
1109 1060 1259 1122 parte
1293 1052 1526 1121 quinque
1575 1048 1845 1114 velorum,
1887 1045 2068 1105 cubita

491 1158 702 1206 sentum
757 1147 1133 1218 quinquaginta
1174 1162 1188 1199 :
1231 1143 1356 1199 hinc
1387 1152 1562 1198 autem
1593 1149 1794 1213 aparte
1840 1153 1934 1194 sex
1974 1151 2067 1192 ve-

490 1240 696 1306 lorum,
749 1237 1024 1307 duplicato
1077 1251 1184 1290 uno
1229 1235 1349 1290 velo
1396 1232 1686 1289 secundum
1745 1230 1930 1286 faciem
1983 1238 2066 1283 ta-

491 1327 797 1396 bernaculi,
847 1337 999 1383 erant
1039 1325 1214 1382 cubita
1253 1333 1466 1380 centum
1502 1322 1772 1392 sexaginta
1811 1320 2063 1390 quinque.

495 1419 621 1476 Plus
657 1435 784 1489 ergo
825 1419 1052 1474 habebat
1100 1432 1194 1488 pas
1239 1417 1337 1471 ista
1385 1415 1560 1471 cubita
1606 1412 1925 1484 quindecim.
1957 1411 2068 1466 Hoc

497 1508 626 1564 dicit
673 1509 950 1565 dimidium
1005 1507 1144 1574 veli,
1195 1506 1336 1577 quod
1386 1505 1536 1576 jubet
1572 1503 1777 1572 sublegi
1818 1511 1936 1572 post
1987 1511 2070 1555 ta-

495 1599 835 1656 bernaculum
859 1643 875 1669 ,
914 1609 974 1656 ut
1011 1600 1133 1671 quia
1177 1597 1304 1654 illud
1341 1613 1373 1653 a
1413 1597 1546 1651 facie
1587 1595 1910 1665 duplicatum
1949 1601 2067 1658 est,

495 1693 599 1748 lzoc
627 1691 901 1748 dimidium
940 1690 1240 1748 redundans
1263 1705 1293 1744 a
1325 1687 1615 1758 posteriore
1650 1695 1801 1759 parte
1829 1685 2072 1739 taberna-

494 1783 599 1850 culi
625 1799 728 1840 non
749 1783 1124 1854 duplicaretur,
1151 1781 1244 1836 sed
1269 1781 1654 1848 subtegeretur,
1685 1777 1735 1833 id
1757 1784 1865 1841 est,
1893 1775 2070 1831 omnia

497 1875 609 1946 ipsa
637 1875 933 1946 quindecim
961 1875 1136 1930 cubita
1165 1872 1511 1928 subtermissa
1539 1877 1840 1940 tegerentur
1865 1885 1878 1922 :
1909 1881 1972 1920 ac
1995 1865 2074 1920 sic

495 1977 553 2024 et
594 1967 706 2038 ipsa
745 1967 819 2022 illi
863 1965 1175 2036 longitudini
1217 1962 1641 2024 detraherentur,
1683 1959 1820 2014 sicut
1859 1957 1943 2012 illa
1988 1956 2076 2010 iti-

497 2059 619 2116 dem
645 2058 943 2128 quindecim
963 2073 992 2112 a
1015 2058 1146 2112 facie
1176 2053 1498 2112 tabernaculi
1528 2053 1682 2108 unius
1704 2050 1808 2107 veli
1835 2047 2076 2119 duplica-

499 2153 644 2208 tione
679 2151 916 2207 detracta
954 2158 1120 2206 sunt:
1148 2163 1319 2219 eoque
1362 2145 1522 2202 modo
1561 2152 1773 2200 centum
1818 2141 2078 2212 quinquao

498 2244 640 2316 ginta
679 2241 871 2298 cubitis
913 2242 1144 2311 quinque
1185 2239 1422 2293 velorum
1480 2240 1822 2292 occurrerent
1864 2247 1931 2287 ex
1974 2230 2074 2284 alia

500 2342 650 2406 parte
689 2342 903 2390 centum
941 2332 1319 2403 quinquaginta
1357 2329 1531 2386 cubita
1558 2343 1650 2384 sex
1681 2327 1951 2389 velorum;
1982 2324 2080 2378 tri-

498 2426 643 2497 ginta
672 2425 873 2480 scilicet
899 2423 1090 2479 cubitis
1112 2421 1180 2478 de
1203 2430 1413 2476 centum
1439 2417 1702 2489 octoginta
1730 2411 1984 2471 detractis.
2003 2454 2019 2480 ,
2049 2427 2080 2468 a

499 2519 636 2575 facie
662 2518 984 2574 tabernaculi
1008 2516 1125 2571 velo
1149 2514 1443 2584 duplicato,
1470 2520 1525 2568 et
1542 2527 1572 2566 a
1599 2506 1978 2582 posterioribus
2003 2513 2081 2560 ta-

501 2608 774 2665 bernaculi
797 2607 1019 2662 dimidio
1040 2605 1158 2662 velo
1177 2606 1444 2660 subtecto.

573 2701 662 2755 15.
707 2699 825 2754 Jam
871 2698 998 2752 illud
1041 2696 1184 2768 quod
1228 2695 1468 2765 sequitur
1504 2690 1647 2750 aliud
1687 2696 1805 2754 est,
1839 2695 1894 2744 et
1923 2687 2080 2742 aliam

501 2788 851 2861 quaestionem
879 2786 1070 2851 infert,
1101 2794 1316 2856 propter
1338 2798 1495 2855 quam
1525 2781 1755 2835 maxime
1795 2777 1950 2848 hujus
1979 2775 2081 2832 loci

504 2881 887 2952 expositionem
913 2877 1259 2934 differendam
1281 2875 1458 2946 putavi
1478 2915 1492 2940 ,
1525 2883 1581 2928 ut
1608 2871 1753 2943 prius
1779 2878 1834 2926 et
1861 2870 2080 2925 formam

505 2971 856 3032 constituendi
884 2967 1238 3042 tabernaculi,
1266 2975 1315 3029 el
1345 2967 1414 3027 de
1454 2963 1591 3026 atrio
1633 2956 2086 3037 circumponendo

506 3071 648 3142 quod
673 3069 924 3139 scriptum
954 3076 1036 3123 est
1057 3067 1376 3121 videremus.
1397 3063 1648 3134 Sequitur
1662 3075 1824 3131 ergo:
1849 3055 2082 3114 Cubitum

504 3176 568 3215 ea:
589 3160 716 3225 hoc,
757 3167 804 3213 et
829 3157 1049 3213 cubitum
1075 3173 1140 3212 ea:
1160 3155 1255 3210 hoc
1273 3197 1287 3221 ,
1315 3171 1377 3211 ea:
1401 3161 1456 3209 eo
1486 3153 1621 3226 quod
1650 3159 1856 3222 superat
1877 3149 1998 3204 uelis
2023 3149 2085 3203 de

505 3250 816 3322 longitudine
835 3250 1054 3304 velorum
1080 3245 1408 3310 tabernaculi,
1436 3245 1528 3299 erit
1551 3252 1814 3312 contegens
1836 3257 1989 3311 super
2007 3239 2084 3294 la-

504 3353 613 3398 tera
638 3341 948 3396 tabernaculi
973 3340 1090 3393 hinc
1111 3346 1260 3409 atque
1295 3337 1412 3391 hinc
1432 3377 1448 3404 ,
1487 3344 1542 3389 ut
1578 3333 1793 3404 aperiat.
1816 3329 1974 3386 Aliud
2003 3337 2086 3384 est

504 3436 646 3508 quod
671 3433 941 3505 superabit
969 3447 1072 3488 una
1114 3446 1236 3502 pars
1275 3445 1366 3485 sex
1397 3427 1636 3484 Veiorum
1679 3425 1838 3481 aliam
1880 3433 2084 3496 partem

469 3527 736 3598 xquinquc
760 3525 996 3580 velorum
1018 3563 1034 3589 ,
1061 3530 1277 3592 propter
1301 3519 1612 3589 ampliorem
1638 3516 1876 3572 velorum
1907 3529 2087 3570 nume-

503 3632 644 3681 rum,
664 3615 804 3672 unde
823 3615 930 3684 jam
953 3613 1181 3668 diximus
1209 3629 1222 3665 :
1251 3610 1391 3666 aliud
1421 3609 1560 3680 quod
1587 3608 1855 3678 superabit
1877 3607 1944 3662 dc
1969 3606 2088 3661 lon-

506 3707 743 3778 gitudine
769 3705 1006 3760 velorum
1029 3744 1042 3768 ,
1072 3702 1211 3758 unde
1229 3717 1370 3757 nunc
1389 3701 1587 3756 dictum
1608 3707 1708 3756 est.
1728 3699 1803 3753 Ita
1819 3698 1962 3753 enim
1979 3711 2087 3752 non

509 3812 634 3870 pars
647 3798 781 3868 parti
801 3804 1156 3865 comparatur,
1171 3801 1224 3849 ct
1247 3794 1408 3848 altera
1434 3793 1653 3847 alteram
1674 3805 1928 3860 superare
1944 3789 2091 3844 inve-

509 3889 686 3955 nitur;
717 3889 800 3942 illa
823 3887 1043 3952 scilicet,
1071 3901 1188 3954 quas
1209 3885 1324 3940 vela
1351 3898 1442 3939 sex
1461 3882 1638 3949 habet,
1660 3881 1948 3957 illamquze
1972 3881 2088 3937 vela

506 3981 742 4050 quinque
771 3978 960 4044 habet;
1007 3993 1126 4047 qua:
1149 3976 1319 4031 amba:
1343 3984 1400 4029 ut
1431 3973 1646 4028 sibimet
1670 3980 2027 4041 aequarentur,
2057 3987 2088 4027 a

509 4070 644 4125 lacic
671 4069 991 4124 tabernaculi
1020 4066 1151 4122 facta
1167 4075 1248 4120 est
1263 4065 1417 4120 unius
1441 4063 1544 4118 veli
1571 4061 1876 4132 duplicatio,
1894 4078 1923 4116 a
1942 4069 2091 4133 tergo

509 4161 714 4217 dimidii
730 4159 989 4214 subtectio
1010 4175 1023 4212 :
1043 4157 1136 4212 sed
1152 4157 1262 4226 ipsa
1280 4155 1393 4210 vela
1405 4153 1676 4224 capillacia
1689 4160 1992 4222 comparata
2007 4167 2092 4206 au-

509 4253 644 4319 laiis,
664 4269 728 4308 ex
746 4251 937 4323 quibus
953 4251 1136 4306 decem
1155 4248 1312 4319 jussit
1333 4248 1443 4302 lieri
1462 4246 1680 4301 interius
1695 4245 2092 4301 tabernaculum

509 4352 736 4415 quatuor
761 4343 1029 4398 coloribus
1051 4340 1237 4405 textis,
1265 4339 1500 4408 longiora
1541 4337 1880 4407 reperiuntur
1901 4336 2093 4392 cubitis

511 4437 673 4492 binis.
696 4436 771 4490 Ea
801 4435 941 4490 enim
968 4441 1121 4490 erant
1147 4433 1313 4486 aulma
1340 4430 1544 4501 singula
1579 4428 1878 4484 cubitorum
1908 4428 2092 4498 viginti

511 4538 666 4593 octo,
694 4529 792 4582 ista
815 4526 1025 4594 triginta
1057 4543 1070 4578 :
1109 4523 1228 4578 ideo
1259 4523 1343 4577 hic
1367 4536 1470 4576 non
1501 4521 1612 4586 ait,
1644 4520 1721 4574 Ex
1747 4534 1810 4574 eo
1835 4518 1976 4589 quod
1999 4533 2093 4573 su-

513 4628 665 4691 pcrat
695 4618 764 4673 de
796 4617 967 4684 velis;
1007 4616 1100 4672 sed
1118 4658 1133 4683 ,
1165 4613 1250 4669 Ea:
1275 4631 1331 4669 eo
1360 4613 1494 4685 quod
1518 4621 1721 4682 superat
1745 4611 1865 4666 velis
1895 4612 1955 4666 de
1984 4611 2098 4666 lon-

512 4710 740 4783 gitudine
765 4708 1005 4762 velorum.
1050 4707 1186 4773 Quid
1225 4713 1307 4760 est
1343 4719 1504 4775 ergo,
1540 4703 1768 4758 Cubitum
1794 4719 1857 4758 ea:
1881 4703 2009 4770 hoc,
2047 4710 2096 4756 et

512 4799 732 4856 cubitum
757 4813 820 4853 ea:
845 4799 938 4852 hoc
958 4839 971 4862 ,
1001 4797 1092 4852 erit
1107 4806 1372 4866 contegens
1397 4810 1547 4864 super
1572 4794 1733 4848 latera
1757 4793 2092 4862 tabernaculi,

515 4895 616 4951 nisi
642 4894 761 4964 quia
784 4880 870 4947 illa
900 4890 1170 4962 longitudo
1199 4890 1251 4944 in
1279 4904 1381 4960 qua
1408 4889 1545 4944 binis
1565 4887 1759 4944 cubitis
1788 4889 1903 4944 vela
1927 4888 2095 4960 capil-

514 4985 646 5041 lacia
675 4983 909 5054 longiora
933 4991 1055 5037 sunt
1079 4981 1290 5046 aulaeis,
1318 4980 1539 5051 singulis
1571 4980 1774 5051 singula
1796 5023 1811 5047 ,
1844 4997 1946 5037 non
1986 4989 2096 5038 tota

515 5078 570 5134 in
592 5091 750 5133 unam
778 5085 980 5146 partem
1000 5073 1232 5145 cogenda
1261 5079 1372 5137 est,
1410 5071 1462 5127 id
1484 5080 1566 5128 est
1589 5115 1603 5137 ,
1635 5080 1692 5127 ut
1718 5071 1971 5143 quidquid
2001 5087 2096 5128 su-

517 5177 701 5238 perat,
733 5166 798 5221 ad
829 5165 1121 5236 posteriora
1155 5162 1480 5218 tabernaculi
1516 5162 1826 5233 colligatur;
1854 5161 1948 5218 sed
1988 5163 2100 5218 dis-

517 5258 782 5314 tribuatur
805 5273 874 5314 cx
901 5272 1054 5328 :cquo
1073 5298 1088 5322 ,
1115 5264 1423 5326 tantumque
1449 5254 1564 5324 ejus
1590 5253 1657 5309 ad
1707 5254 1882 5326 priora
1923 5255 2098 5310 taber-

520 5351 713 5418 naculi,
732 5360 982 5421 quantum
1007 5347 1073 5404 ad
1103 5347 1396 5418 posteriora
1425 5345 1720 5401 tribuatur:
1754 5344 1805 5400 id
1831 5355 1934 5409 est,
1961 5361 2095 5416 quo-

518 5441 660 5496 niam
683 5442 792 5497 duo
818 5441 992 5496 cubita
1011 5440 1065 5496 in
1091 5439 1311 5511 singulis
1326 5438 1457 5494 velis
1481 5437 1722 5492 eamdem
1743 5452 1862 5508 qua:
1885 5445 2100 5506 supcrat

519 5530 898 5603 longitudinem
927 5531 1153 5598 faciunt,
1197 5539 1255 5586 ut
1292 5529 1526 5586 cubitum
1569 5527 1692 5584 inde
1734 5525 1938 5584 auferat
1975 5544 2098 5599 pars

521 5622 642 5688 ista,
671 5631 724 5677 et
746 5622 979 5677 cubitum
1021 5621 1145 5690 illa;
1186 5623 1256 5678 ita
1283 5621 1350 5678 de
1379 5620 1602 5692 singulis
1627 5620 1821 5677 cubitis
1857 5621 1968 5677 suis
2005 5621 2099 5678 ha-

521 5711 665 5769 bebit
703 5727 824 5783 pars
862 5714 959 5769 ista
989 5713 1161 5770 cubita
1198 5714 1382 5772 decem
1402 5753 1418 5784 ,
1444 5721 1496 5770 et
1521 5712 1606 5769 illa
1636 5713 1707 5771 de
1742 5711 1856 5772 suis
1877 5712 2098 5786 singulis

1267 297 1720 371 QUESTIONUM
1758 297 1816 352 S.
1853 291 2214 352 AUGUSTI.
2253 291 2318 348 IN
2357 292 2912 351 HEPTATEUCHUM

3635 295 3740 356 668

2167 429 2386 496 decem;
2431 429 2678 499 quoniam
2721 430 2904 486 decem
2947 429 3062 486 vela
3095 430 3228 485 binis
3253 431 3441 486 cubitis
3466 431 3738 502 longiora,

2165 519 2346 589 viginti
2378 519 2676 574 cubitorum
2707 519 3083 591 longitudinem
3111 520 3342 586 faciunt,
3368 535 3471 592 qua
3496 521 3739 577 videntur

2166 625 2419 679 superare
2445 611 2582 666 serie
2607 625 2702 666 sua
2727 611 2917 667 seriem
2943 611 3274 666 aulaeorum?

2240 701 2328 755 16.
2355 701 2614 771 Deinceps
2641 701 2924 756 videndum
2945 711 3027 758 est
3051 703 3162 756 h:ec
3186 701 3368 772 viginti
3395 701 3592 770 cubita,
3623 718 3742 772 qua:

2168 797 2419 860 Superant
2438 789 2504 845 de
2532 791 2857 861 longitudine
2877 792 3111 846 velorum
3129 833 3142 854 ,
3173 794 3257 848 cui
3289 792 3458 862 spatio
3482 792 3743 862 cingcndo

2167 881 2463 950 proficiant.
2493 878 2550 936 Si
2579 881 2720 936 enim
2750 881 2881 937 velis
2910 881 3195 952 capillaciis
3234 882 3454 937 interius
3495 883 3744 938 taberna-

2168 969 2345 1024 culum
2371 971 2870 1040 circumtegitur,ita
2899 982 3169 1042 superant,
3186 981 3244 1026 ut
3263 971 3385 1042 quid
3407 987 3472 1027 ex
3508 972 3588 1027 eis
3614 987 3744 1028 coo-

2169 1060 2405 1130 periatur
2432 1077 2534 1116 non
2571 1063 2640 1116 sit
2667 1063 2902 1117 omnino.
2927 1062 3080 1119 Unde
3102 1072 3266 1118 restat
3291 1063 3448 1118 etiam
3483 1066 3594 1132 ipsa
3621 1064 3750 1119 sub-

2171 1148 2296 1218 tegi,
2325 1158 2376 1205 et
2397 1150 2722 1222 subtcgendo
2742 1152 2949 1208 detrahi
2968 1195 2983 1219 ,
3008 1153 3147 1224 quod
3167 1153 3435 1224 Scriptura
3462 1170 3567 1208 non
3596 1153 3744 1208 dicit.

2171 1239 2350 1294 Aulrea
2384 1241 2580 1311 quippe
2607 1241 2821 1307 decem,
2848 1259 2966 1314 qua:
3013 1243 3207 1298 habent
3249 1242 3423 1298 cubita
3468 1243 3653 1297 vicena
3697 1251 3752 1300 et

2173 1338 2360 1386 octona
2381 1373 2396 1397 ,
2425 1331 2614 1401 quibus
2644 1332 2864 1388 interius
2895 1333 3128 1388 tenditur
3168 1331 3595 1398 tabernaculum,
3641 1333 3752 1386 cir-

2171 1423 2596 1492 cumplectuntur
2619 1425 2845 1494 spatium
2873 1433 3126 1495 quantum
3157 1435 3376 1494 possunt
3395 1423 3756 1493 circumplecti

2173 1513 2347 1566 cubita
2381 1512 2607 1568 ducenta
2651 1513 2913 1584 octoginta
2947 1531 2960 1569 :
2999 1514 3138 1569 unde
3176 1515 3338 1568 latera
3379 1514 3466 1568 illa
3507 1513 3746 1584 longiora

2173 1603 2406 1660 australe
2447 1611 2504 1659 et
2545 1605 2868 1675 aquilonium
2889 1647 2904 1673 ,
2937 1605 3182 1660 habentia
3208 1606 3418 1661 vicenas
3447 1605 3762 1674 columnas,

2175 1695 2419 1751 auferunt
2440 1711 2506 1751 ex
2533 1696 2615 1752 his
2642 1697 2836 1754 cubitis
2853 1707 3074 1754 centena
3146 1698 3348 1763 cubita;
3383 1706 3584 1752 restant
3607 1705 3759 1753 octo-

2175 1787 2356 1858 ginta,
2407 1804 2525 1858 qua:
2575 1789 2785 1844 duobus
2827 1791 3044 1860 reliquis
3087 1789 3340 1844 lateribus
3393 1789 3756 1854 brevioribus,

2177 1879 2418 1934 orientali
2446 1879 2586 1949 quod
2638 1896 2742 1934 non
2791 1879 2949 1936 habet
2994 1880 3234 1936 ordinem
3279 1880 3678 1943 columnarum,
3706 1887 3765 1934 et

2178 1969 2486 2024 occidentali
2521 1969 2608 2024 ubi
2641 1979 2790 2025 erant
2819 1970 3078 2025 columna:
3110 1978 3249 2036 octo,
3276 1968 3610 2039 quadragena
3652 1968 3766 2024 dis-

2180 2060 2496 2115 tribuantur.
2529 2061 2757 2116 Proinde
2812 2063 2865 2119 in
2891 2063 3176 2132 capillaciis
3199 2063 3365 2130 velis,
3396 2063 3643 2134 quoniam
3672 2062 3767 2118 de-

2180 2150 2364 2205 tractis
2394 2151 2600 2221 triginta
2629 2153 2822 2208 cubitis
2849 2162 3084 2209 trecenta
3111 2154 3413 2220 restabant,
3445 2154 3488 2208 si
3515 2154 3768 2210 trecentis

2180 2241 2373 2296 cubitis
2401 2242 2796 2311 capillaciorum
2836 2243 3075 2299 velorum
3093 2287 3107 2310 ,
3131 2244 3355 2299 ducenta
3381 2245 3642 2316 octoginta
3673 2259 3768 2300 co-

2182 2331 2486 2401 operiantur
2508 2332 2798 2387 aulaeorum
2823 2374 2838 2398 ,
2883 2333 2954 2388 ita
2985 2343 3303 2404 supererunt
3328 2333 3510 2404 viginti
3531 2377 3545 2401 ,
3574 2343 3631 2390 ut
3659 2350 3774 2392 non

2183 2424 2252 2478 sit
2271 2423 2411 2494 quod
2437 2439 2500 2479 ex
2528 2425 2602 2478 eis
2634 2432 2856 2495 tegatur.
2891 2423 3118 2481 Proinde
3153 2426 3258 2481 duo
3289 2426 3374 2480 illa
3403 2427 3578 2482 cubita
3604 2467 3618 2488 ,
3644 2441 3766 2496 quae

2183 2513 2390 2583 singula
2418 2515 2684 2584 capillacia
2710 2515 2828 2586 plus
2857 2516 3092 2584 habent,
3123 2533 3190 2572 ex
3215 2517 3405 2586 quibus
3442 2531 3646 2571 summa
3680 2516 3770 2570 vi-

2183 2604 2316 2674 ginti
2358 2604 2656 2660 cubitorum
2698 2606 2916 2661 collecta
2949 2616 3067 2672 est,
3111 2605 3190 2662 sic
3222 2605 3582 2662 distribuenda
3613 2615 3769 2672 sunt,

2185 2693 2418 2749 Cubitum
2456 2711 2520 2749 ea:
2556 2696 2679 2762 hoc,
2715 2706 2763 2750 et
2784 2697 3005 2750 cubitum
3032 2712 3096 2750 ea:
3121 2696 3253 2762 hoc;
3279 2696 3330 2750 id
3354 2705 3436 2751 est
3456 2737 3470 2762 ,
3501 2711 3567 2750 ne
3591 2696 3775 2750 omnia

2187 2783 2240 2838 in
2270 2799 2426 2840 unam
2456 2794 2657 2855 partem
2684 2795 2954 2857 cogantur,
2985 2795 3044 2840 ut
3067 2787 3343 2856 proficiant
3368 2785 3671 2856 operiendis
3693 2785 3775 2840 la-

2188 2875 2388 2930 teribus
2417 2875 2774 2944 tabernaculi,
2805 2877 2897 2932 sed
2921 2877 3203 2932 exterioris
3223 2878 3362 2943 atrii,
3387 2877 3440 2932 id
3462 2886 3561 2945 est,
3591 2878 3778 2934 omnia

2187 2967 2274 3022 illa
2306 2975 2540 3026 trecenta
2567 2967 2740 3024 cubita
2767 2967 3002 3024 velorum
3022 2968 3410 3038 capillaciorum
3441 2969 3780 3026 extrinsecus

2189 3064 2586 3118 tabernaculum
2640 3063 2872 3133 cingant.
2935 3057 3212 3136 Adjunmis
3262 3059 3458 3136 quippe
3511 3059 3776 3116 lateribus

2187 3152 2307 3206 atrii
2350 3153 2629 3208 exterioris
2657 3164 2937 3208 centenum
2967 3154 3284 3220 cubitorum,
3317 3154 3370 3209 id
3398 3163 3480 3210 est
3522 3156 3563 3219 ,
3596 3155 3773 3209 austri

2189 3256 2242 3302 et
2269 3246 2530 3316 aquilonis
2549 3288 2564 3312 ,
2587 3249 2952 3319 quinquagena
2975 3247 3150 3303 cubita
3179 3255 3462 3317 supersunt
3482 3247 3698 3302 orientis

2189 3337 2477 3393 occidentis
2496 3379 2510 3406 ,
2539 3353 2658 3408 qua:
2685 3339 2864 3393 omnia
2899 3338 3030 3392 unt
3057 3347 3290 3393 trecenta
3311 3376 3327 3401 ,
3357 3341 3548 3408 quibus
3580 3353 3786 3408 coepe-

2189 3429 2390 3484 riendis
2419 3430 2808 3498 capillaciorum
2841 3438 3145 3485 trecentena
3193 3429 3480 3484 sufficiunt.
3539 3430 3649 3484 lloc
3693 3439 3784 3484 est

2189 3519 2330 3590 quod
2355 3519 2457 3582 ait,
2493 3517 2726 3572 Cubitum
2751 3534 2813 3572 ea:
2839 3519 2932 3572 hoc
2950 3561 2964 3585 ,
2997 3528 3042 3573 et
3065 3520 3285 3573 cubitum
3317 3535 3380 3573 ex
3418 3517 3548 3582 hoc;
3574 3517 3624 3573 id
3652 3525 3740 3572 est
3763 3561 3778 3584 ,

2191 3609 2492 3666 distributio
2518 3609 2744 3664 duorum
2775 3610 3075 3665 cubitorum
3094 3651 3108 3676 ,
3148 3611 3340 3680 quibus
3367 3609 3788 3681 unumquodque

2191 3700 2365 3756 velum
2394 3700 2722 3770 eapillacium
2749 3699 2961 3770 longius
2987 3709 3094 3766 est,
3131 3701 3231 3756 hoc
3255 3710 3336 3756 est
3363 3717 3422 3754 ea:
3441 3716 3498 3754 eo
3523 3701 3656 3774 quod
3686 3718 3780 3755 su-

2192 3799 2334 3863 perat
2361 3791 2481 3845 uelis
2504 3789 2568 3845 de
2602 3789 2916 3862 longitudine
2940 3791 3192 3859 velorum,
3220 3793 3314 3846 erit
3338 3802 3600 3863 contegens
3629 3810 3786 3864 super

2195 3879 2351 3935 latera
2373 3880 2717 3948 tabernaculi;
2738 3881 2826 3936 illa
2853 3883 3060 3938 scilicet
3079 3883 3338 3938 exteriora
3365 3898 3480 3952 qua:
3501 3881 3564 3935 ad
3587 3883 3786 3938 atrium

2194 3971 2486 4041 pertinent,
2519 3971 2636 4025 hinc
2681 3981 2830 4044 atque
2869 3972 2984 4026 hinc
3010 3981 3066 4026 ut
3093 3973 3286 4044 aperiat
3320 3987 3340 4026 :
3380 3987 3477 4026 nec
3504 3971 3588 4026 illa
3615 3972 3787 4042 ipsius

2193 4063 2347 4128 atrii,
2379 4079 2497 4133 quae
2526 4063 2766 4118 centenis
2805 4063 2999 4120 cubitis
3039 4072 3094 4119 et
3131 4063 3330 4119 vicenis
3369 4063 3628 4118 columnis
3660 4070 3786 4118 tcu-

2194 4153 2424 4220 duntur;
2451 4155 2563 4224 ipsa
2590 4155 2733 4210 enim
2763 4171 2866 4210 non
2892 4163 3018 4211 sunt
3044 4153 3179 4210 facta
3207 4155 3442 4226 longiora
3463 4197 3476 4219 ,
3508 4169 3667 4225 quam
3697 4155 3788 4212 illa

2196 4245 2464 4301 interioris
2495 4246 2817 4303 tabernaculi
2839 4261 2957 4318 qum
2982 4247 3165 4302 decem
3191 4246 3382 4307 aula-is.
3404 4245 3709 4312 tenduntur,
3734 4255 3798 4313 et,

2196 4339 2412 4394 vicenas
2439 4339 2600 4394 etiam
2637 4339 2748 4409 ipsa
2780 4340 3053 4395 columnas
3082 4339 3296 4396 habent.
3321 4339 3453 4394 Nam
3483 4339 3619 4396 sicut
3645 4339 3786 4396 inte-

2197 4431 2354 4486 rioris
2393 4431 2720 4487 tabernaculi
2765 4431 2871 4487 duo
2911 4432 3075 4488 latera
3118 4433 3184 4488 ab
3222 4433 3468 4504 aquilone
3509 4443 3563 4488 et
3601 4443 3792 4490 austro

2197 4523 2438 4578 centenis
2453 4521 2646 4578 cubitis
2663 4523 3021 4594 porriguntur,
3042 4524 3112 4578 ita
3128 4533 3182 4579 et
3197 4523 3477 4579 exterioris
3501 4523 3643 4578 atrii.
3663 4523 3784 4580 Non

2199 4629 2326 4685 ergo
2351 4613 2418 4669 ad
2446 4615 2556 4683 ipsa
2587 4615 2849 4671 exteriora
2878 4615 3096 4670 totidem
3122 4616 3486 4671 columnarum
3513 4615 3681 4670 latera
3709 4624 3786 4671 te-

2199 4705 2368 4776 genda
2389 4707 2782 4776 capillaciorum
2811 4707 3050 4762 velorum
3090 4706 3298 4778 prolicit
3324 4706 3599 4778 longitudo
3621 4747 3637 4774 ,
3680 4723 3786 4778 qua

2201 4798 2579 4870 longitudinem
2610 4807 2864 4869 superant
2886 4799 3198 4855 aulaeorum.
3227 4799 3451 4854 Tantum
3485 4799 3626 4854 enim
3657 4799 3789 4856 dant

2201 4890 2556 4946 exterioribus
2594 4889 2882 4957 lateribus,
2925 4899 3180 4961 quantum
3219 4898 3273 4945 et
3313 4889 3651 4946 interioribus
3691 4891 3788 4946 da-

2202 4988 2350 5046 rent,
2392 4979 2443 5034 id
2479 4988 2561 5035 cst
2593 4981 2767 5035 cubita
2805 4989 3058 5048 centena,
3087 4997 3203 5051 qua:
3235 4981 3363 5035 fiunt
3385 4980 3608 5036 ducenta
3643 4999 3656 5034 :
3689 4982 3788 5038 sed

2201 5071 2323 5141 quia
2351 5070 2607 5126 lateribus
2632 5072 2854 5126 orientis
2963 5072 3257 5128 occidentis
3280 5071 3586 5128 sufcerent
3621 5071 3790 5130 latera

2201 5162 2569 5233 quadragena,
2619 5163 2664 5219 si
2713 5163 3080 5219 tantummodo
3122 5163 3342 5220 interius
3390 5164 3788 5220 tabernaculum

2205 5253 2338 5308 velis
2365 5252 2658 5324 capillaciis
2695 5254 3028 5325 cingeretur;
3075 5254 3269 5310 additis
3309 5262 3488 5311 autem
3532 5255 3786 5313 lateribus

2202 5345 2320 5403 atrii
2349 5345 2514 5402 crevit
2545 5345 2872 5403 tabernaculi
2906 5347 3152 5416 latitudo,
3180 5355 3236 5403 ut
3265 5347 3502 5418 tegendis
3531 5347 3786 5405 lateribus

2307 5477 2452 5538 aditi,
2476 5475 2697 5542 ducenta.
2721 5485 2827 5528 Mss.
2866 5492 3001 5538 vero,
3026 5485 3219 5530 centena
3242 5493 3260 5530 :
3285 5479 3332 5530 id
3349 5487 3428 5532 est
3445 5513 3462 5542 ,
3499 5479 3595 5530 duo
3632 5478 3792 5540 latera,

2201 5539 2428 5591 auferunt
2447 5552 2536 5590 sua
2565 5541 2792 5604 quodque
2815 5550 3012 5604 centum
3031 5543 3209 5604 cubita.

2240 5601 2653 5676 .V'_I.ov._,.centum
2673 5601 2959 5672 cubitorum,
2984 5601 3038 5653 id
3063 5609 3148 5655 est.
3175 5609 3226 5652 Et
3244 5601 3386 5676 paulo
3404 5610 3530 5676 post,
3553 5615 3782 5676 quamne.

2568 5676 2653 5725 pro
2689 5663 3020 5731 quinquagena
3036 5700 3050 5727 ,
3076 5679 3138 5716 ex
3163 5663 3367 5730 graviori
3402 5663 3539 5716 certe
3561 5663 3783 5730 typogra-

2274 5744 2282 5775 ,
