4136 6494
420 384 528 441 669

420 495 664 553 orientali
707 502 761 549 et
804 491 1114 549 occidentali
1166 490 1274 560 jam
1337 501 1443 543 non
1486 484 1850 556 quadragena,
1903 481 1997 537 sed

419 588 786 658 quinquagena
813 584 988 638 cubita
1016 584 1124 647 sint
1158 579 1455 635 necessaria
1498 595 1513 632 :
1559 576 1623 629 ad
1667 590 1729 629 ea
1775 571 1997 641 tegenda

420 678 677 748 proﬁcere
706 677 873 747 potuit
896 673 1289 744 capillaciorum
1319 669 1555 724 velorum
1582 664 1855 737 longitudo
1880 678 1994 716 am-

420 769 559 839 plior
588 782 744 836 quam
788 766 1109 827 aulaeorum;
1144 772 1201 816 ut
1236 776 1339 815 non
1369 759 1527 812 ambo
1553 757 1763 819 cubita,
1807 753 1997 823 quibus

416 858 558 913 binis
582 858 817 927 longiora
848 866 999 921 sunt,
1022 870 1089 909 ex
1119 868 1220 907 una
1250 861 1398 923 parte
1428 849 1878 918 impenderentur,
1902 845 1997 899 sed

418 949 639 1002 cubitum
667 963 729 1001 ea:
764 947 889 1013 hoc,
918 955 964 999 et
990 946 1209 998 cubitum
1248 960 1311 999 ex
1338 944 1463 1005 hoc;
1491 956 1553 996 ac
1586 940 1663 994 sic
1689 939 1905 992 haberet
1931 952 1997 991 ex

418 1040 533 1110 ipsa
563 1039 1039 1109 superabundantia
1063 1038 1198 1097 latus
1224 1036 1478 1091 orientale
1503 1033 1679 1089 cubita
1706 1032 1889 1086 decem
1906 1072 1919 1094 ,
1944 1038 1999 1084 et

416 1130 746 1185 occidentale
778 1130 881 1182 alia
911 1129 1116 1183 decem.
1156 1128 1350 1196 Viginti
1380 1124 1521 1180 enim
1562 1125 1694 1179 ﬁunt
1739 1122 1859 1176 bina
1899 1120 1996 1175 de-

416 1234 533 1275 cem
564 1237 579 1273 :
608 1220 731 1289 quia
774 1219 875 1274 veli
916 1217 1181 1273 undecimi
1226 1216 1243 1249 ¹
1282 1215 1457 1270 cubita
1505 1213 1715 1283 triginta
1757 1210 1997 1281 duplica-

418 1311 561 1365 tione
586 1320 639 1366 et
665 1309 995 1364 subtectione
1020 1309 1086 1362 ab
1113 1308 1214 1365 hoc
1232 1307 1433 1360 ambitu
1457 1304 1826 1359 detrahuntur.

489 1402 579 1457 i7.
618 1401 723 1457 Sed
753 1403 1004 1470 quoniam
1025 1400 1075 1454 id
1105 1400 1245 1470 quod
1277 1398 1437 1457 latine
1458 1397 1861 1465 interpretatum
1889 1400 1993 1458 est,

415 1490 652 1546 Cubitum
673 1508 734 1545 ea:
760 1491 874 1555 hoc,
908 1500 955 1544 et
980 1491 1197 1543 cubitum
1226 1505 1288 1542 ex
1313 1490 1406 1541 Itoc
1423 1527 1439 1553 ,
1468 1503 1529 1540 ea:
1556 1501 1612 1539 eo
1636 1484 1770 1553 quod
1794 1488 1997 1553 superat

412 1584 537 1645 velis
566 1585 628 1637 de
661 1582 972 1653 longitudine
994 1580 1217 1635 velorum
1252 1579 1586 1642 tabernaculi,
1617 1576 1709 1630 crit
1733 1584 1996 1644 contegens

414 1694 567 1748 super
586 1678 740 1731 latera
761 1676 1097 1740 tabernaculi,
1130 1686 1334 1743 graecus
1365 1671 1523 1725 habet
1544 1674 1741 1734 πλάγια,
1767 1682 1886 1737 qua:
1916 1666 1992 1719 la-

416 1768 512 1825 tini
535 1768 773 1821 nonnulli
803 1782 905 1821 non
934 1766 1111 1831 latera,
1141 1762 1236 1819 sed
1265 1762 1463 1833 obliqua
1492 1758 1818 1827 interpretati
1849 1764 1991 1823 sunt,

412 1860 611 1913 merito
648 1867 858 1924 movet,
888 1857 1010 1926 quia
1038 1856 1135 1911 etsi
1166 1855 1293 1908 nihil
1320 1853 1404 1906 hic
1431 1851 1671 1905 videatur
1697 1849 1991 1917 obliquum,

413 1950 505 2008 ubi
529 1965 717 2004 omnes
740 1949 911 2018 anguli
937 1956 1165 2017 quatuor
1198 1946 1419 1999 laterum
1447 1942 1575 1998 recti
1616 1948 1764 2004 sunt;
1797 1944 1978 2005 πλάγια

414 2050 591 2095 tamen
614 2040 718 2095 dici
745 2040 904 2093 latera
943 2040 1028 2092 illa
1055 2053 1160 2092 non
1191 2044 1413 2106 possunt
1431 2076 1443 2097 ,
1480 2047 1704 2102 quorum
1732 2046 1890 2085 unum
1914 2036 1997 2083 est

410 2131 466 2185 in
499 2130 650 2194 l'acie,
676 2130 899 2184 alterum
930 2139 1095 2195 retro,
1111 2127 1161 2181 id
1180 2136 1278 2190 est,
1295 2124 1549 2181 oricntale
1565 2132 1616 2177 et
1633 2120 1992 2185 occidentale,

411 2221 508 2277 sed
533 2228 713 2286 πλάγια
741 2220 843 2275 dici
871 2229 1087 2289 possunt
1116 2234 1145 2271 a
1172 2217 1358 2272 dextro
1387 2226 1440 2271 et
1464 2230 1494 2268 a
1521 2213 1756 2277 sinistro,
1790 2211 1841 2265 id
1872 2218 1954 2265 cst
1974 2251 1991 2275 ,

411 2314 738 2382 aquilonium
764 2320 819 2366 et
844 2311 1077 2366 australe
1117 2328 1129 2364 :
1168 2324 1288 2364 cum
1315 2322 1442 2378 ergo
1469 2321 1572 2360 non
1602 2305 1711 2359 sint
1728 2318 1789 2356 ea
1814 2308 1995 2367 πλάγια

410 2420 529 2474 qua:
560 2403 757 2457 habent
791 2402 969 2458 cubita
1004 2401 1389 2471 quinquagena,
1419 2396 1609 2468 quibus
1635 2395 1887 2449 lateribus
1917 2400 1995 2446 te-

410 2496 603 2566 gendis
640 2498 901 2567 prolicere
941 2496 1174 2565 potuisse
1198 2494 1426 2547 diximus
1454 2496 1792 2560 superantem
1822 2485 1994 2555 longi-

413 2586 649 2661 tudinem
667 2586 1057 2655 capillaciorum
1076 2585 1312 2639 velorum
1335 2600 1349 2649 ;
1372 2580 1638 2653 quomodo
1658 2578 1758 2633 erit
1782 2590 1989 2639 verum,

413 2676 649 2735 Cubitum
670 2694 732 2730 ea:
762 2679 874 2742 hoc,
904 2686 947 2730 et
981 2676 1199 2730 cubitum
1227 2692 1289 2729 ea:
1316 2675 1428 2738 hoc,
1460 2689 1522 2727 ea:
1550 2688 1607 2727 eo
1631 2670 1764 2743 quod
1790 2679 1993 2736 supcrat

410 2769 533 2823 velis
557 2767 620 2822 de
647 2768 957 2836 longitudine
984 2769 1205 2821 velorum
1238 2763 1544 2819 tabernaculi
1560 2805 1575 2829 ,
1615 2762 1708 2815 erit
1731 2769 1995 2829 contegens

408 2876 562 2929 super
588 2859 743 2912 latera
780 2858 1126 2913 tabernaculi?
1151 2856 1257 2913 Sed
1284 2856 1530 2910 nimirum
1575 2853 1641 2909 de
1670 2852 1774 2906 illis
1811 2850 1996 2904 lateri-

411 2948 509 3002 bus
541 2948 776 3018 tegendis
806 2948 1052 3019 loquitur,
1079 2964 1198 3018 qua:
1225 2947 1383 3002 etiam
1406 2945 1563 3000 dorsa
1582 2943 1810 3013 appellat
1834 2941 1993 3011 quin-

411 3038 673 3093 denorum
717 3039 1013 3093 cubitorum
1054 3040 1526 3106 columnarumque
1556 3044 1847 3098 ternarum,
1873 3047 1995 3103 quas

409 3144 530 3184 cum
577 3139 732 3199 porta
773 3130 893 3199 atrii
930 3130 1158 3185 habente
1197 3129 1371 3183 cubita
1414 3126 1597 3197 viginti
1638 3134 1692 3180 et
1719 3124 1995 3179 columnas

409 3230 657 3290 quatuor,
698 3223 1073 3292 quinquaginta
1117 3223 1386 3291 complent
1427 3219 1601 3274 cubita
1635 3225 1690 3271 et
1717 3216 1994 3271 columnas

408 3318 619 3374 decem.
650 3316 772 3371 Hzec
796 3317 958 3371 latera
992 3332 1055 3371 ex
1088 3316 1201 3371 istis
1224 3316 1334 3370 suis
1378 3314 1567 3370 ﬁnibus
1606 3316 1658 3368 in
1695 3312 1872 3367 medio
1901 3326 1995 3380 po-

410 3418 635 3465 suerunt
672 3410 787 3463 atrii
821 3420 1049 3479 portam,
1091 3425 1153 3463 ex
1185 3410 1290 3464 illis
1318 3416 1491 3463 autem
1522 3408 1714 3461 ostium
1747 3406 1993 3459 taberna-

408 3500 511 3558 culi
542 3517 555 3553 :
581 3500 720 3554 inter
740 3478 943 3567 portam
968 3500 1084 3553 atrii
1112 3507 1166 3553 et
1193 3500 1383 3552 ostium
1417 3478 1739 3552 labemaculi
1766 3494 1992 3564 spatium

404 3589 568 3658 jacet,
597 3598 850 3659 quantum
874 3589 1046 3645 cubita
1076 3591 1161 3644 illa
1199 3587 1520 3645 concludunt
1544 3587 1721 3657 viginti
1749 3601 1777 3639 a
1804 3594 1951 3655 porta
1974 3624 1990 3650 ,

408 3689 463 3736 et
504 3681 690 3735 dextra
726 3681 961 3752 laevaque
998 3681 1281 3751 quindena.
1327 3680 1380 3733 In
1417 3694 1482 3733 eo
1519 3678 1690 3747 Spatio
1719 3686 1799 3731 est
1827 3675 1994 3729 altare

410 3771 916 3826 holocaustomatum
948 3771 1083 3826 intra
1116 3778 1318 3841 portam
1363 3769 1482 3824 atrii
1528 3777 1651 3822 ante
1696 3767 1888 3821 ostium
1915 3774 1995 3819 ta-

408 3863 681 3926 bernaculi
698 3880 713 3928 ;
733 3874 786 3917 et
806 3863 944 3918 inter
959 3864 1125 3921 altare
1146 3872 1200 3917 et
1222 3863 1416 3918 ostium
1440 3859 1764 3914 tabernaculi
1786 3859 1992 3912 labrum

409 3966 607 4006 a‘rcum
625 3953 666 4017 ί,
693 3953 779 4006 ubi
806 3952 1110 4008 sacerdotes
1136 3968 1323 4008 manus
1350 3961 1403 4006 et
1424 3949 1585 4020 pedes
1606 3949 1870 4003 lavabant.
1898 3948 1990 4002 Di-

410 4042 640 4112 ligentcr
668 4055 843 4098 autem
882 4044 1148 4098 mensuris
1178 4043 1511 4105 examinatis,
1543 4041 1766 4095 fortasse
1795 4041 1845 4094 in
1876 4040 1992 4093 istis

410 4131 666 4195 lateribus
702 4143 969 4188 teruarum
1004 4133 1400 4197 columnarum,
1446 4147 1564 4201 qua:
1602 4136 1787 4197 πλάγια
1819 4143 1992 4199 grzcce

410 4221 552 4298 dicta
580 4231 736 4287 sunt,
783 4223 1033 4277 nonnulla
1069 4224 1229 4277 etiam
1269 4222 1550 4291 obliquitas
1592 4221 1888 4285 invenitur;
1934 4228 1993 4275 ut

410 4327 519 4366 non
562 4312 753 4366 frustra
783 4313 994 4383 quidam
1044 4314 1359 4382 interpretes
1395 4312 1559 4368 nostri
1589 4312 1789 4381 obliqua
1823 4313 1991 4367 inter-

409 4413 767 4473 pretarentur,
814 4421 932 4475 qua:
974 4406 1029 4461 in
1069 4422 1242 4477 grzceo
1289 4412 1469 4473 πλάγιοι
1511 4415 1840 4477 repererunt.
1875 4405 1990 4460 Non

410 4495 553 4549 enim
579 4497 694 4550 vela
720 4497 991 4566 capillacia
1018 4498 1296 4567 quindenis
1319 4498 1508 4553 cubitis
1535 4499 1644 4552 suis
1668 4506 1889 4569 possunt
1915 4506 1993 4552 te-

410 4602 538 4657 gere
571 4588 838 4657 quindena
880 4590 1057 4643 cubita
1087 4590 1435 4643 tentoriorum
1480 4589 1530 4642 in
1558 4589 1659 4641 illis
1695 4586 1948 4642 lateribus
1970 4628 1986 4653 ,

411 4678 514 4732 nisi
554 4680 937 4748 posterioribus
966 4679 1204 4751 partibus
1243 4681 1588 4744 tabernaculi,
1618 4688 1901 4749 antequam
1922 4678 1989 4732 ad

410 4773 501 4827 illa
538 4773 701 4829 latera
733 4774 1102 4839 deflectantur,
1138 4790 1239 4829 non
1268 4775 1495 4844 amplius
1524 4789 1681 4844 quam
1726 4773 1861 4827 dena
1891 4787 1989 4827 cu-

410 4862 520 4917 bita
542 4864 911 4935 impenderint.
937 4867 1012 4921 Ac
1040 4867 1116 4922 sic
1142 4882 1208 4921 ex
1237 4867 1375 4920 linea
1407 4876 1547 4919 recta
1573 4864 1879 4935 posterioris
1906 4872 1988 4917 ta-

410 4955 700 5023 bernaculi,
732 4958 781 5012 id
827 4967 908 5013 est
946 4974 974 5013 a
1017 4966 1168 5031 parte
1203 4958 1523 5021 occidentis;
1553 4973 1669 5027 qua!
1705 4957 1842 5011 linea
1867 4971 1987 5010 cum

411 5046 683 5103 habuisset
706 5058 826 5104 octo
851 5051 1126 5105 columnas
1142 5052 1469 5121 pertinentes
1490 5049 1554 5103 ad
1582 5048 1799 5103 interius
1817 5047 1990 5101 taber-

410 5140 660 5194 naculum
680 5182 695 5207 ,
741 5141 925 5196 decem
955 5140 1149 5197 habere
1174 5145 1336 5211 cepit
1366 5142 1556 5196 additis
1593 5141 1843 5195 lateribus
1868 5139 1987 5192 atrii

411 5230 726 5297 exterioris;
772 5240 973 5286 etcum
1022 5231 1293 5287 habuisset
1332 5230 1505 5287 cubita
1535 5230 1879 5301 quadraginta
1920 5227 1986 5283 ad

473 5424 491 5489 ξ
513 5421 915 5489 Fditi,_undecim.
934 5424 1107 5474 Verius
1122 5425 1303 5489 aliquot
1322 5431 1450 5485 Mss,
1472 5420 1732 5474 undecimi.

473 5484 493 5558 ξ
530 5484 621 5558 uie
817 5487 865 5558 in
906 5488 1151 5558 integrum
1177 5484 1458 5558 restituitur
1476 5500 1612 5558 “ope
1632 5494 1742 5558 Mss,
1779 5484 1990 5558 Vaticani

410 5544 894 5614 unlus,_(_:orbeiensis
911 5555 963 5597 et
980 5544 1208 5614 'l‘ltuanei.
1233 5556 1351 5614 nam
1364 5549 1411 5597 in
1430 5544 1573 5614 editis
1593 5555 1693 5595 Am.
1713 5553 1787 5614 Eg.
1811 5553 1861 5614 et
1876 5551 1986 5614 inv.

410 5608 481 5670 sic
504 5608 826 5657 exhibebatur
850 5621 875 5670 At
896 5617 949 5657 In
972 5622 1027 5659 eo
1048 5608 1197 5670 spatio
1210 5615 1280 5660 est
1302 5610 1454 5659 altare
1474 5606 1784 5667 tabernaculi,
1799 5613 1845 5659 et
1866 5606 1991 5656 inter

412 5667 564 5716 altare
584 5668 876 5736 tabernaculi
892 5667 1099 5736 labrum,
1114 5680 1209 5736 etc.
1235 5671 1364 5736 Apud
1389 5679 1487 5720 nat.
1515 5678 1566 5736 et
1588 5669 1767 5732 aliquot
1787 5681 1912 5736 mss;
1936 5678 1990 5718 In

413 5730 640 5800 eospatio
659 5730 903 5800 eat-etme
924 5732 1218 5785 tabernaculi
1230 5767 1249 5794 ,
1266 5730 1312 5784 et
1333 5732 1458 5785 utter
1477 5733 1629 5784 altare
1650 5730 1789 5797 atque
1820 5731 1991 5786 ostium

416 5790 708 5843 tabernaculi
732 5792 935 5843 labrum.

1737 369 1938 425 LIBER
1975 365 2346 423 SECUNDUS.

3575 371 3682 430 670

2104 489 2225 536 octo
2249 481 2520 536 columnas
2540 480 2874 551 pertinentia,
2900 479 3273 552 quinquaginta
3296 479 3490 536 habere
3513 483 3676 552 coepit

2105 572 2156 627 in
2178 574 2437 628 columnis
2465 573 2645 628 decem
2678 592 2691 627 :
2720 589 2783 627 ex
2809 573 2909 628 hae
2934 588 3061 642 ergo
3087 573 3224 626 linea
3250 586 3368 627 cum
3399 581 3533 628 tecta
3559 574 3677 629 fue-

2103 663 2210 718 rint
2249 664 2377 719 velis
2414 664 2702 733 capillaciis
2737 663 2874 718 dena
2901 663 3073 718 cubita
3115 663 3182 719 ab
3219 672 3442 733 utroque
3482 664 3677 734 angulo

2102 756 2385 820 venientia,
2418 756 2691 811 restabant
2715 756 2766 810 in
2796 756 2974 811 medio
3003 756 3214 826 triginta
3241 772 3345 810 non
3378 764 3513 811 tecta
3542 756 3676 812 velis

2102 848 2408 917 capillaciis,
2455 848 2547 902 sed
2593 848 2695 903 illis
2723 848 3087 903 tantummodo
3131 848 3342 913 aulazis;
3376 848 3426 903 in
3450 862 3675 917 quorum

2104 938 2314 1006 triginta
2337 937 2632 993 cubitorum
2657 938 2852 1005 medio,
2879 954 2971 1008 per
2999 938 3254 1009 quotlibet
3288 938 3461 993 cubita
3489 938 3676 993 tende-

2102 1039 2305 1095 rentur,
2347 1038 2461 1084 erat
2502 1030 2695 1085 ostium
2740 1030 3079 1085 tabernaculi.
3131 1029 3357 1084 Proinde
3395 1029 3481 1083 illa
3511 1029 3675 1085 latera

2103 1129 2372 1176 ternarum
2400 1121 2764 1178 columnarum
2796 1131 2848 1175 et
2871 1121 3257 1191 quindenorum
3284 1120 3601 1186 cubitorum,
3629 1121 3674 1177 si

2101 1228 2165 1269 ex
2202 1214 2305 1268 illis
2346 1215 2535 1269 ﬁnibus
2565 1215 2673 1269 suis
2712 1215 2902 1284 quibus
2925 1215 3278 1285 jungehantur
3316 1225 3482 1286 porta:
3521 1216 3671 1281 atrii,

2102 1306 2351 1375 patebant
2373 1306 2510 1359 inter
2529 1321 2586 1360 se
2617 1305 2810 1361 cubitis
2841 1307 3043 1376 viginti,
3066 1305 3186 1376 quia
3213 1313 3415 1360 tantum
3442 1305 3676 1361 habebat

2101 1406 2250 1466 porta
2274 1414 2391 1467 qua:
2421 1398 2508 1452 illa
2536 1398 2699 1453 latera
2727 1398 3038 1463 dirimebat;
3062 1414 3124 1453 ex
3153 1400 3268 1453 aliis
3287 1409 3461 1453 autem
3486 1399 3676 1454 ﬁnibus

2100 1490 2291 1560 quibus
2320 1490 2593 1546 luerebant
2621 1491 2895 1560 posteriori
2927 1490 3002 1546 illi
3036 1490 3189 1545 linea:
3222 1491 3578 1555 tabernaculi,
3607 1490 3675 1546 de

2100 1597 2201 1651 qua
2241 1582 2399 1636 locuti
2444 1596 2646 1647 sumus,
2679 1581 2941 1637 habebant
2969 1582 3106 1636 inter
3137 1596 3196 1635 se
3221 1581 3397 1636 cubita
3424 1582 3672 1651 triginta;

2102 1673 2281 1742 procul
2318 1672 2477 1728 dubio
2516 1681 2670 1727 erant
2708 1673 2920 1742 obliqua
2962 1690 2977 1728 :
3017 1674 3267 1743 quoniam
3298 1673 3413 1742 plus
3440 1672 3575 1726 inter
3612 1687 3672 1727 so

2099 1762 2432 1833 patebantex
2466 1763 2565 1818 hac
2590 1772 2737 1832 parte
2766 1765 2854 1819 ubi
2887 1764 3148 1818 habebant
3173 1764 3343 1818 media
3377 1763 3554 1819 cubita
3580 1762 3675 1817 tri-

2099 1854 2262 1923 ginta,
2289 1868 2446 1922 quam
2474 1868 2536 1908 ex
2582 1854 2667 1908 illa
2697 1864 2843 1923 parte
2870 1855 2959 1908 ubi
2988 1854 3253 1909 habebant
3289 1853 3462 1915 media
3500 1853 3676 1908 cubita

2099 1944 2303 2013 viginti.
2345 1945 2416 1998 lta
2442 1944 2529 1998 illa
2556 1944 2739 1999 decem
2767 1946 2941 2000 cubita
2966 1946 3354 2015 capillaciorum
3389 1946 3626 2001 velorum
3656 1986 3673 2013 ,

2098 2036 2239 2105 quod
2263 2046 2378 2091 erat
2401 2036 2676 2092 dimidium
2700 2036 3016 2091 abundantis
3034 2037 3393 2107 longitudinis,
3422 2052 3538 2107 qua:
3561 2051 3680 2106 ρι’θ·

2100 2126 2348 2181 ﬁciebant
2398 2127 2674 2196 posteriori
2716 2128 2850 2197 parti
2892 2127 3256 2195 tabernaculi,
3296 2128 3395 2182 hoc
3420 2136 3502 2183 est
3530 2127 3676 2182 oeci-

2098 2219 2319 2286 dentali,
2350 2220 2484 2274 sicut
2508 2220 2609 2274 alia
2642 2220 2826 2276 decem
2868 2221 3213 2290 proﬁciebant
3240 2221 3402 2291 priori
3442 2221 3593 2291 parti,
3626 2220 3681 2276 id

2099 2320 2181 2365 est
2206 2311 2475 2379 orientali,
2503 2314 2679 2383 quinis
2704 2314 2895 2368 cubitis
2918 2315 3253 2383 complebant
3273 2322 3527 2369 tecturam
3557 2315 3680 2370 late-

2098 2418 2216 2456 rum
2240 2403 2471 2470 illorum,
2500 2420 2617 2474 quae
2641 2419 2814 2474 graece
2840 2412 3018 2471 πλάγια
3043 2405 3179 2459 dicta
3210 2415 3351 2469 sunt,
3377 2405 3501 2461 inde
3524 2406 3680 2477 quim

2098 2507 2200 2562 que
2224 2500 2279 2548 et
2307 2493 2429 2547 hinc
2462 2494 2714 2571 quinque.
2746 2494 2875 2560 Quae
2901 2496 2944 2548 si
2976 2495 3303 2563 defuissent,
3339 2496 3473 2551 dena
3502 2496 3678 2551 cubita

2099 2591 2406 2655 tegerentur
2431 2586 2481 2639 in
2510 2587 2709 2641 eisdem
2735 2588 3008 2656 lateribus,
3039 2597 3091 2643 et
3119 2589 3277 2657 quina
3309 2588 3445 2642 nuda
3474 2596 3676 2645 essent.

2098 2676 2299 2747 Itaque,
2331 2688 2584 2747 quantum
2613 2678 2741 2732 mihi
2768 2678 2996 2744 videtur,
3019 2680 3207 2734 melius
3228 2679 3533 2749 intelligitur
3552 2679 3680 2734 hinc

2099 2783 2217 2823 esse
2238 2770 2458 2836 dictum,
2488 2768 2719 2823 Cubitum
2738 2786 2801 2824 ea:
2820 2770 2934 2836 Itoc,
2964 2779 3008 2823 et
3034 2771 3253 2825 cubitum
3280 2786 3341 2824 ex
3365 2770 3487 2837 Itoc,
3520 2786 3593 2824 ea:
3620 2787 3679 2825 eo

2098 2860 2234 2930 quod
2258 2870 2459 2929 supcrat
2486 2860 2606 2913 velis
2630 2859 2693 2914 de
2728 2858 3039 2929 longitudine
3083 2860 3303 2914 velorum
3332 2859 3674 2925 tabernaculi,

2099 2966 2205 3005 non
2234 2952 2352 3021 quia
2384 2960 2557 3016 erant,
2583 2967 2703 3005 cum
2731 2950 2855 3005 hinc
2897 2959 2951 3006 et
2992 2952 3114 3005 inde
3152 2952 3309 3020 quina
3338 2960 3550 3016 essent;
3581 2951 3678 3006 sed

2099 3042 2221 3112 quia
2248 3058 2312 3096 ex
2344 3043 2431 3096 illa
2456 3042 2781 3112 longitudine
2807 3041 3191 3106 redundabant,
3223 3042 3274 3096 in
3303 3057 3403 3112 qua
3428 3042 3566 3097 binis
3586 3056 3680 3097 cu-

2098 3132 2220 3186 bitis
2250 3142 2403 3187 erant
2438 3133 2618 3187 aulaeis
2645 3133 2914 3202 capillacia
2941 3133 3201 3202 longiora,
3242 3148 3305 3187 ex
3330 3134 3522 3202 quibus
3542 3132 3679 3187 duo-

2098 3225 2196 3279 bus
2214 3225 2402 3279 cubitis
2422 3225 2837 3295 uniuscujusque
2854 3225 2955 3279 veli
2971 3224 3202 3279 cubitum
3226 3224 3524 3294 profecerat
3541 3223 3679 3294 parti

2098 3317 2341 3371 orientali
2369 3334 2382 3369 :
2405 3318 2640 3372 restabat
2666 3316 2847 3387 utique
2868 3317 3091 3370 alterum
3119 3316 3352 3370 cubitum
3378 3316 3508 3384 parti
3536 3317 3679 3371 occi-

2098 3409 2322 3471 dentali,
2367 3415 2425 3462 ut
2471 3409 2703 3462 cubitum
2734 3423 2798 3461 ex
2846 3408 2948 3461 hoc
2997 3415 3141 3462 esset
3185 3415 3473 3476 contegens
3519 3419 3681 3476 Super

2099 3507 2279 3565 πλάγια
2307 3499 2651 3554 tabernaculi.
2680 3498 2831 3554 Unde
2857 3499 3055 3553 dictum
3097 3508 3178 3553 est
3202 3540 3216 3565 ,
3247 3498 3364 3553 hinc
3380 3508 3537 3569 atque
3562 3500 3680 3554 hinc

2097 3599 2152 3643 ut
2172 3591 2384 3659 aperiat,
2412 3590 2535 3659 quia
2564 3605 2668 3643 non
2696 3590 2968 3659 Operiebat
3002 3598 3191 3655 totum,
3229 3590 3275 3644 si
3299 3589 3484 3645 eadem
3517 3590 3681 3660 quina

2098 3679 2271 3733 eubita
2294 3679 2605 3734 defuissent.

2171 3770 2257 3825 18.
2299 3768 2450 3825 Nunc
2472 3770 2581 3839 jam
2623 3770 2869 3839 quoniam
2897 3770 3025 3824 satis
3052 3769 3376 3838 disputatum
3405 3777 3507 3836 est,
3538 3783 3676 3839 quo-

2098 3863 2258 3917 modo
2286 3862 2376 3916 illa
2406 3863 2580 3916 omnia
2608 3861 2943 3931 intelligenda
2973 3862 3098 3924 sint,
3127 3876 3246 3931 quae
3272 3861 3322 3914 in
3351 3860 3675 3915 tabernaculi

2097 3956 2474 4011 constitutione
2517 3955 2832 4011 videbantur
2850 3955 3095 4020 obscura,
3143 3954 3374 4008 breviter
3415 3953 3457 4008 si
3484 3968 3677 4022 possu-

2096 4063 2214 4102 mus
2243 4049 2507 4102 enitamur
2541 4046 2823 4102 ostendere
2852 4046 2974 4116 quid
3004 4046 3082 4099 sit
3096 4046 3280 4100 eadem
3320 4045 3676 4115 disputatione

2096 4140 2411 4194 confectum.
2446 4138 2527 4192 Ab
2557 4138 2830 4193 occidente
2862 4138 3018 4206 igitur
3060 4136 3374 4197 intrabatur,
3405 4145 3457 4191 et
3504 4138 3673 4206 prima

2096 4240 2212 4285 erat
2238 4228 2564 4299 ingrediendi
2604 4238 2751 4297 porta
2778 4228 2915 4291 atrii,
2946 4243 3064 4295 quae
3092 4227 3301 4295 patebat
3322 4225 3503 4295 viginti
3523 4227 3674 4280 cubi-

2097 4323 2182 4386 tis,
2210 4334 2262 4377 ct
2290 4322 2515 4377 habebat
2541 4330 2766 4391 quatuor
2793 4320 3089 4384 columnas,
3121 4318 3311 4387 quibus
3337 4317 3673 4386 dependebat

2095 4414 2269 4467 velum
2294 4413 2477 4482 viginti
2510 4413 2702 4466 cubitis
2726 4423 3022 4477 extentum,
3049 4422 3284 4464 erectum
3322 4420 3497 4464 autem
3525 4410 3675 4465 cubio

2095 4506 2163 4561 tis
2187 4505 2437 4574 quinque,
2467 4512 2692 4573 quatuor
2711 4503 2817 4557 illis
2850 4517 2992 4570 saepe
3024 4502 3453 4555 commemoratis
3479 4502 3672 4557 colori-

2094 4596 2195 4651 bus
2214 4612 2308 4649 acu
2329 4596 2465 4664 picto
2485 4610 2647 4663 opere
2683 4594 2903 4647 variato.
2938 4593 3046 4647 llac
3082 4604 3229 4662 porta
3255 4592 3557 4662 ingrediens
3578 4609 3673 4649 ex-

2097 4689 2389 4758 cipiebatur
2416 4688 2572 4751 atrio,
2612 4687 2763 4756 cujus
2792 4688 2956 4741 latera
2984 4685 3203 4741 dextera
3234 4687 3472 4755 laevaque
3510 4685 3669 4755 quin-

2093 4782 2244 4835 denis
2272 4781 2458 4834 cuhitis
2486 4788 2541 4834 et
2569 4780 2733 4832 ternis
2756 4778 3017 4833 columnis
3047 4777 3450 4847 porrigebantttr
3470 4779 3670 4831 intror-

2093 4887 2211 4935 sus;
2244 4882 2302 4925 ut
2328 4872 2378 4925 in
2406 4870 2581 4926 medio
2606 4880 2859 4940 ponerent
2885 4869 3078 4923 ostium
3102 4869 3425 4924 tabernaculi
3453 4870 3667 4923 interio-

2093 4965 2187 5029 ris,
2234 4965 2285 5017 in
2325 4978 2384 5018 ea
2426 4970 2573 5031 parte
2615 4976 2720 5031 quo
2760 4960 3155 5030 perveniebant,
3207 4961 3343 5014 sicut
3390 4961 3441 5012 in
3492 4958 3667 5014 medio

2093 5057 2359 5126 ponebant
2386 5064 2588 5125 portam
2611 5054 2752 5119 atrii,
2789 5052 2858 5106 ab
2884 5067 2946 5107 ea
2977 5060 3125 5121 parte
3158 5051 3296 5104 unde
3322 5050 3665 5119 incipiebant.

2095 5149 2206 5203 lloc
2225 5150 2398 5217 itaque
2422 5146 2611 5200 atrium
2633 5145 2788 5198 latius
2814 5153 3103 5213 eratquam
3132 5143 3355 5211 l0ngius.
3395 5140 3523 5194 Nam
3555 5142 3641 5192 Ion

2092 5238 2276 5309 gitudo
2301 5238 2416 5305 ejus
2437 5247 2602 5290 erata
2628 5245 2777 5303 porta
2804 5235 2970 5309 ipsius
2993 5248 3158 5301 usque
3184 5232 3248 5285 ad
3273 5231 3465 5286 ostium
3495 5230 3668 5284 taber-

2094 5329 2269 5383 naculi
2294 5327 2577 5389 interioris,
2606 5326 2658 5379 in
2679 5308 2871 5379 cubitis
2895 5326 3058 5379 t'erme
3076 5322 3374 5392 quindecim
3400 5338 3413 5374 :
3446 5319 3669 5375 latitudo

2094 5427 2267 5474 autem
2303 5417 2441 5472 circa
2470 5425 2676 5487 portam
2702 5416 2754 5469 in
2802 5414 2996 5470 cubitis
3034 5412 3242 5481 viginti,
3292 5411 3431 5465 circa
3472 5410 3665 5464 ostium

2094 5526 2219 5564 vero
2237 5511 2292 5564 in
2316 5508 2507 5565 cubitis
2524 5507 2755 5577 triginta.
2789 5504 2941 5560 Unde
2956 5502 3167 5571 obliqua
3193 5501 3282 5555 illa
3310 5501 3472 5554 latera
3503 5498 3669 5554 fuisse

2096 5603 2478 5672 intelliguntur,
2507 5598 2859 5668 quaadextera
2887 5598 3120 5664 laevaque
3146 5593 3199 5647 in
3221 5592 3482 5647 columnis
3503 5590 3667 5647 ternis

2095 5707 2151 5751 et
2174 5691 2450 5764 quindenis
2469 5690 2661 5745 cubitis
2688 5694 2857 5744 erant.
2887 5685 2945 5740 In
2976 5687 3074 5739 hoc
3094 5683 3231 5738 atrio
3254 5692 3369 5738 erat
3386 5684 3551 5737 altare
3577 5697 3661 5736 sa-

2097 5787 2414 5842 criliciorum
2455 5782 2787 5853 quadratum,
2831 5779 3065 5850 quinque
3093 5777 3293 5833 scilicet
3330 5775 3520 5832 cubitis
3550 5776 3658 5829 lono
