  <div class='ocr_page' id='page_1' title='image "/cluster/home/n/w/nwhite01/storage/ocr_20150623/34/hvd.32044015706310/341.png"; bbox 0 0 4136 6492; ppageno 0'>
   <div class='ocr_carea' id='block_1_1' title="bbox 504 364 602 422">
    <p class='ocr_par' dir='ltr' id='par_1_1' title="bbox 504 364 602 422">
     <span class='ocr_line' id='line_1_1' title="bbox 504 364 602 422; baseline -0.01 -1"><span class='ocrx_word' id='word_1_1' title='bbox 504 364 602 422; x_wconf 69' lang='grc' dir='ltr'><strong>6Ὶὶ</strong></span> 
     </span>
    </p>
   </div>
   <div class='ocr_carea' id='block_1_2' title="bbox 503 474 2079 547">
    <p class='ocr_par' dir='ltr' id='par_1_2' title="bbox 503 474 2079 547">
     <span class='ocr_line' id='line_1_2' title="bbox 503 474 2079 547; baseline -0.003 -18"><span class='ocrx_word' id='word_1_2' title='bbox 503 491 648 544; x_wconf 76' lang='lat' dir='ltr'><strong>gum,</strong></span> <span class='ocrx_word' id='word_1_3' title='bbox 668 485 721 531; x_wconf 80' lang='lat' dir='ltr'><strong>et</strong></span> <span class='ocrx_word' id='word_1_4' title='bbox 742 475 958 533; x_wconf 89' lang='lat' dir='ltr'><strong>totidem</strong></span> <span class='ocrx_word' id='word_1_5' title='bbox 985 477 1166 533; x_wconf 83' lang='lat' dir='ltr'><strong>latum.</strong></span> <span class='ocrx_word' id='word_1_6' title='bbox 1196 475 1339 533; x_wconf 78' lang='lat' dir='ltr'><strong>Inter</strong></span> <span class='ocrx_word' id='word_1_7' title='bbox 1357 487 1562 547; x_wconf 89' lang='lat' dir='ltr'><strong>portam</strong></span> <span class='ocrx_word' id='word_1_8' title='bbox 1588 485 1642 531; x_wconf 91' lang='lat' dir='ltr'><strong>et</strong></span> <span class='ocrx_word' id='word_1_9' title='bbox 1665 476 1832 530; x_wconf 88' lang='lat' dir='ltr'><strong>altare</strong></span> <span class='ocrx_word' id='word_1_10' title='bbox 1852 474 2079 544; x_wconf 78' lang='lat' dir='ltr'><strong>spatium</strong></span> 
     </span>
    </p>
   </div>
   <div class='ocr_carea' id='block_1_3' title="bbox 499 565 2078 639">
    <p class='ocr_par' dir='ltr' id='par_1_3' title="bbox 499 565 2078 639">
     <span class='ocr_line' id='line_1_3' title="bbox 499 565 2078 639; baseline 0 -18"><span class='ocrx_word' id='word_1_11' title='bbox 499 576 640 633; x_wconf 81' lang='lat' dir='ltr'><strong>erat,</strong></span> <span class='ocrx_word' id='word_1_12' title='bbox 673 567 762 623; x_wconf 86' lang='lat' dir='ltr'><strong>ubi</strong></span> <span class='ocrx_word' id='word_1_13' title='bbox 791 568 1136 623; x_wconf 76' lang='lat' dir='ltr'><strong>versabantur</strong></span> <span class='ocrx_word' id='word_1_14' title='bbox 1157 568 1243 639; x_wconf 88' lang='lat' dir='ltr'><strong>qui</strong></span> <span class='ocrx_word' id='word_1_15' title='bbox 1269 568 1525 623; x_wconf 82' lang='lat' dir='ltr'><strong>sacriﬁcia</strong></span> <span class='ocrx_word' id='word_1_16' title='bbox 1546 567 1885 638; x_wconf 88' lang='lat' dir='ltr'><strong>imponebant</strong></span> <span class='ocrx_word' id='word_1_17' title='bbox 1903 565 2078 621; x_wconf 91' lang='lat' dir='ltr'><strong>altari:</strong></span> 
     </span>
    </p>
   </div>
   <div class='ocr_carea' id='block_1_4' title="bbox 503 656 2082 723">
    <p class='ocr_par' dir='ltr' id='par_1_4' title="bbox 503 656 2082 723">
     <span class='ocr_line' id='line_1_4' title="bbox 503 656 2082 723; baseline -0.001 -12"><span class='ocrx_word' id='word_1_18' title='bbox 503 656 769 713; x_wconf 86' lang='lat' dir='ltr'><strong>introrsus</strong></span> <span class='ocrx_word' id='word_1_19' title='bbox 790 673 917 713; x_wconf 93' lang='lat' dir='ltr'><strong>vero</strong></span> <span class='ocrx_word' id='word_1_20' title='bbox 934 659 1071 714; x_wconf 90' lang='lat' dir='ltr'><strong>inter</strong></span> <span class='ocrx_word' id='word_1_21' title='bbox 1093 659 1257 714; x_wconf 90' lang='lat' dir='ltr'><strong>altare</strong></span> <span class='ocrx_word' id='word_1_22' title='bbox 1278 667 1333 714; x_wconf 92' lang='lat' dir='ltr'><strong>et</strong></span> <span class='ocrx_word' id='word_1_23' title='bbox 1355 659 1549 713; x_wconf 85' lang='lat' dir='ltr'><strong>ostium</strong></span> <span class='ocrx_word' id='word_1_24' title='bbox 1570 657 1914 723; x_wconf 86' lang='lat' dir='ltr'><strong>tabernaculi,</strong></span> <span class='ocrx_word' id='word_1_25' title='bbox 1934 657 2082 710; x_wconf 84' lang='lat' dir='ltr'><strong>locus</strong></span> 
     </span>
    </p>
   </div>
   <div class='ocr_carea' id='block_1_5' title="bbox 502 749 2080 817">
    <p class='ocr_par' dir='ltr' id='par_1_5' title="bbox 502 749 2080 817">
     <span class='ocr_line' id='line_1_5' title="bbox 502 749 2080 817; baseline 0 -15"><span class='ocrx_word' id='word_1_26' title='bbox 502 755 621 802; x_wconf 83' lang='lat' dir='ltr'><strong>erat</strong></span> <span class='ocrx_word' id='word_1_27' title='bbox 660 749 856 804; x_wconf 89' lang='lat' dir='ltr'><strong>cineris</strong></span> <span class='ocrx_word' id='word_1_28' title='bbox 886 758 1010 803; x_wconf 88' lang='lat' dir='ltr'><strong>ante</strong></span> <span class='ocrx_word' id='word_1_29' title='bbox 1043 750 1269 817; x_wconf 71' lang='lat' dir='ltr'><strong>altare‘,</strong></span> <span class='ocrx_word' id='word_1_30' title='bbox 1297 759 1351 805; x_wconf 91' lang='lat' dir='ltr'><strong>et</strong></span> <span class='ocrx_word' id='word_1_31' title='bbox 1377 750 1570 804; x_wconf 91' lang='lat' dir='ltr'><strong>deinde</strong></span> <span class='ocrx_word' id='word_1_32' title='bbox 1618 750 1823 805; x_wconf 84' lang='lat' dir='ltr'><strong>labrum</strong></span> <span class='ocrx_word' id='word_1_33' title='bbox 1871 764 2080 803; x_wconf 61' lang='lat' dir='ltr'><strong>aeneum</strong></span> 
     </span>
    </p>
   </div>
   <div class='ocr_carea' id='block_1_6' title="bbox 500 838 2080 911">
    <p class='ocr_par' dir='ltr' id='par_1_6' title="bbox 500 838 2080 911">
     <span class='ocr_line' id='line_1_6' title="bbox 500 838 2080 911; baseline 0.001 -18"><span class='ocrx_word' id='word_1_34' title='bbox 500 838 591 894; x_wconf 87' lang='lat' dir='ltr'><strong>ubi</strong></span> <span class='ocrx_word' id='word_1_35' title='bbox 624 854 811 894; x_wconf 84' lang='lat' dir='ltr'><strong>manus</strong></span> <span class='ocrx_word' id='word_1_36' title='bbox 836 850 889 895; x_wconf 91' lang='lat' dir='ltr'><strong>et</strong></span> <span class='ocrx_word' id='word_1_37' title='bbox 920 840 1078 911; x_wconf 81' lang='lat' dir='ltr'><strong>pedes</strong></span> <span class='ocrx_word' id='word_1_38' title='bbox 1103 841 1406 896; x_wconf 78' lang='lat' dir='ltr'><strong>sacerdotes</strong></span> <span class='ocrx_word' id='word_1_39' title='bbox 1444 841 1706 905; x_wconf 90' lang='lat' dir='ltr'><strong>lavabant,</strong></span> <span class='ocrx_word' id='word_1_40' title='bbox 1734 841 1820 895; x_wconf 91' lang='lat' dir='ltr'><strong>vel</strong></span> <span class='ocrx_word' id='word_1_41' title='bbox 1844 838 2000 894; x_wconf 87' lang='lat' dir='ltr'><strong>altari</strong></span> <span class='ocrx_word' id='word_1_42' title='bbox 2024 841 2080 894; x_wconf 91' lang='lat' dir='ltr'><strong>in</strong></span> 
     </span>
    </p>
   </div>
   <div class='ocr_carea' id='block_1_7' title="bbox 502 932 2076 1003">
    <p class='ocr_par' dir='ltr' id='par_1_7' title="bbox 502 932 2076 1003">
     <span class='ocr_line' id='line_1_7' title="bbox 502 932 2076 1003; baseline -0.001 -17"><span class='ocrx_word' id='word_1_43' title='bbox 502 933 640 987; x_wconf 84' lang='lat' dir='ltr'><strong>atrio</strong></span> <span class='ocrx_word' id='word_1_44' title='bbox 670 935 952 1000; x_wconf 83' lang='lat' dir='ltr'><strong>servituri,</strong></span> <span class='ocrx_word' id='word_1_45' title='bbox 975 935 1056 988; x_wconf 86' lang='lat' dir='ltr'><strong>vel</strong></span> <span class='ocrx_word' id='word_1_46' title='bbox 1092 934 1485 989; x_wconf 84' lang='lat' dir='ltr'><strong>tabernaculum</strong></span> <span class='ocrx_word' id='word_1_47' title='bbox 1512 934 1735 988; x_wconf 90' lang='lat' dir='ltr'><strong>interius</strong></span> <span class='ocrx_word' id='word_1_48' title='bbox 1767 932 2076 1003; x_wconf 83' lang='lat' dir='ltr'><strong>ingressuri.</strong></span> 
     </span>
    </p>
   </div>
   <div class='ocr_carea' id='block_1_8' title="bbox 502 1020 2077 1094">
    <p class='ocr_par' dir='ltr' id='par_1_8' title="bbox 502 1020 2077 1094">
     <span class='ocr_line' id='line_1_8' title="bbox 502 1020 2077 1094; baseline 0 -18"><span class='ocrx_word' id='word_1_49' title='bbox 502 1020 754 1077; x_wconf 84' lang='lat' dir='ltr'><strong>Tentoria</strong></span> <span class='ocrx_word' id='word_1_50' title='bbox 774 1037 935 1094; x_wconf 90' lang='lat' dir='ltr'><strong>porro</strong></span> <span class='ocrx_word' id='word_1_51' title='bbox 960 1022 1117 1093; x_wconf 82' lang='lat' dir='ltr'><strong>hujus</strong></span> <span class='ocrx_word' id='word_1_52' title='bbox 1136 1024 1255 1078; x_wconf 90' lang='lat' dir='ltr'><strong>atrii</strong></span> <span class='ocrx_word' id='word_1_53' title='bbox 1285 1024 1337 1079; x_wconf 91' lang='lat' dir='ltr'><strong>in</strong></span> <span class='ocrx_word' id='word_1_54' title='bbox 1388 1025 1639 1079; x_wconf 84' lang='lat' dir='ltr'><strong>lateribus</strong></span> <span class='ocrx_word' id='word_1_55' title='bbox 1668 1034 1937 1079; x_wconf 91' lang='lat' dir='ltr'><strong>ternarum</strong></span> <span class='ocrx_word' id='word_1_56' title='bbox 1982 1038 2077 1077; x_wconf 86' lang='lat' dir='ltr'><strong>co-</strong></span> 
     </span>
    </p>
   </div>
   <div class='ocr_carea' id='block_1_9' title="bbox 503 1109 2074 1187">
    <p class='ocr_par' dir='ltr' id='par_1_9' title="bbox 503 1109 2074 1187">
     <span class='ocr_line' id='line_1_9' title="bbox 503 1109 2074 1187; baseline 0.001 -21"><span class='ocrx_word' id='word_1_57' title='bbox 503 1109 805 1168; x_wconf 85' lang='lat' dir='ltr'><strong>lumnarum</strong></span> <span class='ocrx_word' id='word_1_58' title='bbox 847 1113 1058 1184; x_wconf 75' lang='lat' dir='ltr'><strong>byssina</strong></span> <span class='ocrx_word' id='word_1_59' title='bbox 1098 1124 1271 1182; x_wconf 83' lang='lat' dir='ltr'><strong>erant,</strong></span> <span class='ocrx_word' id='word_1_60' title='bbox 1300 1125 1521 1171; x_wconf 84' lang='lat' dir='ltr'><strong>extenta</strong></span> <span class='ocrx_word' id='word_1_61' title='bbox 1549 1114 2074 1187; x_wconf 83' lang='lat' dir='ltr'><strong>cubitisquindenis,</strong></span> 
     </span>
    </p>
   </div>
   <div class='ocr_carea' id='block_1_10' title="bbox 502 1203 1091 1274">
    <p class='ocr_par' dir='ltr' id='par_1_10' title="bbox 502 1203 1091 1274">
     <span class='ocr_line' id='line_1_10' title="bbox 502 1203 1091 1274; baseline -0.002 -16"><span class='ocrx_word' id='word_1_62' title='bbox 502 1214 676 1258; x_wconf 85' lang='lat' dir='ltr'><strong>erecta</strong></span> <span class='ocrx_word' id='word_1_63' title='bbox 696 1203 884 1258; x_wconf 77' lang='lat' dir='ltr'><strong>cubitis</strong></span> <span class='ocrx_word' id='word_1_64' title='bbox 898 1205 1091 1274; x_wconf 79' lang='lat' dir='ltr'><strong>quinis.</strong></span> 
     </span>
    </p>
   </div>
   <div class='ocr_carea' id='block_1_11' title="bbox 574 1294 2075 1368">
    <p class='ocr_par' dir='ltr' id='par_1_11' title="bbox 574 1294 2075 1368">
     <span class='ocr_line' id='line_1_11' title="bbox 574 1294 2075 1368; baseline 0.007 -20"><span class='ocrx_word' id='word_1_65' title='bbox 574 1294 663 1348; x_wconf 70' lang='lat' dir='ltr'><strong>i9.</strong></span> <span class='ocrx_word' id='word_1_66' title='bbox 703 1295 787 1349; x_wconf 92' lang='lat' dir='ltr'><strong>Ab</strong></span> <span class='ocrx_word' id='word_1_67' title='bbox 827 1296 928 1351; x_wconf 90' lang='lat' dir='ltr'><strong>hoc</strong></span> <span class='ocrx_word' id='word_1_68' title='bbox 965 1314 1093 1368; x_wconf 87' lang='lat' dir='ltr'><strong>ergo</strong></span> <span class='ocrx_word' id='word_1_69' title='bbox 1119 1299 1253 1354; x_wconf 90' lang='lat' dir='ltr'><strong>atrio</strong></span> <span class='ocrx_word' id='word_1_70' title='bbox 1282 1299 1578 1355; x_wconf 87' lang='lat' dir='ltr'><strong>intrabatur</strong></span> <span class='ocrx_word' id='word_1_71' title='bbox 1604 1300 1798 1355; x_wconf 89' lang='lat' dir='ltr'><strong>ostium</strong></span> <span class='ocrx_word' id='word_1_72' title='bbox 1828 1302 2075 1358; x_wconf 57' lang='lat' dir='ltr'><strong>tabernas</strong></span> 
     </span>
    </p>
   </div>
   <div class='ocr_carea' id='block_1_12' title="bbox 500 1384 2077 1455">
    <p class='ocr_par' dir='ltr' id='par_1_12' title="bbox 500 1384 2077 1455">
     <span class='ocr_line' id='line_1_12' title="bbox 500 1384 2077 1455; baseline 0.003 -16"><span class='ocrx_word' id='word_1_73' title='bbox 500 1384 605 1439; x_wconf 90' lang='lat' dir='ltr'><strong>culi</strong></span> <span class='ocrx_word' id='word_1_74' title='bbox 628 1400 749 1439; x_wconf 92' lang='lat' dir='ltr'><strong>cum</strong></span> <span class='ocrx_word' id='word_1_75' title='bbox 773 1388 1052 1443; x_wconf 87' lang='lat' dir='ltr'><strong>transisses</strong></span> <span class='ocrx_word' id='word_1_76' title='bbox 1077 1389 1262 1455; x_wconf 90' lang='lat' dir='ltr'><strong>altare,</strong></span> <span class='ocrx_word' id='word_1_77' title='bbox 1286 1399 1340 1445; x_wconf 95' lang='lat' dir='ltr'><strong>et</strong></span> <span class='ocrx_word' id='word_1_78' title='bbox 1364 1391 1567 1445; x_wconf 80' lang='lat' dir='ltr'><strong>labrum</strong></span> <span class='ocrx_word' id='word_1_79' title='bbox 1590 1407 1815 1446; x_wconf 78' lang='lat' dir='ltr'><strong>:cneum.</strong></span> <span class='ocrx_word' id='word_1_80' title='bbox 1840 1391 2077 1447; x_wconf 62' lang='lat' dir='ltr'><strong>lntraba—</strong></span> 
     </span>
    </p>
   </div>
   <div class='ocr_carea' id='block_1_13' title="bbox 501 1479 2076 1551">
    <p class='ocr_par' dir='ltr' id='par_1_13' title="bbox 501 1479 2076 1551">
     <span class='ocr_line' id='line_1_13' title="bbox 501 1479 2076 1551; baseline 0.008 -25"><span class='ocrx_word' id='word_1_81' title='bbox 501 1481 590 1527; x_wconf 91' lang='lat' dir='ltr'><strong>tur</strong></span> <span class='ocrx_word' id='word_1_82' title='bbox 624 1485 803 1531; x_wconf 90' lang='lat' dir='ltr'><strong>autem</strong></span> <span class='ocrx_word' id='word_1_83' title='bbox 839 1479 1036 1546; x_wconf 90' lang='lat' dir='ltr'><strong>apertis</strong></span> <span class='ocrx_word' id='word_1_84' title='bbox 1074 1480 1287 1547; x_wconf 66' lang='lat' dir='ltr'><strong>aulaeis,</strong></span> <span class='ocrx_word' id='word_1_85' title='bbox 1338 1481 1528 1549; x_wconf 89' lang='lat' dir='ltr'><strong>quibus</strong></span> <span class='ocrx_word' id='word_1_86' title='bbox 1574 1481 1792 1547; x_wconf 91' lang='lat' dir='ltr'><strong>decem,</strong></span> <span class='ocrx_word' id='word_1_87' title='bbox 1841 1483 2076 1551; x_wconf 90' lang='lat' dir='ltr'><strong>quinque</strong></span> 
     </span>
    </p>
   </div>
   <div class='ocr_carea' id='block_1_14' title="bbox 502 1564 2070 1639">
    <p class='ocr_par' dir='ltr' id='par_1_14' title="bbox 502 1564 2070 1639">
     <span class='ocr_line' id='line_1_14' title="bbox 502 1564 2070 1639; baseline 0.003 -17"><span class='ocrx_word' id='word_1_88' title='bbox 502 1564 624 1622; x_wconf 84' lang='lat' dir='ltr'><strong>hinc</strong></span> <span class='ocrx_word' id='word_1_89' title='bbox 649 1574 704 1620; x_wconf 92' lang='lat' dir='ltr'><strong>et</strong></span> <span class='ocrx_word' id='word_1_90' title='bbox 728 1568 958 1637; x_wconf 89' lang='lat' dir='ltr'><strong>quinque</strong></span> <span class='ocrx_word' id='word_1_91' title='bbox 989 1570 1113 1623; x_wconf 87' lang='lat' dir='ltr'><strong>inde</strong></span> <span class='ocrx_word' id='word_1_92' title='bbox 1146 1586 1211 1624; x_wconf 81' lang='lat' dir='ltr'><strong>ex</strong></span> <span class='ocrx_word' id='word_1_93' title='bbox 1240 1571 1464 1626; x_wconf 90' lang='lat' dir='ltr'><strong>adverso</strong></span> <span class='ocrx_word' id='word_1_94' title='bbox 1486 1572 1701 1627; x_wconf 90' lang='lat' dir='ltr'><strong>sibimet</strong></span> <span class='ocrx_word' id='word_1_95' title='bbox 1728 1573 2032 1626; x_wconf 83' lang='lat' dir='ltr'><strong>constitutis</strong></span> <span class='ocrx_word' id='word_1_96' title='bbox 2053 1615 2070 1639; x_wconf 92' lang='lat'><strong>,</strong></span> 
     </span>
    </p>
   </div>
   <div class='ocr_carea' id='block_1_15' title="bbox 501 1659 2072 1733">
    <p class='ocr_par' dir='ltr' id='par_1_15' title="bbox 501 1659 2072 1733">
     <span class='ocr_line' id='line_1_15' title="bbox 501 1659 2072 1733; baseline 0.004 -23"><span class='ocrx_word' id='word_1_97' title='bbox 501 1665 667 1711; x_wconf 92' lang='lat' dir='ltr'><strong>totum</strong></span> <span class='ocrx_word' id='word_1_98' title='bbox 696 1659 866 1728; x_wconf 88' lang='lat' dir='ltr'><strong>ipsum</strong></span> <span class='ocrx_word' id='word_1_99' title='bbox 898 1660 1117 1714; x_wconf 88' lang='lat' dir='ltr'><strong>interius</strong></span> <span class='ocrx_word' id='word_1_100' title='bbox 1144 1661 1535 1716; x_wconf 89' lang='lat' dir='ltr'><strong>tabernaculum</strong></span> <span class='ocrx_word' id='word_1_101' title='bbox 1564 1664 1890 1733; x_wconf 83' lang='lat' dir='ltr'><strong>cingebatur.</strong></span> <span class='ocrx_word' id='word_1_102' title='bbox 1922 1664 2072 1730; x_wconf 84' lang='lat' dir='ltr'><strong>Quod</strong></span> 
     </span>
    </p>
   </div>
   <div class='ocr_carea' id='block_1_16' title="bbox 497 1749 2071 1825">
    <p class='ocr_par' dir='ltr' id='par_1_16' title="bbox 497 1749 2071 1825">
     <span class='ocr_line' id='line_1_16' title="bbox 497 1749 2071 1825; baseline 0.005 -24"><span class='ocrx_word' id='word_1_103' title='bbox 497 1749 689 1803; x_wconf 90' lang='lat' dir='ltr'><strong>ostium</strong></span> <span class='ocrx_word' id='word_1_104' title='bbox 734 1750 970 1820; x_wconf 84' lang='lat' dir='ltr'><strong>ingresso</strong></span> <span class='ocrx_word' id='word_1_105' title='bbox 1007 1753 1324 1807; x_wconf 23' lang='lat' dir='ltr'><strong>occurrebat.</strong></span> <span class='ocrx_word' id='word_1_106' title='bbox 1354 1754 1527 1808; x_wconf 90' lang='lat' dir='ltr'><strong>velum</strong></span> <span class='ocrx_word' id='word_1_107' title='bbox 1548 1797 1563 1820; x_wconf 95' lang='lat'><strong>,</strong></span> <span class='ocrx_word' id='word_1_108' title='bbox 1608 1754 1748 1825; x_wconf 90' lang='lat' dir='ltr'><strong>quod</strong></span> <span class='ocrx_word' id='word_1_109' title='bbox 1776 1754 1842 1808; x_wconf 91' lang='lat' dir='ltr'><strong>ad</strong></span> <span class='ocrx_word' id='word_1_110' title='bbox 1878 1756 2071 1810; x_wconf 90' lang='lat' dir='ltr'><strong>ostium</strong></span> 
     </span>
    </p>
   </div>
   <div class='ocr_carea' id='block_1_17' title="bbox 496 1835 2074 1913">
    <p class='ocr_par' dir='ltr' id='par_1_17' title="bbox 496 1835 2074 1913">
     <span class='ocr_line' id='line_1_17' title="bbox 496 1835 2074 1913; baseline 0.006 -23"><span class='ocrx_word' id='word_1_111' title='bbox 496 1835 670 1893; x_wconf 82' lang='lat' dir='ltr'><strong>fuerat</strong></span> <span class='ocrx_word' id='word_1_112' title='bbox 694 1841 1015 1908; x_wconf 91' lang='lat' dir='ltr'><strong>oppositum,</strong></span> <span class='ocrx_word' id='word_1_113' title='bbox 1043 1842 1095 1897; x_wconf 89' lang='lat' dir='ltr'><strong>in</strong></span> <span class='ocrx_word' id='word_1_114' title='bbox 1123 1842 1353 1913; x_wconf 87' lang='lat' dir='ltr'><strong>quinque</strong></span> <span class='ocrx_word' id='word_1_115' title='bbox 1372 1845 1632 1899; x_wconf 90' lang='lat' dir='ltr'><strong>columnis</strong></span> <span class='ocrx_word' id='word_1_116' title='bbox 1659 1855 1950 1913; x_wconf 81' lang='lat' dir='ltr'><strong>extentum,</strong></span> <span class='ocrx_word' id='word_1_117' title='bbox 1982 1863 2074 1900; x_wconf 85' lang='lat' dir='ltr'><strong>va-</strong></span> 
     </span>
    </p>
   </div>
   <div class='ocr_carea' id='block_1_18' title="bbox 496 1929 2069 2007">
    <p class='ocr_par' dir='ltr' id='par_1_18' title="bbox 496 1929 2069 2007">
     <span class='ocr_line' id='line_1_18' title="bbox 496 1929 2069 2007; baseline 0.006 -25"><span class='ocrx_word' id='word_1_118' title='bbox 496 1929 688 1988; x_wconf 87' lang='lat' dir='ltr'><strong>riatum</strong></span> <span class='ocrx_word' id='word_1_119' title='bbox 728 1932 833 1986; x_wconf 89' lang='lat' dir='ltr'><strong>illis</strong></span> <span class='ocrx_word' id='word_1_120' title='bbox 866 1942 1091 2003; x_wconf 88' lang='lat' dir='ltr'><strong>quatuor</strong></span> <span class='ocrx_word' id='word_1_121' title='bbox 1123 1936 1387 1991; x_wconf 86' lang='lat' dir='ltr'><strong>coloribus</strong></span> <span class='ocrx_word' id='word_1_122' title='bbox 1420 1955 1433 1991; x_wconf 88' lang='lat'>:</span> <span class='ocrx_word' id='word_1_123' title='bbox 1465 1937 1605 2007; x_wconf 92' lang='lat' dir='ltr'><strong>quod</strong></span> <span class='ocrx_word' id='word_1_124' title='bbox 1634 1938 1808 1992; x_wconf 84' lang='lat' dir='ltr'><strong>velum</strong></span> <span class='ocrx_word' id='word_1_125' title='bbox 1836 1953 1955 1992; x_wconf 90' lang='lat' dir='ltr'><strong>cum</strong></span> <span class='ocrx_word' id='word_1_126' title='bbox 1988 1938 2069 1993; x_wconf 87' lang='lat' dir='ltr'><strong>fa-</strong></span> 
     </span>
    </p>
   </div>
   <div class='ocr_carea' id='block_1_19' title="bbox 494 2020 2070 2099">
    <p class='ocr_par' dir='ltr' id='par_1_19' title="bbox 494 2020 2070 2099">
     <span class='ocr_line' id='line_1_19' title="bbox 494 2020 2070 2099; baseline 0.008 -25"><span class='ocrx_word' id='word_1_127' title='bbox 494 2020 741 2075; x_wconf 87' lang='lat' dir='ltr'><strong>ciendum</strong></span> <span class='ocrx_word' id='word_1_128' title='bbox 771 2024 1101 2093; x_wconf 71' lang='lat' dir='ltr'><strong>praeciperet,</strong></span> <span class='ocrx_word' id='word_1_129' title='bbox 1124 2026 1474 2085; x_wconf 82' lang='lat' dir='ltr'><strong>adduclorium</strong></span> <span class='ocrx_word' id='word_1_130' title='bbox 1495 2030 1718 2093; x_wconf 89' lang='lat' dir='ltr'><strong>vocavit,</strong></span> <span class='ocrx_word' id='word_1_131' title='bbox 1742 2030 1902 2085; x_wconf 90' lang='lat' dir='ltr'><strong>credo</strong></span> <span class='ocrx_word' id='word_1_132' title='bbox 1930 2030 2070 2099; x_wconf 88' lang='lat' dir='ltr'><strong>quod</strong></span> 
     </span>
    </p>
   </div>
   <div class='ocr_carea' id='block_1_20' title="bbox 495 2114 2070 2193">
    <p class='ocr_par' dir='ltr' id='par_1_20' title="bbox 495 2114 2070 2193">
     <span class='ocr_line' id='line_1_20' title="bbox 495 2114 2070 2193; baseline 0.008 -28"><span class='ocrx_word' id='word_1_133' title='bbox 495 2121 751 2174; x_wconf 89' lang='lat' dir='ltr'><strong>curreret.</strong></span> <span class='ocrx_word' id='word_1_134' title='bbox 779 2114 1019 2169; x_wconf 91' lang='lat' dir='ltr'><strong>ducendo</strong></span> <span class='ocrx_word' id='word_1_135' title='bbox 1057 2126 1112 2171; x_wconf 92' lang='lat' dir='ltr'><strong>et</strong></span> <span class='ocrx_word' id='word_1_136' title='bbox 1152 2118 1473 2185; x_wconf 87' lang='lat' dir='ltr'><strong>reducendo,</strong></span> <span class='ocrx_word' id='word_1_137' title='bbox 1505 2136 1625 2174; x_wconf 91' lang='lat' dir='ltr'><strong>cum</strong></span> <span class='ocrx_word' id='word_1_138' title='bbox 1649 2122 1878 2189; x_wconf 88' lang='lat' dir='ltr'><strong>operiret</strong></span> <span class='ocrx_word' id='word_1_139' title='bbox 1914 2131 2070 2193; x_wconf 87' lang='lat' dir='ltr'><strong>atque</strong></span> 
     </span>
    </p>
   </div>
   <div class='ocr_carea' id='block_1_21' title="bbox 493 2201 2070 2283">
    <p class='ocr_par' dir='ltr' id='par_1_21' title="bbox 493 2201 2070 2283">
     <span class='ocr_line' id='line_1_21' title="bbox 493 2201 2070 2283; baseline 0.009 -30"><span class='ocrx_word' id='word_1_140' title='bbox 493 2201 725 2268; x_wconf 84' lang='lat' dir='ltr'><strong>aperiret</strong></span> <span class='ocrx_word' id='word_1_141' title='bbox 743 2203 1057 2272; x_wconf 88' lang='lat' dir='ltr'><strong>ingressum.</strong></span> <span class='ocrx_word' id='word_1_142' title='bbox 1082 2206 1326 2262; x_wconf 88' lang='lat' dir='ltr'><strong>Transito</strong></span> <span class='ocrx_word' id='word_1_143' title='bbox 1347 2209 1446 2262; x_wconf 90' lang='lat' dir='ltr'><strong>isto</strong></span> <span class='ocrx_word' id='word_1_144' title='bbox 1472 2211 1608 2276; x_wconf 90' lang='lat' dir='ltr'><strong>velo,</strong></span> <span class='ocrx_word' id='word_1_145' title='bbox 1632 2212 1923 2281; x_wconf 79' lang='lat' dir='ltr'><strong>excipiebat</strong></span> <span class='ocrx_word' id='word_1_146' title='bbox 1950 2229 2070 2283; x_wconf 88' lang='lat' dir='ltr'><strong>pars</strong></span> 
     </span>
    </p>
   </div>
   <div class='ocr_carea' id='block_1_22' title="bbox 496 2292 2069 2359">
    <p class='ocr_par' dir='ltr' id='par_1_22' title="bbox 496 2292 2069 2359">
     <span class='ocr_line' id='line_1_22' title="bbox 496 2292 2069 2359; baseline 0.009 -14"><span class='ocrx_word' id='word_1_147' title='bbox 496 2292 821 2349; x_wconf 88' lang='lat' dir='ltr'><strong>tabernaculi</strong></span> <span class='ocrx_word' id='word_1_148' title='bbox 844 2297 1015 2350; x_wconf 89' lang='lat' dir='ltr'><strong>media</strong></span> <span class='ocrx_word' id='word_1_149' title='bbox 1042 2298 1179 2353; x_wconf 90' lang='lat' dir='ltr'><strong>inter</strong></span> <span class='ocrx_word' id='word_1_150' title='bbox 1201 2299 1299 2354; x_wconf 92' lang='lat' dir='ltr'><strong>hoc</strong></span> <span class='ocrx_word' id='word_1_151' title='bbox 1325 2300 1497 2353; x_wconf 87' lang='lat' dir='ltr'><strong>velum</strong></span> <span class='ocrx_word' id='word_1_152' title='bbox 1520 2302 1716 2356; x_wconf 90' lang='lat' dir='ltr'><strong>etillud</strong></span> <span class='ocrx_word' id='word_1_153' title='bbox 1741 2304 1961 2357; x_wconf 89' lang='lat' dir='ltr'><strong>alterum</strong></span> <span class='ocrx_word' id='word_1_154' title='bbox 1986 2306 2069 2359; x_wconf 71' lang='lat' dir='ltr'><strong>in-</strong></span> 
     </span>
    </p>
   </div>
   <div class='ocr_carea' id='block_1_23' title="bbox 493 2383 2067 2463">
    <p class='ocr_par' dir='ltr' id='par_1_23' title="bbox 493 2383 2067 2463">
     <span class='ocr_line' id='line_1_23' title="bbox 493 2383 2067 2463; baseline 0.01 -27"><span class='ocrx_word' id='word_1_155' title='bbox 493 2383 679 2452; x_wconf 89' lang='lat' dir='ltr'><strong>terius,</strong></span> <span class='ocrx_word' id='word_1_156' title='bbox 709 2386 849 2456; x_wconf 93' lang='lat' dir='ltr'><strong>quod</strong></span> <span class='ocrx_word' id='word_1_157' title='bbox 870 2388 1128 2443; x_wconf 89' lang='lat' dir='ltr'><strong>columnis</strong></span> <span class='ocrx_word' id='word_1_158' title='bbox 1152 2400 1378 2459; x_wconf 85' lang='lat' dir='ltr'><strong>quatuor</strong></span> <span class='ocrx_word' id='word_1_159' title='bbox 1410 2392 1579 2446; x_wconf 80' lang='lat' dir='ltr'><strong>fuerat</strong></span> <span class='ocrx_word' id='word_1_160' title='bbox 1620 2394 1923 2463; x_wconf 89' lang='lat' dir='ltr'><strong>impositum</strong></span> <span class='ocrx_word' id='word_1_161' title='bbox 1946 2438 1960 2463; x_wconf 94' lang='lat'><strong>,</strong></span> <span class='ocrx_word' id='word_1_162' title='bbox 2002 2413 2067 2451; x_wconf 92' lang='lat' dir='ltr'><strong>cx</strong></span> 
     </span>
    </p>
   </div>
   <div class='ocr_carea' id='block_1_24' title="bbox 492 2472 2067 2554">
    <p class='ocr_par' dir='ltr' id='par_1_24' title="bbox 492 2472 2067 2554">
     <span class='ocr_line' id='line_1_24' title="bbox 492 2472 2067 2554; baseline 0.011 -27"><span class='ocrx_word' id='word_1_163' title='bbox 492 2472 599 2529; x_wconf 87' lang='lat' dir='ltr'><strong>illis</strong></span> <span class='ocrx_word' id='word_1_164' title='bbox 623 2485 848 2545; x_wconf 90' lang='lat' dir='ltr'><strong>quatuor</strong></span> <span class='ocrx_word' id='word_1_165' title='bbox 873 2480 1139 2536; x_wconf 90' lang='lat' dir='ltr'><strong>coloribus</strong></span> <span class='ocrx_word' id='word_1_166' title='bbox 1158 2481 1372 2553; x_wconf 78' lang='lat' dir='ltr'><strong>factum,</strong></span> <span class='ocrx_word' id='word_1_167' title='bbox 1402 2493 1455 2538; x_wconf 91' lang='lat' dir='ltr'><strong>et</strong></span> <span class='ocrx_word' id='word_1_168' title='bbox 1475 2486 1750 2554; x_wconf 90' lang='lat' dir='ltr'><strong>separabat</strong></span> <span class='ocrx_word' id='word_1_169' title='bbox 1782 2489 1919 2544; x_wconf 87' lang='lat' dir='ltr'><strong>inter</strong></span> <span class='ocrx_word' id='word_1_170' title='bbox 1941 2505 2067 2544; x_wconf 88' lang='lat' dir='ltr'><strong>san-</strong></span> 
     </span>
    </p>
   </div>
   <div class='ocr_carea' id='block_1_25' title="bbox 489 2564 2069 2637">
    <p class='ocr_par' dir='ltr' id='par_1_25' title="bbox 489 2564 2069 2637">
     <span class='ocr_line' id='line_1_25' title="bbox 489 2564 2069 2637; baseline 0.01 -17"><span class='ocrx_word' id='word_1_171' title='bbox 489 2572 573 2620; x_wconf 76' lang='lat' dir='ltr'><strong>eta</strong></span> <span class='ocrx_word' id='word_1_172' title='bbox 593 2579 710 2633; x_wconf 78' lang='lat' dir='ltr'><strong>qua:</strong></span> <span class='ocrx_word' id='word_1_173' title='bbox 726 2564 1022 2624; x_wconf 77' lang='lat' dir='ltr'><strong>forinsecus</strong></span> <span class='ocrx_word' id='word_1_174' title='bbox 1041 2580 1207 2637; x_wconf 90' lang='lat' dir='ltr'><strong>erant,</strong></span> <span class='ocrx_word' id='word_1_175' title='bbox 1238 2580 1297 2626; x_wconf 91' lang='lat' dir='ltr'><strong>ct</strong></span> <span class='ocrx_word' id='word_1_176' title='bbox 1315 2584 1495 2629; x_wconf 84' lang='lat' dir='ltr'><strong>sancta</strong></span> <span class='ocrx_word' id='word_1_177' title='bbox 1522 2585 1822 2631; x_wconf 85' lang='lat' dir='ltr'><strong>sanctorum</strong></span> <span class='ocrx_word' id='word_1_178' title='bbox 1846 2579 2069 2636; x_wconf 86' lang='lat' dir='ltr'><strong>interius</strong></span> 
     </span>
    </p>
   </div>
   <div class='ocr_carea' id='block_1_26' title="bbox 490 2654 2064 2739">
    <p class='ocr_par' dir='ltr' id='par_1_26' title="bbox 490 2654 2064 2739">
     <span class='ocr_line' id='line_1_26' title="bbox 490 2654 2064 2739; baseline 0.012 -33"><span class='ocrx_word' id='word_1_179' title='bbox 490 2654 680 2722; x_wconf 87' lang='lat' dir='ltr'><strong>posita.</strong></span> <span class='ocrx_word' id='word_1_180' title='bbox 713 2655 769 2709; x_wconf 93' lang='lat' dir='ltr'><strong>ln</strong></span> <span class='ocrx_word' id='word_1_181' title='bbox 801 2654 900 2712; x_wconf 91' lang='lat' dir='ltr'><strong>hoc</strong></span> <span class='ocrx_word' id='word_1_182' title='bbox 928 2659 1115 2730; x_wconf 79' lang='lat' dir='ltr'><strong>itaque</strong></span> <span class='ocrx_word' id='word_1_183' title='bbox 1130 2661 1306 2716; x_wconf 88' lang='lat' dir='ltr'><strong>medio</strong></span> <span class='ocrx_word' id='word_1_184' title='bbox 1331 2664 1501 2731; x_wconf 79' lang='lat' dir='ltr'><strong>Spatio</strong></span> <span class='ocrx_word' id='word_1_185' title='bbox 1525 2665 1662 2720; x_wconf 87' lang='lat' dir='ltr'><strong>inter</strong></span> <span class='ocrx_word' id='word_1_186' title='bbox 1680 2668 1777 2721; x_wconf 89' lang='lat' dir='ltr'><strong>ista</strong></span> <span class='ocrx_word' id='word_1_187' title='bbox 1803 2671 1907 2724; x_wconf 89' lang='lat' dir='ltr'><strong>duo</strong></span> <span class='ocrx_word' id='word_1_188' title='bbox 1928 2672 2064 2739; x_wconf 88' lang='lat' dir='ltr'><strong>vela,</strong></span> 
     </span>
    </p>
   </div>
   <div class='ocr_carea' id='block_1_27' title="bbox 490 2752 2065 2826">
    <p class='ocr_par' dir='ltr' id='par_1_27' title="bbox 490 2752 2065 2826">
     <span class='ocr_line' id='line_1_27' title="bbox 490 2752 2065 2826; baseline 0.008 -24"><span class='ocrx_word' id='word_1_189' title='bbox 490 2758 683 2809; x_wconf 38' lang='lat' dir='ltr'><strong>mensa.</strong></span> <span class='ocrx_word' id='word_1_190' title='bbox 701 2758 813 2800; x_wconf 84' lang='lat' dir='ltr'><strong>erat</strong></span> <span class='ocrx_word' id='word_1_191' title='bbox 841 2763 1020 2817; x_wconf 89' lang='lat' dir='ltr'><strong>aurea,</strong></span> <span class='ocrx_word' id='word_1_192' title='bbox 1052 2766 1168 2821; x_wconf 68' lang='lat' dir='ltr'><strong>qua:</strong></span> <span class='ocrx_word' id='word_1_193' title='bbox 1191 2752 1415 2807; x_wconf 89' lang='lat' dir='ltr'><strong>habebat</strong></span> <span class='ocrx_word' id='word_1_194' title='bbox 1434 2769 1596 2823; x_wconf 88' lang='lat' dir='ltr'><strong>panes</strong></span> <span class='ocrx_word' id='word_1_195' title='bbox 1617 2760 1992 2826; x_wconf 82' lang='lat' dir='ltr'><strong>propositionis</strong></span> <span class='ocrx_word' id='word_1_196' title='bbox 2012 2762 2065 2816; x_wconf 92' lang='lat' dir='ltr'><strong>in</strong></span> 
     </span>
    </p>
   </div>
   <div class='ocr_carea' id='block_1_28' title="bbox 488 2833 2067 2906">
    <p class='ocr_par' dir='ltr' id='par_1_28' title="bbox 488 2833 2067 2906">
     <span class='ocr_line' id='line_1_28' title="bbox 488 2833 2067 2906; baseline 0.012 -19"><span class='ocrx_word' id='word_1_197' title='bbox 488 2833 542 2897; x_wconf 83' lang='lat' dir='ltr'><strong>in</strong></span> <span class='ocrx_word' id='word_1_198' title='bbox 589 2844 736 2904; x_wconf 80' lang='lat' dir='ltr'><strong>parte</strong></span> <span class='ocrx_word' id='word_1_199' title='bbox 781 2839 1074 2906; x_wconf 88' lang='lat' dir='ltr'><strong>aquilonis;</strong></span> <span class='ocrx_word' id='word_1_200' title='bbox 1103 2850 1157 2896; x_wconf 91' lang='lat' dir='ltr'><strong>ct</strong></span> <span class='ocrx_word' id='word_1_201' title='bbox 1188 2852 1369 2897; x_wconf 91' lang='lat' dir='ltr'><strong>contra</strong></span> <span class='ocrx_word' id='word_1_202' title='bbox 1415 2860 1532 2899; x_wconf 89' lang='lat' dir='ltr'><strong>eam</strong></span> <span class='ocrx_word' id='word_1_203' title='bbox 1561 2847 1934 2905; x_wconf 68' lang='lat' dir='ltr'><strong>candelabrum</strong></span> <span class='ocrx_word' id='word_1_204' title='bbox 1976 2868 2067 2906; x_wconf 86' lang='lat' dir='ltr'><strong>au-</strong></span> 
     </span>
    </p>
   </div>
   <div class='ocr_carea' id='block_1_29' title="bbox 486 2930 2066 3013">
    <p class='ocr_par' dir='ltr' id='par_1_29' title="bbox 486 2930 2066 3013">
     <span class='ocr_line' id='line_1_29' title="bbox 486 2930 2066 3013; baseline 0.011 -32"><span class='ocrx_word' id='word_1_205' title='bbox 486 2938 638 2981; x_wconf 82' lang='lat' dir='ltr'><strong>reum</strong></span> <span class='ocrx_word' id='word_1_206' title='bbox 666 2936 868 2995; x_wconf 90' lang='lat' dir='ltr'><strong>septem</strong></span> <span class='ocrx_word' id='word_1_207' title='bbox 908 2930 1239 2987; x_wconf 89' lang='lat' dir='ltr'><strong>lucernarum</strong></span> <span class='ocrx_word' id='word_1_208' title='bbox 1285 2935 1337 2988; x_wconf 91' lang='lat' dir='ltr'><strong>in</strong></span> <span class='ocrx_word' id='word_1_209' title='bbox 1369 2945 1515 3005; x_wconf 89' lang='lat' dir='ltr'><strong>parte</strong></span> <span class='ocrx_word' id='word_1_210' title='bbox 1551 2939 1735 2993; x_wconf 88' lang='lat' dir='ltr'><strong>austri.</strong></span> <span class='ocrx_word' id='word_1_211' title='bbox 1769 2940 1879 2995; x_wconf 83' lang='lat' dir='ltr'><strong>Huc</strong></span> <span class='ocrx_word' id='word_1_212' title='bbox 1901 2958 2066 3013; x_wconf 91' lang='lat' dir='ltr'><strong>usque</strong></span> 
     </span>
    </p>
   </div>
   <div class='ocr_carea' id='block_1_30' title="bbox 489 3016 1596 3083">
    <p class='ocr_par' dir='ltr' id='par_1_30' title="bbox 489 3016 1596 3083">
     <span class='ocr_line' id='line_1_30' title="bbox 489 3016 1596 3083; baseline 0.012 -15"><span class='ocrx_word' id='word_1_213' title='bbox 489 3016 741 3072; x_wconf 88' lang='lat' dir='ltr'><strong>secundis</strong></span> <span class='ocrx_word' id='word_1_214' title='bbox 767 3021 1129 3077; x_wconf 88' lang='lat' dir='ltr'><strong>sacerdotibus</strong></span> <span class='ocrx_word' id='word_1_215' title='bbox 1159 3024 1350 3080; x_wconf 91' lang='lat' dir='ltr'><strong>licebat</strong></span> <span class='ocrx_word' id='word_1_216' title='bbox 1379 3028 1596 3083; x_wconf 91' lang='lat' dir='ltr'><strong>intrare.</strong></span> 
     </span>
    </p>
   </div>
   <div class='ocr_carea' id='block_1_31' title="bbox 556 3105 2065 3183">
    <p class='ocr_par' dir='ltr' id='par_1_31' title="bbox 556 3105 2065 3183">
     <span class='ocr_line' id='line_1_31' title="bbox 556 3105 2065 3183; baseline 0.014 -24"><span class='ocrx_word' id='word_1_217' title='bbox 556 3105 648 3160; x_wconf 72' lang='lat'><strong>20.</strong></span> <span class='ocrx_word' id='word_1_218' title='bbox 688 3108 913 3166; x_wconf 89' lang='lat' dir='ltr'><strong>Interius</strong></span> <span class='ocrx_word' id='word_1_219' title='bbox 933 3121 1132 3180; x_wconf 90' lang='lat' dir='ltr'><strong>autem,</strong></span> <span class='ocrx_word' id='word_1_220' title='bbox 1161 3115 1211 3169; x_wconf 88' lang='lat' dir='ltr'><strong>id</strong></span> <span class='ocrx_word' id='word_1_221' title='bbox 1242 3125 1339 3183; x_wconf 90' lang='lat' dir='ltr'><strong>est,</strong></span> <span class='ocrx_word' id='word_1_222' title='bbox 1372 3118 1424 3172; x_wconf 91' lang='lat' dir='ltr'><strong>in</strong></span> <span class='ocrx_word' id='word_1_223' title='bbox 1448 3130 1632 3175; x_wconf 90' lang='lat' dir='ltr'><strong>sancto</strong></span> <span class='ocrx_word' id='word_1_224' title='bbox 1655 3132 1959 3180; x_wconf 91' lang='lat' dir='ltr'><strong>sanctorum</strong></span> <span class='ocrx_word' id='word_1_225' title='bbox 1987 3127 2065 3180; x_wconf 87' lang='lat' dir='ltr'><strong>ul-</strong></span> 
     </span>
    </p>
   </div>
   <div class='ocr_carea' id='block_1_32' title="bbox 484 3199 2062 3275">
    <p class='ocr_par' dir='ltr' id='par_1_32' title="bbox 484 3199 2062 3275">
     <span class='ocr_line' id='line_1_32' title="bbox 484 3199 2062 3275; baseline 0.011 -22"><span class='ocrx_word' id='word_1_226' title='bbox 484 3203 566 3253; x_wconf 82' lang='lat' dir='ltr'><strong>tra</strong></span> <span class='ocrx_word' id='word_1_227' title='bbox 594 3199 763 3255; x_wconf 86' lang='lat' dir='ltr'><strong>velum</strong></span> <span class='ocrx_word' id='word_1_228' title='bbox 786 3212 1011 3271; x_wconf 88' lang='lat' dir='ltr'><strong>quatuor</strong></span> <span class='ocrx_word' id='word_1_229' title='bbox 1039 3205 1405 3263; x_wconf 85' lang='lat' dir='ltr'><strong>columnarum</strong></span> <span class='ocrx_word' id='word_1_230' title='bbox 1425 3251 1440 3275; x_wconf 97' lang='lat'><strong>,</strong></span> <span class='ocrx_word' id='word_1_231' title='bbox 1485 3226 1607 3265; x_wconf 81' lang='lat' dir='ltr'><strong>arca</strong></span> <span class='ocrx_word' id='word_1_232' title='bbox 1635 3220 1749 3266; x_wconf 88' lang='lat' dir='ltr'><strong>erat</strong></span> <span class='ocrx_word' id='word_1_233' title='bbox 1779 3216 2062 3271; x_wconf 89' lang='lat' dir='ltr'><strong>testimonii</strong></span> 
     </span>
    </p>
   </div>
   <div class='ocr_carea' id='block_1_33' title="bbox 484 3286 2061 3377">
    <p class='ocr_par' dir='ltr' id='par_1_33' title="bbox 484 3286 2061 3377">
     <span class='ocr_line' id='line_1_33' title="bbox 484 3286 2061 3377; baseline 0.013 -37"><span class='ocrx_word' id='word_1_234' title='bbox 484 3286 759 3355; x_wconf 87' lang='lat' dir='ltr'><strong>deaurata,</strong></span> <span class='ocrx_word' id='word_1_235' title='bbox 793 3292 842 3344; x_wconf 89' lang='lat' dir='ltr'><strong>in</strong></span> <span class='ocrx_word' id='word_1_236' title='bbox 865 3309 966 3361; x_wconf 91' lang='lat' dir='ltr'><strong>qua</strong></span> <span class='ocrx_word' id='word_1_237' title='bbox 992 3305 1142 3349; x_wconf 86' lang='lat' dir='ltr'><strong>erant</strong></span> <span class='ocrx_word' id='word_1_238' title='bbox 1171 3298 1362 3351; x_wconf 67' lang='lat' dir='ltr'><strong>tabulm</strong></span> <span class='ocrx_word' id='word_1_239' title='bbox 1392 3299 1612 3369; x_wconf 80' lang='lat' dir='ltr'><strong>lapidea:</strong></span> <span class='ocrx_word' id='word_1_240' title='bbox 1638 3302 1813 3373; x_wconf 90' lang='lat' dir='ltr'><strong>Legis,</strong></span> <span class='ocrx_word' id='word_1_241' title='bbox 1836 3313 1890 3359; x_wconf 89' lang='lat' dir='ltr'><strong>et</strong></span> <span class='ocrx_word' id='word_1_242' title='bbox 1918 3307 2061 3377; x_wconf 87' lang='lat' dir='ltr'><strong>virga</strong></span> 
     </span>
    </p>
   </div>
   <div class='ocr_carea' id='block_1_34' title="bbox 481 3378 2060 3463">
    <p class='ocr_par' dir='ltr' id='par_1_34' title="bbox 481 3378 2060 3463">
     <span class='ocr_line' id='line_1_34' title="bbox 481 3378 2060 3463; baseline 0.013 -32"><span class='ocrx_word' id='word_1_243' title='bbox 481 3378 688 3447; x_wconf 81' lang='lat' dir='ltr'><strong>Aaron,</strong></span> <span class='ocrx_word' id='word_1_244' title='bbox 720 3391 774 3435; x_wconf 92' lang='lat' dir='ltr'><strong>et</strong></span> <span class='ocrx_word' id='word_1_245' title='bbox 799 3398 925 3438; x_wconf 90' lang='lat' dir='ltr'><strong>urna</strong></span> <span class='ocrx_word' id='word_1_246' title='bbox 954 3400 1113 3439; x_wconf 89' lang='lat' dir='ltr'><strong>aurea</strong></span> <span class='ocrx_word' id='word_1_247' title='bbox 1144 3403 1262 3442; x_wconf 92' lang='lat' dir='ltr'><strong>cum</strong></span> <span class='ocrx_word' id='word_1_248' title='bbox 1289 3402 1479 3445; x_wconf 86' lang='lat' dir='ltr'><strong>manna</strong></span> <span class='ocrx_word' id='word_1_249' title='bbox 1502 3432 1516 3455; x_wconf 93' lang='lat'><strong>,</strong></span> <span class='ocrx_word' id='word_1_250' title='bbox 1563 3402 1615 3447; x_wconf 91' lang='lat' dir='ltr'><strong>et</strong></span> <span class='ocrx_word' id='word_1_251' title='bbox 1641 3394 2060 3463; x_wconf 89' lang='lat' dir='ltr'><strong>pr0pitiatorium</strong></span> 
     </span>
    </p>
   </div>
   <div class='ocr_carea' id='block_1_35' title="bbox 481 3465 2061 3548">
    <p class='ocr_par' dir='ltr' id='par_1_35' title="bbox 481 3465 2061 3548">
     <span class='ocr_line' id='line_1_35' title="bbox 481 3465 2061 3548; baseline 0.015 -29"><span class='ocrx_word' id='word_1_252' title='bbox 481 3465 710 3537; x_wconf 83' lang='lat' dir='ltr'><strong>desuper</strong></span> <span class='ocrx_word' id='word_1_253' title='bbox 724 3486 961 3536; x_wconf 91' lang='lat' dir='ltr'><strong>aureum,</strong></span> <span class='ocrx_word' id='word_1_254' title='bbox 984 3475 1069 3529; x_wconf 91' lang='lat' dir='ltr'><strong>ubi</strong></span> <span class='ocrx_word' id='word_1_255' title='bbox 1092 3478 1302 3536; x_wconf 78' lang='lat' dir='ltr'><strong>stabant</strong></span> <span class='ocrx_word' id='word_1_256' title='bbox 1322 3478 1424 3534; x_wconf 90' lang='lat' dir='ltr'><strong>duo</strong></span> <span class='ocrx_word' id='word_1_257' title='bbox 1440 3480 1735 3548; x_wconf 87' lang='lat' dir='ltr'><strong>cherubim,</strong></span> <span class='ocrx_word' id='word_1_258' title='bbox 1754 3484 1853 3539; x_wconf 90' lang='lat' dir='ltr'><strong>alis</strong></span> <span class='ocrx_word' id='word_1_259' title='bbox 1874 3487 2061 3543; x_wconf 83' lang='lat' dir='ltr'><strong>obum-</strong></span> 
     </span>
    </p>
   </div>
   <div class='ocr_carea' id='block_1_36' title="bbox 480 3559 2055 3651">
    <p class='ocr_par' dir='ltr' id='par_1_36' title="bbox 480 3559 2055 3651">
     <span class='ocr_line' id='line_1_36' title="bbox 480 3559 2055 3651; baseline 0.015 -37"><span class='ocrx_word' id='word_1_260' title='bbox 480 3559 695 3617; x_wconf 88' lang='lat' dir='ltr'><strong>branles</strong></span> <span class='ocrx_word' id='word_1_261' title='bbox 731 3568 1153 3635; x_wconf 83' lang='lat' dir='ltr'><strong>propitiatorium</strong></span> <span class='ocrx_word' id='word_1_262' title='bbox 1175 3580 1228 3625; x_wconf 90' lang='lat' dir='ltr'><strong>et</strong></span> <span class='ocrx_word' id='word_1_263' title='bbox 1257 3572 1520 3629; x_wconf 89' lang='lat' dir='ltr'><strong>intuentes</strong></span> <span class='ocrx_word' id='word_1_264' title='bbox 1545 3577 1768 3633; x_wconf 82' lang='lat' dir='ltr'><strong>invicem</strong></span> <span class='ocrx_word' id='word_1_265' title='bbox 1790 3588 1842 3634; x_wconf 89' lang='lat' dir='ltr'><strong>et</strong></span> <span class='ocrx_word' id='word_1_266' title='bbox 1863 3579 2055 3651; x_wconf 90' lang='lat' dir='ltr'><strong>ipsum.</strong></span> 
     </span>
    </p>
   </div>
   <div class='ocr_carea' id='block_1_37' title="bbox 378 3651 2058 3741">
    <p class='ocr_par' dir='ltr' id='par_1_37' title="bbox 378 3651 2058 3741">
     <span class='ocr_line' id='line_1_37' title="bbox 378 3651 2058 3741; baseline 0.013 -38"><span class='ocrx_word' id='word_1_267' title='bbox 378 3652 383 3657; x_wconf 77' lang='grc'><strong>’</strong></span> <span class='ocrx_word' id='word_1_268' title='bbox 478 3651 617 3706; x_wconf 89' lang='lat' dir='ltr'><strong>Ante</strong></span> <span class='ocrx_word' id='word_1_269' title='bbox 641 3668 815 3709; x_wconf 88' lang='lat' dir='ltr'><strong>arcam</strong></span> <span class='ocrx_word' id='word_1_270' title='bbox 848 3672 992 3723; x_wconf 91' lang='lat' dir='ltr'><strong>vero,</strong></span> <span class='ocrx_word' id='word_1_271' title='bbox 1025 3659 1074 3713; x_wconf 93' lang='lat' dir='ltr'><strong>id</strong></span> <span class='ocrx_word' id='word_1_272' title='bbox 1102 3670 1185 3715; x_wconf 91' lang='lat' dir='ltr'><strong>est</strong></span> <span class='ocrx_word' id='word_1_273' title='bbox 1224 3663 1361 3717; x_wconf 89' lang='lat' dir='ltr'><strong>inter</strong></span> <span class='ocrx_word' id='word_1_274' title='bbox 1386 3680 1562 3719; x_wconf 88' lang='lat' dir='ltr'><strong>arcam</strong></span> <span class='ocrx_word' id='word_1_275' title='bbox 1592 3676 1647 3722; x_wconf 92' lang='lat' dir='ltr'><strong>et</strong></span> <span class='ocrx_word' id='word_1_276' title='bbox 1671 3669 1865 3736; x_wconf 88' lang='lat' dir='ltr'><strong>velum,</strong></span> <span class='ocrx_word' id='word_1_277' title='bbox 1912 3673 2058 3741; x_wconf 88' lang='lat' dir='ltr'><strong>posi-</strong></span> 
     </span>
    </p>
   </div>
   <div class='ocr_carea' id='block_1_38' title="bbox 480 3744 2058 3824">
    <p class='ocr_par' dir='ltr' id='par_1_38' title="bbox 480 3744 2058 3824">
     <span class='ocr_line' id='line_1_38' title="bbox 480 3744 2058 3824; baseline 0.015 -32"><span class='ocrx_word' id='word_1_278' title='bbox 480 3746 590 3795; x_wconf 91' lang='lat' dir='ltr'><strong>tum</strong></span> <span class='ocrx_word' id='word_1_279' title='bbox 616 3752 729 3797; x_wconf 89' lang='lat' dir='ltr'><strong>erat</strong></span> <span class='ocrx_word' id='word_1_280' title='bbox 752 3744 918 3801; x_wconf 90' lang='lat' dir='ltr'><strong>altare</strong></span> <span class='ocrx_word' id='word_1_281' title='bbox 960 3747 1181 3815; x_wconf 90' lang='lat' dir='ltr'><strong>incensi,</strong></span> <span class='ocrx_word' id='word_1_282' title='bbox 1207 3752 1345 3821; x_wconf 90' lang='lat' dir='ltr'><strong>quod</strong></span> <span class='ocrx_word' id='word_1_283' title='bbox 1373 3754 1654 3824; x_wconf 90' lang='lat' dir='ltr'><strong>aliquando</strong></span> <span class='ocrx_word' id='word_1_284' title='bbox 1687 3774 1903 3814; x_wconf 91' lang='lat' dir='ltr'><strong>aureum</strong></span> <span class='ocrx_word' id='word_1_285' title='bbox 1931 3760 2058 3817; x_wconf 89' lang='lat' dir='ltr'><strong>dicit</strong></span> 
     </span>
    </p>
   </div>
   <div class='ocr_carea' id='block_1_39' title="bbox 479 3828 2054 3922">
    <p class='ocr_par' dir='ltr' id='par_1_39' title="bbox 479 3828 2054 3922">
     <span class='ocr_line' id='line_1_39' title="bbox 479 3828 2054 3922; baseline 0.015 -38"><span class='ocrx_word' id='word_1_286' title='bbox 479 3828 771 3901; x_wconf 85' lang='lat' dir='ltr'><strong>Scriptura,</strong></span> <span class='ocrx_word' id='word_1_287' title='bbox 804 3837 1083 3906; x_wconf 89' lang='lat' dir='ltr'><strong>aliquando</strong></span> <span class='ocrx_word' id='word_1_288' title='bbox 1112 3841 1420 3899; x_wconf 89' lang='lat' dir='ltr'><strong>deauratum</strong></span> <span class='ocrx_word' id='word_1_289' title='bbox 1442 3887 1457 3911; x_wconf 96' lang='lat'><strong>,</strong></span> <span class='ocrx_word' id='word_1_290' title='bbox 1485 3862 1703 3903; x_wconf 86' lang='lat' dir='ltr'><strong>aureum</strong></span> <span class='ocrx_word' id='word_1_291' title='bbox 1749 3851 1929 3921; x_wconf 88' lang='lat' dir='ltr'><strong>utique</strong></span> <span class='ocrx_word' id='word_1_292' title='bbox 1955 3868 2054 3922; x_wconf 82' lang='lat' dir='ltr'><strong>ap-</strong></span> 
     </span>
    </p>
   </div>
   <div class='ocr_carea' id='block_1_40' title="bbox 475 3921 2052 3999">
    <p class='ocr_par' dir='ltr' id='par_1_40' title="bbox 475 3921 2052 3999">
     <span class='ocr_line' id='line_1_40' title="bbox 475 3921 2052 3999; baseline 0.014 -22"><span class='ocrx_word' id='word_1_293' title='bbox 475 3921 682 3989; x_wconf 85' lang='lat' dir='ltr'><strong>pellans</strong></span> <span class='ocrx_word' id='word_1_294' title='bbox 700 3926 820 3993; x_wconf 90' lang='lat' dir='ltr'><strong>quia</strong></span> <span class='ocrx_word' id='word_1_295' title='bbox 839 3937 952 3982; x_wconf 89' lang='lat' dir='ltr'><strong>erat</strong></span> <span class='ocrx_word' id='word_1_296' title='bbox 973 3929 1288 3989; x_wconf 89' lang='lat' dir='ltr'><strong>inauratum.</strong></span> <span class='ocrx_word' id='word_1_297' title='bbox 1307 3934 1386 3988; x_wconf 87' lang='lat' dir='ltr'><strong>Ad</strong></span> <span class='ocrx_word' id='word_1_298' title='bbox 1409 3934 1523 3991; x_wconf 83' lang='lat' dir='ltr'><strong>haec</strong></span> <span class='ocrx_word' id='word_1_299' title='bbox 1547 3949 1734 3996; x_wconf 85' lang='lat' dir='ltr'><strong>sancta</strong></span> <span class='ocrx_word' id='word_1_300' title='bbox 1748 3921 2052 3999; x_wconf 84' lang='lat' dir='ltr'><strong>sanctorum</strong></span> 
     </span>
    </p>
   </div>
   <div class='ocr_carea' id='block_1_41' title="bbox 475 4013 2051 4105">
    <p class='ocr_par' dir='ltr' id='par_1_41' title="bbox 475 4013 2051 4105">
     <span class='ocr_line' id='line_1_41' title="bbox 475 4013 2051 4105; baseline 0.016 -39"><span class='ocrx_word' id='word_1_301' title='bbox 475 4013 577 4067; x_wconf 90' lang='lat' dir='ltr'><strong>nisi</strong></span> <span class='ocrx_word' id='word_1_302' title='bbox 599 4029 809 4071; x_wconf 88' lang='lat' dir='ltr'><strong>sununo</strong></span> <span class='ocrx_word' id='word_1_303' title='bbox 832 4020 1091 4076; x_wconf 88' lang='lat' dir='ltr'><strong>sacerdoti</strong></span> <span class='ocrx_word' id='word_1_304' title='bbox 1116 4039 1220 4078; x_wconf 92' lang='lat' dir='ltr'><strong>non</strong></span> <span class='ocrx_word' id='word_1_305' title='bbox 1242 4024 1434 4083; x_wconf 86' lang='lat' dir='ltr'><strong>licebat</strong></span> <span class='ocrx_word' id='word_1_306' title='bbox 1460 4028 1655 4086; x_wconf 88' lang='lat' dir='ltr'><strong>intrare</strong></span> <span class='ocrx_word' id='word_1_307' title='bbox 1675 4034 1907 4101; x_wconf 85' lang='lat' dir='ltr'><strong>quotidie</strong></span> <span class='ocrx_word' id='word_1_308' title='bbox 1928 4052 2051 4105; x_wconf 89' lang='lat' dir='ltr'><strong>pro-</strong></span> 
     </span>
    </p>
   </div>
   <div class='ocr_carea' id='block_1_42' title="bbox 473 4106 2051 4183">
    <p class='ocr_par' dir='ltr' id='par_1_42' title="bbox 473 4106 2051 4183">
     <span class='ocr_line' id='line_1_42' title="bbox 473 4106 2051 4183; baseline 0.017 -27"><span class='ocrx_word' id='word_1_309' title='bbox 473 4112 591 4173; x_wconf 90' lang='lat' dir='ltr'><strong>pter</strong></span> <span class='ocrx_word' id='word_1_310' title='bbox 619 4106 948 4164; x_wconf 88' lang='lat' dir='ltr'><strong>inferendum</strong></span> <span class='ocrx_word' id='word_1_311' title='bbox 978 4112 1246 4169; x_wconf 88' lang='lat' dir='ltr'><strong>incensum</strong></span> <span class='ocrx_word' id='word_1_312' title='bbox 1268 4133 1281 4181; x_wconf 89' lang='lat'><strong>;</strong></span> <span class='ocrx_word' id='word_1_313' title='bbox 1303 4120 1467 4174; x_wconf 89' lang='lat' dir='ltr'><strong>semel</strong></span> <span class='ocrx_word' id='word_1_314' title='bbox 1489 4130 1664 4178; x_wconf 92' lang='lat' dir='ltr'><strong>autem</strong></span> <span class='ocrx_word' id='word_1_315' title='bbox 1690 4125 1743 4177; x_wconf 91' lang='lat' dir='ltr'><strong>in</strong></span> <span class='ocrx_word' id='word_1_316' title='bbox 1771 4140 1909 4181; x_wconf 90' lang='lat' dir='ltr'><strong>anno</strong></span> <span class='ocrx_word' id='word_1_317' title='bbox 1931 4143 2051 4183; x_wconf 88' lang='lat' dir='ltr'><strong>cum</strong></span> 
     </span>
    </p>
   </div>
   <div class='ocr_carea' id='block_1_43' title="bbox 473 4196 2057 4285">
    <p class='ocr_par' dir='ltr' id='par_1_43' title="bbox 473 4196 2057 4285">
     <span class='ocr_line' id='line_1_43' title="bbox 473 4196 2057 4285; baseline 0.016 -36"><span class='ocrx_word' id='word_1_318' title='bbox 473 4196 730 4264; x_wconf 87' lang='lat' dir='ltr'><strong>sanguine</strong></span> <span class='ocrx_word' id='word_1_319' title='bbox 756 4199 822 4254; x_wconf 88' lang='lat' dir='ltr'><strong>ad</strong></span> <span class='ocrx_word' id='word_1_320' title='bbox 861 4202 1241 4270; x_wconf 83' lang='lat' dir='ltr'><strong>puriﬁcandum</strong></span> <span class='ocrx_word' id='word_1_321' title='bbox 1271 4209 1437 4263; x_wconf 90' lang='lat' dir='ltr'><strong>altare</strong></span> <span class='ocrx_word' id='word_1_322' title='bbox 1460 4251 1476 4275; x_wconf 87' lang='grc'><strong><em>,</em></strong></span> <span class='ocrx_word' id='word_1_323' title='bbox 1520 4221 1574 4267; x_wconf 91' lang='lat' dir='ltr'><strong>et</strong></span> <span class='ocrx_word' id='word_1_324' title='bbox 1601 4214 1645 4268; x_wconf 92' lang='lat' dir='ltr'><strong>si</strong></span> <span class='ocrx_word' id='word_1_325' title='bbox 1680 4217 1892 4285; x_wconf 87' lang='lat' dir='ltr'><strong>quando</strong></span> <span class='ocrx_word' id='word_1_326' title='bbox 1916 4217 2057 4275; x_wconf 88' lang='lat' dir='ltr'><strong>forte</strong></span> 
     </span>
    </p>
   </div>
   <div class='ocr_carea' id='block_1_44' title="bbox 472 4285 2048 4372">
    <p class='ocr_par' dir='ltr' id='par_1_44' title="bbox 472 4285 2048 4372">
     <span class='ocr_line' id='line_1_44' title="bbox 472 4285 2048 4372; baseline 0.016 -33"><span class='ocrx_word' id='word_1_327' title='bbox 472 4285 716 4356; x_wconf 84' lang='lat' dir='ltr'><strong>exigebat</strong></span> <span class='ocrx_word' id='word_1_328' title='bbox 745 4292 1034 4348; x_wconf 85' lang='lat' dir='ltr'><strong>necessitas</strong></span> <span class='ocrx_word' id='word_1_329' title='bbox 1078 4311 1173 4364; x_wconf 91' lang='lat' dir='ltr'><strong>pro</strong></span> <span class='ocrx_word' id='word_1_330' title='bbox 1195 4310 1409 4366; x_wconf 89' lang='lat' dir='ltr'><strong>peccato</strong></span> <span class='ocrx_word' id='word_1_331' title='bbox 1446 4304 1734 4361; x_wconf 88' lang='lat' dir='ltr'><strong>sacerdotis</strong></span> <span class='ocrx_word' id='word_1_332' title='bbox 1754 4348 1768 4372; x_wconf 92' lang='lat'><strong>,</strong></span> <span class='ocrx_word' id='word_1_333' title='bbox 1807 4318 1897 4363; x_wconf 89' lang='lat' dir='ltr'><strong>aut</strong></span> <span class='ocrx_word' id='word_1_334' title='bbox 1929 4312 2048 4364; x_wconf 86' lang='lat' dir='ltr'><strong>uni-</strong></span> 
     </span>
    </p>
   </div>
   <div class='ocr_carea' id='block_1_45' title="bbox 474 4384 2044 4469">
    <p class='ocr_par' dir='ltr' id='par_1_45' title="bbox 474 4384 2044 4469">
     <span class='ocr_line' id='line_1_45' title="bbox 474 4384 2044 4469; baseline 0.017 -40"><span class='ocrx_word' id='word_1_335' title='bbox 474 4389 644 4432; x_wconf 74' lang='lat' dir='ltr'><strong>versa:</strong></span> <span class='ocrx_word' id='word_1_336' title='bbox 664 4394 963 4451; x_wconf 70' lang='lat' dir='ltr'><strong>synagogre,</strong></span> <span class='ocrx_word' id='word_1_337' title='bbox 992 4384 1128 4439; x_wconf 91' lang='lat' dir='ltr'><strong>sicut</strong></span> <span class='ocrx_word' id='word_1_338' title='bbox 1152 4387 1201 4440; x_wconf 87' lang='lat' dir='ltr'><strong>in</strong></span> <span class='ocrx_word' id='word_1_339' title='bbox 1222 4388 1453 4446; x_wconf 88' lang='lat' dir='ltr'><strong>Levitico</strong></span> <span class='ocrx_word' id='word_1_340' title='bbox 1472 4395 1725 4463; x_wconf 89' lang='lat' dir='ltr'><strong>scriptum</strong></span> <span class='ocrx_word' id='word_1_341' title='bbox 1753 4407 1836 4453; x_wconf 90' lang='lat' dir='ltr'><strong>est</strong></span> <span class='ocrx_word' id='word_1_342' title='bbox 1862 4398 2044 4469; x_wconf 68' lang='lat' dir='ltr'><strong>(Levii.</strong></span> 
     </span>
    </p>
   </div>
   <div class='ocr_carea' id='block_1_46' title="bbox 470 4466 2049 4556">
    <p class='ocr_par' dir='ltr' id='par_1_46' title="bbox 470 4466 2049 4556">
     <span class='ocr_line' id='line_1_46' title="bbox 470 4466 2049 4556; baseline 0.017 -37"><span class='ocrx_word' id='word_1_343' title='bbox 470 4466 609 4538; x_wconf 78' lang='lat' dir='ltr'><strong>xvi).</strong></span> <span class='ocrx_word' id='word_1_344' title='bbox 640 4468 727 4523; x_wconf 88' lang='lat' dir='ltr'><strong>Sic</strong></span> <span class='ocrx_word' id='word_1_345' title='bbox 751 4469 1048 4528; x_wconf 87' lang='lat' dir='ltr'><strong>intrabatur</strong></span> <span class='ocrx_word' id='word_1_346' title='bbox 1070 4476 1463 4535; x_wconf 82' lang='lat' dir='ltr'><strong>tabernaculum</strong></span> <span class='ocrx_word' id='word_1_347' title='bbox 1490 4484 1556 4538; x_wconf 91' lang='lat' dir='ltr'><strong>ab</strong></span> <span class='ocrx_word' id='word_1_348' title='bbox 1576 4466 1878 4556; x_wconf 80' lang='lat' dir='ltr'><strong>occidente,</strong></span> <span class='ocrx_word' id='word_1_349' title='bbox 1894 4490 1943 4544; x_wconf 88' lang='lat' dir='ltr'><strong>id</strong></span> <span class='ocrx_word' id='word_1_350' title='bbox 1967 4500 2049 4545; x_wconf 89' lang='lat' dir='ltr'><strong>est</strong></span> 
     </span>
    </p>
   </div>
   <div class='ocr_carea' id='block_1_47' title="bbox 468 4562 2046 4638">
    <p class='ocr_par' dir='ltr' id='par_1_47' title="bbox 468 4562 2046 4638">
     <span class='ocr_line' id='line_1_47' title="bbox 468 4562 2046 4638; baseline 0.02 -30"><span class='ocrx_word' id='word_1_351' title='bbox 468 4569 500 4608; x_wconf 87' lang='lat' dir='ltr'><strong>a</strong></span> <span class='ocrx_word' id='word_1_352' title='bbox 534 4566 679 4625; x_wconf 88' lang='lat' dir='ltr'><strong>porta</strong></span> <span class='ocrx_word' id='word_1_353' title='bbox 711 4562 830 4615; x_wconf 90' lang='lat' dir='ltr'><strong>atrii</strong></span> <span class='ocrx_word' id='word_1_354' title='bbox 866 4564 885 4593; x_wconf 83' lang='grc'><strong><em>²</em></strong></span> <span class='ocrx_word' id='word_1_355' title='bbox 906 4580 1072 4634; x_wconf 83' lang='lat' dir='ltr'><strong>usque</strong></span> <span class='ocrx_word' id='word_1_356' title='bbox 1111 4568 1177 4623; x_wconf 88' lang='lat' dir='ltr'><strong>ad</strong></span> <span class='ocrx_word' id='word_1_357' title='bbox 1222 4569 1360 4629; x_wconf 86' lang='lat' dir='ltr'><strong>latus</strong></span> <span class='ocrx_word' id='word_1_358' title='bbox 1387 4573 1643 4632; x_wconf 83' lang='lat' dir='ltr'><strong>orientale</strong></span> <span class='ocrx_word' id='word_1_359' title='bbox 1673 4577 1930 4637; x_wconf 87' lang='lat' dir='ltr'><strong>introrsus</strong></span> <span class='ocrx_word' id='word_1_360' title='bbox 1958 4583 2046 4638; x_wconf 90' lang='lat' dir='ltr'><strong>ubi</strong></span> 
     </span>
    </p>
   </div>
   <div class='ocr_carea' id='block_1_48' title="bbox 467 4653 1052 4712">
    <p class='ocr_par' dir='ltr' id='par_1_48' title="bbox 467 4653 1052 4712">
     <span class='ocr_line' id='line_1_48' title="bbox 467 4653 1052 4712; baseline 0.017 -10"><span class='ocrx_word' id='word_1_361' title='bbox 467 4656 583 4702; x_wconf 87' lang='lat' dir='ltr'><strong>erat</strong></span> <span class='ocrx_word' id='word_1_362' title='bbox 608 4664 728 4705; x_wconf 91' lang='lat' dir='ltr'><strong>arca</strong></span> <span class='ocrx_word' id='word_1_363' title='bbox 752 4653 1052 4712; x_wconf 70' lang='lat' dir='ltr'><strong>testimonii.</strong></span> 
     </span>
    </p>
   </div>
   <div class='ocr_carea' id='block_1_49' title="bbox 538 4739 2047 4836">
    <p class='ocr_par' dir='ltr' id='par_1_49' title="bbox 538 4739 2047 4836">
     <span class='ocr_line' id='line_1_49' title="bbox 538 4739 2047 4836; baseline 0.019 -43"><span class='ocrx_word' id='word_1_364' title='bbox 538 4739 626 4795; x_wconf 79' lang='lat'><strong>2|.</strong></span> <span class='ocrx_word' id='word_1_365' title='bbox 660 4741 772 4797; x_wconf 81' lang='lat' dir='ltr'><strong>Hoc</strong></span> <span class='ocrx_word' id='word_1_366' title='bbox 789 4754 962 4801; x_wconf 89' lang='lat' dir='ltr'><strong>autem</strong></span> <span class='ocrx_word' id='word_1_367' title='bbox 987 4748 1205 4807; x_wconf 90' lang='lat' dir='ltr'><strong>interius</strong></span> <span class='ocrx_word' id='word_1_368' title='bbox 1228 4753 1641 4827; x_wconf 87' lang='lat' dir='ltr'><strong>tabernaculum,</strong></span> <span class='ocrx_word' id='word_1_369' title='bbox 1668 4763 1806 4832; x_wconf 89' lang='lat' dir='ltr'><strong>quod</strong></span> <span class='ocrx_word' id='word_1_370' title='bbox 1830 4765 2047 4836; x_wconf 74' lang='lat' dir='ltr'><strong>incipie-</strong></span> 
     </span>
    </p>
   </div>
   <div class='ocr_carea' id='block_1_50' title="bbox 467 4831 2044 4925">
    <p class='ocr_par' dir='ltr' id='par_1_50' title="bbox 467 4831 2044 4925">
     <span class='ocr_line' id='line_1_50' title="bbox 467 4831 2044 4925; baseline 0.019 -40"><span class='ocrx_word' id='word_1_371' title='bbox 467 4831 559 4887; x_wconf 89' lang='lat' dir='ltr'><strong>bat</strong></span> <span class='ocrx_word' id='word_1_372' title='bbox 586 4849 689 4889; x_wconf 92' lang='lat' dir='ltr'><strong>non</strong></span> <span class='ocrx_word' id='word_1_373' title='bbox 710 4850 739 4888; x_wconf 89' lang='lat' dir='ltr'><strong>a</strong></span> <span class='ocrx_word' id='word_1_374' title='bbox 763 4846 917 4908; x_wconf 83' lang='lat' dir='ltr'><strong>parta</strong></span> <span class='ocrx_word' id='word_1_375' title='bbox 948 4843 1087 4908; x_wconf 89' lang='lat' dir='ltr'><strong>atrii,</strong></span> <span class='ocrx_word' id='word_1_376' title='bbox 1114 4845 1207 4898; x_wconf 88' lang='lat' dir='ltr'><strong>sed</strong></span> <span class='ocrx_word' id='word_1_377' title='bbox 1245 4847 1314 4901; x_wconf 90' lang='lat' dir='ltr'><strong>ab</strong></span> <span class='ocrx_word' id='word_1_378' title='bbox 1341 4849 1477 4904; x_wconf 87' lang='lat' dir='ltr'><strong>ostio</strong></span> <span class='ocrx_word' id='word_1_379' title='bbox 1505 4853 1645 4921; x_wconf 93' lang='lat' dir='ltr'><strong>quod</strong></span> <span class='ocrx_word' id='word_1_380' title='bbox 1680 4831 2044 4925; x_wconf 75' lang='lat' dir='ltr'><strong>appellabatur</strong></span> 
     </span>
    </p>
   </div>
   <div class='ocr_carea' id='block_1_51' title="bbox 465 4925 2042 5016">
    <p class='ocr_par' dir='ltr' id='par_1_51' title="bbox 465 4925 2042 5016">
     <span class='ocr_line' id='line_1_51' title="bbox 465 4925 2042 5016; baseline 0.018 -38"><span class='ocrx_word' id='word_1_381' title='bbox 465 4925 661 4980; x_wconf 84' lang='lat' dir='ltr'><strong>ostium</strong></span> <span class='ocrx_word' id='word_1_382' title='bbox 706 4929 1050 4998; x_wconf 89' lang='lat' dir='ltr'><strong>tabernaculi,</strong></span> <span class='ocrx_word' id='word_1_383' title='bbox 1090 4944 1145 4989; x_wconf 89' lang='lat' dir='ltr'><strong>et</strong></span> <span class='ocrx_word' id='word_1_384' title='bbox 1190 4936 1467 4996; x_wconf 82' lang='lat' dir='ltr'><strong>finiebatur</strong></span> <span class='ocrx_word' id='word_1_385' title='bbox 1511 4944 1563 4996; x_wconf 92' lang='lat' dir='ltr'><strong>in</strong></span> <span class='ocrx_word' id='word_1_386' title='bbox 1616 4944 1829 5016; x_wconf 89' lang='lat' dir='ltr'><strong>longum</strong></span> <span class='ocrx_word' id='word_1_387' title='bbox 1879 4950 2042 5008; x_wconf 83' lang='lat' dir='ltr'><strong>latere</strong></span> 
     </span>
    </p>
   </div>
   <div class='ocr_carea' id='block_1_52' title="bbox 464 5015 2041 5097">
    <p class='ocr_par' dir='ltr' id='par_1_52' title="bbox 464 5015 2041 5097">
     <span class='ocr_line' id='line_1_52' title="bbox 464 5015 2041 5097; baseline 0.016 -30"><span class='ocrx_word' id='word_1_388' title='bbox 464 5015 686 5071; x_wconf 89' lang='lat' dir='ltr'><strong>orientis</strong></span> <span class='ocrx_word' id='word_1_389' title='bbox 707 5017 793 5072; x_wconf 90' lang='lat' dir='ltr'><strong>ubi</strong></span> <span class='ocrx_word' id='word_1_390' title='bbox 811 5029 926 5076; x_wconf 91' lang='lat' dir='ltr'><strong>erat</strong></span> <span class='ocrx_word' id='word_1_391' title='bbox 944 5038 1064 5078; x_wconf 87' lang='lat' dir='ltr'><strong>arca</strong></span> <span class='ocrx_word' id='word_1_392' title='bbox 1088 5028 1392 5097; x_wconf 88' lang='lat' dir='ltr'><strong>testimonii,</strong></span> <span class='ocrx_word' id='word_1_393' title='bbox 1420 5032 1602 5089; x_wconf 88' lang='lat' dir='ltr'><strong>decem</strong></span> <span class='ocrx_word' id='word_1_394' title='bbox 1623 5015 1806 5093; x_wconf 62' lang='lat' dir='ltr'><strong>aulicis</strong></span> <span class='ocrx_word' id='word_1_395' title='bbox 1828 5042 2016 5094; x_wconf 77' lang='lat' dir='ltr'><strong>coneln</strong></span> <span class='ocrx_word' id='word_1_396' title='bbox 2038 5080 2041 5083; x_wconf 88' lang='lat'><strong>.</strong></span> 
     </span>
    </p>
   </div>
   <div class='ocr_carea' id='block_1_53' title="bbox 462 5103 2035 5198">
    <p class='ocr_par' dir='ltr' id='par_1_53' title="bbox 462 5103 2035 5198">
     <span class='ocr_line' id='line_1_53' title="bbox 462 5103 2035 5198; baseline 0.017 -38"><span class='ocrx_word' id='word_1_397' title='bbox 462 5103 705 5173; x_wconf 88' lang='lat' dir='ltr'><strong>debatur,</strong></span> <span class='ocrx_word' id='word_1_398' title='bbox 723 5126 947 5181; x_wconf 92' lang='lat' dir='ltr'><strong>quorum</strong></span> <span class='ocrx_word' id='word_1_399' title='bbox 974 5125 1125 5171; x_wconf 89' lang='lat' dir='ltr'><strong>erant</strong></span> <span class='ocrx_word' id='word_1_400' title='bbox 1143 5119 1346 5190; x_wconf 88' lang='lat' dir='ltr'><strong>singula</strong></span> <span class='ocrx_word' id='word_1_401' title='bbox 1374 5121 1553 5193; x_wconf 78' lang='lat' dir='ltr'><strong>viginti</strong></span> <span class='ocrx_word' id='word_1_402' title='bbox 1580 5135 1701 5182; x_wconf 92' lang='lat' dir='ltr'><strong>octo</strong></span> <span class='ocrx_word' id='word_1_403' title='bbox 1718 5130 2035 5198; x_wconf 88' lang='lat' dir='ltr'><strong>cubitorum,</strong></span> 
     </span>
    </p>
   </div>
   <div class='ocr_carea' id='block_1_54' title="bbox 461 5199 2039 5278">
    <p class='ocr_par' dir='ltr' id='par_1_54' title="bbox 461 5199 2039 5278">
     <span class='ocr_line' id='line_1_54' title="bbox 461 5199 2039 5278; baseline 0.017 -27"><span class='ocrx_word' id='word_1_404' title='bbox 461 5199 693 5271; x_wconf 91' lang='lat' dir='ltr'><strong>quinque</strong></span> <span class='ocrx_word' id='word_1_405' title='bbox 719 5201 842 5258; x_wconf 91' lang='lat' dir='ltr'><strong>hinc</strong></span> <span class='ocrx_word' id='word_1_406' title='bbox 870 5214 925 5259; x_wconf 91' lang='lat' dir='ltr'><strong>et</strong></span> <span class='ocrx_word' id='word_1_407' title='bbox 949 5207 1182 5278; x_wconf 89' lang='lat' dir='ltr'><strong>quinque</strong></span> <span class='ocrx_word' id='word_1_408' title='bbox 1209 5211 1351 5278; x_wconf 90' lang='lat' dir='ltr'><strong>inde,</strong></span> <span class='ocrx_word' id='word_1_409' title='bbox 1381 5214 1591 5272; x_wconf 90' lang='lat' dir='ltr'><strong>sibimet</strong></span> <span class='ocrx_word' id='word_1_410' title='bbox 1613 5232 1849 5274; x_wconf 83' lang='lat' dir='ltr'><strong>connexa</strong></span> <span class='ocrx_word' id='word_1_411' title='bbox 1879 5237 2039 5277; x_wconf 92' lang='lat' dir='ltr'><strong>ansu-</strong></span> 
     </span>
    </p>
   </div>
   <div class='ocr_carea' id='block_1_55' title="bbox 461 5291 2040 5378">
    <p class='ocr_par' dir='ltr' id='par_1_55' title="bbox 461 5291 2040 5378">
     <span class='ocr_line' id='line_1_55' title="bbox 461 5291 2040 5378; baseline 0.015 -33"><span class='ocrx_word' id='word_1_412' title='bbox 461 5291 527 5346; x_wconf 87' lang='lat' dir='ltr'><strong>lis</strong></span> <span class='ocrx_word' id='word_1_413' title='bbox 552 5303 608 5347; x_wconf 88' lang='lat' dir='ltr'><strong>et</strong></span> <span class='ocrx_word' id='word_1_414' title='bbox 652 5296 900 5364; x_wconf 87' lang='lat' dir='ltr'><strong>circulis,</strong></span> <span class='ocrx_word' id='word_1_415' title='bbox 942 5309 998 5355; x_wconf 91' lang='lat' dir='ltr'><strong>et</strong></span> <span class='ocrx_word' id='word_1_416' title='bbox 1030 5318 1093 5355; x_wconf 88' lang='lat' dir='ltr'><strong>ex</strong></span> <span class='ocrx_word' id='word_1_417' title='bbox 1129 5304 1353 5361; x_wconf 88' lang='lat' dir='ltr'><strong>adverso</strong></span> <span class='ocrx_word' id='word_1_418' title='bbox 1381 5307 1592 5363; x_wconf 90' lang='lat' dir='ltr'><strong>sibimet</strong></span> <span class='ocrx_word' id='word_1_419' title='bbox 1637 5313 1953 5378; x_wconf 83' lang='lat' dir='ltr'><strong>constituta;</strong></span> <span class='ocrx_word' id='word_1_420' title='bbox 1983 5323 2040 5369; x_wconf 86' lang='lat' dir='ltr'><strong>et</strong></span> 
     </span>
    </p>
   </div>
   <div class='ocr_carea' id='block_1_56' title="bbox 458 5384 2035 5472">
    <p class='ocr_par' dir='ltr' id='par_1_56' title="bbox 458 5384 2035 5472">
     <span class='ocr_line' id='line_1_56' title="bbox 458 5384 2035 5472; baseline 0.014 -34"><span class='ocrx_word' id='word_1_421' title='bbox 458 5384 722 5441; x_wconf 87' lang='lat' dir='ltr'><strong>columnis</strong></span> <span class='ocrx_word' id='word_1_422' title='bbox 741 5388 941 5444; x_wconf 89' lang='lat' dir='ltr'><strong>vicenis</strong></span> <span class='ocrx_word' id='word_1_423' title='bbox 968 5392 1017 5445; x_wconf 91' lang='lat' dir='ltr'><strong>in</strong></span> <span class='ocrx_word' id='word_1_424' title='bbox 1055 5392 1307 5450; x_wconf 89' lang='lat' dir='ltr'><strong>lateribus</strong></span> <span class='ocrx_word' id='word_1_425' title='bbox 1329 5398 1652 5468; x_wconf 82' lang='lat' dir='ltr'><strong>longioribus</strong></span> <span class='ocrx_word' id='word_1_426' title='bbox 1673 5404 1934 5472; x_wconf 88' lang='lat' dir='ltr'><strong>aquilonis</strong></span> <span class='ocrx_word' id='word_1_427' title='bbox 1952 5414 2035 5459; x_wconf 78' lang='lat' dir='ltr'><strong>at-</strong></span> 
     </span>
    </p>
   </div>
   <div class='ocr_carea' id='block_1_57' title="bbox 459 5480 2036 5562">
    <p class='ocr_par' dir='ltr' id='par_1_57' title="bbox 459 5480 2036 5562">
     <span class='ocr_line' id='line_1_57' title="bbox 459 5480 2036 5562; baseline 0.015 -33"><span class='ocrx_word' id='word_1_428' title='bbox 459 5489 565 5545; x_wconf 89' lang='lat' dir='ltr'><strong>que</strong></span> <span class='ocrx_word' id='word_1_429' title='bbox 591 5480 777 5544; x_wconf 88' lang='lat' dir='ltr'><strong>austri,</strong></span> <span class='ocrx_word' id='word_1_430' title='bbox 808 5490 861 5536; x_wconf 91' lang='lat' dir='ltr'><strong>et</strong></span> <span class='ocrx_word' id='word_1_431' title='bbox 888 5483 1150 5541; x_wconf 92' lang='lat' dir='ltr'><strong>columnis</strong></span> <span class='ocrx_word' id='word_1_432' title='bbox 1184 5497 1303 5542; x_wconf 91' lang='lat' dir='ltr'><strong>octo</strong></span> <span class='ocrx_word' id='word_1_433' title='bbox 1331 5504 1361 5543; x_wconf 91' lang='lat' dir='ltr'><strong>a</strong></span> <span class='ocrx_word' id='word_1_434' title='bbox 1382 5489 1546 5547; x_wconf 86' lang='lat' dir='ltr'><strong>latere</strong></span> <span class='ocrx_word' id='word_1_435' title='bbox 1565 5493 1874 5562; x_wconf 88' lang='lat' dir='ltr'><strong>occidentis,</strong></span> <span class='ocrx_word' id='word_1_436' title='bbox 1903 5511 1933 5551; x_wconf 89' lang='lat' dir='ltr'><strong>a</strong></span> <span class='ocrx_word' id='word_1_437' title='bbox 1960 5497 2036 5551; x_wconf 82' lang='lat' dir='ltr'><strong>la-</strong></span> 
     </span>
    </p>
   </div>
   <div class='ocr_carea' id='block_1_58' title="bbox 522 5612 1842 5685">
    <p class='ocr_par' dir='ltr' id='par_1_58' title="bbox 522 5612 1842 5685">
     <span class='ocr_line' id='line_1_58' title="bbox 522 5612 1842 5685; baseline 0.015 -25"><span class='ocrx_word' id='word_1_438' title='bbox 522 5612 538 5685; x_wconf 65' lang='grc' dir='ltr'><strong>ξ</strong></span> <span class='ocrx_word' id='word_1_439' title='bbox 565 5613 713 5685; x_wconf 54' lang='lat' dir='ltr'><strong>editio</strong></span> <span class='ocrx_word' id='word_1_440' title='bbox 736 5623 831 5666; x_wconf 80' lang='lat' dir='ltr'><strong>Rat.</strong></span> <span class='ocrx_word' id='word_1_441' title='bbox 859 5625 909 5685; x_wconf 80' lang='lat' dir='ltr'><strong>et</strong></span> <span class='ocrx_word' id='word_1_442' title='bbox 932 5626 1037 5669; x_wconf 73' lang='lat' dir='ltr'><strong>Mss.</strong></span> <span class='ocrx_word' id='word_1_443' title='bbox 1063 5630 1264 5683; x_wconf 76' lang='lat' dir='ltr'><strong>quatuor</strong></span> <span class='ocrx_word' id='word_1_444' title='bbox 1282 5626 1529 5685; x_wconf 75' lang='lat' dir='ltr'><strong>ninittunt,</strong></span> <span class='ocrx_word' id='word_1_445' title='bbox 1547 5632 1654 5678; x_wconf 77' lang='lat' dir='ltr'><strong>ante</strong></span> <span class='ocrx_word' id='word_1_446' title='bbox 1675 5627 1842 5680; x_wconf 83' lang='lat' dir='ltr'><strong>altare.</strong></span> 
     </span>
    </p>
   </div>
   <div class='ocr_carea' id='block_1_59' title="bbox 519 5675 2033 5759">
    <p class='ocr_par' dir='ltr' id='par_1_59' title="bbox 519 5675 2033 5759">
     <span class='ocr_line' id='line_1_59' title="bbox 519 5675 2033 5759; baseline 0.017 -39"><span class='ocrx_word' id='word_1_447' title='bbox 519 5675 798 5759; x_wconf 42' lang='lat' dir='ltr'><strong>:‘sic‘vetus</strong></span> <span class='ocrx_word' id='word_1_448' title='bbox 818 5680 971 5759; x_wconf 52' lang='lat' dir='ltr'><strong>culex</strong></span> <span class='ocrx_word' id='word_1_449' title='bbox 1004 5675 1322 5759; x_wconf 60' lang='lat' dir='ltr'><strong>corbeieusis.</strong></span> <span class='ocrx_word' id='word_1_450' title='bbox 1359 5695 1414 5759; x_wconf 63' lang='lat' dir='ltr'><strong>at</strong></span> <span class='ocrx_word' id='word_1_451' title='bbox 1438 5675 1556 5759; x_wconf 64' lang='lat' dir='ltr'><strong>editi</strong></span> <span class='ocrx_word' id='word_1_452' title='bbox 1583 5675 1645 5738; x_wconf 32' lang='lat' dir='ltr'><strong>et.</strong></span> <span class='ocrx_word' id='word_1_453' title='bbox 1665 5675 1976 5759; x_wconf 49' lang='lat' dir='ltr'><strong>{iiii-esus,</strong></span> <span class='ocrx_word' id='word_1_454' title='bbox 2003 5708 2033 5745; x_wconf 89' lang='lat' dir='ltr'><strong>a</strong></span> 
     </span>
    </p>
   </div>
   <div class='ocr_carea' id='block_1_60' title="bbox 454 5739 1718 5813">
    <p class='ocr_par' dir='ltr' id='par_1_60' title="bbox 454 5739 1718 5813">
     <span class='ocr_line' id='line_1_60' title="bbox 454 5739 1718 5813; baseline 0.019 -34"><span class='ocrx_word' id='word_1_455' title='bbox 454 5740 594 5795; x_wconf 69' lang='lat' dir='ltr'><strong>por&#39;a</strong></span> <span class='ocrx_word' id='word_1_456' title='bbox 622 5739 792 5793; x_wconf 78' lang='lat' dir='ltr'><strong>.mstri.</strong></span> <span class='ocrx_word' id='word_1_457' title='bbox 820 5745 1068 5793; x_wconf 69' lang='lat' dir='ltr'><strong>Vaticanus</strong></span> <span class='ocrx_word' id='word_1_458' title='bbox 1092 5751 1193 5808; x_wconf 61' lang='grc' dir='ltr'><strong>Ἀθη</strong></span> <span class='ocrx_word' id='word_1_459' title='bbox 1212 5762 1242 5797; x_wconf 89' lang='lat' dir='ltr'><strong>a</strong></span> <span class='ocrx_word' id='word_1_460' title='bbox 1264 5757 1400 5813; x_wconf 80' lang='lat' dir='ltr'><strong>porta</strong></span> <span class='ocrx_word' id='word_1_461' title='bbox 1414 5749 1528 5802; x_wconf 78' lang='lat' dir='ltr'><strong>am&#39;i</strong></span> <span class='ocrx_word' id='word_1_462' title='bbox 1549 5739 1718 5807; x_wconf 71' lang='lat' dir='ltr'><strong>.-tush&quot;t&#39;.</strong></span> 
     </span>
    </p>
   </div>
   <div class='ocr_carea' id='block_1_61' title="bbox 1245 357 2901 432">
    <p class='ocr_par' dir='ltr' id='par_1_61' title="bbox 1245 357 2901 432">
     <span class='ocr_line' id='line_1_61' title="bbox 1245 357 2901 432; baseline -0.001 -10"><span class='ocrx_word' id='word_1_463' title='bbox 1245 362 1706 432; x_wconf 66' lang='lat' dir='ltr'><strong>QUESTIONUM</strong></span> <span class='ocrx_word' id='word_1_464' title='bbox 1742 362 1799 420; x_wconf 91' lang='lat' dir='ltr'><strong>S.</strong></span> <span class='ocrx_word' id='word_1_465' title='bbox 1840 357 2204 416; x_wconf 82' lang='lat' dir='ltr'><strong>AUGUSTINI</strong></span> <span class='ocrx_word' id='word_1_466' title='bbox 2244 358 2309 414; x_wconf 76' lang='lat' dir='ltr'><strong>IN</strong></span> <span class='ocrx_word' id='word_1_467' title='bbox 2349 360 2901 421; x_wconf 69' lang='lat' dir='ltr'><strong>HEPTATEUCIIUM</strong></span> 
     </span>
    </p>
   </div>
   <div class='ocr_carea' id='block_1_62' title="bbox 3662 382 3779 437">
    <p class='ocr_par' dir='ltr' id='par_1_62' title="bbox 3662 382 3779 437">
     <span class='ocr_line' id='line_1_62' title="bbox 3662 382 3779 437; baseline -0.009 0"><span class='ocrx_word' id='word_1_468' title='bbox 3662 382 3779 437; x_wconf 66' lang='lat'><strong>673&#39;</strong></span> 
     </span>
    </p>
   </div>
   <div class='ocr_carea' id='block_1_63' title="bbox 2190 479 3755 553">
    <p class='ocr_par' dir='ltr' id='par_1_63' title="bbox 2190 479 3755 553">
     <span class='ocr_line' id='line_1_63' title="bbox 2190 479 3755 553; baseline 0.015 -27"><span class='ocrx_word' id='word_1_469' title='bbox 2190 480 2302 528; x_wconf 76' lang='lat' dir='ltr'><strong>tere</strong></span> <span class='ocrx_word' id='word_1_470' title='bbox 2338 486 2516 541; x_wconf 74' lang='lat' dir='ltr'><strong>autem</strong></span> <span class='ocrx_word' id='word_1_471' title='bbox 2542 479 2761 534; x_wconf 85' lang='lat' dir='ltr'><strong>orientis</strong></span> <span class='ocrx_word' id='word_1_472' title='bbox 2789 481 2945 536; x_wconf 86' lang='lat' dir='ltr'><strong>nullis</strong></span> <span class='ocrx_word' id='word_1_473' title='bbox 2974 481 3261 552; x_wconf 81' lang='lat' dir='ltr'><strong>columnis,</strong></span> <span class='ocrx_word' id='word_1_474' title='bbox 3289 486 3383 542; x_wconf 86' lang='lat' dir='ltr'><strong>sed</strong></span> <span class='ocrx_word' id='word_1_475' title='bbox 3403 488 3532 545; x_wconf 86' lang='lat' dir='ltr'><strong>solis</strong></span> <span class='ocrx_word' id='word_1_476' title='bbox 3552 493 3755 553; x_wconf 66' lang='lat' dir='ltr'><strong>aulreis.</strong></span> 
     </span>
    </p>
   </div>
   <div class='ocr_carea' id='block_1_64' title="bbox 2187 561 3761 651">
    <p class='ocr_par' dir='ltr' id='par_1_64' title="bbox 2187 561 3761 651">
     <span class='ocr_line' id='line_1_64' title="bbox 2187 561 3761 651; baseline 0.017 -36"><span class='ocrx_word' id='word_1_477' title='bbox 2187 561 2314 629; x_wconf 77' lang='lat' dir='ltr'><strong>Qua:</strong></span> <span class='ocrx_word' id='word_1_478' title='bbox 2344 566 2511 621; x_wconf 67' lang='lat' dir='ltr'><strong>aulam</strong></span> <span class='ocrx_word' id='word_1_479' title='bbox 2546 567 2747 625; x_wconf 90' lang='lat' dir='ltr'><strong>decem.</strong></span> <span class='ocrx_word' id='word_1_480' title='bbox 2761 572 3096 641; x_wconf 89' lang='lat' dir='ltr'><strong>erigebantur</strong></span> <span class='ocrx_word' id='word_1_481' title='bbox 3132 576 3409 634; x_wconf 76' lang='lat' dir='ltr'><strong>incubitis</strong></span> <span class='ocrx_word' id='word_1_482' title='bbox 3433 592 3676 651; x_wconf 80' lang='lat' dir='ltr'><strong>quatuor,</strong></span> <span class='ocrx_word' id='word_1_483' title='bbox 3707 597 3761 642; x_wconf 88' lang='lat' dir='ltr'><strong>et</strong></span> 
     </span>
    </p>
   </div>
   <div class='ocr_carea' id='block_1_65' title="bbox 2186 660 3761 734">
    <p class='ocr_par' dir='ltr' id='par_1_65' title="bbox 2186 660 3761 734">
     <span class='ocr_line' id='line_1_65' title="bbox 2186 660 3761 734; baseline 0.017 -27"><span class='ocrx_word' id='word_1_484' title='bbox 2186 669 2279 722; x_wconf 82' lang='lat' dir='ltr'><strong>per</strong></span> <span class='ocrx_word' id='word_1_485' title='bbox 2321 664 2486 711; x_wconf 91' lang='lat' dir='ltr'><strong>totum</strong></span> <span class='ocrx_word' id='word_1_486' title='bbox 2516 660 2792 715; x_wconf 89' lang='lat' dir='ltr'><strong>circuitum</strong></span> <span class='ocrx_word' id='word_1_487' title='bbox 2834 664 3185 721; x_wconf 85' lang='lat' dir='ltr'><strong>tendebantur</strong></span> <span class='ocrx_word' id='word_1_488' title='bbox 3220 668 3270 722; x_wconf 94' lang='lat' dir='ltr'><strong>in</strong></span> <span class='ocrx_word' id='word_1_489' title='bbox 3300 671 3491 729; x_wconf 88' lang='lat' dir='ltr'><strong>cubitis</strong></span> <span class='ocrx_word' id='word_1_490' title='bbox 3516 674 3761 734; x_wconf 87' lang='lat' dir='ltr'><strong>ducentis</strong></span> 
     </span>
    </p>
   </div>
   <div class='ocr_carea' id='block_1_66' title="bbox 2185 748 3758 836">
    <p class='ocr_par' dir='ltr' id='par_1_66' title="bbox 2185 748 3758 836">
     <span class='ocr_line' id='line_1_66' title="bbox 2185 748 3758 836; baseline 0.014 -37"><span class='ocrx_word' id='word_1_491' title='bbox 2185 748 2449 817; x_wconf 77' lang='lat' dir='ltr'><strong>octoginta</strong></span> <span class='ocrx_word' id='word_1_492' title='bbox 2480 766 2493 801; x_wconf 92' lang='lat'><strong>:</strong></span> <span class='ocrx_word' id='word_1_493' title='bbox 2524 766 2748 820; x_wconf 89' lang='lat' dir='ltr'><strong>quorum</strong></span> <span class='ocrx_word' id='word_1_494' title='bbox 2777 764 2999 809; x_wconf 91' lang='lat' dir='ltr'><strong>centena</strong></span> <span class='ocrx_word' id='word_1_495' title='bbox 3023 772 3074 810; x_wconf 84' lang='lat' dir='ltr'><strong>tn</strong></span> <span class='ocrx_word' id='word_1_496' title='bbox 3096 758 3348 814; x_wconf 88' lang='lat' dir='ltr'><strong>lateribus</strong></span> <span class='ocrx_word' id='word_1_497' title='bbox 3374 773 3526 817; x_wconf 91' lang='lat' dir='ltr'><strong>erant</strong></span> <span class='ocrx_word' id='word_1_498' title='bbox 3553 765 3758 836; x_wconf 79' lang='lat' dir='ltr'><strong>longio-</strong></span> 
     </span>
    </p>
   </div>
   <div class='ocr_carea' id='block_1_67' title="bbox 2184 836 3757 925">
    <p class='ocr_par' dir='ltr' id='par_1_67' title="bbox 2184 836 3757 925">
     <span class='ocr_line' id='line_1_67' title="bbox 2184 836 3757 925; baseline 0.011 -37"><span class='ocrx_word' id='word_1_499' title='bbox 2184 836 2330 890; x_wconf 90' lang='lat' dir='ltr'><strong>ribus</strong></span> <span class='ocrx_word' id='word_1_500' title='bbox 2356 840 2517 893; x_wconf 90' lang='lat' dir='ltr'><strong>austri</strong></span> <span class='ocrx_word' id='word_1_501' title='bbox 2548 848 2603 894; x_wconf 91' lang='lat' dir='ltr'><strong>et</strong></span> <span class='ocrx_word' id='word_1_502' title='bbox 2626 843 2887 911; x_wconf 89' lang='lat' dir='ltr'><strong>aquilonis</strong></span> <span class='ocrx_word' id='word_1_503' title='bbox 2917 860 3012 914; x_wconf 90' lang='lat' dir='ltr'><strong>per</strong></span> <span class='ocrx_word' id='word_1_504' title='bbox 3038 847 3247 902; x_wconf 88' lang='lat' dir='ltr'><strong>vicenas</strong></span> <span class='ocrx_word' id='word_1_505' title='bbox 3275 849 3583 919; x_wconf 87' lang='lat' dir='ltr'><strong>columnas;</strong></span> <span class='ocrx_word' id='word_1_506' title='bbox 3624 871 3757 925; x_wconf 75' lang='lat' dir='ltr'><strong>qua.</strong></span> 
     </span>
    </p>
   </div>
   <div class='ocr_carea' id='block_1_68' title="bbox 2184 925 3756 1006">
    <p class='ocr_par' dir='ltr' id='par_1_68' title="bbox 2184 925 3756 1006">
     <span class='ocr_line' id='line_1_68' title="bbox 2184 925 3756 1006; baseline 0.014 -26"><span class='ocrx_word' id='word_1_507' title='bbox 2184 925 2414 997; x_wconf 86' lang='lat' dir='ltr'><strong>dragena</strong></span> <span class='ocrx_word' id='word_1_508' title='bbox 2440 945 2565 984; x_wconf 90' lang='lat' dir='ltr'><strong>vero</strong></span> <span class='ocrx_word' id='word_1_509' title='bbox 2598 933 2770 987; x_wconf 87' lang='lat' dir='ltr'><strong>cubita</strong></span> <span class='ocrx_word' id='word_1_510' title='bbox 2810 934 2861 987; x_wconf 91' lang='lat' dir='ltr'><strong>in</strong></span> <span class='ocrx_word' id='word_1_511' title='bbox 2888 936 3103 1006; x_wconf 89' lang='lat' dir='ltr'><strong>reliquis</strong></span> <span class='ocrx_word' id='word_1_512' title='bbox 3129 936 3333 995; x_wconf 91' lang='lat' dir='ltr'><strong>duobus</strong></span> <span class='ocrx_word' id='word_1_513' title='bbox 3359 939 3611 998; x_wconf 90' lang='lat' dir='ltr'><strong>lateribus</strong></span> <span class='ocrx_word' id='word_1_514' title='bbox 3631 944 3756 1002; x_wconf 76' lang='lat' dir='ltr'><strong>bre~</strong></span> 
     </span>
    </p>
   </div>
   <div class='ocr_carea' id='block_1_69' title="bbox 2182 1023 3757 1102">
    <p class='ocr_par' dir='ltr' id='par_1_69' title="bbox 2182 1023 3757 1102">
     <span class='ocr_line' id='line_1_69' title="bbox 2182 1023 3757 1102; baseline 0.011 -27"><span class='ocrx_word' id='word_1_515' title='bbox 2182 1023 2448 1091; x_wconf 82' lang='lat' dir='ltr'><strong>vioribus;</strong></span> <span class='ocrx_word' id='word_1_516' title='bbox 2477 1041 2582 1081; x_wconf 93' lang='lat' dir='ltr'><strong>uno</strong></span> <span class='ocrx_word' id='word_1_517' title='bbox 2618 1027 2907 1083; x_wconf 90' lang='lat' dir='ltr'><strong>occidentis</strong></span> <span class='ocrx_word' id='word_1_518' title='bbox 2937 1045 3031 1099; x_wconf 91' lang='lat' dir='ltr'><strong>per</strong></span> <span class='ocrx_word' id='word_1_519' title='bbox 3071 1032 3345 1087; x_wconf 91' lang='lat' dir='ltr'><strong>columnas</strong></span> <span class='ocrx_word' id='word_1_520' title='bbox 3389 1044 3543 1102; x_wconf 92' lang='lat' dir='ltr'><strong>octo;</strong></span> <span class='ocrx_word' id='word_1_521' title='bbox 3586 1037 3757 1094; x_wconf 87' lang='lat' dir='ltr'><strong>altero</strong></span> 
     </span>
    </p>
   </div>
   <div class='ocr_carea' id='block_1_70' title="bbox 2182 1114 3755 1189">
    <p class='ocr_par' dir='ltr' id='par_1_70' title="bbox 2182 1114 3755 1189">
     <span class='ocr_line' id='line_1_70' title="bbox 2182 1114 3755 1189; baseline 0.011 -22"><span class='ocrx_word' id='word_1_522' title='bbox 2182 1114 2420 1181; x_wconf 85' lang='lat' dir='ltr'><strong>orientis,</strong></span> <span class='ocrx_word' id='word_1_523' title='bbox 2454 1116 2540 1170; x_wconf 90' lang='lat' dir='ltr'><strong>ubi</strong></span> <span class='ocrx_word' id='word_1_524' title='bbox 2575 1118 2834 1174; x_wconf 80' lang='lat' dir='ltr'><strong>columna:</strong></span> <span class='ocrx_word' id='word_1_525' title='bbox 2870 1134 2975 1174; x_wconf 92' lang='lat' dir='ltr'><strong>non</strong></span> <span class='ocrx_word' id='word_1_526' title='bbox 3005 1131 3176 1189; x_wconf 89' lang='lat' dir='ltr'><strong>erant,</strong></span> <span class='ocrx_word' id='word_1_527' title='bbox 3203 1123 3295 1178; x_wconf 92' lang='lat' dir='ltr'><strong>sed</strong></span> <span class='ocrx_word' id='word_1_528' title='bbox 3323 1125 3435 1180; x_wconf 89' lang='lat' dir='ltr'><strong>sola</strong></span> <span class='ocrx_word' id='word_1_529' title='bbox 3468 1126 3755 1184; x_wconf 86' lang='lat' dir='ltr'><strong>tendeban-</strong></span> 
     </span>
    </p>
   </div>
   <div class='ocr_carea' id='block_1_71' title="bbox 2183 1205 3754 1284">
    <p class='ocr_par' dir='ltr' id='par_1_71' title="bbox 2183 1205 3754 1284">
     <span class='ocr_line' id='line_1_71' title="bbox 2183 1205 3754 1284; baseline 0.011 -27"><span class='ocrx_word' id='word_1_530' title='bbox 2183 1212 2268 1257; x_wconf 81' lang='lat' dir='ltr'><strong>tur</strong></span> <span class='ocrx_word' id='word_1_531' title='bbox 2295 1205 2460 1260; x_wconf 66' lang='lat' dir='ltr'><strong>aulaaa</strong></span> <span class='ocrx_word' id='word_1_532' title='bbox 2484 1206 2549 1261; x_wconf 91' lang='lat' dir='ltr'><strong>de</strong></span> <span class='ocrx_word' id='word_1_533' title='bbox 2577 1208 2706 1263; x_wconf 91' lang='lat' dir='ltr'><strong>solis</strong></span> <span class='ocrx_word' id='word_1_534' title='bbox 2734 1209 2939 1265; x_wconf 83' lang='lat' dir='ltr'><strong>duabus</strong></span> <span class='ocrx_word' id='word_1_535' title='bbox 2966 1213 3301 1282; x_wconf 71' lang='lat' dir='ltr'><strong>angularibus</strong></span> <span class='ocrx_word' id='word_1_536' title='bbox 3326 1216 3605 1284; x_wconf 89' lang='lat' dir='ltr'><strong>columnis,</strong></span> <span class='ocrx_word' id='word_1_537' title='bbox 3638 1236 3754 1275; x_wconf 86' lang='lat' dir='ltr'><strong>me-</strong></span> 
     </span>
    </p>
   </div>
   <div class='ocr_carea' id='block_1_72' title="bbox 2180 1293 3753 1380">
    <p class='ocr_par' dir='ltr' id='par_1_72' title="bbox 2180 1293 3753 1380">
     <span class='ocr_line' id='line_1_72' title="bbox 2180 1293 3753 1380; baseline 0.012 -33"><span class='ocrx_word' id='word_1_538' title='bbox 2180 1293 2281 1349; x_wconf 91' lang='lat' dir='ltr'><strong>diis</strong></span> <span class='ocrx_word' id='word_1_539' title='bbox 2300 1306 2475 1350; x_wconf 90' lang='lat' dir='ltr'><strong>autem</strong></span> <span class='ocrx_word' id='word_1_540' title='bbox 2506 1299 2661 1354; x_wconf 89' lang='lat' dir='ltr'><strong>nullis</strong></span> <span class='ocrx_word' id='word_1_541' title='bbox 2689 1317 2703 1353; x_wconf 88' lang='lat'><strong>:</strong></span> <span class='ocrx_word' id='word_1_542' title='bbox 2732 1309 2786 1355; x_wconf 92' lang='lat' dir='ltr'><strong>et</strong></span> <span class='ocrx_word' id='word_1_543' title='bbox 2808 1311 2960 1356; x_wconf 91' lang='lat' dir='ltr'><strong>erant</strong></span> <span class='ocrx_word' id='word_1_544' title='bbox 2987 1301 3101 1357; x_wconf 59' lang='lat' dir='ltr'><strong>haec</strong></span> <span class='ocrx_word' id='word_1_545' title='bbox 3123 1305 3289 1359; x_wconf 58' lang='lat' dir='ltr'><strong>aulaea</strong></span> <span class='ocrx_word' id='word_1_546' title='bbox 3314 1306 3501 1362; x_wconf 86' lang='lat' dir='ltr'><strong>decem</strong></span> <span class='ocrx_word' id='word_1_547' title='bbox 3526 1310 3593 1364; x_wconf 90' lang='lat' dir='ltr'><strong>de</strong></span> <span class='ocrx_word' id='word_1_548' title='bbox 3619 1326 3753 1380; x_wconf 82' lang='lat' dir='ltr'><strong>qua-</strong></span> 
     </span>
    </p>
   </div>
   <div class='ocr_carea' id='block_1_73' title="bbox 2182 1386 3750 1464">
    <p class='ocr_par' dir='ltr' id='par_1_73' title="bbox 2182 1386 3750 1464">
     <span class='ocr_line' id='line_1_73' title="bbox 2182 1386 3750 1464; baseline 0.013 -27"><span class='ocrx_word' id='word_1_549' title='bbox 2182 1394 2300 1439; x_wconf 89' lang='lat' dir='ltr'><strong>tuor</strong></span> <span class='ocrx_word' id='word_1_550' title='bbox 2321 1386 2586 1444; x_wconf 89' lang='lat' dir='ltr'><strong>coloribus</strong></span> <span class='ocrx_word' id='word_1_551' title='bbox 2612 1396 2772 1444; x_wconf 90' lang='lat' dir='ltr'><strong>texta.</strong></span> <span class='ocrx_word' id='word_1_552' title='bbox 2815 1391 2925 1446; x_wconf 81' lang='lat' dir='ltr'><strong>[loc</strong></span> <span class='ocrx_word' id='word_1_553' title='bbox 2952 1408 3079 1464; x_wconf 89' lang='lat' dir='ltr'><strong>ergo</strong></span> <span class='ocrx_word' id='word_1_554' title='bbox 3107 1395 3328 1451; x_wconf 90' lang='lat' dir='ltr'><strong>interius</strong></span> <span class='ocrx_word' id='word_1_555' title='bbox 3357 1399 3750 1456; x_wconf 84' lang='lat' dir='ltr'><strong>tabernaculum</strong></span> 
     </span>
    </p>
   </div>
   <div class='ocr_carea' id='block_1_74' title="bbox 2178 1476 3753 1557">
    <p class='ocr_par' dir='ltr' id='par_1_74' title="bbox 2178 1476 3753 1557">
     <span class='ocr_line' id='line_1_74' title="bbox 2178 1476 3753 1557; baseline 0.013 -28"><span class='ocrx_word' id='word_1_556' title='bbox 2178 1476 2601 1534; x_wconf 90' lang='lat' dir='ltr'><strong>circumdabatur</strong></span> <span class='ocrx_word' id='word_1_557' title='bbox 2630 1482 2768 1536; x_wconf 87' lang='lat' dir='ltr'><strong>atrio</strong></span> <span class='ocrx_word' id='word_1_558' title='bbox 2794 1483 2865 1537; x_wconf 87' lang='lat' dir='ltr'><strong>ab</strong></span> <span class='ocrx_word' id='word_1_559' title='bbox 2890 1496 3069 1540; x_wconf 87' lang='lat' dir='ltr'><strong>austro</strong></span> <span class='ocrx_word' id='word_1_560' title='bbox 3096 1487 3275 1556; x_wconf 83' lang='lat' dir='ltr'><strong>viginti</strong></span> <span class='ocrx_word' id='word_1_561' title='bbox 3302 1489 3581 1557; x_wconf 88' lang='lat' dir='ltr'><strong>columnis,</strong></span> <span class='ocrx_word' id='word_1_562' title='bbox 3603 1502 3657 1547; x_wconf 88' lang='lat' dir='ltr'><strong>et</strong></span> <span class='ocrx_word' id='word_1_563' title='bbox 3684 1495 3753 1550; x_wconf 88' lang='lat' dir='ltr'><strong>ab</strong></span> 
     </span>
    </p>
   </div>
   <div class='ocr_carea' id='block_1_75' title="bbox 2176 1569 3753 1651">
    <p class='ocr_par' dir='ltr' id='par_1_75' title="bbox 2176 1569 3753 1651">
     <span class='ocr_line' id='line_1_75' title="bbox 2176 1569 3753 1651; baseline 0.012 -30"><span class='ocrx_word' id='word_1_564' title='bbox 2176 1569 2426 1637; x_wconf 74' lang='lat' dir='ltr'><strong>aquilone</strong></span> <span class='ocrx_word' id='word_1_565' title='bbox 2452 1571 2655 1641; x_wconf 83' lang='lat' dir='ltr'><strong>viginti.</strong></span> <span class='ocrx_word' id='word_1_566' title='bbox 2683 1574 2813 1641; x_wconf 74' lang='lat' dir='ltr'><strong>Quae</strong></span> <span class='ocrx_word' id='word_1_567' title='bbox 2841 1575 2944 1630; x_wconf 91' lang='lat' dir='ltr'><strong>duo</strong></span> <span class='ocrx_word' id='word_1_568' title='bbox 2971 1578 3089 1631; x_wconf 90' lang='lat' dir='ltr'><strong>atrii</strong></span> <span class='ocrx_word' id='word_1_569' title='bbox 3116 1579 3279 1633; x_wconf 89' lang='lat' dir='ltr'><strong>latera</strong></span> <span class='ocrx_word' id='word_1_570' title='bbox 3303 1584 3560 1651; x_wconf 68' lang='lat' dir='ltr'><strong>mqualem</strong></span> <span class='ocrx_word' id='word_1_571' title='bbox 3587 1582 3753 1640; x_wconf 81' lang='lat' dir='ltr'><strong>habe-</strong></span> 
     </span>
    </p>
   </div>
   <div class='ocr_carea' id='block_1_76' title="bbox 2176 1656 3750 1732">
    <p class='ocr_par' dir='ltr' id='par_1_76' title="bbox 2176 1656 3750 1732">
     <span class='ocr_line' id='line_1_76' title="bbox 2176 1656 3750 1732; baseline 0.013 -21"><span class='ocrx_word' id='word_1_572' title='bbox 2176 1656 2305 1712; x_wconf 86' lang='lat' dir='ltr'><strong>bant</strong></span> <span class='ocrx_word' id='word_1_573' title='bbox 2331 1660 2710 1730; x_wconf 81' lang='lat' dir='ltr'><strong>longitudinem</strong></span> <span class='ocrx_word' id='word_1_574' title='bbox 2750 1680 2869 1720; x_wconf 90' lang='lat' dir='ltr'><strong>cum</strong></span> <span class='ocrx_word' id='word_1_575' title='bbox 2911 1668 3166 1725; x_wconf 86' lang='lat' dir='ltr'><strong>lateribus</strong></span> <span class='ocrx_word' id='word_1_576' title='bbox 3206 1671 3473 1728; x_wconf 90' lang='lat' dir='ltr'><strong>interioris</strong></span> <span class='ocrx_word' id='word_1_577' title='bbox 3502 1676 3750 1732; x_wconf 84' lang='lat' dir='ltr'><strong>taberna-</strong></span> 
     </span>
    </p>
   </div>
   <div class='ocr_carea' id='block_1_77' title="bbox 2175 1748 3752 1832">
    <p class='ocr_par' dir='ltr' id='par_1_77' title="bbox 2175 1748 3752 1832">
     <span class='ocr_line' id='line_1_77' title="bbox 2175 1748 3752 1832; baseline 0.012 -29"><span class='ocrx_word' id='word_1_578' title='bbox 2175 1748 2314 1814; x_wconf 90' lang='lat' dir='ltr'><strong>culi;</strong></span> <span class='ocrx_word' id='word_1_579' title='bbox 2358 1752 2478 1819; x_wconf 89' lang='lat' dir='ltr'><strong>quia</strong></span> <span class='ocrx_word' id='word_1_580' title='bbox 2514 1761 2569 1807; x_wconf 90' lang='lat' dir='ltr'><strong>et</strong></span> <span class='ocrx_word' id='word_1_581' title='bbox 2606 1753 2718 1824; x_wconf 89' lang='lat' dir='ltr'><strong>ipsa</strong></span> <span class='ocrx_word' id='word_1_582' title='bbox 2745 1755 2945 1811; x_wconf 88' lang='lat' dir='ltr'><strong>vicenis</strong></span> <span class='ocrx_word' id='word_1_583' title='bbox 2973 1758 3233 1814; x_wconf 91' lang='lat' dir='ltr'><strong>columnis</strong></span> <span class='ocrx_word' id='word_1_584' title='bbox 3268 1763 3671 1832; x_wconf 89' lang='lat' dir='ltr'><strong>porrigebantur</strong></span> <span class='ocrx_word' id='word_1_585' title='bbox 3696 1770 3752 1823; x_wconf 87' lang='lat' dir='ltr'><strong>in</strong></span> 
     </span>
    </p>
   </div>
   <div class='ocr_carea' id='block_1_78' title="bbox 2175 1839 3751 1913">
    <p class='ocr_par' dir='ltr' id='par_1_78' title="bbox 2175 1839 3751 1913">
     <span class='ocr_line' id='line_1_78' title="bbox 2175 1839 3751 1913; baseline 0.013 -19"><span class='ocrx_word' id='word_1_586' title='bbox 2175 1839 2364 1894; x_wconf 89' lang='lat' dir='ltr'><strong>cubitis</strong></span> <span class='ocrx_word' id='word_1_587' title='bbox 2392 1841 2628 1909; x_wconf 91' lang='lat' dir='ltr'><strong>totidem,</strong></span> <span class='ocrx_word' id='word_1_588' title='bbox 2660 1844 2712 1899; x_wconf 91' lang='lat' dir='ltr'><strong>id</strong></span> <span class='ocrx_word' id='word_1_589' title='bbox 2734 1855 2816 1900; x_wconf 91' lang='lat' dir='ltr'><strong>est</strong></span> <span class='ocrx_word' id='word_1_590' title='bbox 2835 1849 3094 1903; x_wconf 90' lang='lat' dir='ltr'><strong>centenis.</strong></span> <span class='ocrx_word' id='word_1_591' title='bbox 3117 1851 3160 1904; x_wconf 85' lang='lat' dir='ltr'><strong>A</strong></span> <span class='ocrx_word' id='word_1_592' title='bbox 3186 1852 3351 1907; x_wconf 89' lang='lat' dir='ltr'><strong>latere</strong></span> <span class='ocrx_word' id='word_1_593' title='bbox 3371 1862 3546 1909; x_wconf 90' lang='lat' dir='ltr'><strong>autem</strong></span> <span class='ocrx_word' id='word_1_594' title='bbox 3574 1858 3751 1913; x_wconf 82' lang='lat' dir='ltr'><strong>orien-</strong></span> 
     </span>
    </p>
   </div>
   <div class='ocr_carea' id='block_1_79' title="bbox 2176 1930 3748 2012">
    <p class='ocr_par' dir='ltr' id='par_1_79' title="bbox 2176 1930 3748 2012">
     <span class='ocr_line' id='line_1_79' title="bbox 2176 1930 3748 2012; baseline 0.013 -28"><span class='ocrx_word' id='word_1_595' title='bbox 2176 1930 2243 1984; x_wconf 89' lang='lat' dir='ltr'><strong>tis</strong></span> <span class='ocrx_word' id='word_1_596' title='bbox 2284 1935 2475 1986; x_wconf 88' lang='lat' dir='ltr'><strong>atrium</strong></span> <span class='ocrx_word' id='word_1_597' title='bbox 2525 1936 2937 1992; x_wconf 87' lang='lat' dir='ltr'><strong>concludebatur</strong></span> <span class='ocrx_word' id='word_1_598' title='bbox 2985 1941 3246 1998; x_wconf 90' lang='lat' dir='ltr'><strong>columnis</strong></span> <span class='ocrx_word' id='word_1_599' title='bbox 3292 1943 3508 2012; x_wconf 89' lang='lat' dir='ltr'><strong>decem,</strong></span> <span class='ocrx_word' id='word_1_600' title='bbox 3556 1948 3748 2005; x_wconf 89' lang='lat' dir='ltr'><strong>cubitis</strong></span> 
     </span>
    </p>
   </div>
   <div class='ocr_carea' id='block_1_80' title="bbox 2174 2023 3739 2107">
    <p class='ocr_par' dir='ltr' id='par_1_80' title="bbox 2174 2023 3739 2107">
     <span class='ocr_line' id='line_1_80' title="bbox 2174 2023 3739 2107; baseline 0.015 -34"><span class='ocrx_word' id='word_1_601' title='bbox 2174 2023 2551 2093; x_wconf 82' lang='lat' dir='ltr'><strong>quinquaginta</strong></span> <span class='ocrx_word' id='word_1_602' title='bbox 2574 2044 2593 2081; x_wconf 14' lang='lat' dir='ltr'><strong>:a</strong></span> <span class='ocrx_word' id='word_1_603' title='bbox 2616 2028 2705 2097; x_wconf 87' lang='lat' dir='ltr'><strong>qui</strong></span> <span class='ocrx_word' id='word_1_604' title='bbox 2742 2029 2873 2084; x_wconf 92' lang='lat' dir='ltr'><strong>ordo</strong></span> <span class='ocrx_word' id='word_1_605' title='bbox 2898 2031 3262 2089; x_wconf 86' lang='lat' dir='ltr'><strong>columnarum</strong></span> <span class='ocrx_word' id='word_1_606' title='bbox 3292 2047 3469 2092; x_wconf 88' lang='lat' dir='ltr'><strong>rectus</strong></span> <span class='ocrx_word' id='word_1_607' title='bbox 3510 2049 3644 2107; x_wconf 90' lang='lat' dir='ltr'><strong>erat,</strong></span> <span class='ocrx_word' id='word_1_608' title='bbox 3688 2053 3739 2097; x_wconf 86' lang='lat' dir='ltr'><strong>et</strong></span> 
     </span>
    </p>
   </div>
   <div class='ocr_carea' id='block_1_81' title="bbox 2174 2113 3747 2192">
    <p class='ocr_par' dir='ltr' id='par_1_81' title="bbox 2174 2113 3747 2192">
     <span class='ocr_line' id='line_1_81' title="bbox 2174 2113 3747 2192; baseline 0.012 -25"><span class='ocrx_word' id='word_1_609' title='bbox 2174 2113 2476 2171; x_wconf 89' lang='lat' dir='ltr'><strong>incurrebat</strong></span> <span class='ocrx_word' id='word_1_610' title='bbox 2504 2117 2554 2171; x_wconf 91' lang='lat' dir='ltr'><strong>in</strong></span> <span class='ocrx_word' id='word_1_611' title='bbox 2592 2119 2705 2173; x_wconf 88' lang='lat' dir='ltr'><strong>illas</strong></span> <span class='ocrx_word' id='word_1_612' title='bbox 2743 2119 2872 2175; x_wconf 91' lang='lat' dir='ltr'><strong>duas</strong></span> <span class='ocrx_word' id='word_1_613' title='bbox 2897 2124 3177 2192; x_wconf 87' lang='lat' dir='ltr'><strong>angulares</strong></span> <span class='ocrx_word' id='word_1_614' title='bbox 3209 2125 3475 2182; x_wconf 92' lang='lat' dir='ltr'><strong>interioris</strong></span> <span class='ocrx_word' id='word_1_615' title='bbox 3502 2129 3747 2186; x_wconf 65' lang='lat' dir='ltr'><strong>taberna.</strong></span> 
     </span>
    </p>
   </div>
   <div class='ocr_carea' id='block_1_82' title="bbox 2173 2205 3748 2289">
    <p class='ocr_par' dir='ltr' id='par_1_82' title="bbox 2173 2205 3748 2289">
     <span class='ocr_line' id='line_1_82' title="bbox 2173 2205 3748 2289; baseline 0.013 -29"><span class='ocrx_word' id='word_1_616' title='bbox 2173 2205 2293 2269; x_wconf 91' lang='lat' dir='ltr'><strong>culi,</strong></span> <span class='ocrx_word' id='word_1_617' title='bbox 2327 2222 2458 2276; x_wconf 89' lang='lat' dir='ltr'><strong>quas</strong></span> <span class='ocrx_word' id='word_1_618' title='bbox 2485 2210 2623 2264; x_wconf 91' lang='lat' dir='ltr'><strong>solas</strong></span> <span class='ocrx_word' id='word_1_619' title='bbox 2666 2212 2883 2268; x_wconf 87' lang='lat' dir='ltr'><strong>orientis</strong></span> <span class='ocrx_word' id='word_1_620' title='bbox 2920 2230 3040 2282; x_wconf 89' lang='lat' dir='ltr'><strong>pars</strong></span> <span class='ocrx_word' id='word_1_621' title='bbox 3067 2215 3324 2281; x_wconf 86' lang='lat' dir='ltr'><strong>habebat;</strong></span> <span class='ocrx_word' id='word_1_622' title='bbox 3370 2221 3590 2289; x_wconf 88' lang='lat' dir='ltr'><strong>proinde</strong></span> <span class='ocrx_word' id='word_1_623' title='bbox 3627 2238 3748 2279; x_wconf 90' lang='lat' dir='ltr'><strong>cum</strong></span> 
     </span>
    </p>
   </div>
   <div class='ocr_carea' id='block_1_83' title="bbox 2172 2297 3750 2373">
    <p class='ocr_par' dir='ltr' id='par_1_83' title="bbox 2172 2297 3750 2373">
     <span class='ocr_line' id='line_1_83' title="bbox 2172 2297 3750 2373; baseline 0.013 -23"><span class='ocrx_word' id='word_1_624' title='bbox 2172 2297 2302 2365; x_wconf 91' lang='lat' dir='ltr'><strong>ipsis</strong></span> <span class='ocrx_word' id='word_1_625' title='bbox 2330 2300 2731 2368; x_wconf 87' lang='lat' dir='ltr'><strong>complebantur</strong></span> <span class='ocrx_word' id='word_1_626' title='bbox 2755 2303 2961 2359; x_wconf 90' lang='lat' dir='ltr'><strong>decem.</strong></span> <span class='ocrx_word' id='word_1_627' title='bbox 3002 2307 3044 2360; x_wconf 84' lang='lat' dir='ltr'><strong>A</strong></span> <span class='ocrx_word' id='word_1_628' title='bbox 3076 2307 3239 2363; x_wconf 89' lang='lat' dir='ltr'><strong>latere</strong></span> <span class='ocrx_word' id='word_1_629' title='bbox 3262 2320 3435 2366; x_wconf 87' lang='lat' dir='ltr'><strong>autem</strong></span> <span class='ocrx_word' id='word_1_630' title='bbox 3460 2314 3750 2373; x_wconf 89' lang='lat' dir='ltr'><strong>occidentis</strong></span> 
     </span>
    </p>
   </div>
   <div class='ocr_carea' id='block_1_84' title="bbox 2173 2386 3745 2468">
    <p class='ocr_par' dir='ltr' id='par_1_84' title="bbox 2173 2386 3745 2468">
     <span class='ocr_line' id='line_1_84' title="bbox 2173 2386 3745 2468; baseline 0.013 -28"><span class='ocrx_word' id='word_1_631' title='bbox 2173 2386 2393 2443; x_wconf 88' lang='lat' dir='ltr'><strong>habebat</strong></span> <span class='ocrx_word' id='word_1_632' title='bbox 2418 2391 2627 2460; x_wconf 88' lang='lat' dir='ltr'><strong>quidem</strong></span> <span class='ocrx_word' id='word_1_633' title='bbox 2659 2394 2850 2449; x_wconf 90' lang='lat' dir='ltr'><strong>atrium</strong></span> <span class='ocrx_word' id='word_1_634' title='bbox 2875 2395 3057 2451; x_wconf 89' lang='lat' dir='ltr'><strong>decem</strong></span> <span class='ocrx_word' id='word_1_635' title='bbox 3088 2399 3393 2468; x_wconf 89' lang='lat' dir='ltr'><strong>columnas,</strong></span> <span class='ocrx_word' id='word_1_636' title='bbox 3433 2418 3539 2457; x_wconf 90' lang='lat' dir='ltr'><strong>non</strong></span> <span class='ocrx_word' id='word_1_637' title='bbox 3571 2413 3745 2462; x_wconf 90' lang='lat' dir='ltr'><strong>tamen</strong></span> 
     </span>
    </p>
   </div>
   <div class='ocr_carea' id='block_1_85' title="bbox 2172 2482 3755 2564">
    <p class='ocr_par' dir='ltr' id='par_1_85' title="bbox 2172 2482 3755 2564">
     <span class='ocr_line' id='line_1_85' title="bbox 2172 2482 3755 2564; baseline 0.012 -31"><span class='ocrx_word' id='word_1_638' title='bbox 2172 2490 2317 2535; x_wconf 89' lang='lat' dir='ltr'><strong>recto</strong></span> <span class='ocrx_word' id='word_1_639' title='bbox 2338 2482 2543 2549; x_wconf 91' lang='lat' dir='ltr'><strong>ordine,</strong></span> <span class='ocrx_word' id='word_1_640' title='bbox 2574 2484 2668 2539; x_wconf 88' lang='lat' dir='ltr'><strong>sed</strong></span> <span class='ocrx_word' id='word_1_641' title='bbox 2704 2486 2841 2540; x_wconf 91' lang='lat' dir='ltr'><strong>sicut</strong></span> <span class='ocrx_word' id='word_1_642' title='bbox 2864 2487 2971 2556; x_wconf 84' lang='lat' dir='ltr'><strong>jam</strong></span> <span class='ocrx_word' id='word_1_643' title='bbox 3001 2490 3349 2559; x_wconf 89' lang='lat' dir='ltr'><strong>ostendimus,</strong></span> <span class='ocrx_word' id='word_1_644' title='bbox 3377 2502 3623 2564; x_wconf 85' lang='lat' dir='ltr'><strong>tanquam</strong></span> <span class='ocrx_word' id='word_1_645' title='bbox 3654 2498 3755 2554; x_wconf 83' lang='lat' dir='ltr'><strong>tri-.</strong></span> 
     </span>
    </p>
   </div>
   <div class='ocr_carea' id='block_1_86' title="bbox 2173 2573 3600 2646">
    <p class='ocr_par' dir='ltr' id='par_1_86' title="bbox 2173 2573 3600 2646">
     <span class='ocr_line' id='line_1_86' title="bbox 2173 2573 3600 2646; baseline 0.011 -23"><span class='ocrx_word' id='word_1_646' title='bbox 2173 2573 2449 2640; x_wconf 90' lang='lat' dir='ltr'><strong>porticum,</strong></span> <span class='ocrx_word' id='word_1_647' title='bbox 2481 2582 2704 2643; x_wconf 89' lang='lat' dir='ltr'><strong>quatuor</strong></span> <span class='ocrx_word' id='word_1_648' title='bbox 2732 2591 2761 2628; x_wconf 88' lang='lat' dir='ltr'><strong>a</strong></span> <span class='ocrx_word' id='word_1_649' title='bbox 2793 2586 2963 2646; x_wconf 91' lang='lat' dir='ltr'><strong>porta,</strong></span> <span class='ocrx_word' id='word_1_650' title='bbox 2994 2587 3048 2633; x_wconf 92' lang='lat' dir='ltr'><strong>et</strong></span> <span class='ocrx_word' id='word_1_651' title='bbox 3075 2587 3251 2635; x_wconf 84' lang='lat' dir='ltr'><strong>ternas</strong></span> <span class='ocrx_word' id='word_1_652' title='bbox 3274 2597 3303 2635; x_wconf 89' lang='lat' dir='ltr'><strong>a</strong></span> <span class='ocrx_word' id='word_1_653' title='bbox 3331 2582 3600 2639; x_wconf 90' lang='lat' dir='ltr'><strong>lateribus.</strong></span> 
     </span>
    </p>
   </div>
   <div class='ocr_carea' id='block_1_87' title="bbox 2239 2660 3744 2732">
    <p class='ocr_par' dir='ltr' id='par_1_87' title="bbox 2239 2660 3744 2732">
     <span class='ocr_line' id='line_1_87' title="bbox 2239 2660 3744 2732; baseline 0.013 -19"><span class='ocrx_word' id='word_1_654' title='bbox 2239 2660 2328 2714; x_wconf 74' lang='lat'><strong>9.2.</strong></span> <span class='ocrx_word' id='word_1_655' title='bbox 2365 2661 2678 2718; x_wconf 87' lang='lat' dir='ltr'><strong>Universum</strong></span> <span class='ocrx_word' id='word_1_656' title='bbox 2708 2676 2883 2721; x_wconf 89' lang='lat' dir='ltr'><strong>autem</strong></span> <span class='ocrx_word' id='word_1_657' title='bbox 2918 2670 3109 2723; x_wconf 82' lang='lat' dir='ltr'><strong>atrium</strong></span> <span class='ocrx_word' id='word_1_658' title='bbox 3150 2670 3200 2725; x_wconf 87' lang='lat' dir='ltr'><strong>in</strong></span> <span class='ocrx_word' id='word_1_659' title='bbox 3241 2672 3462 2731; x_wconf 87' lang='lat' dir='ltr'><strong>circuitu</strong></span> <span class='ocrx_word' id='word_1_660' title='bbox 3501 2675 3744 2732; x_wconf 86' lang='lat' dir='ltr'><strong>taberna-</strong></span> 
     </span>
    </p>
   </div>
   <div class='ocr_carea' id='block_1_88' title="bbox 2170 2752 3752 2836">
    <p class='ocr_par' dir='ltr' id='par_1_88' title="bbox 2170 2752 3752 2836">
     <span class='ocr_line' id='line_1_88' title="bbox 2170 2752 3752 2836; baseline 0.013 -32"><span class='ocrx_word' id='word_1_661' title='bbox 2170 2752 2270 2805; x_wconf 91' lang='lat' dir='ltr'><strong>culi</strong></span> <span class='ocrx_word' id='word_1_662' title='bbox 2303 2755 2544 2808; x_wconf 87' lang='lat' dir='ltr'><strong>tentoriis</strong></span> <span class='ocrx_word' id='word_1_663' title='bbox 2589 2756 2819 2827; x_wconf 87' lang='lat' dir='ltr'><strong>byssinis</strong></span> <span class='ocrx_word' id='word_1_664' title='bbox 2866 2760 3211 2829; x_wconf 88' lang='lat' dir='ltr'><strong>cingebatur,</strong></span> <span class='ocrx_word' id='word_1_665' title='bbox 3262 2778 3383 2833; x_wconf 68' lang='lat' dir='ltr'><strong>qua:</strong></span> <span class='ocrx_word' id='word_1_666' title='bbox 3406 2765 3752 2836; x_wconf 85' lang='lat' dir='ltr'><strong>erigebantur-</strong></span> 
     </span>
    </p>
   </div>
   <div class='ocr_carea' id='block_1_89' title="bbox 2170 2842 3756 2926">
    <p class='ocr_par' dir='ltr' id='par_1_89' title="bbox 2170 2842 3756 2926">
     <span class='ocr_line' id='line_1_89' title="bbox 2170 2842 3756 2926; baseline 0.013 -31"><span class='ocrx_word' id='word_1_667' title='bbox 2170 2842 2360 2896; x_wconf 84' lang='lat' dir='ltr'><strong>cubitis</strong></span> <span class='ocrx_word' id='word_1_668' title='bbox 2390 2845 2663 2914; x_wconf 90' lang='lat' dir='ltr'><strong>quinque:</strong></span> <span class='ocrx_word' id='word_1_669' title='bbox 2702 2848 2783 2902; x_wconf 91' lang='lat' dir='ltr'><strong>his</strong></span> <span class='ocrx_word' id='word_1_670' title='bbox 2827 2851 3274 2918; x_wconf 87' lang='lat' dir='ltr'><strong>supervenicbant</strong></span> <span class='ocrx_word' id='word_1_671' title='bbox 3313 2856 3427 2909; x_wconf 89' lang='lat' dir='ltr'><strong>vela</strong></span> <span class='ocrx_word' id='word_1_672' title='bbox 3468 2858 3756 2926; x_wconf 81' lang='lat' dir='ltr'><strong>capillacia.</strong></span> 
     </span>
    </p>
   </div>
   <div class='ocr_carea' id='block_1_90' title="bbox 2169 2932 3741 3015">
    <p class='ocr_par' dir='ltr' id='par_1_90' title="bbox 2169 2932 3741 3015">
     <span class='ocr_line' id='line_1_90' title="bbox 2169 2932 3741 3015; baseline 0.014 -30"><span class='ocrx_word' id='word_1_673' title='bbox 2169 2932 2445 2999; x_wconf 89' lang='lat' dir='ltr'><strong>undecim,</strong></span> <span class='ocrx_word' id='word_1_674' title='bbox 2477 2950 2540 2989; x_wconf 82' lang='lat' dir='ltr'><strong>ex</strong></span> <span class='ocrx_word' id='word_1_675' title='bbox 2573 2951 2673 2989; x_wconf 92' lang='lat' dir='ltr'><strong>una</strong></span> <span class='ocrx_word' id='word_1_676' title='bbox 2705 2948 2851 3005; x_wconf 90' lang='lat' dir='ltr'><strong>parte</strong></span> <span class='ocrx_word' id='word_1_677' title='bbox 2881 2941 3113 3011; x_wconf 88' lang='lat' dir='ltr'><strong>quinque</strong></span> <span class='ocrx_word' id='word_1_678' title='bbox 3134 2943 3347 3000; x_wconf 92' lang='lat' dir='ltr'><strong>sibimet</strong></span> <span class='ocrx_word' id='word_1_679' title='bbox 3375 2960 3611 3003; x_wconf 82' lang='lat' dir='ltr'><strong>connexa</strong></span> <span class='ocrx_word' id='word_1_680' title='bbox 3632 2992 3647 3015; x_wconf 92' lang='lat'><strong>,</strong></span> <span class='ocrx_word' id='word_1_681' title='bbox 3673 2967 3741 3006; x_wconf 87' lang='lat' dir='ltr'><strong>ex</strong></span> 
     </span>
    </p>
   </div>
   <div class='ocr_carea' id='block_1_91' title="bbox 2167 3020 3745 3104">
    <p class='ocr_par' dir='ltr' id='par_1_91' title="bbox 2167 3020 3745 3104">
     <span class='ocr_line' id='line_1_91' title="bbox 2167 3020 3745 3104; baseline 0.013 -31"><span class='ocrx_word' id='word_1_682' title='bbox 2167 3020 2268 3073; x_wconf 90' lang='lat' dir='ltr'><strong>alia</strong></span> <span class='ocrx_word' id='word_1_683' title='bbox 2291 3037 2405 3075; x_wconf 85' lang='lat' dir='ltr'><strong>sex.</strong></span> <span class='ocrx_word' id='word_1_684' title='bbox 2440 3022 2495 3076; x_wconf 89' lang='lat' dir='ltr'><strong>ln</strong></span> <span class='ocrx_word' id='word_1_685' title='bbox 2525 3026 2855 3082; x_wconf 80' lang='lat' dir='ltr'><strong>connexione</strong></span> <span class='ocrx_word' id='word_1_686' title='bbox 2877 3045 3003 3098; x_wconf 89' lang='lat' dir='ltr'><strong>ergo</strong></span> <span class='ocrx_word' id='word_1_687' title='bbox 3030 3032 3262 3102; x_wconf 91' lang='lat' dir='ltr'><strong>quinque</strong></span> <span class='ocrx_word' id='word_1_688' title='bbox 3280 3035 3535 3103; x_wconf 86' lang='lat' dir='ltr'><strong>velorum,</strong></span> <span class='ocrx_word' id='word_1_689' title='bbox 3565 3039 3745 3104; x_wconf 76' lang='lat' dir='ltr'><strong>cubita</strong></span> 
     </span>
    </p>
   </div>
   <div class='ocr_carea' id='block_1_92' title="bbox 2166 3119 3749 3200">
    <p class='ocr_par' dir='ltr' id='par_1_92' title="bbox 2166 3119 3749 3200">
     <span class='ocr_line' id='line_1_92' title="bbox 2166 3119 3749 3200; baseline 0.013 -33"><span class='ocrx_word' id='word_1_690' title='bbox 2166 3123 2319 3167; x_wconf 84' lang='lat' dir='ltr'><strong>erant</strong></span> <span class='ocrx_word' id='word_1_691' title='bbox 2360 3124 2572 3169; x_wconf 87' lang='lat' dir='ltr'><strong>centum</strong></span> <span class='ocrx_word' id='word_1_692' title='bbox 2624 3119 3041 3189; x_wconf 88' lang='lat' dir='ltr'><strong>quinquaginta;</strong></span> <span class='ocrx_word' id='word_1_693' title='bbox 3083 3138 3146 3178; x_wconf 87' lang='lat' dir='ltr'><strong>ex</strong></span> <span class='ocrx_word' id='word_1_694' title='bbox 3177 3125 3299 3180; x_wconf 90' lang='lat' dir='ltr'><strong>alia.</strong></span> <span class='ocrx_word' id='word_1_695' title='bbox 3328 3143 3456 3183; x_wconf 91' lang='lat' dir='ltr'><strong>vero</strong></span> <span class='ocrx_word' id='word_1_696' title='bbox 3500 3140 3653 3200; x_wconf 82' lang='lat' dir='ltr'><strong>parte</strong></span> <span class='ocrx_word' id='word_1_697' title='bbox 3684 3132 3749 3187; x_wconf 79' lang='lat' dir='ltr'><strong>in</strong></span> 
     </span>
    </p>
   </div>
   <div class='ocr_carea' id='block_1_93' title="bbox 2166 3204 3741 3279">
    <p class='ocr_par' dir='ltr' id='par_1_93' title="bbox 2166 3204 3741 3279">
     <span class='ocr_line' id='line_1_93' title="bbox 2166 3204 3741 3279; baseline 0.014 -24"><span class='ocrx_word' id='word_1_698' title='bbox 2166 3204 2498 3259; x_wconf 84' lang='lat' dir='ltr'><strong>connexione</strong></span> <span class='ocrx_word' id='word_1_699' title='bbox 2524 3222 2618 3261; x_wconf 86' lang='lat' dir='ltr'><strong>sex</strong></span> <span class='ocrx_word' id='word_1_700' title='bbox 2656 3209 2889 3263; x_wconf 86' lang='lat' dir='ltr'><strong>velorum</strong></span> <span class='ocrx_word' id='word_1_701' title='bbox 2914 3253 2928 3276; x_wconf 91' lang='lat'><strong>,</strong></span> <span class='ocrx_word' id='word_1_702' title='bbox 2957 3212 3131 3266; x_wconf 89' lang='lat' dir='ltr'><strong>cubita</strong></span> <span class='ocrx_word' id='word_1_703' title='bbox 3162 3225 3315 3270; x_wconf 84' lang='lat' dir='ltr'><strong>erant</strong></span> <span class='ocrx_word' id='word_1_704' title='bbox 3341 3228 3550 3279; x_wconf 88' lang='lat' dir='ltr'><strong>centum</strong></span> <span class='ocrx_word' id='word_1_705' title='bbox 3590 3230 3741 3277; x_wconf 42' lang='lat' dir='ltr'><strong>octo?</strong></span> 
     </span>
    </p>
   </div>
   <div class='ocr_carea' id='block_1_94' title="bbox 2164 3294 3739 3372">
    <p class='ocr_par' dir='ltr' id='par_1_94' title="bbox 2164 3294 3739 3372">
     <span class='ocr_line' id='line_1_94' title="bbox 2164 3294 3739 3372; baseline 0.015 -27"><span class='ocrx_word' id='word_1_706' title='bbox 2164 3294 2305 3361; x_wconf 89' lang='lat' dir='ltr'><strong>ginta</strong></span> <span class='ocrx_word' id='word_1_707' title='bbox 2337 3312 2349 3348; x_wconf 93' lang='lat'><strong>:</strong></span> <span class='ocrx_word' id='word_1_708' title='bbox 2379 3297 2628 3364; x_wconf 90' lang='lat' dir='ltr'><strong>quoniam</strong></span> <span class='ocrx_word' id='word_1_709' title='bbox 2658 3300 2772 3353; x_wconf 84' lang='lat' dir='ltr'><strong>vela</strong></span> <span class='ocrx_word' id='word_1_710' title='bbox 2812 3301 3014 3372; x_wconf 89' lang='lat' dir='ltr'><strong>singula</strong></span> <span class='ocrx_word' id='word_1_711' title='bbox 3047 3305 3370 3361; x_wconf 89' lang='lat' dir='ltr'><strong>tricenorum</strong></span> <span class='ocrx_word' id='word_1_712' title='bbox 3404 3309 3617 3366; x_wconf 86' lang='lat' dir='ltr'><strong>fuerunt</strong></span> <span class='ocrx_word' id='word_1_713' title='bbox 3639 3328 3739 3367; x_wconf 83' lang='lat' dir='ltr'><strong>cu-</strong></span> 
     </span>
    </p>
   </div>
   <div class='ocr_carea' id='block_1_95' title="bbox 2164 3385 3740 3476">
    <p class='ocr_par' dir='ltr' id='par_1_95' title="bbox 2164 3385 3740 3476">
     <span class='ocr_line' id='line_1_95' title="bbox 2164 3385 3740 3476; baseline 0.014 -37"><span class='ocrx_word' id='word_1_714' title='bbox 2164 3385 2413 3443; x_wconf 89' lang='lat' dir='ltr'><strong>bitorum.</strong></span> <span class='ocrx_word' id='word_1_715' title='bbox 2447 3389 2551 3444; x_wconf 88' lang='lat' dir='ltr'><strong>Sed</strong></span> <span class='ocrx_word' id='word_1_716' title='bbox 2589 3399 2645 3445; x_wconf 94' lang='lat' dir='ltr'><strong>ut</strong></span> <span class='ocrx_word' id='word_1_717' title='bbox 2669 3392 2769 3446; x_wconf 89' lang='lat' dir='ltr'><strong>alia</strong></span> <span class='ocrx_word' id='word_1_718' title='bbox 2800 3408 2923 3461; x_wconf 90' lang='lat' dir='ltr'><strong>pars</strong></span> <span class='ocrx_word' id='word_1_719' title='bbox 2953 3396 3104 3452; x_wconf 91' lang='lat' dir='ltr'><strong>alteri</strong></span> <span class='ocrx_word' id='word_1_720' title='bbox 3131 3412 3523 3472; x_wconf 72' lang='lat' dir='ltr'><strong>comquaretnr,</strong></span> <span class='ocrx_word' id='word_1_721' title='bbox 3566 3406 3740 3476; x_wconf 85' lang='lat' dir='ltr'><strong>dupli-</strong></span> 
     </span>
    </p>
   </div>
   <div class='ocr_carea' id='block_1_96' title="bbox 2163 3482 3738 3560">
    <p class='ocr_par' dir='ltr' id='par_1_96' title="bbox 2163 3482 3738 3560">
     <span class='ocr_line' id='line_1_96' title="bbox 2163 3482 3738 3560; baseline 0.015 -31"><span class='ocrx_word' id='word_1_722' title='bbox 2163 3485 2334 3530; x_wconf 87' lang='lat' dir='ltr'><strong>catum</strong></span> <span class='ocrx_word' id='word_1_723' title='bbox 2357 3487 2439 3533; x_wconf 90' lang='lat' dir='ltr'><strong>est</strong></span> <span class='ocrx_word' id='word_1_724' title='bbox 2464 3496 2624 3534; x_wconf 91' lang='lat' dir='ltr'><strong>unum</strong></span> <span class='ocrx_word' id='word_1_725' title='bbox 2663 3482 2836 3537; x_wconf 90' lang='lat' dir='ltr'><strong>velum</strong></span> <span class='ocrx_word' id='word_1_726' title='bbox 2866 3498 2896 3537; x_wconf 90' lang='lat' dir='ltr'><strong>a</strong></span> <span class='ocrx_word' id='word_1_727' title='bbox 2929 3484 3060 3541; x_wconf 90' lang='lat' dir='ltr'><strong>facie</strong></span> <span class='ocrx_word' id='word_1_728' title='bbox 3089 3488 3440 3560; x_wconf 90' lang='lat' dir='ltr'><strong>tabernaculi,</strong></span> <span class='ocrx_word' id='word_1_729' title='bbox 3473 3494 3525 3548; x_wconf 90' lang='lat' dir='ltr'><strong>id</strong></span> <span class='ocrx_word' id='word_1_730' title='bbox 3548 3505 3630 3550; x_wconf 89' lang='lat' dir='ltr'><strong>est</strong></span> <span class='ocrx_word' id='word_1_731' title='bbox 3669 3496 3738 3551; x_wconf 88' lang='lat' dir='ltr'><strong>ab</strong></span> 
     </span>
    </p>
   </div>
   <div class='ocr_carea' id='block_1_97' title="bbox 2162 3567 3735 3658">
    <p class='ocr_par' dir='ltr' id='par_1_97' title="bbox 2162 3567 3735 3658">
     <span class='ocr_line' id='line_1_97' title="bbox 2162 3567 3735 3658; baseline 0.017 -39"><span class='ocrx_word' id='word_1_732' title='bbox 2162 3567 2402 3633; x_wconf 80' lang='lat' dir='ltr'><strong>oriente;</strong></span> <span class='ocrx_word' id='word_1_733' title='bbox 2433 3578 2486 3625; x_wconf 88' lang='lat' dir='ltr'><strong>et</strong></span> <span class='ocrx_word' id='word_1_734' title='bbox 2528 3572 2824 3629; x_wconf 89' lang='lat' dir='ltr'><strong>subteclum</strong></span> <span class='ocrx_word' id='word_1_735' title='bbox 2854 3586 2937 3630; x_wconf 90' lang='lat' dir='ltr'><strong>est</strong></span> <span class='ocrx_word' id='word_1_736' title='bbox 2987 3577 3263 3636; x_wconf 90' lang='lat' dir='ltr'><strong>dimidium</strong></span> <span class='ocrx_word' id='word_1_737' title='bbox 3315 3586 3493 3640; x_wconf 89' lang='lat' dir='ltr'><strong>velum</strong></span> <span class='ocrx_word' id='word_1_738' title='bbox 3520 3602 3550 3641; x_wconf 91' lang='lat' dir='ltr'><strong>a</strong></span> <span class='ocrx_word' id='word_1_739' title='bbox 3583 3598 3735 3658; x_wconf 89' lang='lat' dir='ltr'><strong>parte</strong></span> 
     </span>
    </p>
   </div>
   <div class='ocr_carea' id='block_1_98' title="bbox 2161 3659 3734 3742">
    <p class='ocr_par' dir='ltr' id='par_1_98' title="bbox 2161 3659 3734 3742">
     <span class='ocr_line' id='line_1_98' title="bbox 2161 3659 3734 3742; baseline 0.016 -32"><span class='ocrx_word' id='word_1_740' title='bbox 2161 3659 2457 3726; x_wconf 89' lang='lat' dir='ltr'><strong>posteriore</strong></span> <span class='ocrx_word' id='word_1_741' title='bbox 2476 3702 2490 3725; x_wconf 97' lang='lat'><strong>,</strong></span> <span class='ocrx_word' id='word_1_742' title='bbox 2522 3662 2574 3716; x_wconf 92' lang='lat' dir='ltr'><strong>id</strong></span> <span class='ocrx_word' id='word_1_743' title='bbox 2599 3673 2681 3717; x_wconf 90' lang='lat' dir='ltr'><strong>est</strong></span> <span class='ocrx_word' id='word_1_744' title='bbox 2711 3665 2780 3720; x_wconf 90' lang='lat' dir='ltr'><strong>ab</strong></span> <span class='ocrx_word' id='word_1_745' title='bbox 2822 3667 3135 3725; x_wconf 87' lang='lat' dir='ltr'><strong>occidente:</strong></span> <span class='ocrx_word' id='word_1_746' title='bbox 3167 3682 3326 3742; x_wconf 90' lang='lat' dir='ltr'><strong>atque</strong></span> <span class='ocrx_word' id='word_1_747' title='bbox 3356 3675 3425 3729; x_wconf 91' lang='lat' dir='ltr'><strong>ita</strong></span> <span class='ocrx_word' id='word_1_748' title='bbox 3465 3679 3734 3735; x_wconf 84' lang='lat' dir='ltr'><strong>subtracta</strong></span> 
     </span>
    </p>
   </div>
   <div class='ocr_carea' id='block_1_99' title="bbox 2160 3751 3749 3840">
    <p class='ocr_par' dir='ltr' id='par_1_99' title="bbox 2160 3751 3749 3840">
     <span class='ocr_line' id='line_1_99' title="bbox 2160 3751 3749 3840; baseline 0.017 -39"><span class='ocrx_word' id='word_1_749' title='bbox 2160 3757 2285 3803; x_wconf 93' lang='lat' dir='ltr'><strong>sunt</strong></span> <span class='ocrx_word' id='word_1_750' title='bbox 2308 3751 2483 3807; x_wconf 89' lang='lat' dir='ltr'><strong>cubita</strong></span> <span class='ocrx_word' id='word_1_751' title='bbox 2512 3753 2743 3824; x_wconf 85' lang='lat' dir='ltr'><strong>triginta,</strong></span> <span class='ocrx_word' id='word_1_752' title='bbox 2766 3768 2960 3827; x_wconf 88' lang='lat' dir='ltr'><strong>quanta</strong></span> <span class='ocrx_word' id='word_1_753' title='bbox 2989 3771 3104 3816; x_wconf 89' lang='lat' dir='ltr'><strong>erat</strong></span> <span class='ocrx_word' id='word_1_754' title='bbox 3125 3765 3224 3819; x_wconf 86' lang='lat' dir='ltr'><strong>veli</strong></span> <span class='ocrx_word' id='word_1_755' title='bbox 3252 3766 3406 3822; x_wconf 86' lang='lat' dir='ltr'><strong>unius</strong></span> <span class='ocrx_word' id='word_1_756' title='bbox 3431 3768 3749 3840; x_wconf 82' lang='lat' dir='ltr'><strong>longitudo;-</strong></span> 
     </span>
    </p>
   </div>
   <div class='ocr_carea' id='block_1_100' title="bbox 2159 3848 3731 3928">
    <p class='ocr_par' dir='ltr' id='par_1_100' title="bbox 2159 3848 3731 3928">
     <span class='ocr_line' id='line_1_100' title="bbox 2159 3848 3731 3928; baseline 0.017 -36"><span class='ocrx_word' id='word_1_757' title='bbox 2159 3848 2212 3893; x_wconf 91' lang='lat' dir='ltr'><strong>et</strong></span> <span class='ocrx_word' id='word_1_758' title='bbox 2243 3853 2612 3899; x_wconf 88' lang='lat' dir='ltr'><strong>remanserunt</strong></span> <span class='ocrx_word' id='word_1_759' title='bbox 2640 3856 2853 3902; x_wconf 89' lang='lat' dir='ltr'><strong>centum</strong></span> <span class='ocrx_word' id='word_1_760' title='bbox 2884 3852 3289 3924; x_wconf 86' lang='lat' dir='ltr'><strong>quinquaginta,</strong></span> <span class='ocrx_word' id='word_1_761' title='bbox 3319 3868 3445 3928; x_wconf 86' lang='lat' dir='ltr'><strong>quot</strong></span> <span class='ocrx_word' id='word_1_762' title='bbox 3469 3862 3626 3916; x_wconf 89' lang='lat' dir='ltr'><strong>etiam</strong></span> <span class='ocrx_word' id='word_1_763' title='bbox 3665 3880 3731 3920; x_wconf 83' lang='lat' dir='ltr'><strong>ex</strong></span> 
     </span>
    </p>
   </div>
   <div class='ocr_carea' id='block_1_101' title="bbox 2158 3932 3734 4023">
    <p class='ocr_par' dir='ltr' id='par_1_101' title="bbox 2158 3932 3734 4023">
     <span class='ocr_line' id='line_1_101' title="bbox 2158 3932 3734 4023; baseline 0.015 -41"><span class='ocrx_word' id='word_1_764' title='bbox 2158 3939 2307 4000; x_wconf 83' lang='lat' dir='ltr'><strong>parte</strong></span> <span class='ocrx_word' id='word_1_765' title='bbox 2336 3932 2500 3989; x_wconf 88' lang='lat' dir='ltr'><strong>altera</strong></span> <span class='ocrx_word' id='word_1_766' title='bbox 2528 3935 2755 3991; x_wconf 87' lang='lat' dir='ltr'><strong>fuerunt.</strong></span> <span class='ocrx_word' id='word_1_767' title='bbox 2803 3939 3069 3998; x_wconf 89' lang='lat' dir='ltr'><strong>Circuitus</strong></span> <span class='ocrx_word' id='word_1_768' title='bbox 3095 3944 3271 4015; x_wconf 89' lang='lat' dir='ltr'><strong>itaque</strong></span> <span class='ocrx_word' id='word_1_769' title='bbox 3296 3949 3533 4006; x_wconf 85' lang='lat' dir='ltr'><strong>velorum</strong></span> <span class='ocrx_word' id='word_1_770' title='bbox 3565 3954 3734 4023; x_wconf 82' lang='lat' dir='ltr'><strong>capil-</strong></span> 
     </span>
    </p>
   </div>
   <div class='ocr_carea' id='block_1_102' title="bbox 2156 4018 3735 4109">
    <p class='ocr_par' dir='ltr' id='par_1_102' title="bbox 2156 4018 3735 4109">
     <span class='ocr_line' id='line_1_102' title="bbox 2156 4018 3735 4109; baseline 0.018 -37"><span class='ocrx_word' id='word_1_771' title='bbox 2156 4018 2443 4085; x_wconf 83' lang='lat' dir='ltr'><strong>laciorum,</strong></span> <span class='ocrx_word' id='word_1_772' title='bbox 2495 4040 2601 4094; x_wconf 93' lang='lat' dir='ltr'><strong>quo</strong></span> <span class='ocrx_word' id='word_1_773' title='bbox 2640 4027 2950 4097; x_wconf 82' lang='lat' dir='ltr'><strong>cingebatur</strong></span> <span class='ocrx_word' id='word_1_774' title='bbox 2992 4034 3183 4089; x_wconf 83' lang='lat' dir='ltr'><strong>atrium</strong></span> <span class='ocrx_word' id='word_1_775' title='bbox 3218 4037 3574 4109; x_wconf 86' lang='lat' dir='ltr'><strong>tabernaculi,</strong></span> 
     </span>
    </p>
   </div>
   <div class='ocr_carea' id='block_1_103' title="bbox 2155 4112 3731 4189">
    <p class='ocr_par' dir='ltr' id='par_1_103' title="bbox 2155 4112 3731 4189">
     <span class='ocr_line' id='line_1_103' title="bbox 2155 4112 3731 4189; baseline 0.016 -25"><span class='ocrx_word' id='word_1_776' title='bbox 2155 4112 2325 4167; x_wconf 89' lang='lat' dir='ltr'><strong>centis</strong></span> <span class='ocrx_word' id='word_1_777' title='bbox 2353 4113 2543 4169; x_wconf 89' lang='lat' dir='ltr'><strong>cubitis</strong></span> <span class='ocrx_word' id='word_1_778' title='bbox 2571 4117 2911 4185; x_wconf 90' lang='lat' dir='ltr'><strong>tendebatur,</strong></span> <span class='ocrx_word' id='word_1_779' title='bbox 2958 4123 3095 4178; x_wconf 90' lang='lat' dir='ltr'><strong>sicut</strong></span> <span class='ocrx_word' id='word_1_780' title='bbox 3132 4127 3386 4184; x_wconf 90' lang='lat' dir='ltr'><strong>circuitus</strong></span> <span class='ocrx_word' id='word_1_781' title='bbox 3413 4130 3598 4187; x_wconf 90' lang='lat' dir='ltr'><strong>decem</strong></span> <span class='ocrx_word' id='word_1_782' title='bbox 3637 4149 3731 4189; x_wconf 64' lang='lat' dir='ltr'><strong>auo</strong></span> 
     </span>
    </p>
   </div>
   <div class='ocr_carea' id='block_1_104' title="bbox 2156 4200 3733 4280">
    <p class='ocr_par' dir='ltr' id='par_1_104' title="bbox 2156 4200 3733 4280">
     <span class='ocr_line' id='line_1_104' title="bbox 2156 4200 3733 4280; baseline 0.018 -28"><span class='ocrx_word' id='word_1_783' title='bbox 2156 4200 2376 4259; x_wconf 72' lang='lat' dir='ltr'><strong>lmorum</strong></span> <span class='ocrx_word' id='word_1_784' title='bbox 2407 4204 2676 4260; x_wconf 88' lang='lat' dir='ltr'><strong>interioris</strong></span> <span class='ocrx_word' id='word_1_785' title='bbox 2716 4209 3055 4267; x_wconf 88' lang='lat' dir='ltr'><strong>tabernaculi.</strong></span> <span class='ocrx_word' id='word_1_786' title='bbox 3083 4216 3279 4271; x_wconf 90' lang='lat' dir='ltr'><strong>cubitis</strong></span> <span class='ocrx_word' id='word_1_787' title='bbox 3319 4219 3561 4277; x_wconf 89' lang='lat' dir='ltr'><strong>ducentis</strong></span> <span class='ocrx_word' id='word_1_788' title='bbox 3585 4232 3733 4280; x_wconf 86' lang='lat' dir='ltr'><strong>octo-</strong></span> 
     </span>
    </p>
   </div>
   <div class='ocr_carea' id='block_1_105' title="bbox 2155 4289 3746 4371">
    <p class='ocr_par' dir='ltr' id='par_1_105' title="bbox 2155 4289 3746 4371">
     <span class='ocr_line' id='line_1_105' title="bbox 2155 4289 3746 4371; baseline 0.018 -30"><span class='ocrx_word' id='word_1_789' title='bbox 2155 4289 2317 4359; x_wconf 82' lang='lat' dir='ltr'><strong>ginta.</strong></span> <span class='ocrx_word' id='word_1_790' title='bbox 2362 4291 2541 4348; x_wconf 74' lang='lat' dir='ltr'><strong>Aulaea</strong></span> <span class='ocrx_word' id='word_1_791' title='bbox 2580 4296 2774 4366; x_wconf 90' lang='lat' dir='ltr'><strong>quippe</strong></span> <span class='ocrx_word' id='word_1_792' title='bbox 2803 4300 3004 4371; x_wconf 89' lang='lat' dir='ltr'><strong>singula</strong></span> <span class='ocrx_word' id='word_1_793' title='bbox 3044 4302 3307 4361; x_wconf 87' lang='lat' dir='ltr'><strong>habebant</strong></span> <span class='ocrx_word' id='word_1_794' title='bbox 3336 4310 3512 4367; x_wconf 90' lang='lat' dir='ltr'><strong>cubita</strong></span> <span class='ocrx_word' id='word_1_795' title='bbox 3545 4313 3746 4369; x_wconf 73' lang='lat' dir='ltr'><strong>vicena.</strong></span> 
     </span>
    </p>
   </div>
   <div class='ocr_carea' id='block_1_106' title="bbox 2154 4383 3733 4463">
    <p class='ocr_par' dir='ltr' id='par_1_106' title="bbox 2154 4383 3733 4463">
     <span class='ocr_line' id='line_1_106' title="bbox 2154 4383 3733 4463; baseline 0.018 -30"><span class='ocrx_word' id='word_1_796' title='bbox 2154 4389 2210 4434; x_wconf 91' lang='lat' dir='ltr'><strong>et</strong></span> <span class='ocrx_word' id='word_1_797' title='bbox 2234 4390 2425 4436; x_wconf 87' lang='lat' dir='ltr'><strong>octona</strong></span> <span class='ocrx_word' id='word_1_798' title='bbox 2450 4383 2505 4438; x_wconf 88' lang='lat' dir='ltr'><strong>in</strong></span> <span class='ocrx_word' id='word_1_799' title='bbox 2533 4385 2900 4456; x_wconf 87' lang='lat' dir='ltr'><strong>longitudine;</strong></span> <span class='ocrx_word' id='word_1_800' title='bbox 2932 4394 3201 4463; x_wconf 85' lang='lat' dir='ltr'><strong>capillacia</strong></span> <span class='ocrx_word' id='word_1_801' title='bbox 3228 4413 3355 4455; x_wconf 86' lang='lat' dir='ltr'><strong>vero</strong></span> <span class='ocrx_word' id='word_1_802' title='bbox 3382 4403 3496 4456; x_wconf 89' lang='lat' dir='ltr'><strong>vela</strong></span> <span class='ocrx_word' id='word_1_803' title='bbox 3515 4404 3733 4461; x_wconf 85' lang='lat' dir='ltr'><strong>tricenis</strong></span> 
     </span>
    </p>
   </div>
   <div class='ocr_carea' id='block_1_107' title="bbox 2152 4470 3743 4553">
    <p class='ocr_par' dir='ltr' id='par_1_107' title="bbox 2152 4470 3743 4553">
     <span class='ocr_line' id='line_1_107' title="bbox 2152 4470 3743 4553; baseline 0.018 -29"><span class='ocrx_word' id='word_1_804' title='bbox 2152 4470 2342 4525; x_wconf 90' lang='lat' dir='ltr'><strong>cubitis</strong></span> <span class='ocrx_word' id='word_1_805' title='bbox 2380 4472 2535 4544; x_wconf 90' lang='lat' dir='ltr'><strong>longa</strong></span> <span class='ocrx_word' id='word_1_806' title='bbox 2557 4486 2730 4531; x_wconf 89' lang='lat' dir='ltr'><strong>erant.</strong></span> <span class='ocrx_word' id='word_1_807' title='bbox 2766 4479 3102 4553; x_wconf 85' lang='lat' dir='ltr'><strong>Quapropter</strong></span> <span class='ocrx_word' id='word_1_808' title='bbox 3124 4502 3189 4540; x_wconf 88' lang='lat' dir='ltr'><strong>ex</strong></span> <span class='ocrx_word' id='word_1_809' title='bbox 3213 4489 3411 4545; x_wconf 88' lang='lat' dir='ltr'><strong>ambitu</strong></span> <span class='ocrx_word' id='word_1_810' title='bbox 3437 4493 3743 4551; x_wconf 76' lang='lat' dir='ltr'><strong>aulaeorum.</strong></span> 
     </span>
    </p>
   </div>
   <div class='ocr_carea' id='block_1_108' title="bbox 2152 4560 3729 4641">
    <p class='ocr_par' dir='ltr' id='par_1_108' title="bbox 2152 4560 3729 4641">
     <span class='ocr_line' id='line_1_108' title="bbox 2152 4560 3729 4641; baseline 0.016 -27"><span class='ocrx_word' id='word_1_811' title='bbox 2152 4560 2415 4618; x_wconf 90' lang='lat' dir='ltr'><strong>interioris</strong></span> <span class='ocrx_word' id='word_1_812' title='bbox 2433 4566 2773 4634; x_wconf 84' lang='lat' dir='ltr'><strong>tabernaculi,</strong></span> <span class='ocrx_word' id='word_1_813' title='bbox 2797 4572 2884 4641; x_wconf 90' lang='lat' dir='ltr'><strong>qui</strong></span> <span class='ocrx_word' id='word_1_814' title='bbox 2903 4584 3017 4629; x_wconf 87' lang='lat' dir='ltr'><strong>erat</strong></span> <span class='ocrx_word' id='word_1_815' title='bbox 3036 4575 3087 4629; x_wconf 91' lang='lat' dir='ltr'><strong>in</strong></span> <span class='ocrx_word' id='word_1_816' title='bbox 3105 4577 3294 4633; x_wconf 90' lang='lat' dir='ltr'><strong>cubitis</strong></span> <span class='ocrx_word' id='word_1_817' title='bbox 3315 4580 3555 4638; x_wconf 92' lang='lat' dir='ltr'><strong>ducentis</strong></span> <span class='ocrx_word' id='word_1_818' title='bbox 3578 4594 3729 4641; x_wconf 80' lang='lat' dir='ltr'><strong>octo-</strong></span> 
     </span>
    </p>
   </div>
   <div class='ocr_carea' id='block_1_109' title="bbox 2148 4654 3726 4737">
    <p class='ocr_par' dir='ltr' id='par_1_109' title="bbox 2148 4654 3726 4737">
     <span class='ocr_line' id='line_1_109' title="bbox 2148 4654 3726 4737; baseline 0.016 -31"><span class='ocrx_word' id='word_1_819' title='bbox 2148 4654 2290 4721; x_wconf 82' lang='lat' dir='ltr'><strong>ginta</strong></span> <span class='ocrx_word' id='word_1_820' title='bbox 2303 4665 2521 4711; x_wconf 90' lang='lat' dir='ltr'><strong>centena</strong></span> <span class='ocrx_word' id='word_1_821' title='bbox 2539 4660 2711 4713; x_wconf 89' lang='lat' dir='ltr'><strong>cubita</strong></span> <span class='ocrx_word' id='word_1_822' title='bbox 2730 4661 2781 4715; x_wconf 92' lang='lat' dir='ltr'><strong>in</strong></span> <span class='ocrx_word' id='word_1_823' title='bbox 2796 4662 3047 4718; x_wconf 88' lang='lat' dir='ltr'><strong>lateribus</strong></span> <span class='ocrx_word' id='word_1_824' title='bbox 3060 4666 3384 4737; x_wconf 87' lang='lat' dir='ltr'><strong>longioribus</strong></span> <span class='ocrx_word' id='word_1_825' title='bbox 3398 4677 3726 4731; x_wconf 87' lang='lat' dir='ltr'><strong>erantaustri</strong></span> 
     </span>
    </p>
   </div>
   <div class='ocr_carea' id='block_1_110' title="bbox 2149 4744 3727 4823">
    <p class='ocr_par' dir='ltr' id='par_1_110' title="bbox 2149 4744 3727 4823">
     <span class='ocr_line' id='line_1_110' title="bbox 2149 4744 3727 4823; baseline 0.016 -28"><span class='ocrx_word' id='word_1_826' title='bbox 2149 4751 2203 4796; x_wconf 93' lang='lat' dir='ltr'><strong>et</strong></span> <span class='ocrx_word' id='word_1_827' title='bbox 2242 4744 2544 4815; x_wconf 87' lang='lat' dir='ltr'><strong>aquilonis,</strong></span> <span class='ocrx_word' id='word_1_828' title='bbox 2593 4757 2644 4803; x_wconf 91' lang='lat' dir='ltr'><strong>et</strong></span> <span class='ocrx_word' id='word_1_829' title='bbox 2682 4750 3017 4823; x_wconf 88' lang='lat' dir='ltr'><strong>quadragena</strong></span> <span class='ocrx_word' id='word_1_830' title='bbox 3056 4755 3109 4809; x_wconf 93' lang='lat' dir='ltr'><strong>in</strong></span> <span class='ocrx_word' id='word_1_831' title='bbox 3149 4758 3355 4815; x_wconf 88' lang='lat' dir='ltr'><strong>duobus</strong></span> <span class='ocrx_word' id='word_1_832' title='bbox 3390 4761 3727 4820; x_wconf 85' lang='lat' dir='ltr'><strong>brevioribus</strong></span> 
     </span>
    </p>
   </div>
   <div class='ocr_carea' id='block_1_111' title="bbox 2148 4833 3743 4922">
    <p class='ocr_par' dir='ltr' id='par_1_111' title="bbox 2148 4833 3743 4922">
     <span class='ocr_line' id='line_1_111' title="bbox 2148 4833 3743 4922; baseline 0.015 -38"><span class='ocrx_word' id='word_1_833' title='bbox 2148 4833 2364 4891; x_wconf 80' lang='lat' dir='ltr'><strong>orientis</strong></span> <span class='ocrx_word' id='word_1_834' title='bbox 2385 4847 2439 4891; x_wconf 90' lang='lat' dir='ltr'><strong>et</strong></span> <span class='ocrx_word' id='word_1_835' title='bbox 2458 4839 2747 4895; x_wconf 89' lang='lat' dir='ltr'><strong>occidentis</strong></span> <span class='ocrx_word' id='word_1_836' title='bbox 2772 4859 2785 4897; x_wconf 87' lang='lat'>:</span> <span class='ocrx_word' id='word_1_837' title='bbox 2816 4858 2879 4897; x_wconf 81' lang='lat' dir='ltr'><strong>ex</strong></span> <span class='ocrx_word' id='word_1_838' title='bbox 2909 4845 3109 4900; x_wconf 89' lang='lat' dir='ltr'><strong>ambitu</strong></span> <span class='ocrx_word' id='word_1_839' title='bbox 3134 4857 3307 4903; x_wconf 88' lang='lat' dir='ltr'><strong>autem</strong></span> <span class='ocrx_word' id='word_1_840' title='bbox 3330 4853 3743 4922; x_wconf 88' lang='lat' dir='ltr'><strong>capillaciorum.</strong></span> 
     </span>
    </p>
   </div>
   <div class='ocr_carea' id='block_1_112' title="bbox 2147 4923 3725 5011">
    <p class='ocr_par' dir='ltr' id='par_1_112' title="bbox 2147 4923 3725 5011">
     <span class='ocr_line' id='line_1_112' title="bbox 2147 4923 3725 5011; baseline 0.015 -34"><span class='ocrx_word' id='word_1_841' title='bbox 2147 4923 2407 4993; x_wconf 91' lang='lat' dir='ltr'><strong>velorum,</strong></span> <span class='ocrx_word' id='word_1_842' title='bbox 2435 4942 2540 4997; x_wconf 92' lang='lat' dir='ltr'><strong>quo</strong></span> <span class='ocrx_word' id='word_1_843' title='bbox 2559 4931 2748 4985; x_wconf 88' lang='lat' dir='ltr'><strong>atrium</strong></span> <span class='ocrx_word' id='word_1_844' title='bbox 2770 4934 3001 4989; x_wconf 80' lang='lat' dir='ltr'><strong>exterius</strong></span> <span class='ocrx_word' id='word_1_845' title='bbox 3028 4938 3318 5008; x_wconf 84' lang='lat' dir='ltr'><strong>tegebatur,</strong></span> <span class='ocrx_word' id='word_1_846' title='bbox 3349 4944 3470 5011; x_wconf 91' lang='lat' dir='ltr'><strong>quia</strong></span> <span class='ocrx_word' id='word_1_847' title='bbox 3495 4944 3725 5001; x_wconf 90' lang='lat' dir='ltr'><strong>ambitus</strong></span> 
     </span>
    </p>
   </div>
   <div class='ocr_carea' id='block_1_113' title="bbox 2146 5017 3724 5093">
    <p class='ocr_par' dir='ltr' id='par_1_113' title="bbox 2146 5017 3724 5093">
     <span class='ocr_line' id='line_1_113' title="bbox 2146 5017 3724 5093; baseline 0.016 -25"><span class='ocrx_word' id='word_1_848' title='bbox 2146 5024 2261 5071; x_wconf 91' lang='lat' dir='ltr'><strong>erat</strong></span> <span class='ocrx_word' id='word_1_849' title='bbox 2306 5017 2357 5071; x_wconf 91' lang='lat' dir='ltr'><strong>in</strong></span> <span class='ocrx_word' id='word_1_850' title='bbox 2387 5019 2579 5075; x_wconf 89' lang='lat' dir='ltr'><strong>cubitis</strong></span> <span class='ocrx_word' id='word_1_851' title='bbox 2611 5024 2894 5093; x_wconf 89' lang='lat' dir='ltr'><strong>trecentis,</strong></span> <span class='ocrx_word' id='word_1_852' title='bbox 2941 5036 3160 5084; x_wconf 86' lang='lat' dir='ltr'><strong>centena</strong></span> <span class='ocrx_word' id='word_1_853' title='bbox 3191 5040 3343 5087; x_wconf 90' lang='lat' dir='ltr'><strong>erant</strong></span> <span class='ocrx_word' id='word_1_854' title='bbox 3378 5033 3431 5087; x_wconf 91' lang='lat' dir='ltr'><strong>in</strong></span> <span class='ocrx_word' id='word_1_855' title='bbox 3472 5034 3724 5093; x_wconf 88' lang='lat' dir='ltr'><strong>lateribus</strong></span> 
     </span>
    </p>
   </div>
   <div class='ocr_carea' id='block_1_114' title="bbox 2145 5106 3742 5194">
    <p class='ocr_par' dir='ltr' id='par_1_114' title="bbox 2145 5106 3742 5194">
     <span class='ocr_line' id='line_1_114' title="bbox 2145 5106 3742 5194; baseline 0.016 -34"><span class='ocrx_word' id='word_1_856' title='bbox 2145 5106 2469 5180; x_wconf 84' lang='lat' dir='ltr'><strong>longioribus</strong></span> <span class='ocrx_word' id='word_1_857' title='bbox 2487 5113 2650 5170; x_wconf 89' lang='lat' dir='ltr'><strong>austri</strong></span> <span class='ocrx_word' id='word_1_858' title='bbox 2673 5124 2726 5169; x_wconf 92' lang='lat' dir='ltr'><strong>et</strong></span> <span class='ocrx_word' id='word_1_859' title='bbox 2747 5117 3028 5185; x_wconf 88' lang='lat' dir='ltr'><strong>aquilonis,</strong></span> <span class='ocrx_word' id='word_1_860' title='bbox 3050 5122 3296 5190; x_wconf 86' lang='lat' dir='ltr'><strong>quoniam</strong></span> <span class='ocrx_word' id='word_1_861' title='bbox 3324 5126 3546 5194; x_wconf 69' lang='lat' dir='ltr'><strong>aequalia</strong></span> <span class='ocrx_word' id='word_1_862' title='bbox 3571 5136 3742 5185; x_wconf 58' lang='lat' dir='ltr'><strong>erant</strong></span> 
     </span>
    </p>
   </div>
   <div class='ocr_carea' id='block_1_115' title="bbox 2144 5200 3739 5287">
    <p class='ocr_par' dir='ltr' id='par_1_115' title="bbox 2144 5200 3739 5287">
     <span class='ocr_line' id='line_1_115' title="bbox 2144 5200 3739 5287; baseline 0.011 -33"><span class='ocrx_word' id='word_1_863' title='bbox 2144 5200 2395 5257; x_wconf 86' lang='lat' dir='ltr'><strong>lateribus</strong></span> <span class='ocrx_word' id='word_1_864' title='bbox 2444 5203 2764 5264; x_wconf 90' lang='lat' dir='ltr'><strong>tabernaculi</strong></span> <span class='ocrx_word' id='word_1_865' title='bbox 2805 5208 3099 5276; x_wconf 88' lang='lat' dir='ltr'><strong>interioris.</strong></span> <span class='ocrx_word' id='word_1_866' title='bbox 3149 5215 3513 5287; x_wconf 80' lang='lat' dir='ltr'><strong>quinquagena</strong></span> <span class='ocrx_word' id='word_1_867' title='bbox 3542 5227 3739 5278; x_wconf 32' lang='lat' dir='ltr'><strong>autem.</strong></span> 
     </span>
    </p>
   </div>
   <div class='ocr_carea' id='block_1_116' title="bbox 2144 5291 3720 5368">
    <p class='ocr_par' dir='ltr' id='par_1_116' title="bbox 2144 5291 3720 5368">
     <span class='ocr_line' id='line_1_116' title="bbox 2144 5291 3720 5368; baseline 0.015 -23"><span class='ocrx_word' id='word_1_868' title='bbox 2144 5291 2195 5345; x_wconf 89' lang='lat' dir='ltr'><strong>in</strong></span> <span class='ocrx_word' id='word_1_869' title='bbox 2230 5292 2433 5349; x_wconf 89' lang='lat' dir='ltr'><strong>duabus</strong></span> <span class='ocrx_word' id='word_1_870' title='bbox 2460 5296 2675 5366; x_wconf 90' lang='lat' dir='ltr'><strong>reliquis</strong></span> <span class='ocrx_word' id='word_1_871' title='bbox 2703 5301 2936 5367; x_wconf 87' lang='lat' dir='ltr'><strong>partibus</strong></span> <span class='ocrx_word' id='word_1_872' title='bbox 2977 5306 3197 5361; x_wconf 89' lang='lat' dir='ltr'><strong>orientis</strong></span> <span class='ocrx_word' id='word_1_873' title='bbox 3221 5316 3276 5362; x_wconf 89' lang='lat' dir='ltr'><strong>et</strong></span> <span class='ocrx_word' id='word_1_874' title='bbox 3302 5310 3609 5366; x_wconf 89' lang='lat' dir='ltr'><strong>occidentis.</strong></span> <span class='ocrx_word' id='word_1_875' title='bbox 3642 5313 3720 5368; x_wconf 87' lang='lat' dir='ltr'><strong>Ac</strong></span> 
     </span>
    </p>
   </div>
   <div class='ocr_carea' id='block_1_117' title="bbox 2142 5385 3717 5470">
    <p class='ocr_par' dir='ltr' id='par_1_117' title="bbox 2142 5385 3717 5470">
     <span class='ocr_line' id='line_1_117' title="bbox 2142 5385 3717 5470; baseline 0.016 -35"><span class='ocrx_word' id='word_1_876' title='bbox 2142 5398 2238 5453; x_wconf 90' lang='lat' dir='ltr'><strong>per</strong></span> <span class='ocrx_word' id='word_1_877' title='bbox 2282 5385 2382 5441; x_wconf 93' lang='lat' dir='ltr'><strong>hoc</strong></span> <span class='ocrx_word' id='word_1_878' title='bbox 2428 5386 2532 5442; x_wconf 90' lang='lat' dir='ltr'><strong>duo</strong></span> <span class='ocrx_word' id='word_1_879' title='bbox 2561 5389 2648 5443; x_wconf 86' lang='lat' dir='ltr'><strong>illa</strong></span> <span class='ocrx_word' id='word_1_880' title='bbox 2692 5391 2900 5458; x_wconf 88' lang='lat' dir='ltr'><strong>cubita,</strong></span> <span class='ocrx_word' id='word_1_881' title='bbox 2944 5396 3134 5464; x_wconf 89' lang='lat' dir='ltr'><strong>quibus</strong></span> <span class='ocrx_word' id='word_1_882' title='bbox 3176 5398 3381 5470; x_wconf 88' lang='lat' dir='ltr'><strong>longius</strong></span> <span class='ocrx_word' id='word_1_883' title='bbox 3405 5411 3521 5457; x_wconf 90' lang='lat' dir='ltr'><strong>erat</strong></span> <span class='ocrx_word' id='word_1_884' title='bbox 3549 5404 3717 5459; x_wconf 58' lang='lat' dir='ltr'><strong>aulaeo</strong></span> 
     </span>
    </p>
   </div>
   <div class='ocr_carea' id='block_1_118' title="bbox 2140 5477 3714 5563">
    <p class='ocr_par' dir='ltr' id='par_1_118' title="bbox 2140 5477 3714 5563">
     <span class='ocr_line' id='line_1_118' title="bbox 2140 5477 3714 5563; baseline 0.013 -33"><span class='ocrx_word' id='word_1_885' title='bbox 2140 5477 2315 5531; x_wconf 89' lang='lat' dir='ltr'><strong>velum</strong></span> <span class='ocrx_word' id='word_1_886' title='bbox 2342 5480 2666 5549; x_wconf 85' lang='lat' dir='ltr'><strong>capillacinm</strong></span> <span class='ocrx_word' id='word_1_887' title='bbox 2692 5524 2705 5549; x_wconf 90' lang='lat'><strong>,</strong></span> <span class='ocrx_word' id='word_1_888' title='bbox 2741 5498 2843 5537; x_wconf 91' lang='lat' dir='ltr'><strong>non</strong></span> <span class='ocrx_word' id='word_1_889' title='bbox 2873 5486 3123 5543; x_wconf 87' lang='lat' dir='ltr'><strong>lateribus</strong></span> <span class='ocrx_word' id='word_1_890' title='bbox 3148 5492 3310 5545; x_wconf 90' lang='lat' dir='ltr'><strong>austri</strong></span> <span class='ocrx_word' id='word_1_891' title='bbox 3338 5502 3392 5547; x_wconf 90' lang='lat' dir='ltr'><strong>et</strong></span> <span class='ocrx_word' id='word_1_892' title='bbox 3417 5494 3678 5563; x_wconf 88' lang='lat' dir='ltr'><strong>aquilonis</strong></span> <span class='ocrx_word' id='word_1_893' title='bbox 3699 5538 3714 5563; x_wconf 94' lang='lat'><strong>,</strong></span> 
     </span>
    </p>
   </div>
   <div class='ocr_carea' id='block_1_119' title="bbox 2140 5570 3714 5641">
    <p class='ocr_par' dir='ltr' id='par_1_119' title="bbox 2140 5570 3714 5641">
     <span class='ocr_line' id='line_1_119' title="bbox 2140 5570 3714 5641; baseline 0.013 -20"><span class='ocrx_word' id='word_1_894' title='bbox 2140 5582 2259 5637; x_wconf 76' lang='lat' dir='ltr'><strong>qua:</strong></span> <span class='ocrx_word' id='word_1_895' title='bbox 2302 5570 2443 5638; x_wconf 92' lang='lat' dir='ltr'><strong>paria</strong></span> <span class='ocrx_word' id='word_1_896' title='bbox 2495 5583 2646 5626; x_wconf 87' lang='lat' dir='ltr'><strong>erant</strong></span> <span class='ocrx_word' id='word_1_897' title='bbox 2674 5575 2792 5628; x_wconf 91' lang='lat' dir='ltr'><strong>atrii</strong></span> <span class='ocrx_word' id='word_1_898' title='bbox 2833 5579 3109 5633; x_wconf 79' lang='lat' dir='ltr'><strong>exterioris</strong></span> <span class='ocrx_word' id='word_1_899' title='bbox 3142 5592 3195 5635; x_wconf 94' lang='lat' dir='ltr'><strong>et</strong></span> <span class='ocrx_word' id='word_1_900' title='bbox 3223 5582 3545 5641; x_wconf 87' lang='lat' dir='ltr'><strong>tabernaculi</strong></span> <span class='ocrx_word' id='word_1_901' title='bbox 3577 5587 3714 5641; x_wconf 88' lang='lat' dir='ltr'><strong>inte-</strong></span> 
     </span>
    </p>
   </div>
   <div class='ocr_carea' id='block_1_120' title="bbox 2140 5659 3713 5743">
    <p class='ocr_par' dir='ltr' id='par_1_120' title="bbox 2140 5659 3713 5743">
     <span class='ocr_line' id='line_1_120' title="bbox 2140 5659 3713 5743; baseline 0.013 -32"><span class='ocrx_word' id='word_1_902' title='bbox 2140 5659 2316 5724; x_wconf 87' lang='lat' dir='ltr'><strong>rioris,</strong></span> <span class='ocrx_word' id='word_1_903' title='bbox 2340 5661 2431 5714; x_wconf 89' lang='lat' dir='ltr'><strong>sed</strong></span> <span class='ocrx_word' id='word_1_904' title='bbox 2459 5661 2711 5718; x_wconf 89' lang='lat' dir='ltr'><strong>lateribus</strong></span> <span class='ocrx_word' id='word_1_905' title='bbox 2735 5666 2953 5722; x_wconf 89' lang='lat' dir='ltr'><strong>orientis</strong></span> <span class='ocrx_word' id='word_1_906' title='bbox 2969 5678 3021 5723; x_wconf 92' lang='lat' dir='ltr'><strong>ct</strong></span> <span class='ocrx_word' id='word_1_907' title='bbox 3040 5670 3327 5727; x_wconf 89' lang='lat' dir='ltr'><strong>occidentis</strong></span> <span class='ocrx_word' id='word_1_908' title='bbox 3350 5675 3713 5743; x_wconf 82' lang='lat' dir='ltr'><strong>proﬁciebant.</strong></span> 
     </span>
    </p>
   </div>
   <div class='ocr_carea' id='block_1_121' title="bbox 2138 5747 3705 5827">
    <p class='ocr_par' dir='ltr' id='par_1_121' title="bbox 2138 5747 3705 5827">
     <span class='ocr_line' id='line_1_121' title="bbox 2138 5747 3705 5827; baseline 0.011 -24"><span class='ocrx_word' id='word_1_909' title='bbox 2138 5747 2195 5803; x_wconf 86' lang='lat' dir='ltr'><strong>lr.</strong></span> <span class='ocrx_word' id='word_1_910' title='bbox 2238 5749 2314 5804; x_wconf 91' lang='lat' dir='ltr'><strong>eis</strong></span> <span class='ocrx_word' id='word_1_911' title='bbox 2355 5751 2494 5806; x_wconf 85' lang='lat' dir='ltr'><strong>enim</strong></span> <span class='ocrx_word' id='word_1_912' title='bbox 2538 5753 2788 5811; x_wconf 81' lang='lat' dir='ltr'><strong>lateribus</strong></span> <span class='ocrx_word' id='word_1_913' title='bbox 2826 5771 3063 5816; x_wconf 87' lang='lat' dir='ltr'><strong>creverat</strong></span> <span class='ocrx_word' id='word_1_914' title='bbox 3102 5762 3419 5821; x_wconf 83' lang='lat' dir='ltr'><strong>tabernaculi</strong></span> <span class='ocrx_word' id='word_1_915' title='bbox 3457 5766 3705 5827; x_wconf 82' lang='lat' dir='ltr'><strong>latitudo.</strong></span> 
     </span>
    </p>
   </div>
  </div>
