4136 6472
402 397 509 453 6Ἶὸ

405 513 784 586 circnmposito
804 512 1132 569 extrinsecus
1151 509 1287 564 atrio
1317 522 1330 563 :
1359 506 1450 562 sed
1486 504 1858 576 quinquaginta
1885 518 1981 558 cn-

405 609 513 662 bita
549 608 786 663 velorum
825 602 1227 674 Capillaciortnn
1254 615 1283 653 a
1327 607 1475 669 parte
1502 597 1723 651 orientis
1765 611 1859 665 per
1883 595 1979 649 de-

403 709 519 752 cem
548 697 912 753 columnarum
961 702 1164 748 rectum
1192 690 1428 745 ordinem
1459 687 1840 752 tendebantur,
1878 686 1982 740 cis—

402 802 507 857 que
530 787 838 858 proﬁciebat
857 799 1030 839 unum
1047 782 1291 836 cubitum
1318 791 1382 834 ex
1407 779 1612 833 duabus
1638 778 1758 841 illis,
1788 775 1980 846 quibus

403 878 714 934 eorumdem
739 877 980 932 velorum
1006 874 1173 943 major
1203 872 1371 925 fuerat
1391 866 1690 937 longitudo;
1723 866 1824 920 alia
1853 880 1979 919 vero

400 971 581 1026 cubita
626 968 1041 1042 quinquaginta,
1076 980 1194 1036 qua:
1238 960 1550 1017 occidentali
1603 960 1767 1014 latere
1812 958 1977 1013 debe—

405 1060 593 1117 bantur
611 1103 626 1129 ,
662 1061 853 1131 quibus
877 1059 1100 1114 alterum
1128 1072 1192 1111 ex
1229 1052 1437 1108 duobus
1466 1052 1569 1108 illis
1593 1052 1825 1105 cubitum
1850 1065 1977 1120 pro-

397 1152 649 1218 ﬁciebat,
696 1166 800 1205 non
842 1150 1193 1204 tendebantur
1222 1161 1316 1216 per
1334 1145 1697 1199 columnarum
1737 1141 1975 1195 ordinem

394 1249 626 1294 rectum.
679 1240 748 1295 lbi
792 1240 934 1294 enim
964 1246 1078 1293 erat
1105 1238 1188 1291 illa
1221 1247 1467 1306 tanquam
1499 1233 1829 1303 triporticns,
1859 1247 1976 1301 qua:

401 1330 749 1386 concludebat
772 1330 998 1400 spatium
1025 1328 1182 1394 atrii,
1216 1327 1305 1381 ubi
1335 1334 1474 1380 esset
1494 1325 1658 1377 altare
1685 1322 1973 1377 sacriﬁcio-

397 1436 514 1475 rum
538 1462 552 1487 ,
582 1429 808 1491 quatuor
827 1418 1085 1474 columnis
1105 1432 1132 1471 a
1162 1426 1331 1487 porta,
1363 1425 1416 1469 et
1444 1414 1604 1467 ternis
1630 1428 1659 1467 a
1688 1412 1970 1467 lateribus:

396 1530 460 1571 ac
487 1529 584 1585 per
610 1514 712 1568 hoc
747 1527 852 1568 non
878 1520 1127 1583 poterant
1167 1510 1324 1565 etiam
1357 1518 1569 1577 portam
1600 1506 1855 1575 “cingere
1885 1504 1973 1557 illa

456 1670 475 1703 ³
501 1669 622 1720 aditi
643 1670 885 1728 omittunt,
907 1672 1093 1733 portam
1105 1679 1124 1727 ;
1145 1666 1328 1716 habent
1343 1675 1512 1713 omnes
1529 1670 1633 1711 Mss.

1756 386 1953 441 LIBER
1991 382 2306 439 TERTIUS.

3566 384 3667 440 67d

2085 503 2259 558 cubita
2286 504 2660 574 quinquaginta
2683 546 2696 568 ,
2726 503 2819 560 sed
2846 519 3009 575 usque
3036 506 3103 560 ad
3137 503 3491 575 cooperienda
3518 504 3659 560 obli-

2085 610 2188 664 qua
2214 595 2300 649 illa
2331 596 2490 649 latera
2513 596 2882 662 tendebantur,
2912 612 3027 666 quae
3051 598 3101 651 in
3126 596 3388 651 columnis
3413 594 3579 650 ternis
3603 602 3660 649 et

2085 685 2367 755 quindenis
2392 686 2581 741 cubitis
2602 696 2769 740 erant.
2809 686 3159 757 Erigebantur
3186 695 3359 740 autem
3386 684 3668 754 capillacia

2086 777 2198 830 vela
2224 776 2417 831 cubitis
2436 786 2662 846 quatuor
2683 818 2697 843 ,
2727 778 2910 845 eisque
2947 778 3255 847 tegebantur
3282 776 3402 830 atrii
3427 775 3657 829 tentoria

2082 867 2295 937 byssina
2316 906 2330 930 ,
2370 883 2592 936 quorum
2617 876 2728 921 erat
2753 868 2953 922 erectio
2974 868 3023 921 iu
3054 867 3242 922 cubitis
3262 867 3513 936 quinque.

2155 958 2244 1013 23.
2292 958 2465 1012 Pelles
2494 973 2619 1011 vero
2640 958 2917 1013 rubricata:
2945 974 3103 1027 super
3126 958 3396 1027 capillacia
3424 958 3537 1011 vela
3561 972 3655 1011 ve—

2083 1047 2316 1103 niebant.
2350 1049 2584 1117 Desuper
2632 1058 2807 1103 autem
2829 1092 2843 1116 ,
2895 1049 2946 1104 id
2982 1058 3091 1115 est,
3130 1065 3159 1103 a
3185 1059 3335 1119 parte
3358 1049 3515 1114 tecti,
3545 1050 3660 1104 vice

2081 1155 2305 1194 camera:
2346 1141 2742 1195 tabernaculum
2788 1143 3011 1212 pellibus
3053 1142 3407 1215 hyacinthinis
3448 1141 3661 1212 tegeba-

2082 1240 2169 1285 tur
2198 1248 2211 1283 :
2245 1238 2420 1286 utrum
2446 1246 2564 1285 cum
2592 1233 2727 1286 atrio
2752 1244 2805 1287 et
2840 1234 3067 1304 spatium
3098 1234 3219 1288 illud
3250 1235 3501 1299 interius,
3550 1248 3655 1287 non

2079 1330 2327 1389 apparet;
2358 1321 2450 1375 sed
2476 1322 2779 1377 credibilius
2815 1333 2893 1379 est
2915 1326 3035 1378 atrii
3062 1326 3228 1393 spatia
3254 1340 3370 1394 quae
3401 1326 3536 1379 inter
3561 1339 3656 1378 ex-

2083 1413 2305 1466 teriores
2332 1421 2386 1467 et
2412 1414 2690 1468 interiores
2728 1415 3000 1469 columnas
3020 1425 3172 1470 erant
3194 1458 3207 1481 ,
3232 1418 3422 1471 caelum
3454 1418 3470 1448 ί
3500 1430 3655 1484 aper-

2082 1509 2192 1556 tum
2223 1502 2473 1557 habuisse
2492 1544 2507 1570 ,
2550 1506 2777 1561 maxime
2815 1506 2943 1560 illud
2970 1506 3258 1562 occidentis
3278 1549 3292 1575 ,
3322 1507 3411 1562 ubi
3437 1516 3552 1562 erat
3577 1508 3654 1560 al-

2078 1597 2191 1646 tare
2215 1593 2616 1647 sacrificiorum.

2140 1681 2159 1715 ί
2183 1689 2281 1731 Am.
2309 1689 2384 1732 Er.
2405 1690 2456 1734 et
2477 1691 2607 1745 bon,
2626 1683 2799 1741 velum.
2824 1693 2880 1736 At
2901 1693 2999 1737 ttat.
3022 1693 3074 1737 et
3089 1692 3217 1747 Mss...
3241 1685 3434 1737 calam.

1931 1803 1936 1816 ,
2098 1798 2113 1816 μ,
2514 1798 2517 1803 .

1373 1897 1857 2009 LIBER

1948 1897 2249 2004 TER
2272 1900 2434 2007 ΤΙ
2454 1898 2665 2010 US.

1680 2082 1979 2144 Quazsﬁones
2000 2081 2050 2131 in
2069 2082 2348 2135 Levittcum.

1795 2206 2273 2261 «ea...

459 2338 719 2408 00551.1.
743 2337 950 2414 [LEVI'L
966 2353 1079 2408 cap.
1100 2351 1154 2401 ν,
1188 2335 1221 2405 ᾗ
1258 2332 1334 2404 1.]
1349 2322 1407 2389 Si
1424 2335 1587 2385 tndem
1601 2328 1768 2382 anima
1787 2340 1964 2395 pecca-

386 2436 543 2500 verit,
566 2443 652 2486 aut
681 2432 894 2486 audierit
919 2446 1086 2483 vocem
1107 2428 1406 2499 jnrationis,
1440 2432 1483 2477 et
1512 2425 1619 2491 ipse
1659 2420 1795 2473 testis
1816 2417 1966 2487 fuerit

387 2536 477 2578 aut
500 2524 712 2590 viderit,
735 2532 821 2575 aut
859 2520 1083 2575 conscius
1114 2518 1294 2590 fuerit,
1338 2516 1381 2569 si
1423 2530 1520 2567 non
1552 2508 1877 2572 nuntiaverit,
1920 2514 1966 2559 et

389 2616 600 2687 accipiet
621 2624 914 2687 peccatum:
942 2612 1042 2666 hoc
1068 2618 1167 2673 est,
1192 2609 1252 2663 Si
1272 2624 1372 2660 non
1394 2608 1570 2674 utique
1595 2600 1894 2655 nuntiaverit
1922 2600 1961 2661 ί,

386 2708 597 2776 accipiet
615 2714 889 2777 peccatum.
903 2701 1054 2769 Quod
1071 2700 1209 2755 enim
1226 2698 1458 2751 additum
1479 2705 1577 2757 est,
1598 2702 1665 2759 et,
1687 2688 1966 2745 locutionis

385 2808 469 2852 est
486 2797 692 2851 usitatm
708 2796 759 2849 in
775 2792 1079 2862 Scripturis.
1103 2789 1298 2844 Verum
1319 2788 1417 2841 iste
1433 2796 1620 2839 sensus
1639 2781 1755 2851 quia
1774 2779 1963 2832 obscu-

386 2903 480 2944 rus
497 2896 597 2952 est,
620 2884 962 2955 exponendas
988 2881 1214 2936 videtur.
1238 2878 1348 2932 lloc
1375 2876 1513 2930 enim
1538 2872 1744 2926 videtur
1762 2868 1961 2930 dicere,

387 2992 608 3048 peccare
632 2976 921 3037 hominem,
939 2987 1044 3043 quo
1062 2968 1458 3035 audientejurat
1474 2964 1664 3032 aliquis
1680 2960 1891 3021 falsum,
1913 2963 1966 3011 et

386 3069 619 3123 sciteum
645 3068 829 3121 falsum
845 3066 1112 3135 jurare,et
1138 3071 1294 3115 tacet.
1316 3058 1462 3112 Tunc
1479 3066 1655 3109 autem
1691 3052 1810 3115 scit,
1844 3049 1887 3103 si
1916 3049 1964 3103 ei

386 3162 464 3216 rei
493 3161 559 3216 de
582 3176 684 3231 qua
711 3160 920 3230 juratur
943 3200 957 3224 ,
990 3156 1139 3211 testis
1185 3153 1373 3217 fuerit,
1403 3159 1494 3205 aut
1521 3148 1683 3212 vidit,
1712 3154 1802 3199 aut
1833 3159 1963 3198 con-

385 3253 529 3307 scius
556 3251 685 3316 fuit;
737 3250 786 3304 id
829 3260 940 3313 est,
991 3248 1170 3316 aliquo
1197 3243 1354 3299 modo
1380 3240 1655 3310 cognovit,
1685 3245 1775 3291 aut
1799 3234 1966 3289 oculis

385 3344 498 3398 suis
535 3341 845 3412 conspexit,
873 3347 961 3393 aut
988 3339 1101 3406 ipse
1128 3337 1216 3406 qui
1257 3335 1399 3404 jurat
1437 3332 1511 3385 illi
1542 3329 1792 3384 indicavit
1825 3345 1838 3380 ε
1894 3327 1964 3379 ita

386 3436 527 3489 enim
556 3434 726 3504 potuit
752 3445 869 3485 esse
899 3428 1163 3484 conscius.
1207 3425 1311 3479 Sed
1358 3425 1495 3478 inter
1519 3422 1765 3475 timorem
1811 3417 1966 3486 hujus

387 3527 587 3597 peccati
614 3567 627 3589 ,
658 3532 713 3579 et
737 3523 981 3577 timorem
1006 3519 1321 3590 proditionis
1348 3515 1639 3577 hominum,
1674 3524 1779 3564 non
1805 3523 1965 3578 parva

386 3619 913 3689 existit‘plerumque
941 3612 1178 3669 teutatio.
1226 3610 1513 3664 Possumus
1552 3604 1693 3659 enim
1724 3610 1965 3672 paratum

386 3707 455 3765 ad
494 3708 781 3779 perjurium
813 3702 1146 3759 admonendo
1173 3701 1253 3753 vel
1283 3695 1611 3769 prohibendo
1634 3709 1663 3747 a
1691 3700 1797 3745 tam
1821 3690 1965 3761 gravi

388 3809 608 3870 peccato
629 3808 881 3852 rerocare
915 3814 927 3849 :
960 3793 1054 3848 sed
1080 3793 1124 3847 si
1164 3805 1267 3845 non
1294 3787 1551 3859 audierit,
1584 3792 1638 3837 et
1665 3797 1843 3836 coram
1867 3795 1966 3833 no-

386 3892 471 3946 bis
500 3890 567 3945 de
592 3902 652 3944 re
697 3898 852 3958 quam
897 3885 1183 3946 novimus,
1234 3881 1418 3934 falsum
1457 3877 1739 3948 juraverit,
1789 3881 1965 3926 utrum

386 3980 694 4052 prodendus
720 3980 817 4042 sit,
850 3977 893 4031 si
926 3974 1164 4047 proditus
1190 3972 1347 4025 etiam
1379 3969 1429 4023 in
1460 3966 1749 4037 perieulum
1777 3963 1966 4017 mortis

389 4074 658 4135 incurrat,
690 4065 996 4124 difficillima
1039 4064 1261 4135 quzestio
1310 4070 1411 4116 est.
1442 4058 1546 4115 Sed
1571 4057 1692 4128 quia
1732 4070 1837 4109 non
1868 4069 1965 4108 ex—

389 4163 587 4235 pressit
614 4161 696 4216 eui
727 4160 825 4215 hoc
869 4156 1206 4212 iudicandum
1236 4161 1350 4219 est,
1383 4160 1559 4205 utrum
1591 4149 1666 4202 illi
1708 4147 1789 4200 cui
1818 4147 1965 4215 jura-

390 4267 510 4321 tur,
554 4270 619 4308 an
666 4250 956 4311 sacerdoti.
997 4249 1080 4304 vel
1111 4247 1337 4316 cuipiam
1367 4244 1454 4315 qui
1492 4257 1595 4315 non
1645 4240 1814 4295 solum
1845 4252 1967 4292 eum

389 4345 636 4416 persequi
668 4359 771 4397 non
804 4349 978 4412 potest
1003 4335 1281 4407 irrogaudo
1310 4333 1623 4403 supplicium
1650 4372 1664 4393 ,
1694 4328 1786 4383 srd
1808 4328 1967 4380 etiam

390 4453 544 4493 orare
568 4452 661 4506 pro
685 4436 775 4489 illo
804 4441 975 4503 potest
998 4447 1012 4497 ;
1046 4429 1253 4483 videtur
1274 4425 1399 4480 mihi
1426 4422 1566 4495 quod
1588 4437 1646 4476 se
1673 4420 1832 4473 homo
1861 4416 1967 4472 sol-

388 4539 479 4582 vat
521 4528 677 4582 etiam
705 4541 732 4578 a
770 4523 971 4595 peccati
1013 4520 1250 4583 vinculo,
1293 4518 1339 4573 si
1368 4515 1564 4570 indicet
1605 4513 1835 4576 talibus,
1877 4509 1967 4579 qui

390 4619 560 4688 magis
605 4625 824 4686 possunt
866 4614 1120 4686 prodesse
1163 4626 1320 4681 quam
1349 4608 1539 4662 obesse
1570 4604 1815 4675 perjuro,
1858 4602 1970 4655 sive

388 4711 456 4765 ad
484 4707 853 4779 corrigendum
898 4721 1045 4769 eum,
1076 4705 1187 4758 sive
1212 4703 1275 4756 ad
1306 4701 1467 4754 Deum
1498 4712 1594 4768 pro
1624 4697 1715 4750 illo
1753 4695 1969 4765 placan-

389 4803 515 4857 dum
549 4820 561 4855 :
593 4800 638 4856 si
664 4810 716 4856 et
744 4801 857 4871 ipse
881 4796 1230 4853 confessionis
1258 4789 1505 4846 adhibeat
1531 4788 1868 4844 medicinam.

464 4893 526 4947 11.
560 4891 659 4967 [lb.
676 4907 731 4960 v,
751 4888 892 4962 2-6.]
917 4888 1043 4943 Post
1062 4885 1163 4940 hoc
1187 4893 1360 4939 autem
1381 4881 1580 4953 peccati
1606 4890 1773 4950 genus
1791 4919 1805 4944 ,
1829 4876 1972 4948 quod

388 4986 458 5042 de
488 4969 977 5056 perjurioalicujus
998 4995 1103 5034 non
1131 4977 1361 5031 indicato
1388 4970 1828 5029 commemoravit
1856 4969 1973 5023 nul-

390 5078 502 5133 lum
531 5092 627 5148 pro
647 5092 712 5132 eo
737 5074 1053 5132 sacrificium
1079 5070 1238 5143 jussit
1264 5066 1473 5132 offerri;
1503 5066 1597 5120 sed
1624 5063 1814 5118 deinde
1842 5061 1970 5118 sub-

389 5172 564 5244 junxrt
587 5190 600 5226 :
634 5172 814 5224 Anima
833 5182 1153 5237 quacumque
1172 5164 1380 5235 tetigerit
1404 5176 1599 5215 omnem
1624 5174 1729 5211 rem
1757 5158 1972 5211 inmatu-

292 5274 299 5279 ‘
392 5264 543 5330 dam,
577 5271 666 5315 aut
698 5260 945 5314 morticini
966 5301 978 5318 .
1010 5267 1139 5310 aula
1167 5255 1273 5325 fera
1291 5252 1427 5322 capti
1451 5248 1724 5313 immundi,
1771 5257 1857 5300 aut
1884 5262 1974 5299 eo-

390 5371 503 5409 rum
530 5368 645 5424 qua:
683 5360 800 5406 sunt
826 5349 1087 5404 morticina
1114 5344 1541 5400 abominationum
1566 5338 1970 5400 immundarum,

391 5446 717 5501 morticinum
752 5445 1098 5516 jumentorum
1121 5435 1530 5496 immundorum;
1559 5442 1647 5485 aut
1674 5430 1881 5500 tetigerit
1911 5427 1972 5481 ab

392 5538 714 5595 inmunditia
731 5535 947 5589 hominis
967 5575 980 5597 ,
1014 5531 1075 5584 ab
1102 5530 1236 5583 omni
1264 5525 1560 5581 imutundita
1586 5525 1692 5594 ejus
1711 5561 1725 5586 ,
1755 5535 1902 5590 quant
1933 5519 1976 5573 si

395 5630 643 5702 tetigerit,
678 5624 1058 5698 inquinabitur:
1091 5629 1137 5674 et
1165 5619 1365 5673 latuerit
1390 5631 1529 5677 eum,
1564 5624 1671 5683 post
1690 5611 1782 5663 hoc
1807 5619 1975 5662 autem

394 5722 711 5797 regnaverit,
756 5730 801 5775 et
841 5714 1124 5786 deliquerit.
1173 5711 1357 5780 Neque
1405 5707 1489 5761 hic
1517 5702 1832 5758 sacriﬁcium
1883 5715 1974 5771 pro

458 5841 474 5869 ι
498 5844 638 5887 Juxta
657 5841 730 5885 Er.
759 5842 811 5883 et
832 5839 963 5894 Lov.,
987 5829 1107 5891 quid
1130 5826 1218 5877 hoc
1241 5831 1324 5888 est,
1351 5821 1392 5875 si
1416 5834 1506 5872 non
1528 5815 1829 5871 nuntiarem.
1858 5823 1911 5865 tu.

2073 2324 2177 2378 isto
2203 2340 2399 2394 genere
2440 2329 2638 2397 peccati
2679 2330 2818 2399 quod
2861 2330 3143 2385 offerretur
3172 2345 3607 2389 commemoravit
3635 2376 3650 2400 .

2073 2414 2166 2469 sed
2195 2415 2366 2469 adhuc
2389 2417 2597 2487 adjecit,
2625 2430 2679 2475 et
2706 2421 2780 2474 ait
2811 2438 2823 2473 :
2852 2422 3035 2474 Anima
3062 2438 3385 2496 quiscumque
3401 2425 3652 2494 juraverit

2074 2504 2383 2575 distinguens
2407 2508 2553 2562 labiis
2578 2509 2894 2580 malefacere,
2922 2521 3013 2565 aut
3041 2511 3352 2582 benefacere,
3376 2515 3649 2568 secundum

2074 2597 2242 2649 omnia
2265 2614 2588 2669 quaecumque
2615 2602 2895 2655 distinxerit
2920 2603 3067 2657 homo
3085 2620 3196 2657 cum
3211 2605 3571 2675 jurejurando,
3606 2616 3654 2660 et

2075 2684 2273 2741 latuerit
2301 2705 2448 2755 eum,
2503 2701 2550 2744 et
2577 2692 2631 2744 id
2655 2695 2972 2761 cognoverit,
3019 2704 3067 2749 et
3100 2698 3373 2766 peccaverit
3411 2714 3566 2751 unum
3594 2716 3656 2752 ea:

2073 2776 2152 2829 his
2174 2818 2189 2843 ,
2233 2787 2279 2831 et
2301 2785 2554 2851 confessus
2582 2785 2729 2852 fuerit
2749 2794 3039 2853 peccatum,
3073 2802 3164 2855 pro
3195 2803 3291 2856 quo
3321 2790 3538 2853 peccavit
3561 2790 3656 2842 ad-

2072 2878 2242 2922 versus
2278 2868 2462 2939 ipsum.
2504 2872 2596 2925 llis
2625 2875 2872 2927 omnibus
2913 2875 3028 2930 sine
3052 2876 3225 2945 aliqua
3252 2878 3652 2947 interpositione

2073 2959 2316 3013 sacrificii
2367 2962 2625 3016 connexis
2671 2972 2725 3018 et
2752 2965 3061 3033 explicatis,
3109 2967 3365 3036 adjungit,
3393 2975 3450 3023 et
3472 2968 3644 3023 dicit:

2072 3047 2142 3101 Et
2158 3048 2335 3115 offeret
2354 3051 2374 3081 ³
2392 3067 2484 3121 pro
2504 3052 2565 3105 iis
2586 3069 2698 3122 qua:
2721 3053 2926 3124 deliquit
2951 3055 3188 3121 Domino,
3216 3074 3307 3127 pro
3327 3069 3527 3127 peccato
3550 3074 3649 3127 quo

2026 3192 2037 3195 κ
2074 3142 2293 3210 peccavit
2310 3182 2325 3207 ,
2361 3143 2599 3209 feminam
2626 3146 2688 3199 ab
2709 3146 2882 3200 ovibus
2902 3164 3108 3218 agnam,
3137 3158 3225 3202 aut
3248 3166 3455 3220 capram
3482 3152 3544 3205 de
3562 3168 3652 3205 caa-

2074 3235 2179 3303 pris
2204 3251 2296 3304 pro
2316 3246 2538 3306 peccato,
2563 3247 2608 3290 et
2621 3240 2846 3291 exorabit
2866 3256 2958 3309 pro
2977 3256 3034 3293 eo
3054 3241 3285 3295 sacerdos
3310 3259 3402 3313 pro
3430 3252 3647 3313 peccata,

2071 3333 2121 3378 et
2143 3327 2419 3381 remittetur
2444 3329 2523 3381 illi
2544 3340 2817 3397 peccatum.
2854 3331 2991 3398 Quid
3021 3341 3103 3386 est
3125 3348 3251 3402 ergo
3278 3334 3418 3404 quod
3447 3350 3542 3404 pro
3570 3346 3651 3389 taa-

2072 3414 2179 3470 cito
2199 3418 2506 3487 cujusquam
2525 3420 2775 3489 perjurio,
2803 3430 2857 3476 et
2885 3436 2981 3490 pro
3005 3437 3070 3477 eo
3089 3424 3229 3493 quod
3261 3425 3489 3494 tangitur
3508 3440 3653 3480 mor-

2073 3508 2293 3563 ticinum
2322 3510 2407 3565 vel
2432 3510 2628 3580 aliquid
2676 3513 3003 3566 immundum
3027 3555 3041 3578 ,
3098 3515 3302 3568 nullum
3329 3515 3648 3570 sacrificium

2073 3602 2546 3667 commemoravit;
2576 3616 2672 3670 pro
2695 3617 2760 3656 eo
2786 3618 2913 3658 vero
2935 3613 3148 3673 peccato
3170 3605 3255 3659 ubi
3285 3604 3474 3660 falsum
3505 3607 3651 3675 quis-

2073 3706 2232 3760 quam
2287 3693 2530 3747 nesciens
2569 3693 2793 3762 jnravit,
2848 3694 2981 3749 dixit
3008 3695 3184 3750 offerri
3213 3712 3402 3767 agnam
3432 3698 3516 3752 vel
3555 3713 3650 3753 ca-

2074 3785 2262 3854 pram?
2290 3786 2369 3837 Au
2422 3800 2519 3853 pro
2547 3786 2793 3840 omnibus
2821 3790 2980 3856 supra
3016 3787 3168 3841 dictis
3199 3788 3302 3842 hoc
3330 3789 3649 3844 sacriﬁcium

2074 3882 2284 3943 Oportet
2303 3873 2559 3944 intelligi?
2582 3874 2757 3929 Voluit
2777 3876 2916 3929 enim
2946 3878 3088 3945 prius
3111 3878 3285 3931 omnia
3311 3893 3650 3948 enumerare,

2073 3974 2128 4021 et
2156 3967 2233 4020 sic
2255 3965 2451 4020 inferre
2476 3981 2581 4037 quo
2609 3966 2868 4021 sacrificio
2890 3967 3094 4037 possint
3118 3970 3339 4038 expiari.
3369 3969 3473 4025 Sed
3495 3971 3545 4024 in
3571 3972 3652 4026 eis

2072 4057 2321 4111 omnibus
2367 4071 2524 4126 supra
2572 4058 2728 4112 dictis
2773 4059 3055 4127 generibus
3099 4069 3473 4127 peccatorum,
3526 4069 3653 4115 sunt

2073 4148 2314 4221 qumdam
2355 4160 2571 4219 propter
2612 4149 2933 4204 locutionum
2980 4150 3164 4205 modos
3195 4152 3518 4206 subobscure
3545 4167 3642 4220 po-

2074 4241 2206 4306 sita,
2231 4241 2386 4294 sicuti
2429 4240 2669 4309 estquod
2694 4241 2800 4307 ait,
2830 4241 3145 4293 morticinum
3172 4242 3536 4312 jumentorum.
3571 4242 3646 4299 Ea

2073 4333 2214 4387 enim
2241 4348 2357 4401 quae
2381 4346 2555 4401 graece
2596 4343 2742 4393 κτήνη
2784 4332 3149 4400 appellantur,
3180 4332 3415 4400 plerique
3444 4340 3654 4386 nostro~

2074 4440 2189 4479 rum
2212 4426 2444 4495 jumenta
2469 4423 2799 4492 interpretati
2826 4430 2977 4487 sunt;
3005 4422 3145 4490 quod
3170 4437 3360 4476 nomen
3406 4423 3458 4476 in
3489 4421 3653 4477 latina

2075 4513 2459 4571 consuetudine
2508 4528 2693 4567 eorum
2742 4513 3045 4566 animalium
3076 4520 3193 4577 est,
3248 4526 3471 4581 quorum
3501 4512 3653 4566 labo-

2076 4607 2224 4662 ribus
2249 4605 2587 4675 adjuvamnr,
2621 4604 2850 4657 maxime
2876 4602 2927 4656 in
2953 4602 3226 4672 portandis
3252 4603 3524 4669 oneribus,
3543 4603 3653 4659 sic-

2076 4697 2153 4751 uti
2206 4704 2329 4751 sunt
2360 4695 2480 4765 equi
2506 4732 2521 4760 ,
2548 4694 2704 4759 asini,
2730 4693 2885 4758 muli,
2918 4693 3137 4759 cameli,
3165 4701 3221 4748 et
3242 4694 3286 4747 si
3316 4694 3440 4763 quid
3468 4694 3654 4764 hujus-

2077 4787 2220 4842 modi
2248 4805 2260 4842 :
2293 4803 2411 4857 qua:
2431 4802 2557 4840 vero
2586 4784 2756 4841 Graeci
2777 4796 2921 4848 κτήνη
2948 4794 3159 4851 vocant,
3192 4794 3297 4838 tam
3324 4785 3429 4840 late
3454 4786 3656 4841 intelli.

2078 4889 2293 4949 guntur,
2317 4888 2375 4932 ut
2398 4878 2575 4932 omnia
2599 4885 2692 4932 aut
2716 4891 2881 4947 prope
2904 4876 3080 4931 omnia
3102 4891 3293 4945 pecora
3316 4876 3417 4931 isto
3442 4879 3655 4931 nomine
3681 4915 3691 4970 ι

2079 4970 2487 5027 concludantur.
2534 4970 2602 5024 Et
2640 4969 2761 5024 ideo
2789 4983 2927 5023 novo
2955 4983 3149 5039 genere
3174 4969 3484 5035 locutionis,
3514 4968 3657 5024 velut
3682 4968 3693 5008 ἶ

2080 5074 2351 5133 πλεονασμῷ
2371 5105 2385 5129 ,
2416 5062 2651 5117 additum
2677 5070 2760 5117 est
2787 5061 2840 5115 in
2870 5075 3045 5131 graeco
3064 5100 3078 5126 ,
3100 5060 3472 5114 immundarum
3491 5100 3505 5124 ,
3533 5075 3656 5116 cum

2079 5158 2343 5213 diceretur
2362 5197 2377 5222 ,
2419 5157 2764 5225 jumentorum
2786 5170 2805 5208 :
2834 5153 3081 5223 quoniam
3126 5160 3247 5206 sunt
3275 5152 3431 5206 etiam
3461 5152 3655 5207 munda

2083 5265 2274 5320 pecora
2298 5290 2313 5314 ,
2346 5263 2463 5317 qua:
2487 5259 2632 5307 κτήνη
2664 5246 3014 5315 appellantur.
3063 5244 3193 5312 Quae
3218 5253 3393 5299 autem
3416 5243 3655 5312 jumenta

2083 5356 2212 5396 usus
2238 5340 2430 5394 latinus
2457 5338 2713 5409 appellat,
2758 5337 3047 5392 secundum
3078 5336 3233 5406 Legis
3262 5335 3655 5390 distinctionem

2083 5431 2292 5486 nonnisi
2314 5430 2581 5484 immunda
2604 5438 2747 5482 sunt.

2156 5523 2240 5577 111.
2272 5520 2370 5594 [lb.
2403 5537 2453 5587 v,
2484 5520 2624 5593 $45.]
2649 5520 2774 5576 item
2797 5518 2936 5589 quod
2958 5519 3063 5583 ait,
3108 5516 3290 5571 Anima
3336 5533 3658 5587 quacumque

2074 5616 2341 5688 jurauerit,
2373 5615 2683 5685 distinguens
2719 5612 2864 5668 labiis
2901 5613 3196 5683 malefacere
3220 5622 3303 5665 aut
3330 5613 3619 5683 benefacere
3641 5651 3658 5676 ,

2150 5752 2165 5783 ι
2193 5758 2327 5799 uss.
2356 5748 2537 5819 afferet.
2574 5748 2643 5796 sic
2676 5745 2820 5795 etiam
2843 5742 2963 5793 infra
2998 5750 3303 5805 constanter,
3326 5742 3407 5791 ubi
3443 5743 3489 5791 in
3511 5753 3673 5806 grtes»-

2086 5821 2194 5863 Lxx
2219 5821 2312 5874 est,
2331 5822 2463 5861 esset.
