4136 6464
555 364 660 435 675

551 493 808 564 quaeritur
852 490 980 563 quid
1019 489 1233 555 dixerit,
1279 487 1606 560 distinguens.
1656 486 1881 543 Assidue
1933 488 2127 557 quippe

555 585 659 638 hoc
687 582 906 638 verbum
937 582 1085 653 ponit
1111 581 1401 652 Scriptura.
1440 577 1590 634 Unde
1617 589 1701 634 est
1727 587 1780 633 et
1809 578 1953 643 illud,
1993 578 2129 632 Red-

553 674 672 728 dam
706 683 818 729 vota
845 689 956 728 mea
975 715 989 738 ,
1017 687 1130 743 qua
1155 669 1486 726 distinxerunt
1511 669 1644 724 labia
1671 685 1780 723 mea
1806 668 1974 741 (Psal.
2007 663 2127 736 ω,

551 765 739 836 43-14)
771 781 786 818 :
815 765 941 819 item
968 763 1161 818 dicitur
1186 763 1252 816 ad
1280 762 1632 828 Ezechielem,
1673 760 1802 818 Cum
1839 762 2004 815 dicam
2033 761 2132 815 ini-

551 873 668 927 quo,
702 856 864 910 Morte
893 856 1120 910 morieris
1137 896 1151 920 ,
1179 863 1225 908 et
1255 857 1309 908 tu
1336 862 1435 908 non
1465 854 1733 907 distinxisti
1759 854 1914 922 neque
1937 853 2130 906 locutus

551 963 602 1002 es
631 946 838 1018 (Exerit.
867 962 944 1011 ut,
972 946 1060 1017 l8)
1095 963 1107 998 :
1137 945 1263 1000 item
1293 946 1551 1014 scriptum
1581 953 1681 1009 εει,
1707 944 1768 999 Si
1792 961 1890 1014 qua
1911 945 1962 998 in
1979 945 2128 997 domo

551 1040 710 1110 patris
737 1039 815 1094 sui
853 1038 1120 1092 constituta
1163 1033 1345 1091 noverit
1384 1047 1583 1101 votum,
1630 1036 1939 1106 distinguens
1984 1035 2129 1088 labiis

554 1129 660 1183 suis
707 1127 943 1182 adversus
981 1128 1203 1180 animam
1237 1138 1382 1180 suam
1425 1125 1614 1197 (Num.
1645 1140 1774 1191 xxx,
1804 1125 1879 1195 4).
1908 1123 2129 1179 Videtur

555 1237 682 1293 ergo
725 1222 823 1276 ista
859 1220 1132 1275 distinctio
1158 1220 1307 1290 quasi
1333 1218 1569 1274 deﬁnitio
1597 1233 1735 1280 esse,
1762 1233 1862 1288 qua
1886 1217 2126 1271 secerni-

550 1322 638 1368 tur
683 1311 882 1383 aliquid
920 1327 951 1366 a
988 1311 1218 1377 caeteris,
1245 1326 1363 1380 quae
1391 1309 1508 1365 solo
1535 1309 1678 1364 dicto
1707 1322 1810 1363 non
1857 1317 2122 1364 tenentur.

548 1403 637 1460 Sic
680 1418 808 1473 ergo
846 1402 1134 1471 accipiatur
1177 1407 1423 1470 tanquam
1453 1401 1652 1455 dictum
1682 1401 1769 1467 sit,
1801 1399 1983 1454 Anima
2011 1415 2126 1470 qute

549 1496 790 1570 iuraverit
816 1537 831 1562 ,
870 1495 1114 1564 definiens
1166 1493 1310 1548 labiis
1349 1487 1647 1563 malefacere
1677 1503 1765 1546 aut
1790 1493 2077 1564 benefacere
2102 1531 2118 1558 ,

548 1585 823 1640 secundum
849 1585 1017 1638 omnia
1045 1600 1157 1653 qua:
1184 1584 1433 1652 definierit
1458 1583 1607 1636 homo
1635 1597 1746 1655 cum
1763 1584 2120 1654 jurejurando,

547 1677 597 1722 et
621 1667 819 1723 latuerit
845 1683 978 1733 eum,
1021 1666 1074 1721 id
1107 1674 1226 1731 est,
1251 1668 1495 1722 nesciens
1533 1665 1830 1720 faciendum
1877 1683 1996 1722 esse
2041 1668 2124 1722 vel

547 1774 655 1814 non
689 1757 1023 1824 faciendum,
1058 1743 1314 1828 juraierit
1347 1757 1522 1812 facere
1553 1775 1565 1811 :
1595 1769 1642 1812 et
1667 1759 1720 1811 id
1743 1759 2045 1830 cognoverit,
2075 1769 2124 1814 et

549 1854 821 1922 peccaverit
858 1869 1014 1907 unum
1041 1869 1105 1906 ex
1133 1853 1209 1906 liis
1232 1893 1245 1915 ,
1278 1852 1388 1906 sive
1431 1854 1550 1921 quia
1593 1852 1792 1922 juravit
1835 1860 2122 1923 antequam

548 1952 916 2013 cognosceret,
949 1944 1060 1998 sive
1087 1943 1206 2012 quia
1237 1941 1362 1998 fecit
1387 1943 1526 2012 quod
1552 1943 1766 2012 jnravit,
1794 1952 1847 1998 et
1874 1944 2123 2014 cognovit

548 2042 731 2102 postea
759 2032 882 2102 quia
910 2047 1016 2086 non
1051 2030 1145 2085 fuit
1188 2032 1483 2086 faciendum
1513 2023 1684 2102 neque
1715 2034 1998 2111 jurandum
2029 2051 2043 2089 :
2075 2043 2122 2090 et

547 2125 805 2194 confessus
835 2122 981 2191 fuerit
1003 2130 1259 2192 peccatum
1285 2139 1376 2191 pro
1403 2139 1499 2192 quo
1526 2125 1761 2193 peccavit,
1787 2125 1837 2178 id
1867 2135 1968 2192 est,
1998 2141 2122 2195 pec-

547 2225 723 2270 catum
762 2213 900 2283 quod
932 2216 1168 2284 peccavit
1199 2232 1212 2267 :
1242 2214 1436 2269 locutio
1463 2223 1545 2269 est
1569 2217 1730 2270 enim.
1765 2216 2120 2284 Quod‘autem

547 2303 767 2370 addidit,
810 2304 1046 2358 adversus
1073 2305 1260 2374 ipsum,
1289 2303 1415 2374 quid
1444 2305 1770 2376 intelligitur,
1802 2307 1901 2361 nisi
1927 2308 2119 2364 adver-

549 2411 642 2452 sus
682 2397 852 2466 ipsum
888 2406 1164 2465 peccatum
1201 2396 1477 2452 confessus
1513 2397 1702 2465 fuerit,
1743 2399 1797 2454 id
1834 2408 1948 2467 est,
1987 2415 2120 2455 eon-

547 2487 748 2543 litendo
794 2497 1066 2558 peccatum
1095 2489 1546 2556 accusaveritiEt
1580 2489 1753 2557 o/feret
1793 2508 1884 2562 pro
1917 2493 1980 2547 iis
2007 2508 2122 2564 qua:

545 2578 752 2646 deliquit
777 2577 1021 2643 Domino,
1053 2593 1144 2650 pro
1173 2590 1372 2650 peccato
1399 2597 1496 2652 quo
1521 2583 1758 2651 peccavit,
1787 2583 2029 2649 feminam
2055 2583 2118 2639 ab

545 2669 716 2724 ovibus
739 2685 944 2740 agnam.
980 2669 1182 2725 Usitata
1209 2670 1478 2726 locutione
1501 2687 1686 2742 agnem
1711 2673 1949 2742 feminam
1969 2675 2115 2740 dicit,

545 2759 696 2830 quasi
723 2760 894 2829 possit
919 2774 1040 2830 esse
1064 2775 1171 2815 non
1201 2759 1393 2815 femina
1426 2779 1439 2814 :
1469 2771 1556 2815 aut
1583 2778 1791 2832 capram
1815 2765 1878 2817 de
1905 2766 2072 2836 capris
2098 2799 2114 2834 ,

545 2851 692 2907 sicut
711 2867 895 2922 agnam
919 2851 984 2906 de
1005 2851 1196 2917 ovibus,
1237 2853 1390 2922 quasi
1418 2853 1584 2922 possit
1610 2869 1728 2909 esse
1747 2864 1837 2908 aut
1855 2871 1986 2926 agna
2016 2857 2118 2912 nisi

546 2940 616 2996 de
638 2941 844 3008 ovibus,
875 2950 968 2997 aut
993 2955 1150 3011 capra
1179 2941 1279 2996 nisi
1307 2941 1376 2997 de
1397 2943 1592 3013 capris.
1635 2941 1894 2998 Nonnulla
1941 2956 2118 3001 autem

547 3031 772 3101 quaestio
814 3040 931 3098 est,
957 3031 1066 3086 imo
1094 3046 1198 3085 non
1229 3045 1410 3101 parva,
1452 3032 1578 3103 quid
1614 3033 1684 3088 sit
1725 3034 1866 3103 quod
1908 3036 2120 3092 assidue

547 3121 696 3189 dicit,
727 3123 851 3178 Post
878 3123 974 3177 hoc
1009 3132 1175 3178 autem
1215 3125 1517 3195 cognouerit,
1555 3133 1602 3179 et
1637 3126 1946 3196 deliquerit:
1967 3128 2118 3198 quasi

548 3222 676 3270 tunc
703 3215 793 3269 ﬁat
823 3215 1070 3271 delictum
1091 3257 1106 3283 ,
1146 3230 1269 3271 cum
1312 3217 1471 3272 fuerit
1511 3219 1799 3290 cognitum.
1832 3221 1914 3274 An
1943 3222 2118 3291 potius

546 3307 669 3376 quia
707 3307 806 3361 nisi
847 3321 944 3378 pro
970 3307 1183 3379 cognito
1210 3308 1456 3364 satisfieri
1484 3324 1588 3364 non
1617 3312 1825 3382 potest?
1862 3312 1966 3367 Sed
2011 3329 2118 3369 non

547 3400 649 3463 ait,
680 3400 807 3456 Post
835 3401 934 3455 hoc
961 3410 1136 3456 autem
1165 3403 1470 3473 cognoverit
1511 3411 1566 3459 et
1612 3405 1916 3474 paenituerit
1951 3421 2073 3462 eum
2099 3422 2114 3463 :

544 3492 672 3563 quid
699 3508 824 3565 ergo
851 3502 953 3560 est,
994 3492 1118 3548 Post
1155 3494 1250 3548 hoc
1276 3497 1557 3567 cognoverit
1600 3503 1649 3550 et
1696 3497 1985 3568 deliquerit,
2017 3499 2120 3554 nisi

545 3593 667 3653 post
703 3584 1054 3653 cognitionem
1082 3585 1395 3656 deliquerit;
1425 3596 1482 3643 ut
1505 3588 1550 3643 si
1571 3589 1744 3644 sciens
1771 3589 1952 3646 fecerit
1977 3591 2119 3661 quod

546 3675 845 3732 faciendum
871 3692 977 3732 non
1002 3685 1166 3746 esset,
1198 3687 1323 3735 tunc
1347 3680 1541 3736 delicto
1568 3683 1810 3753 purgatio
1838 3683 2120 3739 debeatur?

543 3765 649 3821 Sed
676 3781 781 3820 non
807 3767 878 3822 ita
899 3767 1216 3838 prmlocntus
1236 3779 1335 3824 est.
1354 3769 1431 3824 Ea
1452 3771 1647 3840 quippe
1672 3773 1881 3827 videtur
1895 3774 2116 3844 exsequi

546 3866 759 3926 peccata
790 3873 908 3926 qua:
933 3858 1001 3912 ab
1027 3858 1403 3928 ignorantibus,
1435 3870 1487 3915 et
1517 3876 1612 3931 per
1638 3861 1740 3917 hoc
1765 3879 1793 3917 a
1820 3863 2118 3920 nolentibus

543 3946 964 4001 committuntur.
988 3947 1248 4003 Fortassis
1267 3965 1392 4019 ergo
1411 3951 1591 4022 aliquo
1617 3967 1810 4021 genere
1839 3954 2117 4010 locutionis

539 4035 806 4106 deliquerit
829 4035 1022 4092 dictum
1041 4046 1150 4104 est,
1181 4037 1430 4093 delictum
1457 4056 1575 4094 esse
1601 4040 1864 4096 didicerit.
1907 4045 1988 4098 An
2017 4059 2116 4114 po-

547 4127 652 4182 tius
677 4141 936 4182 converso
962 4128 1146 4182 ordine
1170 4129 1368 4183 dictum
1396 4139 1478 4185 est
1507 4129 1649 4202 (quia
1679 4142 1734 4186 et
1771 4134 1891 4187 talia
1921 4149 2114 4204 genera

543 4217 826 4273 locutionis
853 4218 1013 4274 habet
1039 4219 1330 4290 Scriptura)
1363 4221 1500 4290 quod
1537 4237 1630 4290 per
1657 4223 1757 4275 alia
1787 4224 1896 4277 loca
1925 4226 2115 4280 similia

542 4317 690 4364 recto
713 4309 896 4363 ordine
922 4309 1224 4364 dicebatur?
1244 4309 1375 4364 Nam
1403 4325 1520 4364 cum
1541 4312 1664 4365 alibi
1688 4314 1841 4367 toties
1861 4315 2114 4384 scriptum

540 4403 630 4467 sit,
658 4401 725 4456 Et
749 4401 1007 4471 deliquerit
1035 4409 1081 4454 et
1107 4403 1358 4472 cognitum
1379 4403 1526 4474 fuerit
1545 4403 1621 4468 ei;
1647 4405 1731 4458 hic
1761 4412 1960 4458 tantum
1989 4421 2116 4460 con-

539 4506 718 4555 verso,
757 4499 815 4545 ut
842 4489 968 4556 dixi,
997 4491 1183 4546 ordine
1203 4533 1217 4555 ,
1267 4493 1413 4561 prius
1451 4492 1648 4546 dictum
1683 4503 1764 4548 cst
1792 4498 2072 4566 cognoverit
2093 4537 2110 4564 ,

540 4581 732 4637 deinde
759 4592 807 4636 et
835 4581 1112 4652 deliquerit.
1135 4583 1332 4638 Ordine
1351 4592 1526 4638 autem
1545 4601 1662 4651 suo,
1692 4587 1760 4640 ita
1778 4587 1878 4647 dici
1901 4598 2107 4657 posset:

541 4670 724 4726 Anima
751 4687 1070 4741 quatcumque
1108 4674 1318 4744 tetigerit
1344 4690 1537 4728 omnent
1562 4692 1666 4729 rem
1690 4677 2000 4731 immundam
2026 4689 2113 4733 aut

540 4762 822 4829 morticini,
874 4772 961 4816 aut
985 4781 1016 4816 a
1045 4764 1152 4833 {era
1179 4767 1314 4833 capti
1347 4767 1623 4832 immundi,
1657 4778 1743 4822 aut
1784 4787 1954 4825 eorum
2001 4787 2114 4844 qua:

535 4862 655 4910 sunt
693 4853 956 4906 morticina
999 4856 1419 4910 abominationum
1454 4858 1826 4914 immundarum
1846 4901 1860 4926 ,
1893 4865 2116 4916 mortici-

537 4956 658 4998 num
671 4946 1012 5015 jumentorum
1035 4948 1428 5016 immundorum,
1456 4961 1542 5004 aut
1568 4953 1780 5024 tetigerit
1804 4955 1866 5008 ab
1890 4955 2111 5009 immun-

534 5035 664 5100 ditia
685 5035 920 5099 hominis,
945 5038 1008 5090 ab
1029 5040 1164 5092 omni
1186 5039 1502 5095 immundilia
1523 5043 1628 5114 ejus
1653 5060 1802 5113 quant
1827 5046 1870 5098 si
1899 5047 2111 5116 tetigerit

537 5127 827 5197 inquinetur
848 5163 865 5194 ,
909 5137 957 5181 et
992 5129 1050 5182 si:
1075 5128 1274 5184 latuerit
1305 5149 1438 5199 eum,
1468 5143 1514 5188 et
1542 5135 1842 5207 deliquerit,
1877 5148 1987 5207 post
2017 5139 2111 5194 hoc

535 5229 702 5271 autem
729 5221 1032 5288 cognoverit.

610 5307 696 5363 IV.
730 5306 829 5379 [Ib.
858 5324 910 5376 v,
939 5308 1016 5382 7.]
1045 5309 1107 5365 Si
1133 5319 1300 5367 autent
1337 5329 1435 5368 non
1470 5314 1596 5368 valet
1618 5332 1794 5372 ntanus
1834 5319 1942 5388 ejus
1971 5323 2108 5389 quod

534 5401 656 5454 satis
681 5411 751 5454 est
777 5401 830 5455 in
857 5419 1015 5468 ovem,
1038 5402 1210 5469 o/feret
1238 5422 1330 5475 pro
1351 5417 1552 5476 peccato
1574 5424 1665 5462 suo
1686 5410 1820 5478 quod
1854 5416 2105 5482 peccavit,

533 5491 660 5546 duos
681 5502 899 5546 turtures
919 5503 1007 5547 aut
1032 5495 1159 5550 duos
1177 5498 1342 5567 pullos
1360 5499 1669 5554 colunibinos
1691 5500 1928 5567 Domino;
1950 5519 2107 5557 unum

534 5600 627 5654 pro
653 5594 874 5654 peccato,
901 5594 948 5640 et
972 5602 1126 5642 unum
1145 5588 1199 5642 in
1229 5588 1622 5645 holocaustoma.
1651 5592 1806 5648 Certe
1834 5594 1920 5650 ltie
1938 5598 2108 5666 aperit

533 5677 897 5746 quaestionem,
931 5678 998 5733 de
1026 5695 1126 5749 qua
1164 5681 1406 5751 superius
1447 5698 1566 5738 cum
1608 5684 1910 5755 loqueretur
1935 5690 2106 5744 ambi-

533 5768 800 5838 gebatnus.
833 5769 953 5824 Ideo
995 5770 1188 5842 quippe
1217 5772 1419 5829 videtur
1447 5774 1642 5842 dicere,
1677 5792 1828 5831 unum
1866 5795 1961 5850 pro
1987 5797 2106 5850 pec—

1345 368 1802 444 QUIESTlONUM
1840 371 1898 427 S.
1938 367 2311 427 AUGUSTINI
2351 369 2414 426 ΙΝ
2456 367 3014 430 ilEPTATEUCllUM

3717 374 3815 442 678

2239 495 2373 552 cato,
2399 486 2612 538 alterum
2632 487 2683 539 in
2703 487 3081 542 holocaustoma
3101 529 3114 553 ,
3146 476 3532 560 quoniam'tton
3561 494 3810 554 oﬂet'eba.

2241 583 2326 629 tur
2350 576 2664 631 sacrificium
2691 592 2788 646 pro
2823 587 3037 647 peccato
3076 580 3174 634 nisi
3200 595 3324 636 eum
3350 583 3682 642 bolocausto.
3712 587 3818 647 Ds-

2237 665 2393 735 nique
2417 680 2536 720 cum
2567 667 2712 735 prius
2737 682 2977 724 seorsum
3004 669 3074 725 de
3109 670 3430 728 holocaustis
3475 675 3778 747 loqueretur
3795 714 3815 750 ,

2235 756 2672 810 commemoravit
2697 765 2975 825 turturem,
3005 768 3060 814 et
3089 773 3195 816 non
3237 761 3370 818 dixit
3393 763 3530 819 duos
3554 766 3736 838 (Lecit.
3763 785 3816 836 t,

2237 845 2326 917 ﬂ)
2357 863 2371 899 :
2405 862 2548 900 nune
2575 862 2710 902 vero
2735 847 2854 904 ideo
2874 849 3010 905 duos
3037 851 3183 916 dicit,
3213 854 3334 924 quia
3363 856 3679 913 sacriﬁcium
3721 876 3817 929 pro

2234 941 2452 1004 peccato
2479 936 2596 992 sine
2639 937 3090 996 bolocaustomate
3137 957 3243 998 non
3285 945 3623 1002 oll‘erebatur.
3662 949 3814 1016 Quod

2233 1041 2360 1096 ergo
2389 1028 2632 1096 superius
2656 1027 2886 1094 dicebat,
2921 1029 2986 1084 Et
3013 1031 3233 1101 imponet
3259 1051 3412 1105 super
3438 1036 3816 1107 holocaustoma

2232 1109 2344 1186 (Id.
2377 1133 2445 1182 tv,
2467 1117 2581 1187 55),
2600 1133 2706 1172 non
2730 1127 2815 1174 est
2836 1119 3052 1174 dubium
3069 1122 3210 1192 quod
3229 1125 3372 1193 prius
3394 1126 3811 1197 bolocaustoma,

2231 1205 2422 1262 deinde
2456 1208 2582 1263 illud
2610 1209 3142 1280 superimponebatur
3169 1230 3184 1266 :
3216 1230 3356 1270 nunc
3383 1229 3508 1271 vero
3537 1217 3603 1272 de
3626 1220 3814 1278 avibus

2230 1296 2388 1352 aliter
2409 1297 2559 1365 dicit,
2586 1307 2644 1353 ut
2682 1301 2826 1369 prius
2865 1301 3116 1357 offeratur
3152 1319 3249 1374 pro
3287 1315 3505 1376 peccato
3529 1323 3632 1362 una
3659 1310 3810 1378 avis,

2231 1385 2423 1441 deinde
2447 1387 2613 1442 altera
2642 1390 2693 1442 in
2723 1389 3142 1447 bolocaustoma.

2300 1475 2365 1531 γ.
2397 1475 2502 1548 [Ib.
2536 1494 2590 1543 v,
2625 1479 2733 1552 15.]
2757 1480 2908 1546 Quod
2935 1491 3110 1537 autem
3137 1483 3238 1551 ait,
3279 1485 3493 1551 Anima,
3531 1487 3577 1541 si
3612 1486 3813 1542 latum'l

2229 1583 2342 1621 eum
2369 1569 2642 1634 oblivione;
2685 1570 2737 1624 id
2775 1580 2894 1639 est,
2931 1573 2976 1626 si
3021 1574 3289 1630 oblivione
3322 1574 3521 1631 factum
3559 1576 3720 1632 fuerit
3755 1585 3815 1634 ιιι

2227 1659 2389 1714 lateat
2414 1675 2558 1726 eum,
2585 1661 2667 1716 vel
2707 1677 2825 1716 eam
2870 1664 2916 1717 si
2958 1664 3026 1718 ad
3067 1667 3300 1721 animam
3339 1667 3528 1734 refers,
3557 1670 3810 1740 quoniam

2225 1767 2340 1804 eum
2376 1751 2633 1818 dicendo,
2679 1753 2747 1808 ad
2785 1753 3056 1812 hominem
3109 1757 3306 1813 retulit.
3335 1761 3582 1816 Animam
3609 1763 3808 1832 quippe

2227 1840 2315 1896 bie
2342 1840 2614 1897 hominem
2644 1843 2790 1898 dicit.

2297 1933 2384 1987 Vl.
2413 1931 2514 2005 [Ib.
2530 1950 2584 2000 v,
2613 1936 2699 2002 15,
2725 1934 2835 2008 l6.]
2859 1935 2924 1990 Et
2940 1939 3214 2008 peccaverit
3237 1937 3412 1995 nolens
3435 1958 3469 1996 a
3494 1944 3681 1998 sanctis
3705 1942 3812 1998 Do-

2224 2025 2348 2079 mini
2375 2025 2413 2079 ί.
2449 2025 2662 2081 Videtur
2687 2028 2911 2084 obscure
2937 2029 3168 2099 positum
3209 2031 3311 2087 Itoc
3355 2035 3557 2103 peccati
3595 2051 3761 2105 genus
3787 2077 3805 2102 ,

2225 2117 2317 2171 scd
2335 2116 2388 2171 in
2409 2119 2856 2188 consequentibus
2873 2122 3125 2190 aperitur,-
3144 2123 3232 2178 nbi
3251 2123 3381 2180 dicit
3400 2135 3519 2195 post
3537 2126 3771 2182 oblatum
3783 2126 3806 2161 ¹

2223 2205 2290 2261 de
2309 2207 2476 2263 ariete
2497 2207 2836 2274 sacriﬁcium,
2861 2205 3099 2264 Restituet
3119 2211 3266 2278 illud,
3286 2223 3333 2267 et
3353 2214 3553 2284 quintus
3579 2217 3805 2285 adjiciet.

2225 2297 2303 2354 lbi
2329 2301 2471 2354 enim
2502 2300 2807 2370 intelligitur
2834 2300 2934 2356 hoc
2962 2315 3082 2358 esse
3106 2318 3135 2355 a
3162 2304 3360 2359 sanctis
3385 2304 3652 2360 oblivione
3677 2321 3809 2376 peca

2223 2399 2366 2450 care.
2399 2389 2598 2458 aliquid
2626 2404 2722 2460 per
2750 2390 3070 2446 oblivionem
3100 2408 3358 2463 usurpare
3395 2395 3541 2465 quod
3579 2396 3808 2453 debetur

2223 2477 2441 2544 sanctis,
2471 2478 2582 2534 sive
2611 2479 2998 2547 sacerdotibus,
3027 2486 3137 2535 sive
3163 2482 3519 2540 oblationibus
3538 2526 3555 2554 ,
3585 2485 3669 2541 vel
3695 2487 3810 2556 pri-

2222 2568 2511 2637 mitiarnm,
2535 2569 2625 2625 vel
2647 2570 2900 2640 quidquid
2927 2571 3251 2640 huiusmodit

2293 2656 2404 2712 Vll.
2434 2657 2536 2729 [Ib.
2567 2658 2776 2730 17-19.]
2797 2658 2866 2714 Et
2891 2661 3060 2714 anima
3094 2677 3416 2734 quacumque
3437 2666 3726 2734 peccaverit,
3757 2669 3809 2722 et

2222 2748 2393 2819 fecerit
2430 2767 2590 2804 unum
2629 2751 2693 2806 ab
2727 2753 2956 2806 omnibus
2993 2756 3256 2826 preceptis
3281 2752 3508 2821 Domini,
3553 2774 3666 2828 guto
3703 2773 3806 2815 non

2223 2849 2415 2909 Oportet
2441 2841 2569 2910 ﬁeri,
2589 2850 2637 2896 et
2652 2857 2753 2896 non
2767 2844 3069 2913 cognoverit,
3083 2855 3129 2898 et
3141 2845 3420 2914 deliquerit,
3437 2856 3481 2901 et
3498 2864 3596 2902 non
3612 2865 3805 2920 cogno-

2221 2932 2343 2985 verit
2370 2940 2630 3001 peccatum
2650 2949 2798 2987 suum
2816 2933 2858 3000 ’φ
2885 2943 2931 2988 et
2955 2933 3134 3001 a/I'eret
3160 2936 3362 2991 arietem
3390 2939 3498 2992 sine
3519 2941 3716 2993 macula
3741 2942 3808 2996 de

2223 3022 2393 3076 ovibus
2423 3023 2582 3092 pretio
2606 3024 2802 3094 argenti
2824 3025 2878 3080 in
2900 3025 3218 3080 delictumad
3242 3027 3591 3084 sacerdotem:
3617 3041 3664 3084 et
3683 3047 3809 3094 exos

2222 3113 2352 3166 rabit
2393 3129 2486 3183 pro
2533 3129 2593 3168 eo
2628 3115 2861 3169 sacerdos
2891 3125 3095 3188 prapter
3118 3116 3455 3187 ignorantiam
3491 3120 3618 3190 ejus,
3647 3133 3801 3192 quam

2222 3201 2500 3272 ignoravit,
2530 3211 2577 3256 et
2605 3203 2711 3274 ipse
2736 3220 2836 3258 non
2858 3205 3017 3272 scivit,
3053 3213 3102 3259 et
3141 3207 3421 3261 remittetur
3443 3208 3540 3263 illi.
3582 3208 3808 3280 Deliquit

2221 3292 2357 3346 enim
2402 3291 2636 3346 delictum
2676 3302 2792 3347 ante
2846 3293 3144 3349 Dominum.
3189 3295 3422 3368 Excepta
3474 3298 3802 3356 locutionum

2223 3381 2470 3437 inusitata
2495 3383 2776 3449 densitate,
2818 3400 2938 3454 quae
2969 3385 3078 3455 jam
3111 3396 3325 3456 propter
3347 3389 3611 3445 assiduam
3645 3406 3805 3461 repe-

2223 3473 2463 3527 titionem
2513 3472 2709 3528 debent
2752 3489 2873 3530 esse
2919 3477 3247 3542 notissimae,
3282 3486 3424 3533 totus
3468 3480 3570 3535 iste
3611 3495 3806 3537 sensus

2223 3563 2482 3618 obscurus
2505 3572 2620 3630 est;
2647 3565 2897 3635 quoniam
2919 3566 3170 3636 quatritnr
3189 3568 3456 3637 quomodo
3471 3568 3807 3627 discernatur

2224 3651 2326 3708 hoc
2348 3669 2512 3724 genus
2538 3653 2716 3710 delicti
2744 3655 2811 3710 ab
2839 3656 2917 3712 eis
2943 3672 3062 3726 qua:
3090 3659 3332 3727 superius
3369 3659 3595 3729 quadam
3635 3678 3804 3732 gene-

2223 3745 2428 3800 ralitate
2454 3746 2764 3814 complexus
2789 3755 2892 3801 est.
2927 3747 3143 3802 Videtur
3162 3749 3303 3803 enim
3330 3748 3433 3806 hoc
3458 3752 3592 3807 ratio
3616 3767 3810 3822 posce-

2223 3848 2284 3888 re
2311 3871 2326 3900 ,
2375 3842 2432 3888 ut
2473 3835 2632 3889 certis
2679 3833 2964 3905 generibus
3000 3849 3337 3907 peccatorum
3379 3849 3522 3896 certa
3572 3857 3802 3912 genera,

2222 3925 2415 3994 quibus
2437 3929 2736 3996 expientur,
2765 3928 3148 3988 sacriﬁciorum
3183 3931 3480 3987 adhibenda
3517 3934 3645 3992 sint.
3688 3935 3806 3992 Hoc

2221 4021 2399 4070 autem
2438 4017 2578 4086 quod
2627 4017 2788 4072 modo
2835 4022 3282 4086 commemoravi,
3330 4037 3435 4077 non
3501 4025 3805 4094 specialiter

2220 4106 2468 4176 esprimit
2513 4116 2821 4176 peccatum,
2877 4108 2969 4164 sed
3015 4108 3072 4164 in
3111 4124 3172 4164 ca
3210 4111 3424 4166 videtur
3451 4114 3802 4182 generalitate

2221 4197 2442 4265 versari,
2477 4197 2544 4253 de
2585 4213 2688 4268 qua
2725 4209 2848 4254 ante
2883 4215 3002 4254 cum
3032 4201 3266 4269 diceret,
3295 4205 3569 4260 constituit
3594 4207 3798 4262 sacriﬁs

2220 4287 2359 4342 cium
2399 4288 2662 4342 sacerdoti
2689 4290 2924 4356 vitulum,
2958 4300 3011 4345 et
3040 4293 3299 4347 universa:
3335 4309 3617 4367 synagoga:
3647 4298 3802 4354 sitnib

2220 4377 2340 4432 liter
2369 4379 2606 4443 vitulum,
2635 4380 2856 4449 principi
2883 4395 3122 4451 caprum,
3154 4393 3208 4439 et
3231 4385 3541 4457 cuicumque
3570 4392 3797 4461 animm,-

2219 4467 2323 4522 boe
2371 4477 2454 4523 est
2492 4469 2803 4541 cuicumque
2851 4471 3049 4527 bomini
3092 4489 3338 4545 capram,
3378 4478 3462 4532 vel
3499 4481 3543 4534 si
3575 4481 3804 4539 voluerit

2219 4569 2393 4621 ovem,
2411 4569 2582 4615 tamen
2601 4561 2910 4617 femininum
2933 4579 3093 4634 pecus
3107 4564 3284 4643 (Leuit.
3302 4570 3397 4640 tv).
3419 4570 3616 4627 Deinde
3638 4575 3803 4643 cmpit

2219 4662 2441 4718 excepta
2470 4651 2642 4706 facere
2667 4651 2910 4720 qumdam
2937 4669 3129 4724 genera
3164 4668 3513 4725 peccatorum,
3539 4670 3594 4715 et
3619 4665 3800 4719 nenti-

2219 4741 2381 4793 natim
2409 4741 2708 4810 exprimere
2733 4757 2829 4812 pro
2844 4745 3034 4813 quibus
3049 4745 3174 4816 quid
3199 4748 3523 4805 olferendum
3542 4753 3636 4807 sit:
3657 4755 3803 4811 velut

2216 4831 2284 4888 de
2329 4834 2510 4888 audito
2547 4841 2600 4888 ct
2642 4834 2802 4890 tacito
2841 4837 3152 4908 cujusquam
3182 4842 3435 4911 perjurio,
3464 4853 3519 4899 et
3546 4844 3612 4900 de
3655 4855 3800 4903 tacto

2218 4926 2494 4980 morticino
2521 4933 2575 4981 et
2617 4926 2888 4983 immundo
2913 4969 2927 4994 ,
2968 4937 3023 4983 ct
3063 4930 3328 5000 juratione
3373 4933 3495 4988 falsa
3522 4951 3618 5005 per
3647 4936 3798 5008 igno-

2217 5015 2469 5082 rantiam;
2498 5015 2564 5072 de
2589 5018 2775 5072 ovibus
2801 5034 3010 5088 agnam,
3041 5030 3131 5074 aut
3159 5038 3370 5090 capram
3396 5024 3462 5078 de
3489 5028 3682 5096 capris,
3706 5038 3798 5084 aut

2218 5121 2312 5175 par
2336 5114 2626 5172 turtttrum,
2656 5117 2746 5160 aut
2783 5108 2916 5162 duos
2957 5111 3124 5178 pullos
3150 5113 3498 5181 colutnbinos,
3529 5127 3618 5169 aut
3644 5118 3793 5171 decis

2207 5211 2356 5268 tuam
2405 5207 2608 5264 partem
2651 5196 2793 5268 (pri
2841 5199 3180 5270 similaginis;
3222 5219 3319 5272 pro
3355 5219 3420 5258 eo
3461 5211 3638 5259 autem
3669 5222 3794 5278 pec-

2280 5307 2294 5338 ¹
2323 5305 2440 5354 aditi
2459 5320 2471 5355 :
2492 5310 2546 5356 Iit
2562 5305 2606 5357 si
2619 5307 2881 5369 peccaverit
2903 5308 3063 5361 nolens
3080 5325 3110 5361 a
3126 5312 3303 5363 sanctis
3327 5313 3596 5366 Dominum.
3616 5323 3669 5366 Αι
3685 5324 3794 5368 Mss.

2215 5369 2553 5436 consentiente
2575 5382 2738 5436 graeco
2755 5377 2938 5436 carent,
2963 5370 3022 5431 si,
3049 5381 3100 5424 et
3123 5374 3331 5431 habent,
3359 5376 3564 5426 nomini.
3588 5386 3796 5436 Quorum
3819 5416 3821 5419 τ

2213 5426 2410 5508 demum
2423 5426 2707 5508 auctoritate
2723 5433 2897 5508 passim
2922 5426 3180 5508 lectionem
3198 5426 3404 5508 graecam
3428 5445 3532 5487 Lxx
3559 5426 3796 5508 [dict-pre?

2215 5496 2323 5564 tum
2339 5491 2638 5540 restituimus
2659 5491 2754 5540 tam
2775 5492 3114 5555 frequentibus
3131 5491 3263 5559 locis,
3283 5507 3335 5548 ut
3359 5512 3447 5549 uos
3471 5513 3528 5549 ea
3550 5491 3707 5551 omnia
3725 5502 3796 5564 pi-

2253 5559 2331 5598 eat
2354 5563 2585 5601 annotare
2594 5589 2604 5600 .

2215 5563 2331 5612 geat
2354 5563 2604 5601 adnotare.

2279 5613 2300 5683 ξ
2322 5612 2456 5683 t-Jditi,
2482 5613 2608 5676 quod
2632 5621 2733 5683 post
2751 5612 2973 5683 oblatum.
3001 5618 3146 5683 Abest
3167 5620 3294 5683 quod
3317 5635 3344 5670 a
3361 5627 3470 5672 Mss.

2280 5673 2308 5747 ξ
2312 5674 2394 5747 ,εἰς
2414 5673 2586 5747 omnes
2599 5673 2799 5747 codices
2827 5676 2918 5747 ltoc
2939 5677 3043 5728 loco
3067 5693 3080 5729 ε
3108 5673 3224 5731 licet
3244 5691 3412 5744 postea
3437 5685 3484 5747 in
3507 5691 3678 5747 quiest.
3705 5683 3790 5743 20,

2217 5735 2340 5807 n._5,
2365 5733 2548 5807 ferant,
2563 5743 2608 5785 et
2630 5735 2865 5807 acceperit
2881 5747 3133 5807 peccatum
3155 5733 3293 5793 suum
3304 5757 3324 5807 ;
3342 5758 3451 5807 quae
3471 5733 3614 5795 lectio
3636 5733 3791 5794 vet-ini

2219 5801 2313 5856 est,
2337 5804 2388 5846 ut
2407 5796 2558 5858 liquet
2578 5811 2638 5847 ex
2664 5796 2812 5858 graec.
2846 5796 2971 5849 LXX.
