4136 6464
389 380 486 437 677

384 503 544 549 caute
565 489 654 563 qui
672 503 770 561 per
783 486 1104 544 oblivionem
1125 481 1322 554 aliquid
1342 490 1647 538 sanctorum
1668 477 1964 548 usurpavit,

384 584 608 638 arietem
628 589 682 636 et
701 578 939 649 ejusdem
964 575 1045 632 rei
1065 573 1477 638 restitutionem,
1503 570 1700 641 quintis
1723 567 1964 638 adjectis.

383 674 534 730 Nunc
568 687 699 728 vero
739 685 845 725 non
887 681 1139 738 expressa
1179 665 1357 735 specie
1398 661 1620 734 peccati,
1649 659 1970 732 generaliter

297 825 306 829 ,_
384 767 608 833 addens,
641 765 822 819 Anima
852 777 1171 834 quacumque
1196 758 1492 829 deliquerit,
1529 766 1577 810 et
1611 756 1782 826 fecerit
1811 768 1968 807 unum

334 834 448 910 \vb
483 855 712 910 omnibus
756 853 1015 925 praeceptis
1058 851 1292 916 Domini,
1341 864 1453 920 qua:
1488 864 1588 902 non
1626 855 1818 916 oportet
1856 844 1969 913 ﬁeri

384 932 486 1021 (sic
530 947 583 1002 in
633 946 722 1000 illa
767 944 1109 1015 generalitate
1150 942 1394 1005 dicebat,
1423 939 1591 994 Unum
1619 953 1680 992 ex
1706 936 1966 1007 praeceptis

383 1040 589 1094 Domini
617 1038 752 1108 quod
781 1053 880 1091 non
909 1036 1040 1108 fiet),
1076 1044 1122 1089 et
1154 1050 1253 1088 non
1281 1032 1592 1104 cognoverit,
1617 1037 1662 1084 et
1681 1028 1963 1098 deliquerit,

381 1140 434 1193 id
480 1147 584 1201 est,
636 1153 732 1208 per
772 1134 1124 1207 ignorantiam
1161 1131 1349 1186 nolens
1384 1127 1712 1198 peccaverit;
1744 1125 1964 1179 arietem

377 1225 530 1300 jubet
557 1230 757 1292 offerri,
797 1243 904 1282 non
950 1241 1163 1295 capram
1195 1233 1296 1277 aut-
1327 1222 1575 1277 feminam
1617 1235 1682 1274 ex
1732 1217 1918 1274 ovibus
1946 1258 1961 1281 ,

381 1322 519 1376 sicut
546 1320 790 1390 superius
815 1319 868 1372 in
897 1317 988 1371 tali
1019 1320 1354 1387 peccatorum
1393 1312 1734 1382 generalitate
1765 1309 1966 1363 consti-

373 1408 575 1468 tuerat.
602 1409 738 1479 Quid
768 1405 866 1464 sibi
895 1423 1022 1478 ergo
1050 1407 1160 1460 vult
1187 1406 1287 1459 ista
1329 1402 1651 1473 pertniXtio?
1677 1401 1788 1456 Nisi
1827 1400 1964 1454 forte

377 1503 524 1575 quod
557 1504 641 1558 hic
664 1502 812 1566 dicit,
844 1501 1064 1569 Deliquit
1093 1499 1223 1553 enim
1249 1497 1430 1551 delicto
1455 1497 1689 1550 delictum
1713 1504 1829 1548 ante
1858 1493 1966 1546 Do-

381 1599 609 1664 minum,
651 1595 752 1649 hoc
787 1592 928 1664 quod
963 1593 1068 1657 ait,
1099 1601 1214 1644 ante
1253 1589 1557 1656 Dominum,
1600 1589 1651 1642 itt
1683 1587 1765 1641 his
1801 1587 1966 1641 voluit

379 1689 634 1746 delictum
666 1685 903 1756 intelligi,
935 1699 1054 1756 qua:
1097 1683 1227 1738 liunt
1263 1691 1386 1736 ante
1433 1681 1732 1745 Dominum,
1763 1679 1814 1733 id
1841 1687 1961 1746 est,

379 1781 575 1852 quibus
619 1778 842 1833 Domino
870 1777 922 1830 iu
959 1773 1300 1830 tabernaculo
1333 1771 1630 1826 deservitur
1660 1787 1674 1824 :
1703 1769 1844 1823 unde
1870 1769 1966 1822 ali“-

380 1871 508 1942 quid
536 1867 696 1942 paulo
734 1868 856 1923 ante
883 1867 1110 1929 dixerat,
1135 1879 1254 1918 cum
1281 1862 1376 1926 ait,
1425 1858 1656 1915 Peccavit
1681 1877 1712 1912 a
1737 1859 1964 1923 sanctis;

379 1973 436 2022 et
479 1964 879 2030 intelleximus,
934 1961 1204 2031 usurpavit
1243 1958 1438 2030 aliquid
1481 1965 1807 2018 sanctorum,
1840 1955 1962 2023 quia

377 2056 543 2112 etiam
568 2053 775 2110 restitui
801 2061 1143 2123 praeceperat.
1170 2052 1246 2105 Ac
1278 2065 1374 2120 per
1400 2049 1498 2103 hoc
1525 2063 1629 2102 non
1653 2047 1730 2102 sic
1759 2052 1963 2102 tantum

377 2147 590 2218 peccari
616 2151 790 2216 potest
817 2145 870 2197 in
899 2143 981 2196 his
1010 2143 1188 2208 rebus,
1219 2141 1264 2195 si
1298 2140 1494 2208 aliquid
1535 2137 1658 2193 inde
1695 2152 1792 2207 per
1825 2136 1962 2192 obli-

380 2238 593 2292 vionem
616 2241 928 2304 usurpatur;
957 2232 1050 2288 sed
1078 2232 1237 2287 etiam
1257 2231 1438 2285 multis
1459 2229 1576 2283 aliis
1599 2229 1769 2283 modis
1789 2236 1963 2298 potest

377 2327 604 2398 quisque
632 2341 724 2395 per
747 2324 1092 2396 ignorantiam
1121 2321 1430 2391 delinquere
1459 2321 1510 2374 in
1553 2319 1617 2374 iis
1645 2335 1765 2390 quae
1793 2319 1962 2374 servi-

378 2419 478 2472 tuti
505 2417 716 2472 Domini
740 2414 1059 2470 exhibentur
1091 2431 1105 2467 :
1139 2412 1240 2467 hoc
1267 2413 1431 2466 voluit
1462 2421 1641 2481 postea
1670 2424 1838 2482 genus
1866 2410 1961 2466 de-

377 2512 624 2566 lictorum
651 2507 973 2579 generaliter
997 2519 1435 2569 commemorare,
1466 2513 1518 2558 et
1545 2503 1664 2558 ideo
1689 2512 1744 2557 et
1769 2502 1880 2557 illic
1906 2510 1960 2557 et

376 2596 468 2657 hic
492 2602 713 2656 arietem
737 2599 894 2669 jussit
912 2596 1110 2653 oll'erri.
1136 2597 1312 2651 Plena:
1337 2603 1461 2649 sunt
1483 2604 1657 2647 autem
1671 2593 1959 2663 Scriptum

375 2706 502 2749 cum
546 2694 756 2757 dicitur,
787 2700 902 2746 ante
929 2689 1220 2755 Dominum,
1258 2697 1313 2742 et
1353 2703 1458 2741 non
1508 2687 1818 2756 intelligitur
1854 2685 1958 2740 nisi

378 2784 507 2839 illud
549 2783 688 2855 quod
729 2783 956 2837 Domino
983 2780 1285 2845 exhibetur,
1322 2778 1458 2834 sicut
1503 2778 1836 2844 sacriﬁcium,
1870 2777 1955 2833 vel

374 2875 642 2946 primitiae,
675 2873 757 2929 vel
787 2873 960 2942 aliqua
989 2872 1040 2926 in
1068 2871 1236 2926 sacris
1257 2868 1505 2924 servitus.

448 2967 704 3041 Vlll.[lb.
727 2983 778 3034 v,
809 2963 888 3038 7.1
926 2964 1187 3032 Quaaritur
1225 2962 1382 3018 etiam
1426 2946 1603 3016 utrum
1649 2961 1844 3030 ubique
1886 2959 1956 3016 sit

368 3057 738 3129 ‘ac'Cipiendum
762 3055 900 3127 quod
917 3055 1113 3109 dictum
1138 3061 1239 3116 est,
1263 3053 1308 3106 si
1335 3067 1437 3106 non
1462 3053 1602 3107 valet
1628 3066 1814 3106 manus
1839 3050 1954 3122 ejus

373 3149 514 3222 quod
542 3148 669 3204 satis
703 3155 784 3202 est
810 3146 875 3201 ad
904 3161 1058 3201 ovem
1079 3187 1094 3212 ,
1126 3144 1319 3198 offerre
1347 3159 1466 3198 eum
1499 3143 1695 3197 debere
1721 3159 1816 3212 par
1844 3151 1956 3197 tur-

373 3251 573 3308 turum,
604 3249 696 3294 aut
720 3239 853 3294 duos
882 3238 1052 3308 pullos
1075 3237 1434 3300 columbinos;
1455 3243 1506 3290 et
1544 3237 1586 3290 si
1625 3236 1723 3289 hoe
1744 3247 1953 3306 quoque

372 3349 480 3390 non
513 3333 668 3399 valet,
696 3337 898 3387 certam
939 3329 1248 3400 similaginis
1284 3328 1651 3399 quantitatem.
1689 3327 1951 3394 Quoniam

372 3427 419 3482 si
465 3424 658 3496 ubique
698 3423 768 3477 ita
821 3423 981 3476 licere
1021 3420 1354 3491 intelligitur,
1398 3434 1502 3473 non
1534 3427 1707 3488 potest
1735 3419 1950 3488 quidem

370 3517 498 3583 diei,
531 3513 858 3570 sacerdotem
893 3527 995 3566 non
1032 3511 1225 3566 habere
1250 3511 1492 3575 vitulum,
1529 3519 1619 3564 aut
1650 3510 1949 3564 universam

371 3622 724 3680 synagogam,
767 3614 859 3658 aut
895 3604 1182 3674 principem
1212 3618 1315 3656 non
1346 3601 1541 3655 habere
1577 3617 1794 3670 caprum
1821 3602 1836 3632 ί
1865 3600 1951 3655 vel

369 3717 524 3757 ovem
558 3719 571 3755 :
601 3709 655 3754 et
682 3700 725 3753 si
755 3697 827 3752 ita
853 3706 954 3765 est,
983 3696 1108 3768 quid
1139 3711 1272 3766 opus
1296 3702 1411 3750 erat
1439 3702 1619 3764 postea
1644 3695 1840 3756 dicere,
1873 3702 1951 3747 ta-

368 3793 535 3846 citum
555 3790 862 3859 cujusquam
895 3787 1202 3857 perjurium,
1232 3795 1324 3840 aut
1355 3793 1548 3840 tactum
1579 3783 1945 3852 immundum,

367 3895 422 3939 et
449 3883 740 3954 perjurium
771 3897 865 3951 per
892 3880 1241 3951 ignorantiam
1286 3879 1478 3934 factum
1519 3877 1730 3947 purgari
1779 3876 1949 3930 sacri-

367 3977 488 4033 ficio
516 3990 666 4046 agna:
694 3984 749 4031 et
775 3989 970 4044 caprre,
1012 3988 1130 4028 cum
1176 3971 1359 4026 eadem
1387 3970 1641 4026 sacriﬁcia
1686 3979 1948 4040 prmcepta

367 4070 476 4125 sint
503 4069 663 4124 etiam
695 4067 748 4121 in
775 4066 860 4120 illa
889 4065 1227 4134 generalitate
1255 4063 1478 4133 peccati,
1511 4060 1577 4115 ad
1601 4077 1757 4130 quam
1787 4075 1950 4131 gene-

367 4160 629 4215 ralitatem
667 4157 826 4212 etiam
857 4157 951 4210 ista
991 4162 1277 4226 potuerunt
1312 4151 1614 4223 pertinere?
1663 4151 1718 4206 Si
1769 4160 1947 4205 autem

369 4252 496 4308 hinc
518 4252 615 4306 ista
640 4250 1030 4316 discernuntur,
1058 4247 1197 4319 quod
1230 4247 1421 4302 licebat
1446 4263 1541 4316 pro
1570 4245 1648 4300 eis
1674 4247 1695 4277 ⁸
1718 4253 1949 4299 turtures

367 4355 422 4401 et
449 4344 748 4411 columbus,
773 4343 858 4399 vel
885 4341 1064 4405 etiam,
1089 4341 1133 4395 si
1161 4339 1258 4394 hoc
1276 4355 1380 4394 non
1411 4329 1571 4403 esset,
1595 4337 1946 4408 similagiuem

367 4436 573 4503 otl‘erri,
617 4435 690 4491 ibi
727 4443 903 4490 autem
934 4434 1024 4489 ubi
1054 4448 1157 4487 non
1202 4432 1403 4487 dictum
1443 4441 1525 4486 est
1568 4445 1674 4485 non
1707 4429 1898 4486 licebat
1929 4445 1945 4494 ;

367 4545 475 4585 non
522 4528 732 4584 videtur
771 4526 1085 4582 subventum
1133 4539 1252 4581 esse
1290 4523 1642 4596 pauperibus;
1695 4525 1947 4594 quoniam

367 4621 532 4676 multa
564 4627 780 4690 possent
813 4632 932 4672 esse
959 4617 1150 4672 delicta
1191 4632 1293 4671 non
1329 4615 1629 4686 specialiter
1651 4629 1898 4685 expressa
1929 4655 1945 4680 ,

365 4726 487 4782 qua:
516 4711 584 4765 ad
621 4710 763 4764 illam
803 4709 1201 4780 generalitatem
1242 4709 1604 4784 referrentur,
1631 4708 1718 4762 ubi
1757 4722 1948 4777 grava-

365 4812 553 4857 rentur
580 4801 785 4871 inopes,
837 4801 883 4855 si
934 4799 1300 4854 tantummodo
1338 4814 1548 4868 eapram
1593 4798 1864 4862 fetuiuam,
1896 4806 1952 4852 et

365 4906 559 4963 agnam
589 4907 653 4946 ex
681 4891 888 4958 ovibus,
916 4899 970 4945 et
1007 4891 1125 4944 illas
1151 4890 1382 4944 aviculas
1418 4889 1460 4953 ³,
1501 4899 1556 4944 et
1598 4889 1948 4959 similagiuem

366 4985 557 5042 licebat
583 4985 781 5040 offerri.
811 4985 921 5040 Nisi
955 4985 1088 5040 forte
1123 4984 1240 5054 quis
1265 4984 1426 5050 dicat,
1461 4984 1562 5039 hoc
1591 4985 1819 5039 discerni
1850 4985 1949 5039 ista

365 5088 590 5150 excepta
624 5088 684 5134 et
726 5078 1035 5133 nominatim
1083 5093 1332 5148 expressa
1365 5085 1580 5148 peccata
1611 5078 1677 5132 ah
1709 5079 1809 5132 illis
1831 5092 1950 5148 qua:

364 5171 688 5242 generaliter
710 5180 1124 5226 commemorata
1155 5179 1298 5236 sunt,
1331 5171 1449 5242 quia
1473 5169 1559 5226 hic
1579 5186 1765 5241 agnam
1793 5171 1945 5240 dixit,

366 5265 436 5320 ibi
476 5279 632 5319 ovem
652 5306 668 5332 ,
699 5273 754 5319 ut
778 5272 908 5330 genus
934 5279 1182 5334 pecorum
1221 5263 1447 5334 aliquam
1480 5262 1828 5318 differentiam
1870 5264 1949 5316 la-

365 5356 472 5412 ciat
514 5373 529 5410 :
569 5355 695 5411 dum
747 5367 922 5410 tamen
968 5356 1288 5425 tntelligatttr
1339 5357 1655 5427 pauperibus
1704 5371 1950 5426 peraeque

365 5447 708 5516 subventum,
739 5455 799 5502 ut
822 5448 867 5502 si
895 5461 999 5502 non
1029 5446 1286 5504 haberent
1312 5448 1416 5502 ulla
1448 5449 1691 5504 animalia
1722 5449 1950 5519 quadru-

365 5539 544 5609 pedia,
571 5548 662 5592 aut
686 5548 1010 5594 memoratas
1038 5553 1162 5593 aves
1190 5547 1282 5592 aut
1306 5539 1658 5609 similagincm
1699 5541 1952 5596 otfcrrent

428 5673 447 5738 ξ
466 5678 600 5738 tiret
619 5678 752 5730 t.ov.,
769 5684 984 5735 capram.
1013 5671 1100 5722 Alii
1120 5671 1330 5738 codices,
1348 5685 1565 5738 caprum.

426 5736 448 5765 ²
470 5734 608 5792 rditi,
633 5747 722 5844 pro
738 5747 810 5784 eo.
969 5747 1105 5795 vero,
1125 5746 1211 5796 pro
1231 5733 1317 5784 eis.

427 5797 447 5827 ³
470 5801 608 5844 Forte
788 5803 832 5844 et
854 5809 945 5844 non
970 5795 1078 5844 illas
1101 5794 1317 5844 miculas.

427 5797 447 5827 ³
470 5801 608 5846 Forte
633 5794 760 5858 leg.-,
788 5803 832 5846 et
854 5809 945 5846 nou
970 5795 1078 5846 illas
1095 5794 1326 5846 aviculas.

1728 363 1929 420 LIBER
1967 362 2261 420 TERTIUS

3540 370 3643 428 678

2074 490 2171 545 pro
2188 476 2415 545 peccatis
2433 476 2740 548 ignorantia:
2755 492 2882 534 sum.
2900 477 2956 534 Si
2968 486 3143 535 autem
3165 489 3338 537 movet
3356 498 3518 553 quare
3532 499 3652 542 cum

2071 568 2390 636 generaliter
2417 569 2592 623 omnia
2632 570 2938 637 ignorantia:
2979 581 3190 641 peccata
3227 575 3568 645 concluserit,
3598 590 3652 634 et

2073 657 2332 712 sacrificia
2368 673 2470 713 non
2498 675 2594 729 pro
2618 660 2864 716 distantia
2891 671 3224 732 peccatorum
3260 681 3416 734 quam
3448 683 3552 722 non
3575 669 3652 726 fe-

2072 757 2254 817 cerat,
2311 751 2406 807 sed
2459 767 2553 822 pro
2599 751 2845 808 distantia
2904 769 3248 824 personarum
3303 758 3648 829 distinxerit;

2073 850 2256 910 postea
2295 841 2520 897 voluerit
2557 844 2716 898 etiam
2765 856 2979 913 peccata
3040 847 3366 917 distinguere
3391 891 3408 916 ,
3455 859 3510 905 et
3553 868 3648 920 pro

2071 945 2258 986 eorum
2285 933 2591 988 diversitate
2615 935 2870 989 sacriﬁcia
2907 935 3112 992 diversa
3160 938 3470 1007 principem,
3499 941 3650 1010 quasi

2071 1039 2178 1077 non
2231 1023 2297 1078 ad
2341 1023 2482 1078 illam
2515 1025 2914 1095 generalitatem
2960 1028 3135 1081 omnia
3179 1030 3504 1096 pertinerent
3532 1050 3547 1085 :
3575 1033 3650 1086 sic

2071 1114 2262 1168 iactant
2315 1115 2577 1183 posterius
2619 1117 2986 1184 exceptionem
3037 1128 3246 1186 oportet
3294 1119 3559 1190 intelligi,
3594 1130 3650 1176 ut

2071 1219 2418 1276 quaecumque
2456 1207 2841 1273 remanserint,
2873 1207 2958 1261 his
2983 1210 3219 1278 exceptis
3247 1226 3363 1280 qua:
3401 1213 3648 1268 nomina-

2069 1297 2163 1350 tim
2189 1306 2243 1352 et
2267 1298 2538 1366 speciatim
2567 1301 3032 1365 commemoravit,
3059 1301 3198 1355 dicta
3228 1303 3278 1355 in
3309 1302 3399 1356 illa
3421 1319 3648 1373 genera-

2069 1386 2216 1441 litate
2260 1387 2632 1457 intelligamus.
2670 1388 2836 1454 Qucm
2876 1389 3093 1444 modum
3124 1390 3408 1445 locutionis
3438 1404 3651 1449 nonest

2068 1478 2194 1532 alibi
2224 1479 2459 1548 reperire
2487 1497 2500 1532 :
2532 1478 2626 1534 sed
2655 1480 2706 1532 in
2741 1480 3027 1550 Scripturis
3056 1482 3255 1536 sanctis
3287 1483 3388 1538 tale
3411 1494 3490 1538 est
3519 1485 3648 1540 illttd

2059 1571 2157 1625 ubi
2199 1571 2486 1641 Apostolus
2508 1571 2600 1635 ait,
2632 1571 2792 1624 Umue
2815 1582 3071 1642 peccatum
3099 1573 3441 1644 quodcumque
3477 1577 3649 1646 fecerit

2069 1660 2239 1727 homo,
2263 1671 2402 1714 extra
2425 1678 2606 1731 corpus
2629 1671 2722 1715 est.
2749 1662 2842 1715 llic
2869 1663 3012 1716 enim
3037 1663 3165 1716 nihil
3193 1663 3398 1718 videtur
3425 1677 3647 1735 praeter-

2068 1753 2278 1807 misisse
2323 1753 2547 1822 peccati,
2591 1753 3014 1822 quandoquidem
3060 1753 3152 1818 ait,
3197 1753 3358 1808 Omne
3388 1767 3648 1826 peccatum

2067 1845 2412 1914 quodcumque
2445 1845 2617 1916 fecerit
2651 1846 2801 1898 homo
2832 1860 2850 1898 :
2880 1854 3061 1914 postea
3093 1853 3268 1901 tamen
3298 1849 3502 1916 excepit
3532 1847 3644 1902 for-

2068 1935 2409 1998 nicalionem,
2440 1950 2562 1988 cum
2594 1935 2786 1999 intulit,
2816 1934 2912 2000 Qui
2937 1943 3106 1988 autem
3129 1927 3428 2006 fornicatur,
3459 1937 3512 1991 in
3531 1955 3643 1992 cor-

2066 2041 2160 2096 pus
2197 2026 2460 2097 proprium
2501 2035 2668 2095 peccat
2693 2024 2744 2099 (l
2767 2025 2882 2080 Cor.
2915 2042 2987 2091 γι,
3019 2027 3128 2096 18).
3159 2027 3309 2093 Quod
3348 2030 3640 2086 secundum

2066 2118 2503 2173 Consuetudinem
2527 2129 2724 2174 nostra:
2746 2119 3027 2176 locutionis
3048 2121 3118 2174 ita
3143 2121 3410 2178 diceretur
3433 2142 3446 2179 :
3473 2123 3644 2182 Omne

2065 2217 2340 2279 peccatum
2385 2212 2758 2282 quodcumque
2803 2213 2989 2268 fecerit
3031 2216 3192 2270 homo
3229 2227 3445 2287 excepta
3477 2218 3646 2274 forni-

2065 2303 2294 2368 catione,
2329 2311 2477 2356 extra
2506 2318 2700 2373 corpus
2727 2311 2840 2368 est;
2885 2305 2973 2375 qui
3012 2317 3186 2361 autem
3228 2306 3543 2376 fornicatur,
3591 2312 3644 2368 in

2063 2408 2258 2464 corpus
2284 2391 2554 2464 proprium
2586 2403 2787 2464 peccat.
2818 2394 2890 2449 lta
2911 2405 2966 2450 et
2987 2395 3094 2463 hic,
3135 2413 3254 2452 cum
3301 2400 3445 2468 prius
3481 2415 3644 2471 gene-

2063 2485 2245 2539 raliter
2271 2485 2447 2540 omnia
2490 2486 2797 2556 ignorantiae
2835 2487 3046 2556 peacata
3099 2487 3300 2543 diceret
3341 2490 3482 2556 illis,
3524 2508 3644 2562 qtae

2062 2578 2530 2644 commemoravit,
2579 2578 2854 2633 sacriﬁciis
2900 2580 3192 2648 expianda;
3243 2590 3423 2651 pestea
3465 2593 3641 2641 tamen

2061 2668 2272 2738 excepit
2292 2668 2379 2722 illa
2408 2669 2601 2738 quibus
2620 2684 2870 2738 expresse
2887 2679 2938 2724 et
2960 2670 3207 2726 distincte
3232 2673 3413 2742 positis
3440 2685 3640 2730 certam

2060 2760 2438 2814 sacriﬁciorum
2482 2760 2848 2830 purgationem
2886 2761 3181 2827 adhiberet,
3212 2770 3270 2816 ut
3295 2763 3376 2818 his
3403 2767 3641 2835 exceptis

2060 2866 2408 2922 qumcumque
2453 2851 2653 2922 reliqua
2695 2861 2908 2917 essent,
2946 2852 3012 2908 ad
3061 2853 3206 2907 illam
3233 2857 3634 2924 generalitatem

2059 2943 2408 3012 pertinerent.

2130 3035 2222 3089 IX.
2271 3033 2370 3107 [lb.
2415 3050 2491 3101 vt,
2532 3034 2582 3100 6,
2616 3032 2726 3106 10.]
2757 3032 2947 3101 Offeret
2987 3035 3192 3088 arietem
3232 3036 3294 3090 ab
3333 3038 3504 3092 ovibus
3533 3040 3641 3094 sine

2059 3126 2275 3192 macula,
2301 3126 2481 3197 pretio,
2503 3127 2554 3179 iu
2577 3127 2710 3197 quod
2733 3124 2956 3196 deliquit.
2981 3125 3094 3180 Non
3121 3127 3190 3181 ita
3211 3128 3639 3199 distinguendum

2056 3228 2159 3288 est,
2189 3219 2336 3290 quasi
2377 3219 2546 3288 pretio
2582 3219 2632 3271 in
2672 3217 2812 3288 quod
2854 3218 3151 3288 deliquerit,
3185 3220 3237 3274 id
3281 3230 3363 3276 est
3402 3222 3454 3275 in
3495 3223 3638 3292 quod

2057 3313 2286 3382 pretium
2315 3311 2572 3381 deliquit;
2603 3310 2695 3366 sed
2723 3311 2767 3364 si
2793 3310 2982 3366 offeret
3018 3312 3236 3367 arietem
3258 3353 3272 3377 ,
3307 3314 3479 3382 pretio
3506 3313 3637 3369 offe-

2055 3414 2156 3468 rat,
2185 3403 2236 3457 id
2261 3410 2343 3458 est
2367 3411 2621 3472 emptum.
2650 3402 2822 3456 Etiam
2849 3403 2950 3456 hoc
2973 3403 3112 3456 enim
3140 3403 3344 3458 videtur
3364 3404 3430 3458 ad
3456 3419 3637 3459 sacra-

2055 3505 2291 3550 mentum
2333 3495 2556 3562 alicujus
2610 3493 3008 3563 siguiliCaIionis
3052 3495 3317 3563 pertinere
3365 3495 3633 3564 voluisse,

2054 3587 2303 3657 quoniam
2346 3585 2571 3656 pretium
2617 3585 2786 3654 ipsum
2832 3600 2934 3638 non
2971 3584 3228 3638 deﬁnivit.
3257 3585 3387 3640 Nam
3425 3587 3469 3640 si
3498 3587 3635 3642 defi-

2054 3679 2239 3734 niisset
2259 3721 2272 3744 ,
2304 3686 2488 3750 posset
2522 3676 2690 3731 videri
2729 3674 2831 3730 hoc
2870 3674 3213 3744 praecepisse,
3245 3690 3312 3729 ne
3349 3677 3447 3730 vile
3477 3691 3636 3746 pecus

2054 3770 2356 3836 offerretur,
2390 3778 2447 3823 ut
2490 3769 2699 3824 etiamsi
2738 3783 2843 3822 non
2883 3774 3088 3821 emeret
3123 3768 3211 3836 qui
3253 3767 3487 3836 offerret,
3529 3769 3636 3824 tale

2054 3870 2230 3916 tamen
2260 3861 2476 3916 olferret
2499 3861 2638 3930 quod
2671 3859 2802 3913 tanti
2830 3859 3048 3913 valeret.
3077 3858 3273 3913 Addito
3297 3869 3496 3924 autem,
3526 3876 3631 3913 non

2054 3955 2224 4009 solum
2257 3955 2438 4025 pretio,
2462 3965 2519 4008 ut
2545 3965 2754 4024 emptus
2783 3951 2921 4009 aries
2943 3955 3243 4021 offerretur,
3266 3971 3450 4010 verum
3476 3956 3635 4009 ctiatn

2053 4047 2291 4100 siclorum
2317 4053 2621 4111 sanctorum,
2649 4046 2716 4099 ita
2743 4045 2882 4100 enim
2905 4045 3051 4112 dicit,
3082 4045 3254 4100 Pretio
3273 4047 3466 4117 argenti
3487 4048 3638 4102 siclo-

2053 4155 2167 4194 rum
2194 4139 2316 4193 siclo
2342 4149 2513 4192 sancto
2543 4141 2557 4172 ³
2587 4139 2770 4212 (Lerit.
2798 4155 2850 4206 v,
2877 4139 2989 4209 15),
3012 4141 3212 4211 aliquot
3235 4141 3380 4196 siclis
3408 4151 3464 4196 ut
3491 4157 3637 4196 ema-

2057 4240 2140 4286 tur
2167 4232 2325 4294 aries,
2357 4248 2460 4284 non
2491 4248 2596 4285 uno
2622 4232 2752 4286 siclo
2780 4233 2968 4286 voluit.
2994 4233 3130 4298 Quid
3156 4234 3256 4288 sibi
3280 4245 3456 4289 autem
3487 4237 3633 4303 velit,

2053 4323 2241 4377 siclum
2270 4332 2532 4386 sanctum,
2555 4323 2662 4391 jam
2687 4323 2774 4377 ubi
2800 4323 2968 4377 visum
2995 4333 3077 4377 est
3095 4324 3459 4377 disseruimus.
3483 4325 3634 4390 Quod

2053 4428 2182 4469 vero
2203 4429 2321 4467 cum
2345 4413 2584 4480 dixisset,
2613 4413 2676 4466 Et
2702 4413 2881 4468 delecti
2903 4415 2980 4467 sui
2999 4413 3406 4480 o/feretDomino
3431 4417 3638 4470 arietem

2053 4507 2114 4560 ab
2141 4505 2310 4559 ovibus
2348 4506 2456 4559 sine
2487 4506 2684 4557 macula
2714 4505 2871 4573 pretio
2889 4521 2909 4569 ί
2934 4503 3125 4559 deinde
3167 4505 3388 4572 addidit,
3415 4506 3470 4559 in
3504 4508 3638 4579 quod

2053 4600 2301 4666 deliquit:
2334 4598 2728 4666 intelligendum
2759 4607 2841 4652 est
2880 4599 2929 4651 in
2965 4597 3012 4652 id
3043 4598 3259 4654 offerret
3295 4599 3344 4653 iu
3374 4599 3512 4671 quod
3545 4600 3637 4655 de-

2053 4691 2240 4762 liquit;
2270 4691 2319 4745 id
2348 4700 2456 4755 est,
2492 4691 2542 4742 in
2571 4704 2686 4744 eam
2717 4705 2857 4756 rem,
2892 4701 3106 4761 propter
3131 4708 3247 4747 eam
3275 4709 3406 4747 rem.
3451 4692 3514 4746 Et
3540 4709 3637 4746 auo.

2055 4790 2178 4857 feret
2207 4784 2565 4854 holocarpoma
2599 4784 2732 4853 quod
2758 4785 3116 4855 consumpserit
3142 4785 3291 4856 ignis,
3319 4786 3461 4840 illaut
3490 4787 3605 4840 Italo
3623 4815 3637 4826 ι

2054 4877 2323 4931 caustosim
2350 4875 2411 4928 ab
2441 4875 2606 4929 altari.
2633 4874 2765 4943 Quid
2792 4875 3015 4941 auferet,
3040 4878 3082 4931 si
3114 4888 3486 4946 consumptum
3513 4888 3590 4933 est
3620 4878 3638 4930 ἓ

2053 4968 2219 5023 .Iussit
2264 4968 2405 5021 enim
2455 4966 2786 5022 sacerdotem
2842 4968 3052 5023 auferre
3095 4979 3214 5038 post
3263 4970 3424 5025 totius
3468 4972 3639 5025 noctis

2055 5059 2227 5129 ignem
2259 5058 2633 5129 holocarpoma
2654 5102 2668 5126 ,
2709 5059 2758 5114 id
2789 5067 2869 5113 est
2890 5101 2903 5122 ,
2935 5059 3302 5114 holocaustum
3331 5059 3468 5129 quod
3503 5060 3638 5130 ignis

2054 5153 2460 5222 consumpserit.
2502 5151 2596 5207 Vel
2644 5152 2769 5222 quid
2817 5153 2916 5207 sibi
2963 5153 3076 5206 vult
3121 5154 3277 5207 etiam
3324 5153 3449 5207 illud
3499 5153 3639 5222 quod

2055 5243 2276 5309 addidit,
2300 5242 2441 5298 illam
2469 5244 2858 5298 Italocaustosim
2880 5261 2900 5310 ;
2925 5257 3043 5320 cum
3075 5244 3173 5298 hoc
3200 5244 3522 5314 intelligatur
3545 5245 3641 5298 ho-

2054 5336 2361 5404 locarpoma
2402 5336 2541 5406 quod
2583 5335 3010 5391 holocaustosis?
3049 5335 3160 5391 Nisi
3207 5335 3340 5390 forte
3387 5335 3515 5390 illud
3555 5344 3637 5390 est

2055 5443 2239 5482 verum
2277 5427 2418 5498 quod
2446 5427 2496 5480 in
2526 5427 2753 5497 quodam
2780 5443 2957 5497 gnsco
2987 5427 3318 5491 invenimus;
3349 5441 3453 5482 non
3490 5430 3634 5483 enim

2053 5519 2150 5585 ait,
2193 5520 2397 5573 auferet
2435 5519 2852 5588 holocarposim,
2880 5519 2974 5573 sed
3011 5521 3204 5590 auferet
3245 5521 3633 5589 catacarposim,

2120 5612 2143 5675 I_
2160 5616 2210 5658 tn
2234 5610 2446 5675 excusis,
2470 5607 2659 5672 argenti
2679 5607 2907 5659 sicterum
2929 5615 3217 5675 sanctorum.
3240 5615 3289 5675 tu
3311 5616 3440 5669 Mss.,
3459 5617 3645 5675 argenti

2055 5671 2316 5736 siclorum,
2340 5669 2460 5736 siclo
2493 5669 2844 5736 sancto._t’orro
2875 5673 3000 5736 apud
3019 5679 3142 5736 _t.xx
3185 5671 3391 5736 legitur,
3417 5669 3644 5736 argui-wn

2056 5731 2219 5787 suelon
2235 5768 2250 5793 ,
2275 5732 2466 5785 εὐθυειό
2480 5732 2559 5797 ton
2581 5731 2793 5797 hagir'mg
2811 5735 2859 5782 in
2881 5731 3126 5784 calicibus
3147 5731 3309 5785 tamcn
3332 5731 3532 5797 aliquot,
3557 5743 3642 5784 δυο

2057 5797 2171 5847 bilio
2193 5804 2342 5856 teste,
2367 5797 2414 5846 to
2435 5794 2565 5846 sucld
2587 5793 2814 5858 tti'ltaqid.
