4136 6456
567 355 633 423 79
1327 353 1786 424 QUrESTlONUM
1823 351 1876 409 S.
1919 347 2282 408 AUGUSTINI
2315 347 2377 404 IN
2416 349 2972 407 HEPTATEUClIL'M

532 486 636 540 hoc
662 490 777 545 est,
821 476 1070 548 roliquias
1105 473 1396 528 holocausti
1427 469 1564 539 quod
1597 468 1731 538 ignis
1755 462 2104 532 consumpsit.

535 575 642 631 llas
667 581 842 627 autem
871 567 1143 638 reliquias,
1177 563 1338 618 veluti
1365 570 1446 615 est
1469 560 1602 614 cinis
1629 569 1681 612 et
1711 557 1893 620 carbo,
1921 554 2105 623 appel-

536 666 665 720 lavit
689 664 830 718 illam
864 655 1272 714 holocaustosim
1291 694 1306 719 ,
1338 652 1453 720 ejus
1484 650 1560 704 rei
1590 648 1805 702 nomine
1833 660 1948 715 qua:
1975 658 2108 697 con-

536 764 744 827 sumpta
771 761 872 817 est,
902 748 1150 818 reliquias
1177 745 1344 815 ipsius
1368 736 2105 827 consumptimiisappellans.

609 825 678 902 Χῖ
709 845 806 918 [11).
839 838 1006 912 v1,9.]
1035 836 1186 905 Quod
1211 844 1385 889 autem
1412 847 1569 902 supra
1593 830 1745 893 dixit,
1774 825 1883 918 Ista
1910 826 2108 918 lex-lio-

538 914 767 1000 locausii,
799 942 852 989 et
876 930 1065 987 deinde
1090 938 1361 996 exponens
1388 939 1506 994 qua:
1531 923 1596 976 sit
1621 919 1806 975 eadem
1831 917 1936 979 lex,
1960 914 2106 979 dicit,

539 1029 651 1086 Ista
680 1022 1038 1081 holocaustosis
1058 1061 1073 1086 ,
1104 1034 1255 1086 super
1280 1015 1615 1069 incensionem
1643 1012 1750 1081 ejus
1774 1021 1923 1077 super
1950 1007 2112 1058 altare

541 1129 698 1174 totam.
732 1121 923 1168 noctem
961 1124 1118 1178 usque
1153 1109 1208 1160 in
1245 1121 1406 1168 mane,
1449 1112 1495 1155 et
1536 1102 1666 1172 ignis
1707 1098 1882 1152 altaris
1923 1093 2113 1148 ardebit

540 1223 689 1277 super
712 1202 862 1265 illud,
890 1216 989 1254 non
1019 1196 1395 1266 exstinguetur;
1423 1192 1628 1261 planius
1652 1196 1796 1243 esset
1822 1183 2114 1240 secundum

541 1306 738 1355 nostra:
766 1289 1164 1348 consuetudinis
1189 1285 1532 1348 locutionem,
1555 1282 1599 1336 si
1632 1296 1736 1333 non
1766 1279 2003 1340 haberet,
2026 1284 2072 1329 et
2097 1290 2116 1330 :

543 1402 664 1444 nam
693 1387 790 1440 ista
816 1379 1187 1450 conjunctione
1211 1377 1445 1430 detracta
1475 1373 1548 1427 ita
1579 1386 1769 1426 sensus
1794 1368 2109 1430 contexitur,

539 1476 651 1534 Ista
679 1472 1038 1529 holocaustosis
1056 1509 1071 1535 ,
1111 1483 1263 1538 super
1289 1465 1623 1518 incensionem
1648 1463 1755 1532 ejus
1779 1475 1932 1527 super
1958 1457 2117 1511 altare

541 1576 695 1620 totam
723 1572 916 1617 noctem
941 1577 1097 1629 usque
1122 1559 1174 1611 in
1208 1572 1355 1609 mane
1389 1555 1518 1623 ignis
1544 1553 1719 1606 altaris
1744 1551 1934 1604 ardebit
1967 1564 2118 1626 super

537 1656 690 1720 illud,
723 1655 775 1709 id
814 1663 914 1717 est,
945 1667 1103 1721 super
1142 1651 1326 1703 altare.
1372 1646 1567 1701 Deinde
1609 1643 1673 1698 ad
1717 1643 1986 1697 cumulum
2027 1657 2119 1694 ex-

542 1746 833 1818 primendae
874 1742 1154 1798 sententizc
1192 1739 1400 1801 intulit,
1445 1753 1546 1790 non
1585 1735 1962 1805 exstinguetur:
1995 1746 2118 1786 nam

543 1839 646 1892 hoc
671 1843 788 1891 erat
805 1836 912 1922 jam
937 1832 1158 1887 dictum.
1188 1839 1291 1882 tota
1316 1837 1477 1880 nocte.

617 1927 708 1982 XI.
742 1924 843 1997 [1b.
868 1909 942 1988 'u,
975 1919 1085 1994 ιι]
1113 1919 1177 1972 Et
1207 1917 1378 1971 induet
1406 1913 1588 1969 stolam
1615 1913 1801 1978 aliaat,
1841 1920 1889 1966 et
1922 1909 2120 1980 objiciet

545 2017 904 2084 holocarpoma
931 2021 1071 2065 extra
1099 2019 1262 2062 castra
1295 2007 1348 2060 in
1387 2006 1552 2058 locum
1587 2007 1830 2056 mundum
1853 2017 1872 2054 :
1897 2001 1998 2054 hoc
2023 2014 2120 2067 δι).

545 2107 710 2178 pellat
743 2105 1097 2173 holocarponta
1125 2098 1264 2169 quod
1294 2097 1398 2166 jam
1440 2101 1830 2151 concrematam
1869 2099 1988 2153 est;
2019 2088 2123 2143 hoc

545 2208 722 2252 autem
751 2195 803 2249 in
829 2195 920 2248 illo
946 2207 1117 2263 grateo
1145 2196 1501 2260 κατακάρπωσις
1527 2185 1732 2255 legitur.
1753 2181 1973 2250 Quidam
1995 2193 2122 2234 vero

548 2287 700 2341 latini
729 2283 1076 2347 addiderunt,
1103 2280 1236 2351 quod
1276 2286 1648 2332 concrematam
1674 2283 1748 2328 est
1779 2275 1820 2339 ³,
1851 2281 1903 2326 et
1933 2272 2003 2325 ita
2042 2271 2123 2326 in-

549 2376 821 2446 terpretati
849 2384 992 2439 sunt,
1023 2373 1088 2425 Et
1113 2372 1310 2441 objiciet
1348 2368 1724 2437 liotocurpoma,
1753 2365 1886 2436 quod
1914 2378 2121 2417 concre-

548 2479 736 2524 matam
759 2477 850 2532 est,
879 2475 1018 2520 extra
1044 2473 1209 2518 castra
1233 2463 1286 2516 in
1311 2462 1479 2515 locum
1507 2462 1770 2513 mundum.

619 2561 731 2617 XII.
762 2559 949 2632 [lb.vt,
971 2555 1076 2629 12.]
1107 2557 1168 2609 Et
1191 2555 1322 2624 ignis
1348 2569 1499 2623 super
1524 2552 1684 2605 altare
1707 2551 1728 2582 ³
1752 2564 1946 2616 semper
1973 2545 2124 2600 arde-

551 2653 617 2708 bit
643 2651 703 2704 ab
733 2667 811 2716 eo,
847 2659 892 2702 et
931 2665 1031 2702 non
1067 2646 1444 2714 exstinguetur;
1475 2641 1526 2696 id
1555 2651 1667 2706 est,
1697 2638 1765 2693 ab
1795 2639 1882 2692 illo
1921 2638 2040 2707 igne
2070 2637 2122 2690 iu

551 2757 654 2812 quo
681 2741 811 2794 arsit
837 2738 1202 2792 holocaustum
1230 2747 1396 2802 usque
1425 2736 1476 2785 in
1505 2745 1682 2785 mane.
1707 2728 1821 2783 Non
1848 2727 1959 2781 vult
1981 2727 2123 2781 enim

553 2835 725 2904 ignem
753 2845 968 2900 prorsus
997 2827 1278 2897 exstingui,
1305 2825 1398 2880 scd
1426 2840 1549 2879 cum
1577 2838 1744 2892 usque
1770 2823 1819 2876 in
1851 2835 2005 2875 mane
2031 2835 2123 2874 ar-

551 2926 680 2980 serit
709 2924 1094 2984 holocaustum,
1122 2919 1314 2972 ablatis
1358 2917 1480 2971 inde
1507 2914 1742 2985 reliquiis
1769 2913 2127 2982 consumptio-

552 3017 636 3071 nis
660 3029 759 3070 nec
782 3015 857 3069 sic
877 3010 1138 3079 exstingui
1160 3010 1354 3078 ignem,
1377 3005 1471 3060 sed
1497 3004 1618 3060 inde
1645 3005 1834 3058 iterum
1857 3001 2123 3067 renovari,

551 3123 656 3180 quo
683 3107 902 3162 ardeant
923 3105 1023 3158 alia
1052 3118 1169 3172 qua:
1201 3102 1562 3169 imponuntur.

622 3198 758 3254 Xlll.
775 3195 876 3268 [11).
894 3211 969 3261 vr,
987 3193 1053 3248 l2
1079 3202 1122 3246 et
1142 3190 1414 3264 ~l'o’.]Quod
1442 3197 1616 3243 autem
1635 3185 1872 3257 sequitur
1899 3193 1953 3239 et
1976 3183 2124 3249 dicit,

551 3290 621 3344 Et
658 3297 827 3343 exuret
860 3301 1010 3356 super
1042 3285 1172 3338 illud
1213 3282 1444 3336 sacerdos
1475 3279 1614 3351 ligna
1648 3294 1795 3332 mane
1833 3292 1977 3329 mane
1997 3273 2051 3341 ³,
2081 3282 2128 3328 et

553 3381 757 3450 stipabit
795 3394 944 3448 super
971 3375 1101 3429 illud
1143 3374 1511 3437 holocaustum,
1553 3380 1599 3423 et
1638 3377 1938 3440 superponet
1977 3381 2129 3437 super

553 3474 683 3528 illud
717 3471 917 3542 adipem
951 3467 1226 3530 salutaris;
1271 3474 1315 3518 et
1358 3464 1487 3535 ignis
1523 3478 1716 3532 semper
1753 3460 1944 3514 ardebit
1978 3472 2129 3528 super

553 3565 746 3626 altare,
786 3577 886 3614 non
926 3558 1269 3627 exstinguetur
1291 3571 1310 3609 :
1340 3553 1624 3609 videndum
1662 3561 1745 3607 est
1781 3562 1954 3605 utrum
1983 3563 2130 3602 mane

555 3669 703 3708 mane
738 3650 971 3721 quotidie
1013 3648 1237 3703 voluerit
1279 3645 1521 3713 intelligi,
1555 3653 1612 3698 ut
1639 3644 1815 3697 nullus
1843 3642 1956 3696 dies
1994 3655 2129 3709 pra:-

555 3741 970 3803 termitteretur,
1002 3751 1106 3806 quo
1136 3752 1240 3790 non
1285 3735 1607 3788 inveniretur
1649 3731 2033 3794 holocaustum,
2073 3737 2130 3784 et

553 3833 718 3900 adeps
759 3828 1044 3892 salutaris;
1073 3842 1138 3879 an
1178 3841 1324 3878 mane
1365 3839 1528 3887 mane,
1569 3830 1628 3876 ut
1667 3836 1998 3892 quocumque
2040 3820 2128 3876 die

555 3925 957 3990 imponeretur,
1002 3917 1212 3972 nonnisi
1258 3931 1414 3970 mane
1456 3915 1835 3984 imponeretur.
1881 3914 1937 3968 Si
1984 3913 2127 3968 enim

556 4011 789 4084 quotidie
833 4009 1248 4064 intellexerimus
1269 4049 1282 4073 ,
1311 4006 1438 4076 quid
1458 4047 1472 4073 ,
1501 4007 1544 4060 si
1583 4007 1760 4060 nullus
1787 4005 2042 4059 allerrct?
2071 4003 2128 4058 Si

555 4115 731 4161 autem
783 4110 1032 4171 tanquam
1078 4099 1146 4154 de
1188 4099 1397 4168 publico
1442 4099 1526 4153 vel
1575 4098 1642 4153 de
1685 4112 1782 4152 suo
1825 4096 2129 4152 sacerdotes

555 4195 859 4267 quotidiana
909 4192 1213 4246 holocausta
1260 4190 1648 4259 procurabant;
1677 4202 1836 4258 super
1877 4187 1989 4256 ipsa
2031 4187 2128 4240 im—

555 4288 889 4360 ponebantur
908 4299 969 4339 ea
991 4299 1109 4354 qua:
1130 4283 1286 4352 jussit
1307 4298 1335 4335 a
1361 4281 1554 4352 populo
1579 4281 1752 4335 oblata
1779 4295 1874 4350 pro
1899 4280 2127 4356 peccatis

554 4392 716 4448 super
754 4376 1058 4430 holocausta
1099 4371 1297 4442 imponi
1325 4389 1338 4437 ;
1369 4379 1423 4426 et
1451 4387 1554 4424 non
1600 4379 1715 4424 erat
1748 4384 1966 4424 necesse
1999 4369 2129 4424 0110-

553 4470 694 4525 renti
719 4467 972 4522 sacriﬁcia
996 4479 1090 4535 pro
1111 4473 1348 4534 peccato,
1371 4462 1528 4518 etiam
1551 4461 1915 4516 holocaustum
1936 4458 2128 4514 oﬁ‘erre

557 4575 717 4632 super
743 4558 883 4628 quod
909 4557 1036 4611 illud
1064 4556 1444 4625 imponeretur,
1472 4554 1570 4608 nisi
1597 4553 1808 4623 quando
1833 4567 1928 4622 par
1957 4561 2127 4606 turtu-

557 4666 676 4706 rum
709 4641 1058 4712 ol'icrebatur,
1093 4654 1186 4699 aut
1225 4645 1330 4699 duo
1366 4644 1489 4714 pulli
1530 4643 1853 4698 columbini:
1892 4657 2012 4695 nam
2056 4641 2127 4696 ibi

560 4741 780 4796 omnino
813 4739 1084 4792 deﬁnitum
1111 4745 1210 4802 est,
1247 4751 1406 4790 unum
1438 4750 1532 4805 pro
1558 4742 1792 4804 peccato,
1823 4734 2045 4788 alterum
2075 4733 2128 4786 in

557 4835 922 4889 holocaustum
959 4829 1138 4884 oll'crri
1177 4837 1462 4897 oportere;
1491 4837 1546 4882 et
1577 4827 1721 4896 prius
1757 4841 1851 4895 pro
1887 4837 2125 4896 peccato,

555 4923 750 4981 deinde
790 4923 848 4978 in
889 4922 1254 4976 holocaustum
1294 4918 1493 4990 (Leuit.
1529 4934 1582 4984 v,
1610 4915 1704 4990 7).
1740 4917 1936 4972 Deinde
1963 4917 2128 4987 qumri

556 5026 729 5090 potest
776 5025 950 5071 utrum
997 5013 1360 5069 holocaustum
1405 5011 1543 5082 quod
1583 5026 1736 5065 mane
1779 5025 1934 5064 mane
1972 5010 2130 5080 jussit

558 5109 779 5180 imponi,
808 5109 978 5178 ipsum
1002 5106 1160 5160 etiam
1187 5120 1280 5175 per
1306 5111 1468 5159 totam
1495 5113 1702 5158 noctem
1731 5102 1939 5158 arderet
1965 5117 2130 5171 usque

556 5203 622 5257 ad
649 5200 873 5255 alterum
901 5213 1056 5252 mane
1074 5214 1089 5264 ;
1110 5213 1178 5252 an
1202 5196 1328 5252 illud
1352 5195 1492 5268 quod
1515 5195 1607 5260 ait,
1630 5202 1737 5248 tota
1762 5201 1917 5248 nocte
1942 5193 2130 5248 ardere

556 5292 776 5358 debere,
815 5277 1181 5346 holocaustum
1222 5287 1377 5342 fuerit
1420 5285 1797 5355 vespertinum,
1842 5292 1896 5338 et
1937 5283 2131 5342 deinde

556 5384 780 5457 ceperit
821 5381 888 5439 de
930 5383 1046 5453 lege
1092 5379 1383 5434 bolocausti
1425 5377 1624 5444 dicere,
1665 5385 1718 5430 ut
1759 5390 1790 5430 α
1831 5377 2132 5454 vespertino

620 5523 638 5555 ι
656 5522 729 5571 Sic
749 5528 852 5569 MS.
881 5524 932 5566 At
955 5516 1096 5571 editi,
1121 5519 1461 5564 consecratum.

618 5551 640 5617 ί
1535 5582 1829 5648 ιχχηειψεζ
1843 5576 2022 5648 uitare.

623 5647 644 5677 ³
666 5637 801 5701 aditi,
825 5637 980 5699 mane,
1002 5640 1082 5688 hic
1105 5645 1156 5688 et
1177 5637 1302 5701 infra
1319 5637 1504 5686 nonnisi
1525 5637 1682 5701 semel
1707 5651 1719 5686 :
1746 5637 1796 5688 at
1817 5646 1922 5689 Mss.
1951 5649 2002 5691 et
2025 5651 2131 5695 [.xx

557 5709 734 5818 iterato
754 5697 934 5754 habent
949 5697 975 5764 ;'
988 5714 1075 5765 pro
1101 5713 1198 5764 quo
1223 5697 1416 5762 Vulgata
1437 5699 1597 5749 versio
1613 5729 1628 5760 ,
1651 5711 1790 5751 mane
1816 5715 1902 5767 per
1924 5704 2134 5769 singulo.

593 5781 680 5818 tes.

593 5781 680 5818 888.

3678 351 3785 411 680

2212 459 2520 526 holocausto
2546 463 2798 533 inciperet
2825 482 2837 518 :
2865 463 3005 533 quod
3030 463 3220 519 mirum
3251 471 3334 519 est
3361 463 3406 518 si
3437 472 3654 531 taceret,
3688 478 3785 518 nec

2212 553 2522 608 admoneret
2549 555 2670 608 talia
2695 569 2916 623 vespere
2939 553 3115 609 oll'erri
3140 564 3410 624 oportere.

2283 644 2420 698 XIV.
2452 644 2550 717 [11).
2579 661 2653 710 vr,
2670 644 2782 718 20.]
2809 645 2872 698 Et
2899 645 3092 699 locutus
3115 655 3187 699 est
3214 644 3460 699 Dominus
3484 645 3551 698 ad
3581 645 3791 715 Moysen

2213 734 2402 799 dicens,
2434 735 2582 789 Istud
2604 735 2794 788 donum
2821 735 2992 788 Aaron
3018 743 3063 788 et
3089 735 3312 803 ﬁliorum
3337 737 3466 805 ejus,
3493 736 3628 805 quod
3657 735 3788 802 olfe-

2213 833 2331 877 runt
2360 823 2575 878 Domino
2599 825 2652 878 in
2680 825 2762 878 die
2782 841 3093 896 quacumque
3118 825 3320 878 unxeris
3347 841 3480 878 eum.
3510 825 3626 878 Alia
3669 833 3792 880 sunt

2215 914 2494 980 sacriﬁcia,
2521 930 2641 984 quae
2679 915 3115 969 commemoravit
3143 914 3196 968 in
3225 913 3436 979 Exodo,
3465 915 3658 984 quibus
3695 929 3792 983 per

2215 1013 2418 1074 septem
2458 1005 2572 1060 dies
2610 1006 3005 1060 sanctillcantur
3044 1004 3369 1070 sacerdotes,
3401 1013 3458 1059 ut
3493 1003 3790 1059 sacerdotio

2212 1100 2313 1150 'suo
2339 1095 2483 1165 fungi
2513 1095 2764 1164 incipiant
2796 1094 3154 1167 (Exodxix,
3179 1095 3232 1164 1)
3256 1111 3271 1160 ;
3299 1101 3354 1148 et
3377 1093 3519 1149 aliud
3544 1102 3627 1149 est
3650 1091 3789 1164 quod

2219 1186 2377 1240 modo
2417 1194 2816 1252 commemorat,
2853 1185 2977 1254 quid
3016 1184 3202 1240 offerat
3239 1193 3478 1239 summus
3515 1183 3787 1249 sacerdos,

2218 1275 2428 1344 quando
2451 1275 2806 1340 constituitur,
2835 1274 2886 1328 id
2911 1283 2995 1328 est
3017 1273 3228 1343 quando
3256 1273 3485 1342 ungitur.
3510 1271 3622 1326 lloc
3644 1272 3787 1326 enim

2218 1367 2457 1434 sequitur
2479 1375 2533 1420 et
2556 1364 2714 1430 dicit,
2748 1363 2814 1418 In
2839 1364 2920 1417 die
2944 1379 3256 1434 quacumque
3277 1362 3480 1416 unxeris
3510 1377 3645 1415 eum.
3676 1361 3790 1415 Non

2219 1454 2370 1522 dixit,
2410 1455 2624 1510 uuxcris
2662 1468 2794 1518 eos;
2833 1469 2952 1508 cum
2991 1453 3149 1508 etiam
3188 1451 3450 1507 secundos
3489 1450 3792 1506 sacerdotes

2221 1547 2343 1616 tingi
2372 1547 2662 1616 prtucipiat.
2693 1545 2894 1600 Deinde
2919 1545 3046 1600 dicit
3088 1546 3258 1615 ipsum
3284 1543 3626 1609 sacriﬁcium,
3655 1543 3791 1597 deci-

2221 1653 2355 1689 mam
2379 1646 2574 1706 partem
2596 1636 2730 1705 asp/ti
2753 1636 3088 1706 similagenis,
3119 1635 3174 1688 in
3199 1629 3506 1704 sacriﬁcium
3531 1634 3793 1702 sempiter-

2221 1743 2360 1780 num.
2393 1726 2658 1795 Quaeritur
2701 1725 2966 1797 quomodo
3010 1724 3413 1795 sempiternum,
3459 1724 3505 1780 si
3547 1706 3679 1778 illud
3725 1738 3793 1778 eo

2221 1817 2308 1872 die
2345 1816 2583 1883 oﬁ'ertur,
2614 1831 2720 1887 quo
2755 1817 2967 1887 ungitur
3005 1832 3245 1872 summus
3285 1816 3555 1884 sacerdos,
3598 1816 3666 1870 ab
3703 1804 3797 1870 illo

2223 1907 2312 1977 qui
2341 1914 2530 1961 unctus
2571 1913 2675 1971 est,
2705 1906 2806 1960 nisi
2847 1915 2906 1960 ut
2941 1920 3152 1975 semper
3191 1906 3291 1960 hoc
3326 1904 3578 1960 oll'eratur
3617 1905 3669 1958 in
3709 1903 3796 1958 die

2221 2012 2326 2066 quo
2363 1997 2579 2065 ungitur
2613 2011 2850 2076 summus
2883 1995 3152 2062 sacerdos,
3193 1994 3294 2050 hoc
3333 2004 3416 2050 est
3451 2010 3546 2064 per
3581 2007 3796 2049 success

2222 2091 2402 2143 siones
2435 2089 2812 2144 sacerdotum?
2840 2088 3078 2158 quamvis
3106 2100 3160 2142 et
3199 2087 3289 2142 illo
3317 2086 3475 2142 modo
3514 2086 3796 2156 sempiter-

2223 2194 2348 2233 num
2381 2179 2546 2247 possit
2571 2179 2810 2249 intelligi,
2844 2194 2948 2232 non
2976 2166 3093 2243 hoc,
3125 2164 3218 2253 sed
3241 2177 3382 2247 quod
3405 2177 3689 2248 signiﬁcat.

2294 2267 2410 2321 XV.
2440 2265 2538 2339 [lb.
2567 2283 2641 2334 v1,
2671 2267 2761 2334 20,
2792 2253 2907 2340 2L]
2938 2267 3219 2320 Dimidium
3243 2267 3370 2338 ejus,
3386 2266 3590 2337 "inquit,
3627 2282 3795 2331 mane,

2223 2368 2271 2412 et
2313 2358 2576 2412 dimidium
2615 2359 2722 2428 ejus
2763 2366 2871 2426 post
2901 2357 3196 2422 meridiem;
3221 2355 3360 2426 quod
3397 2371 3602 2426 graecus
3641 2348 3801 2410 habet

2226 2432 2436 2504 δειλινόν.
2468 2447 2535 2502 In
2577 2449 2828 2519 sartagine
2849 2489 2863 2514 ,
2895 2447 3094 2520 inquit,
3123 2447 3176 2501 in
3204 2447 3312 2501 oleo
3340 2447 3444 2516 ﬁet,
3483 2462 3800 2516 consparsam

2225 2538 2399 2606 o/Teret
2443 2556 2573 2606 eam,
2620 2543 2772 2610 fresa,
2819 2527 2870 2592 id
2913 2547 2997 2593 est
3037 2553 3152 2592 eam
3199 2535 3565 2608 similaginem.
3603 2526 3800 2589 Deinde

2225 2629 2350 2684 dicit
2390 2633 2545 2700 fresa,
2583 2630 2626 2682 si
2659 2636 2832 2682 tamen
2872 2628 2975 2683 hoc
3008 2639 3151 2682 recte
3190 2626 3588 2698 interpretatmn
3618 2633 3698 2680 est
3733 2625 3800 2681 ex

2227 2709 2316 2774 illo
2345 2720 2484 2790 quod
2514 2734 2718 2790 graecus
2743 2717 2904 2773 habet
2925 2724 3090 2790 ερατά
3123 2719 3166 2784 ί,
3197 2725 3249 2772 et
3273 2717 3544 2788 pluraliter
3572 2714 3674 2771 hoc
3702 2732 3800 2786 po-

2225 2812 2332 2866 suit
2369 2826 2562 2882 genere
2603 2819 2812 2866 neutro.
2851 2803 2966 2865 Non
2998 2809 3138 2864 enim
3179 2795 3253 2862 ait
3292 2804 3518 2874 fresam,
3549 2805 3798 2877 tanquam

2226 2904 2467 2959 eamdem
2489 2902 2857 2974 similaginem,
2881 2917 3037 2972 quam
3060 2891 3267 2957 dixerat
3289 2902 3650 2972 conspersum.
3677 2899 3800 2955 llazc

2227 3004 2405 3049 autem
2443 2981 2584 3048 fresa
2615 2992 2931 3048 sacriﬁcium
2973 2992 3039 3047 de
3079 2991 3388 3062 fragmentis
3426 3005 3546 3046 esse
3580 2989 3797 3045 dicitur.

2227 3071 2416 3141 Utrum
2455 3100 2582 3155 ergo
2612 3084 2747 3139 fresa
2778 3083 2919 3138 dicat
2963 3083 3072 3152 ipsa
3115 3081 3426 3152 fragmenta,
3459 3081 3510 3135 id
3538 3087 3620 3135 est
3654 3075 3803 3136 coms

2228 3177 2427 3230 minuta
2453 3191 2467 3240 ;
2492 3191 2556 3228 an
2581 3174 2692 3244 ipsa
2718 3172 3070 3229 minutissima
3095 3172 3403 3244 similaginis
3422 3170 3560 3228 fresa
3580 3171 3795 3238 dixerit,

2228 3281 2333 3323 non
2363 3274 2444 3320 cst
2472 3264 2710 3320 evidens.

2301 3355 2437 3412 XVI.
2467 3355 2568 3429 [lb.
2590 3372 2664 3418 vr,
2695 3355 2784 3419 2i,
2811 3352 2926 3427 22.]
2953 3353 3200 3423 Sequitur
3226 3361 3400 3408 autem
3425 3356 3478 3409 et
3505 3351 3666 3408 dicit:
3699 3351 3802 3406 Sa-s

2230 3445 2474 3515 eri/icium
2503 3447 2555 3500 in
2583 3446 2788 3499 odorem
2808 3442 3067 3498 suavitatis
3087 3433 3324 3497 Domino.
3353 3443 3602 3499 sacerdos
3623 3449 3800 3496 unctas

2229 3539 2314 3608 qui
2348 3553 2438 3608 pro
2471 3553 2526 3590 eo
2561 3553 2622 3590 ex
2654 3533 2775 3606 ﬁliis
2803 3536 2931 3606 ejus,
2961 3531 3106 3606 faciet
3137 3534 3284 3588 illud.
3315 3534 3536 3604 Propter
3564 3533 3663 3588 hoc
3690 3534 3799 3588 fora

2229 3625 2385 3684 tassis
2417 3627 2618 3683 dixerat
2654 3627 3025 3697 sempiternum,
3059 3629 3114 3680 ut
3139 3626 3237 3680 hoc
3269 3625 3421 3680 faciat
3451 3627 3621 3681 omnis
3646 3640 3798 3680 sum-

2230 3739 2348 3777 mus
2377 3716 2628 3776 sacerdos
2647 3760 2662 3786 ,
2699 3719 2910 3789 quando
2936 3715 3167 3773 succedit
3205 3727 3444 3785 mortuo,
3478 3733 3542 3772 eo
3581 3717 3667 3772 die
3693 3734 3797 3787 quo

2229 3824 2418 3869 unctus
2445 3811 2604 3867 fuerit
2627 3827 2642 3877 ;
2670 3811 2910 3880 adjunxit
2933 3811 3072 3864 enim
3100 3818 3154 3864 et
3177 3810 3270 3873 ait,
3299 3807 3405 3862 Lex
3426 3819 3613 3863 (eterna
3634 3823 3653 3862 :
3677 3811 3798 3863 cuin

2230 3895 2397 3975 possit
2441 3903 2601 3958 etiam
2647 3911 2903 3957 aeternum
2948 3900 3236 3956 secundum
3291 3900 3344 3955 id
3389 3899 3608 3971 intelligi
3657 3895 3799 3970 quod

2230 3995 2509 4065 signiﬁcat.

2299 4084 2458 4140 XVII.
2494 4081 2592 4156 [11).
2631 4098 2706 4147 vr,
2731 4081 2848 4156 23.]
2877 4081 3123 4152 Sequitur
3146 4089 3343 4148 autem,
3378 4080 3538 4136 Omne
3564 4082 3799 4136 cons'um-

2229 4178 2478 4240 mabitur;
2503 4175 2644 4246 quod
2673 4173 2830 4228 habet
2855 4190 3057 4244 grmcus
3084 4177 3506 4240 ἐπιτελεσθήσιται,
3547 4181 3601 4228 et
3638 4169 3798 4243 aliqui

2231 4270 2548 4336 interpretes
2573 4265 2839 4330 dixerunt,
2867 4262 3026 4319 Omne
3049 4263 3330 4334 imponetur
3355 4279 3374 4317 :
3401 4264 3487 4318 ubi
3515 4265 3624 4319 vult
3647 4264 3801 4318 intel-

2229 4359 2318 4429 ligi
2367 4373 2487 4413 esse
2529 4357 2918 4421 holocaustum,
2965 4355 3087 4425 quia
3133 4355 3260 4408 nihil
3306 4354 3500 4410 exinde
3540 4361 3796 4410 remanet.

2231 4450 2467 4518 Denique
2494 4447 2750 4517 adjungit,
2784 4445 2847 4499 Et
2873 4462 3017 4500 omne
3043 4445 3347 4514 sacri/icium
3373 4446 3664 4508 sacerdotis,
3704 4446 3799 4498 Ito-

2230 4538 2508 4593 loc‘austum
2537 4537 2649 4600 erit,
2678 4544 2722 4589 et
2751 4552 2848 4590 non
2875 4534 3064 4589 edatur.
3091 4534 3201 4589 l-loc
3229 4550 3356 4604 ergo
3385 4535 3610 4603 dixerat,
3639 4534 3802 4590 Omne

2229 4627 2670 4683 Consummabitur.

2301 4718 2492 4777 XVIII.
2533 4717 2630 4791 [lb.
2660 4733 2735 4783 vn,
2767 4717 2855 4783 26,
2899 4715 3012 4789 56.]
3059 4712 3131 4771 De
3152 4715 3411 4771 sacriﬁcio
3449 4725 3546 4786 pro
3583 4725 3801 4784 peccato

2231 4822 2348 4868 eum
2379 4810 2600 4874 diceret,
2627 4807 2892 4871 Sacerdos,
2924 4806 3105 4876 inquit.
3130 4807 3215 4876 qui
3239 4807 3459 4876 imponet
3481 4805 3630 4871 illud,
3657 4822 3803 4860 man—

2233 4903 2435 4957 ducabit
2478 4901 2626 4956 illud.
2670 4900 2784 4955 Non
2833 4900 2930 4953 hoc
2973 4898 3111 4968 quod
3161 4899 3397 4969 imponet
3443 4899 3798 4965 manducabit,

2233 5004 2355 5051 nam
2377 4995 2502 5048 illud
2525 4993 2629 5062 igni
2651 5000 3020 5057 consumetur;
3043 4991 3134 5046 sed
3151 4992 3288 5062 quod
3313 4992 3434 5047 inde
3453 4992 3766 5047 remanserit
3787 5011 3802 5023 η

2234 5099 2338 5140 non
2364 5085 2504 5139 enim
2535 5084 2893 5137 holocaustum
2925 5091 3025 5147 est,
3057 5092 3110 5136 ut
3141 5092 3307 5136 totum
3341 5083 3521 5138 ardeat
3542 5083 3597 5138 iu
3624 5083 3802 5138 altari.

2233 5177 2365 5232 Dicit
2403 5185 2576 5229 autem
2610 5183 2788 5244 postea
2815 5189 2828 5227 :
2863 5173 3045 5227 Omnia
3072 5184 3184 5245 qua:
3209 5189 3302 5242 pro
3338 5184 3536 5244 peccato
3562 5184 3679 5228 sunt
3699 5215 3713 5237 ,
3745 5190 3808 5228 η

2233 5268 2407 5336 quibus
2434 5266 2628 5320 illatum
2658 5265 2809 5334 fuerit
2834 5281 2864 5316 a
2890 5265 3132 5335 sanguine
3157 5280 3325 5318 eorum
3352 5265 3403 5318 in
3430 5265 3806 5319 tabernaculum

2235 5357 2501 5413 testimonii
2527 5355 2724 5411 exorari
2753 5355 2804 5408 in
2833 5365 3032 5420 sancto,
3061 5371 3162 5408 non
3197 5356 3396 5421 edetnr,
3424 5355 3513 5409 sed
3539 5355 3644 5426 igni
3680 5371 3806 5408 con-

2235 5447 2554 5502 cremabitur.
2595 5443 2871 5512 Quomodo
2917 5459 3044 5514 ergo
3086 5445 3152 5500 ad
3196 5445 3500 5500 sacerdotes
3544 5445 3810 5516 pertinent

2299 5588 2401 5655 {In
2411 5585 2556 5655 editis
2579 5586 2779 5655 coaptat.
2799 5591 2928 5655 μυί,
2953 5582 3111 5655 elicta,
3134 5583 3392 5655 conpoluta.
3420 5582 3510 5633 sed
3533 5583 3707 5632 melius
3725 5590 3808 5655 iis.

2233 5648 2556 5706 Corheicnsis,
2577 5645 2744 5703 crista,
2768 5645 2814 5694 id
2851 5655 2928 5695 est
2949 5647 3104 5708 fresa,
3130 5647 3566 5708 utigiulerprctntttr
3589 5649 3811 5708 augusti-

2235 5723 2344 5760 nus.
2391 5705 2552 5760 Exstat
2575 5707 2747 5771 eadem
2769 5723 2859 5758 vox
2895 5705 3046 5771 Levit.
3067 5720 3156 5771 cap
3196 5707 3227 5758 2
3242 5742 3257 5771 ,
3282 5722 3329 5759 v.
3353 5705 3432 5770 14,
3455 5705 3625 5758 cltidra
3640 5705 3810 5767 crista,

2237 5771 2385 5823 latine
2410 5778 2586 5835 segetes
2607 5783 2696 5822 seu
2719 5769 2855 5833 [arra
2877 5767 3179 5821 comminuta.
