4136 6476
409 353 508 411 681

409 471 796 541 manducauda,
822 489 940 545 qua:
971 482 1247 530 remanent
1273 474 1342 531 de
1369 473 1642 530 sacriﬁciis
1673 489 1769 545 pro
1798 488 1987 543 pecca-

409 567 517 621 tis?
563 568 786 639 Propter
825 570 969 641 quod
1027 571 1430 642 intelligendum
1480 582 1563 628 est
1607 571 1721 626 haec
1767 580 1988 639 excepta

404 673 545 723 esse,
586 660 655 716 de
691 674 918 732 quorum
960 664 1217 734 sanguine
1255 665 1483 734 tangitur
1523 663 1650 719 illud
1690 665 1858 718 altare
1901 662 1986 716 in-

407 750 558 806 censi
589 752 641 807 in
673 754 1011 810 tabernaculo
1041 756 1347 811 testimonii.
1378 757 1489 811 Hoc
1527 756 1667 811 enim
1690 754 1848 824 jussit
1872 753 1987 809 ﬁeri

402 843 648 912 superius
688 844 756 900 de
782 846 947 900 vitulo
969 888 983 913 ,
1024 862 1182 917 quem
1227 862 1325 917 pro
1354 854 1571 917 peccato
1609 860 1707 901 suo
1736 844 1987 899 sacerdos

400 932 637 1001 offerret,
690 945 743 992 et
784 936 854 992 de
897 936 1062 992 vitulo
1106 952 1263 1008 quem
1311 951 1407 1007 pro
1454 946 1674 1006 peccato
1723 935 1985 991 universa:

400 1038 706 1096 synagogas,
753 1035 810 1082 ut
847 1042 1036 1084 carnes
1076 1038 1197 1099 qua:
1244 1030 1618 1093 remanserint,
1662 1026 1792 1081 foris
1835 1034 1983 1080 extra

399 1123 570 1169 castra
594 1117 1167 1189 comburantnr(Levit.
1200 1134 1273 1186 tv,
1301 1119 1369 1174 12
1385 1116 1546 1189 ει21)
1572 1136 1586 1172 :
1616 1118 1717 1172 hoc
1744 1127 1797 1172 et
1825 1115 1984 1170 modo

400 1203 633 1279 breviter
657 1209 1113 1265 commemoravit.

421 1364 426 1368 _
470 1295 612 1351 XIX.
663 1296 764 1370 [lb.
794 1297 889 1366 vn,
922 1300 999 1374 1.]
1024 1301 1092 1356 Et
1120 1303 1219 1357 ista
1255 1311 1327 1356 est
1352 1302 1435 1357 lea:
1461 1301 1631 1357 arietis
1656 1300 1739 1373 qui
1768 1317 1861 1373 pro
1890 1300 1980 1354 de-

397 1374 516 1441 licto
542 1398 633 1456 est,
662 1401 837 1446 sancta
863 1402 1153 1449 sanctorum
1179 1404 1295 1450 sunt
1320 1411 1341 1450 :
1369 1395 1423 1451 id
1455 1404 1539 1451 est
1573 1396 1640 1451 ad
1675 1394 1980 1453 sacerdotes

396 1481 667 1548 pertinent
693 1484 1081 1541 manducanda.

468 1573 584 1628 XX.
615 1573 716 1646 [lb.
744 1592 835 1645 vn,
862 1578 938 1651 7.]
959 1579 1093 1647 Quid
1119 1590 1202 1637 est
1225 1582 1367 1653 quod
1382 1582 1449 1638 de
1469 1583 1637 1639 ariete
1666 1598 1764 1654 pro
1782 1583 1977 1639 delicto

394 1681 518 1721 cum
562 1668 819 1737 dixisset,
865 1672 1139 1744 legemque
1180 1675 1423 1731 sacriﬁcii
1468 1677 1838 1747 exposuisset,
1879 1677 1973 1744 ait,

397 1760 662 1823 Quomodo
690 1762 825 1832 quod
851 1781 943 1834 pro
969 1775 1193 1836 peccato,
1224 1767 1295 1821 ita
1323 1777 1369 1822 et
1393 1768 1448 1822 id
1472 1770 1607 1840 quod
1632 1786 1724 1839 pro
1751 1769 1933 1824 delicto
1956 1785 1977 1825 ς

395 1850 480 1904 lea:
506 1868 606 1905 una
641 1863 713 1909 est
739 1857 948 1910 eorum?
974 1856 1239 1925 Quaeritur
1274 1861 1412 1914 inter
1440 1870 1713 1929 peccatum
1754 1870 1809 1917 et
1835 1861 1975 1917 deli~

392 1950 537 1997 ctum
584 1960 703 2014 quae
742 1947 811 2001 sit
854 1947 1191 2015 diﬁ‘ercntia;
1238 1952 1487 2021 quoniam
1533 1953 1577 2007 si
1623 1953 1766 2007 nulla
1806 1963 1969 2021 esset,

392 2034 542 2088 nullo
574 2035 732 2091 modo
755 2036 1037 2105 diceretur,
1079 2040 1341 2106 Quomodo
1365 2042 1500 2112 quod
1525 2060 1616 2113 pro
1641 2053 1864 2115 peccato,
1902 2046 1975 2099 ita

391 2135 442 2178 et
470 2126 605 2196 quod
632 2142 724 2198 pro
747 2129 951 2185 delicto.
988 2132 1240 2199 Quamvis
1267 2134 1409 2190 enim
1436 2135 1520 2190 lex
1555 2135 1775 2207 ejusque
1801 2138 1971 2192 sacri-

395 2216 574 2270 ﬁcium
616 2219 747 2273 nihil
788 2219 968 2288 distet,
997 2221 1121 2292 quia
1158 2224 1241 2278 lex
1279 2240 1382 2278 una
1420 2234 1504 2280 est
1536 2236 1760 2292 eorum;
1792 2236 1969 2283 tamen

391 2305 506 2376 ipsa
528 2308 662 2376 duo,
689 2325 915 2380 quorum
942 2328 1104 2368 unum
1127 2323 1210 2369 est
1234 2314 1572 2380 sacriﬁcium,
1602 2315 1652 2370 id
1675 2326 1758 2372 est
1783 2332 1971 2387 pecca-

393 2408 507 2453 tum
552 2408 607 2455 et
645 2401 915 2469 delictum,
946 2404 990 2459 si
1038 2405 1174 2460 inter
1215 2419 1274 2460 se
1314 2405 1445 2461 nihil
1489 2406 1783 2476 diﬁ‘errent,
1821 2419 1875 2465 et
1922 2410 1968 2466 si

387 2490 548 2544 unius
573 2492 651 2546 rei
691 2492 794 2547 duo
824 2495 1036 2550 nomina
1076 2505 1286 2563 essent,
1329 2513 1434 2552 non
1461 2508 1671 2554 curaret
1698 2499 1967 2570 Scriptura

389 2590 501 2634 tam
526 2581 808 2652 diligenter
835 2586 1209 2643 commendare
1238 2603 1400 2643 unum
1438 2603 1557 2645 esse
1584 2592 1859 2663 utriusque
1884 2607 1970 2647 sa-

387 2674 666 2730 criﬁcium.

462 2766 726 2824 Fortassis
747 2784 873 2840 ergo
892 2781 1166 2842 peccatum
1193 2780 1276 2829 est
1304 2776 1626 2845 perpetratio
1655 2776 1800 2842 mali,
1830 2776 1966 2831 deli-

386 2866 531 2911 ctum
557 2868 733 2914 autem
767 2861 1000 2918 desertio
1028 2865 1151 2919 boni
1174 2884 1187 2920 :
1214 2876 1273 2921 ut
1300 2866 1745 2937 quemadmodum
1770 2870 1822 2923 in
1849 2871 1965 2925 lau-

387 2948 550 3005 dabili
576 2951 702 3015 vita,
732 2953 871 3008 aliud
910 2963 994 3010 est
1028 2956 1296 3013 declinare
1336 2974 1366 3013 a
1398 2960 1557 3027 malo,
1604 2960 1747 3015 aliud
1790 2962 1967 3017 facere

386 3038 606 3110 bonum,
635 3044 774 3113 quod
815 3045 1163 3102 admonemur
1195 3048 1403 3104 dicente
1427 3049 1716 3121 Scriptura,
1755 3050 1967 3107 Declina

386 3149 420 3184 α
445 3134 599 3201 malo,
626 3145 671 3188 et
699 3137 781 3205 [ac
806 3137 990 3191 bonum
1007 3138 1178 3207 (Psal.
1202 3155 1394 3206 xxxvr,
1419 3141 1509 3210 27)
1531 3157 1545 3208 ;
1570 3142 1640 3197 ita
1666 3144 1721 3198 in
1744 3143 1967 3198 damna-

385 3222 500 3289 bili,
523 3224 661 3279 aliud
685 3228 752 3281 sit
772 3227 1039 3285 declinare
1057 3245 1085 3282 a
1110 3230 1268 3297 bono,
1292 3229 1435 3286 aliud
1459 3231 1634 3288 facere
1660 3234 1887 3299 malum;
1912 3245 1966 3290 et

385 3314 515 3369 illud
537 3316 807 3384 delictum,
835 3318 936 3374 hoc
965 3330 1235 3391 peccatum
1265 3323 1351 3376 sit.
1375 3322 1505 3377 Nam
1534 3332 1587 3378 et
1616 3325 1787 3393 ipsum
1810 3340 1966 3380 voca-

385 3408 567 3463 bulum
607 3410 653 3464 si
694 3411 1024 3479 discutiatur,
1054 3416 1179 3485 quid
1205 3416 1348 3471 aliud
1374 3424 1530 3472 sonat
1561 3417 1832 3484 delictum,
1863 3419 1964 3474 nisi

385 3500 733 3557 derelictum?
759 3514 813 3559 et
841 3505 964 3575 quid
994 3506 1309 3577 derelinquit
1332 3508 1423 3578 qui
1442 3508 1718 3579 delinquit,
1748 3510 1847 3564 nisi
1871 3510 1966 3565 bo-

386 3593 549 3646 num?
578 3593 749 3650 (ἓηεί
778 3596 939 3650 etiam
966 3596 1071 3651 duo
1097 3600 1307 3652 nomina
1340 3600 1527 3654 usitata
1555 3599 1679 3654 huic
1708 3602 1842 3670 pesti
1867 3605 1965 3655 im-

386 3696 695 3752 posuerunt.
736 3686 865 3741 Nam
911 3688 1159 3743 delictum
1188 3690 1324 3760 apud
1353 3706 1445 3746 eos
1472 3701 1525 3746 et
1548 3700 1853 3762 παράπτωμα
1878 3694 1963 3750 di-

384 3775 522 3830 citur
545 3787 601 3831 et
626 3787 945 3846 πλημμέλεια.
967 3778 1072 3835 Isto
1088 3780 1203 3851 ipso
1225 3783 1418 3853 quippe
1435 3783 1552 3838 loco
1567 3784 1786 3839 Levitici
1801 3796 1963 3855 πλημ-

384 3878 555 3934 μέλεια
582 3879 683 3925 est.
716 3872 1001 3941 Apostolus
1029 3882 1203 3927 autem
1222 3875 1310 3928 ubi
1334 3874 1481 3940 dicit,
1506 3877 1565 3931 Si
1584 3888 1965 3948 praeoccupatus

384 3959 535 4027 fuerit
553 3960 702 4015 homo
727 3962 778 4015 in
803 3963 972 4033 aliquo
992 3963 1171 4018 delicto
1192 3962 1381 4036 (Colat.
1409 3982 1483 4033 vr,
1508 3968 1583 4037 1),
1608 3978 1964 4025 παεαπτώιιατι

383 4064 591 4119 grmcus
633 4052 823 4109 habet:
846 4068 1071 4124 quorum
1100 4056 1370 4111 nominum
1396 4058 1439 4113 si
1466 4059 1614 4129 origo
1651 4060 1966 4117 discutiatur

384 4141 438 4195 in
466 4154 841 4216 παραπτώματι,
876 4156 1121 4218 tanquam
1149 4148 1397 4205 decidere
1423 4150 1731 4222 intelligitur
1754 4154 1840 4223 qui
1872 4154 1966 4210 de-

383 4231 593 4302 linquit.
618 4234 768 4290 Unde
792 4236 1019 4292 cadaver
1038 4238 1178 4308 quod
1198 4239 1368 4294 Latini
1390 4256 1421 4295 a
1437 4240 1675 4297 cadendo
1696 4242 1961 4309 dixerunt,

384 4339 556 4393 griece
573 4337 745 4393 πτῶμα
768 4327 982 4395 dicitur,
999 4331 1094 4383 ἀπὸ
1118 4332 1202 4384 τοῦ
1226 4336 1435 4394 πίπτειν,
1467 4330 1517 4385 id
1545 4340 1626 4387 est
1644 4332 1711 4388 ab
1733 4349 1799 4389 eo
1822 4336 1964 4404 quod

385 4426 468 4471 est
490 4418 701 4473 cadere.
731 4419 829 4487 Qui
855 4435 981 4491 ergo
1009 4421 1275 4489 peccando
1303 4422 1501 4477 malum
1530 4414 1673 4488 facit,
1703 4426 1847 4494 prius
1874 4426 1966 4481 de-

385 4508 671 4579 linquendo
699 4528 726 4565 a
767 4514 905 4569 bono
942 4514 1101 4569 cadit.
1134 4515 1201 4569 Et
1237 4524 1538 4584 πλημμέλεια
1565 4517 1739 4573 simile
1770 4535 1964 4575 nomen

386 4610 470 4655 est
497 4604 861 4674 negligentim:
888 4621 1009 4660 nam
1040 4622 1213 4677 grmce
1251 4609 1568 4678 negligentia
1606 4612 1806 4677 ἀμέλεια
1833 4612 1965 4666 dici-

387 4703 494 4761 tur,
526 4697 646 4766 quia
672 4714 811 4753 cnrac
833 4715 937 4753 non
964 4708 1045 4754 est
1071 4699 1211 4770 quod
1236 4701 1534 4771 negligitur.
1553 4702 1642 4757 Sic
1664 4703 1805 4757 enim
1832 4719 1965 4773 grae-

385 4798 484 4837 cus
516 4785 661 4852 dicit,
688 4787 801 4842 Non
823 4804 971 4855 curo,
1002 4793 1058 4844 os
1093 4798 1225 4858 μέλει
1249 4814 1353 4858 μοι.
1385 4791 1645 4846 Particula
1681 4808 1810 4863 ergo
1848 4810 1966 4863 quae

387 4872 601 4929 additur
637 4887 777 4945 πλὴν,
804 4888 863 4935 ιιι
888 4880 1093 4935 dicatur
1120 4891 1438 4948 πλημμέλεια,
1468 4892 1659 4951 printer
1682 4883 1963 4954 signiﬁcat,

389 4967 664 5030 υιάμιλεια
687 4969 827 5035 quod
875 4980 1097 5026 vocatur
1126 4972 1461 5041 negligentia,
1501 4972 1739 5029 videatur
1777 4989 1968 5031 sonare

387 5055 505 5109 sine
524 5070 682 5121 cura;
724 5067 1022 5127 πλημμέλεια
1050 5072 1242 5131 praeter
1269 5078 1470 5127 curam,
1507 5065 1645 5134 quod
1675 5082 1810 5137 pene
1847 5077 1967 5123 tane

388 5145 623 5201 tumdem
651 5158 751 5203 est.
799 5150 932 5206 Hinc
968 5162 1022 5206 et
1045 5154 1257 5223 quidam
1302 5156 1470 5210 nostri
1501 5165 1821 5225 πλημμέλειαν
1859 5176 1964 5216 non

387 5236 658 5301 delictum,
694 5239 787 5293 sed
816 5241 1181 5311 negligentiam
1206 5245 1540 5314 interpretari
1571 5248 1889 5306 maluerunt.
1910 5251 1966 5307 In

390 5326 551 5379 latina
580 5338 753 5383 autem
784 5330 960 5401 lingua
986 5332 1111 5402 quid
1150 5335 1292 5390 aliud
1336 5337 1634 5409 negligitur,
1679 5340 1779 5395 nisi
1825 5342 1966 5412 quod

389 5434 493 5471 non
526 5420 736 5488 legitur,
768 5422 819 5475 id
850 5432 931 5477 est
952 5439 1056 5478 non
1084 5425 1325 5495 eligitur?
1363 5428 1515 5483 Unde
1548 5432 1707 5486 etiam
1741 5432 1909 5502 legem
1934 5450 1965 5490 a

388 5507 636 5578 legendo,
667 5511 716 5565 id
744 5520 826 5566 est
852 5512 920 5566 ab
942 5514 1188 5585 eligendo
1210 5518 1357 5572 latini
1379 5529 1622 5576 auctores
1649 5524 1965 5591 appellatam

389 5611 510 5652 esse
555 5598 823 5655 dixerunt.
870 5603 963 5657 llis
1001 5605 1391 5673 quodammodo
1431 5610 1665 5678 vestigiis
1707 5613 1969 5682 colligitur

390 5690 532 5758 quod
562 5691 651 5746 ille
683 5692 958 5764 delinquit,
999 5696 1087 5765 qui
1130 5696 1328 5753 bonum
1355 5699 1691 5771 derelinquit,
1721 5712 1775 5758 et
1803 5706 1969 5760 relin-

392 5782 603 5847 quendo
636 5799 663 5835 a
693 5784 833 5838 bono
855 5787 1015 5849 cadit,
1047 5788 1170 5857 quia
1196 5788 1432 5860 negligit,
1476 5790 1528 5848 id
1554 5804 1655 5864 est,
1688 5806 1792 5851 non
1823 5797 1967 5869 legit.
2038 5846 2041 5849 λ

632 5874 858 5936 δεκετ.
904 5877 1183 5944 Aettusr.
1220 5880 1328 5941 Ill.

1787 354 1991 410 LIBER
2030 318 2342 413 manus.

3575 365 3682 422 682

2098 473 2378 531 Peccatum
2417 491 2543 533 vero
2568 479 2707 559 unde
2731 481 2801 538 sit
2833 475 3053 551 dictum,
3096 484 3237 556 quod
3262 500 3435 557 graece
3462 488 3682 559 ἁμαρτία

2096 563 2307 647 dicitur,
2340 567 2394 622 in
2421 579 2605 625 neutra
2631 571 2805 643 lingua
2830 575 2961 631 mihi
2988 576 3199 632 interim
3226 579 3477 633 occurrit.

2116 727 2118 730 ν
2165 654 2346 712 PoteSt
2364 659 2520 723 etiam
2542 661 2710 717 videri
2740 664 2867 719 illud
2894 681 3012 722 esse
3034 666 3282 723 deﬂetum
3303 664 3443 739 quod
3468 669 3676 739 impru-

2088 744 2300 813 denter,
2349 749 2401 805 id
2438 762 2523 807 est
2564 753 2896 824 ignoranter;
2927 742 3052 814 illud
3098 770 3388 829 peccatum,
3435 762 3575 833 quod
3606 748 3675 818 ab

2090 838 2291 895 sciente
2318 845 2680 914 committitur.
2704 847 2837 903 Huic
2862 849 3174 907 differentia:
3203 854 3449 908 videntur
3473 846 3571 909 ista
3590 849 3670 911 ιρ-

2088 930 2335 988 stimonia
2360 940 2654 993 'consonare
2677 939 2850 995 divina
2872 959 2887 997 :
2908 941 3099 997 Delicta
3112 945 3222 1016 quis
3242 936 3474 1018 intelligit
3491 945 3667 1018 (Psal.

2088 1035 2241 1088 xvm,
2296 1025 2422 1095 l5)?
2470 1028 2537 1082 Et
2577 1028 2725 1096 illud,
2758 1032 3007 1098 Quoniam
3032 1043 3084 1089 tu
3108 1037 3246 1091 scisti
3275 1039 3665 1107 imprudentiam

2086 1128 2249 1167 meam
2274 1118 2563 1175 :continuo
2597 1122 2793 1193 quippe
2822 1134 3034 1182 secutus
3070 1128 3331 1198 adjunxit,
3380 1130 3447 1186 Et
3484 1133 3668 1188 delicta

2085 1214 2313 1285 incaute
2335 1221 2433 1262 non
2449 1215 2562 1264 sunt
2586 1203 2875 1269 abscondita
2892 1214 3061 1287 (Psal.
3093 1234 3276 1287 vam,
3295 1220 3351 1290 6)
3369 1238 3384 1288 ;
3404 1223 3546 1279 velut
3560 1224 3667 1279 alio

2085 1295 2244 1371 modo
2272 1299 2518 1369 repetens
2541 1296 2781 1359 eamdem
2799 1307 3132 1363 sententiam.
3151 1309 3261 1366 Nec
3282 1313 3348 1367 ab
3368 1312 3556 1370 eadem
3580 1330 3666 1369 ra-

2084 1386 2229 1443 tione
2268 1388 2538 1445 discordat
2577 1394 2718 1462 quod
2746 1397 2901 1464 paulo
2927 1404 3049 1454 ante
3077 1405 3487 1458 commemoravi
3515 1405 3662 1474 Apo-

2082 1479 2202 1533 stoli
2228 1480 2448 1549 dictum,
2476 1482 2538 1537 Si
2561 1497 2945 1558 praeoccupatus
2964 1476 3114 1559 fuerit
3130 1482 3279 1547 homo
3300 1494 3352 1548 in
3372 1494 3541 1566 aliquo
3568 1497 3661 1552 de-

2081 1567 2199 1623 licto
2221 1586 2239 1624 :
2259 1570 2384 1628 hinc
2412 1575 2552 1629 enim
2577 1577 2716 1646 quod
2747 1590 3172 1657 prmoccupatum
3190 1568 3334 1650 dicit,
3356 1586 3664 1657 impruden-

2083 1666 2164 1715 ter
2188 1661 2390 1733 lapsum
2418 1680 2541 1721 esse
2560 1667 2842 1738 signiﬁcat.
2870 1654 3149 1728 Peccatum
3169 1690 3297 1731 vero
3316 1675 3382 1731 ad
3401 1654 3659 1734 scientem

2082 1747 2345 1831 pertinere
2375 1757 2644 1828 apostolus
2674 1746 2905 1819 Jacobns
2946 1772 3192 1835 tanquam
3241 1767 3501 1826 deﬁniens
3542 1772 3657 1827 ait:

2078 1840 2274 1930 Scienti
2298 1846 2451 1915 igitur
2468 1849 2651 1904 bonum
2670 1852 2855 1921 facere,
2873 1863 2922 1909 et
2945 1872 3045 1910 non
3063 1857 3286 1927 facienti,
3307 1872 3567 1930 peccatum
3587 1872 3662 1917 est

2074 1932 2153 1987 illi
2180 1923 2383 2006 (Jacobi
2406 1956 2481 2005 IV,
2515 1942 2623 2012 17).
2647 1942 2753 1999 Sed
2779 1945 2890 2001 sive
2918 1947 3027 2014 illa,
3058 1923 3171 2005 sive
3198 1923 3319 2017 ista,
3346 1951 3457 2008 sive
3480 1953 3660 2025 aliqua

2074 2025 2176 2079 alia
2204 2026 2499 2087 diﬁ’erentia
2527 2032 2597 2087 sit
2626 2036 2824 2103 peccati
2854 2040 2908 2092 et
2938 2037 3134 2104 delicti,
3167 2040 3269 2095 nisi
3294 2041 3466 2113 aliqua
3491 2039 3655 2114 esset,

2075 2130 2183 2170 non
2208 2116 2480 2188 Scriptura
2506 2121 2577 2178 ita
2599 2123 2903 2195 loqueretur
2925 2135 2981 2183 ut
2998 2129 3216 2197 diceret,
3248 2118 3511 2197 Quomodo
3523 2119 3660 2203 quod

2073 2222 2169 2275 pro
2198 2220 2421 2278 peccato,
2454 2212 2524 2267 ita
2547 2223 2595 2267 et
2617 2216 2751 2285 quod
2776 2234 2869 2287 pro
2895 2219 3074 2273 delicto
3093 2236 3112 2275 ,ο
3139 2222 3221 2276 lex
3246 2239 3347 2277 una
3366 2234 3437 2279 est
3460 2242 3653 2280 eorum.

2142 2295 2510 2358 lndiﬂ‘erenter
2536 2314 2714 2360 autem
2746 2309 3055 2381 plerumque
3081 2311 3348 2381 dicuntur,
3374 2324 3431 2371 ut
3453 2324 3508 2373 et
3528 2332 3656 2387 pec-

2069 2395 2247 2442 catum
2268 2392 2484 2449 nomine
2506 2391 2707 2462 delicti,
2730 2407 2783 2453 et
2806 2398 3055 2455 delictum
3085 2404 3297 2478 nomine
3328 2407 3529 2475 peccati
3554 2423 3653 2478 ap-

2073 2478 2315 2547 pelletur.
2337 2481 2520 2553 Neque
2546 2486 2686 2541 enim
2712 2494 2831 2542 cum
2853 2488 3046 2545 dicitur
3070 2490 3121 2546 in
3146 2476 3414 2564 Baptismo
3433 2486 3547 2551 ﬁeri
3571 2476 3654 2553 re-

2070 2568 2259 2625 missio
2285 2583 2645 2642 peccatorum,
2676 2594 2782 2633 non
2808 2564 2866 2634 ﬁt
2890 2581 3050 2636 etiam
3070 2570 3386 2639 delictorum
3408 2604 3421 2640 :
3446 2600 3545 2643 nec
3570 2596 3651 2641 ta-

2071 2677 2193 2717 men
2224 2672 2503 2749 utrumque
2528 2667 2740 2739 dicitur,
2771 2674 2892 2742 quia
2919 2673 2975 2729 in
3002 2660 3094 2730 illo
3130 2662 3344 2733 nomine
3372 2688 3655 2750 utrumque

2071 2746 2396 2827 intelligitur.
2435 2744 2522 2814 Sic
2564 2769 2619 2816 et
2663 2763 2916 2819 Dominus
2957 2766 3051 2833 ait,
3098 2753 3418 2837 proimultis
3454 2744 3652 2826 edundi

2070 2848 2379 2917 sanguinem
2409 2864 2563 2906 suum
2593 2852 2644 2906 in
2666 2855 3032 2911 remissionem
3075 2858 3412 2928 peccatorum
3430 2852 3652 2933 (Matth.

2071 2949 2213 3002 xxvr,
2243 2938 2333 3009 28)
2359 2957 2371 2994 :
2402 2943 2658 3011 numquid
2686 2946 2935 3013 quoniam
2977 2963 3082 3001 non
3110 2948 3202 3013 ait,
3235 2958 3289 3004 et
3316 2950 3650 3018 delictorum,

2070 3024 2191 3081 ideo
2215 3029 2492 3099 quisquam
2518 3031 2698 3088 dicere
2725 3034 2939 3091 audebit
2962 3038 3017 3091 in
3042 3040 3297 3109 sanguine
3330 3040 3495 3110 ipsius
3515 3041 3649 3099 deli-

2068 3124 2276 3171 ctorum
2306 3136 2409 3173 non
2433 3118 2544 3175 ﬁeri
2572 3124 2975 3181 remissionem?
2996 3128 3126 3184 item
3143 3129 3282 3199 quod
3299 3131 3552 3202 scriptum
3570 3141 3655 3188 est

2067 3207 2207 3277 apud
2231 3210 2560 3279 Apostolum,
2594 3212 2733 3269 Nam
2750 3217 3005 3287 judicium
3027 3220 3227 3289 quidem
3252 3237 3315 3275 ea:
3332 3239 3430 3275 uno
3455 3222 3506 3276 in
3526 3238 3653 3276 con-

2068 3296 2460 3370 demnationem,
2484 3305 2646 3374 gratia
2674 3322 2787 3361 vero
2816 3324 2877 3361 ea:
2904 3309 3071 3365 multis
3096 3294 3288 3366 delictis
3312 3312 3364 3366 in
3399 3299 3652 3382 iustiﬁca-

2070 3390 2254 3444 tionem
2275 3393 2449 3462 (Rom.
2472 3413 2526 3461 v,
2548 3395 2635 3467 16)
2658 3414 2670 3461 ;
2699 3396 2823 3467 quid
2846 3399 2985 3453 aliud
3015 3406 3171 3470 quam
3192 3403 3406 3458 nomine
3424 3401 3646 3459 delicto-

2067 3496 2185 3535 rum
2231 3485 2388 3540 etiam
2418 3496 2632 3556 peccata
2658 3490 3040 3557 comprehensa
3068 3488 3224 3546 sunt?

2141 3574 2196 3628 In
2226 3574 2325 3631 hac
2349 3592 2558 3648 quoque
2586 3579 2696 3648 ipsa
2724 3578 2993 3650 Scriptura
3014 3567 3252 3650 Levitici,
3277 3600 3377 3655 qua
3406 3586 3649 3656 cogimur

2064 3666 2296 3737 aliquam
2342 3666 2482 3723 inter
2526 3666 2775 3724 delictum
2822 3675 3197 3743 peccatumque
3234 3673 3536 3730 distantiam
3562 3672 3651 3732 vel

2068 3757 2307 3813 invenire
2332 3759 2414 3813 vel
2443 3750 2683 3827 credere,
2708 3761 2778 3815 ita
2810 3744 3019 3832 legitur,
3048 3778 3167 3816 cum
3194 3762 3259 3818 de
3280 3764 3360 3843 his
3383 3765 3508 3834 ipsis
3528 3781 3649 3837 qua:

2067 3861 2165 3916 pro
2194 3849 2427 3917 peccatis
2451 3838 2721 3907 oll‘crenda
2746 3851 3071 3921 jubebantur
3095 3840 3370 3910 sacriﬁciis
3399 3855 3536 3911 Deus
3562 3857 3646 3912 lo—

2068 3944 2358 4011 queretur:
2384 3930 2445 3999 Si
2485 3955 2652 4000 autem
2690 3946 2872 4015 omnis,
2907 3949 3094 4028 inquit,
3139 3968 3399 4029 synagoga
3423 3952 3651 4022 ﬁliorum

2067 4031 2095 4084 1
2104 4034 2236 4087 srael
2261 4034 2575 4105 ignoraverit,
2599 4046 2645 4091 et
2669 4036 2871 4093 latuerit
2888 4025 3089 4093 verbum
3104 4026 3165 4094 ab
3186 4025 3342 4095 oculis
3358 4046 3644 4114 synagoga},

2067 4118 2115 4176 et
2151 4125 2321 4195 fecerit
2346 4142 2504 4179 unum
2531 4128 2593 4180 ab
2619 4116 2847 4183 omnibus
2875 4129 3126 4183 mandatis
3152 4114 3357 4184 Domini
3381 4132 3516 4202 quod
3541 4149 3643 4187 non

2069 4218 2174 4286 ﬁet,
2196 4229 2243 4273 et
2268 4220 2582 4290 deliquerint,
2606 4232 2651 4276 et
2671 4224 2921 4293 cognitum
2940 4214 3039 4278 illis
3061 4212 3212 4293 fuerit
3238 4226 3491 4295 peccatum
3508 4226 3645 4296 quod

2070 4318 2392 4380 peccaverunt
2434 4313 2487 4365 in
2531 4329 2606 4366 eo.
2650 4300 2789 4369 Ecce
2829 4302 2916 4369 ubi
2944 4316 3094 4379 dixit,
3128 4313 3195 4368 Et
3233 4306 3546 4386 deliquerint,
3574 4318 3645 4371 ibi

2064 4402 2319 4456 continuo
2344 4408 2597 4471 peccatum
2616 4405 2749 4473 quod
2770 4406 3092 4473 peccaverunt
3109 4399 3330 4472 addidit,
3355 4405 3455 4461 hoc
3471 4406 3643 4477 ipsmn

2069 4492 2248 4561 utique
2269 4491 2407 4561 quod
2434 4492 2786 4562 deliquerunt.
2808 4495 2871 4547 Et
2890 4488 3045 4563 paulo
3072 4505 3220 4563 post:
3246 4496 3309 4551 Si
3323 4506 3488 4550 autem
3502 4499 3647 4569 prin-

2069 4599 2204 4653 cepa,
2232 4584 2417 4653 inquit,
2447 4586 2718 4653 peccaverit
2744 4594 2789 4639 et
2813 4586 2983 4654 fecerit
3004 4604 3160 4641 unum
3184 4586 3244 4641 ab
3265 4589 3494 4644 omnibus
3514 4606 3647 4660 prat-

2066 4673 2223 4743 ceptis
2251 4672 2453 4727 Domini
2474 4662 2570 4727 Dei
2586 4673 2685 4741 sui,
2715 4668 2847 4740 quod
2874 4692 2974 4729 non
2998 4677 3083 4744 ﬁet
3108 4678 3281 4731 nolens
3300 4678 3337 4742 ⁸,
3362 4688 3407 4732 et
3422 4678 3642 4750 deliquea

2069 4761 2153 4814 rit.
2188 4762 2317 4816 Item
2347 4762 2399 4816 in
2426 4762 2904 4833 consequentibus:
2935 4763 2995 4819 Si
3028 4774 3193 4819 autent
3231 4768 3416 4834 anima,
3456 4769 3644 4840 inquit,

2070 4868 2175 4905 una
2203 4852 2472 4922 peccaverit
2498 4852 2691 4919 nolens,
2722 4854 2783 4908 de
2808 4858 2997 4925 populo
3028 4866 3194 4924 terrae,
3225 4859 3275 4911 in
3298 4876 3353 4912 eo
3371 4858 3505 4926 quod
3524 4851 3647 4930 facit

2069 4942 2134 4996 ab
2149 4943 2376 4997 omnibus
2395 4944 2654 5015 prteceptis
2671 4942 2872 4999 Domini
2892 4947 3027 5016 quod
3046 4965 3146 5002 non
3162 4950 3262 5016 lict,
3291 4958 3337 5003 et
3363 4937 3644 5020 deliquerit,

2069 5044 2117 5087 et
2137 5035 2388 5105 cognitum
2416 5036 2566 5106 fuerit
2586 5036 2631 5090 ei
2655 5048 2908 5107 peccatum
2929 5039 3064 5109 quod
3090 5040 3305 5109 peccavit
3326 5036 3376 5095 in
3393 5030 3502 5111 ipso
3522 5040 3645 5113 (Le-

2072 5127 2157 5181 vit.
2189 5144 2261 5195 tv,
2308 5117 2394 5195 i5,
2421 5128 2509 5194 14,
2536 5128 2625 5194 22,
2656 5129 2723 5185 27
2753 5142 2798 5184 et
2818 5129 2929 5202 28).
2964 5130 3092 5187 Item
3120 5132 3275 5188 alibi:
3299 5122 3481 5186 Anima
3506 5150 3647 5204 qua!-

2070 5236 2280 5290 cumque
2298 5221 2545 5291 juraven't
2573 5220 2882 5293 distinguens
2901 5223 3044 5278 labiis
3066 5222 3360 5295 malefaCere
3384 5231 3471 5277 aut
3497 5224 3650 5279 bene-

2071 5312 2254 5385 facere,
2296 5310 2570 5366 secundum
2608 5314 2777 5366 omnia
2816 5324 3136 5385 quaecumque
3173 5315 3454 5369 distinxerit
3497 5318 3646 5371 homo

2070 5380 2184 5454 cum
2214 5402 2572 5473 jurejurando,
2600 5412 2647 5455 et
2674 5380 2874 5457 latuerit
2902 5420 3036 5471 eum,
3073 5414 3119 5458 et
3151 5404 3231 5458 hic
3268 5408 3565 5476 cognoverit,
3604 5415 3649 5461 et

2073 5494 2342 5564 peccaverit
2367 5497 2522 5547 unum
2547 5512 2607 5549 ex
2628 5488 2737 5561 liis,-
2762 5505 2805 5549 et
2829 5501 3085 5568 confessus
3107 5498 3256 5567 fuerit
3278 5510 3531 5569 peceatum
3559 5517 3650 5569 pro

2071 5602 2170 5657 quo
2200 5588 2420 5657 peccavit
2439 5587 2675 5641 adversus
2701 5588 2889 5659 ipsum,
2918 5599 2965 5642 et
2987 5588 3160 5656 oﬂ’eret
3180 5607 3271 5660 pro
3298 5592 3368 5645 eis
3388 5607 3501 5661 qna:
3520 5592 3649 5645 deli-

2071 5679 2179 5749 quit
2218 5677 2457 5745 Domino,
2499 5697 2590 5749 pro
2632 5697 2689 5734 co
2731 5690 2930 5750 peccato
2971 5682 3105 5750 quod
3134 5684 3371 5750 peccavit.
3401 5685 3466 5738 Et
3490 5685 3649 5754 paulo

2078 5866 2095 5875 ι
2141 5811 2156 5842 ⁸
2183 5817 2248 5859 ιω
2270 5811 2316 5859 in
2340 5817 2443 5861 Mss.
2473 5818 2523 5860 et
2546 5812 2670 5875 apud
2694 5820 2799 5861 Lxx
2841 5820 2895 5862 At
2917 5819 2965 5862 in
2986 5814 3143 5874 editis,
3170 5828 3260 5864 non
3282 5816 3392 5878 fecit
3416 5816 3595 5869 volens.

2841 5904 2876 5975 (
2890 5896 3337 5977 Vingl-deuxj
