  <div class='ocr_page' id='page_1' title='image "/cluster/home/n/w/nwhite01/storage/ocr_20150623/34/hvd.32044015706310/347.png"; bbox 0 0 4136 6496; ppageno 0'>
   <div class='ocr_carea' id='block_1_1' title="bbox 513 397 622 457">
    <p class='ocr_par' dir='ltr' id='par_1_1' title="bbox 513 397 622 457">
     <span class='ocr_line' id='line_1_1' title="bbox 513 397 622 457; baseline -0.037 0"><span class='ocrx_word' id='word_1_1' title='bbox 513 397 622 457; x_wconf 73' lang='lat'><strong><em>685</em></strong></span> 
     </span>
    </p>
   </div>
   <div class='ocr_carea' id='block_1_2' title="bbox 502 495 2089 584">
    <p class='ocr_par' dir='ltr' id='par_1_2' title="bbox 502 495 2089 584">
     <span class='ocr_line' id='line_1_2' title="bbox 502 495 2089 584; baseline -0.013 -17"><span class='ocrx_word' id='word_1_2' title='bbox 502 523 661 584; x_wconf 87' lang='lat' dir='ltr'><strong><em>post:</em></strong></span> <span class='ocrx_word' id='word_1_3' title='bbox 690 507 754 564; x_wconf 83' lang='lat' dir='ltr'><strong><em>Et</em></strong></span> <span class='ocrx_word' id='word_1_4' title='bbox 774 507 968 564; x_wconf 82' lang='lat' dir='ltr'><strong><em>locutus</em></strong></span> <span class='ocrx_word' id='word_1_5' title='bbox 993 502 1064 561; x_wconf 86' lang='lat' dir='ltr'><strong><em>cst</em></strong></span> <span class='ocrx_word' id='word_1_6' title='bbox 1088 504 1331 560; x_wconf 76' lang='lat' dir='ltr'><strong><em>Dominus</em></strong></span> <span class='ocrx_word' id='word_1_7' title='bbox 1350 503 1417 556; x_wconf 86' lang='lat' dir='ltr'><strong><em>ad</em></strong></span> <span class='ocrx_word' id='word_1_8' title='bbox 1435 502 1649 572; x_wconf 77' lang='lat' dir='ltr'><strong><em>Moysen</em></strong></span> <span class='ocrx_word' id='word_1_9' title='bbox 1668 498 1861 563; x_wconf 87' lang='lat' dir='ltr'><strong><em>dicens,</em></strong></span> <span class='ocrx_word' id='word_1_10' title='bbox 1883 495 2089 562; x_wconf 77' lang='lat' dir='ltr'><strong><em>Anima,</em></strong></span> 
     </span>
    </p>
   </div>
   <div class='ocr_carea' id='block_1_3' title="bbox 505 585 2093 666">
    <p class='ocr_par' dir='ltr' id='par_1_3' title="bbox 505 585 2093 666">
     <span class='ocr_line' id='line_1_3' title="bbox 505 585 2093 666; baseline -0.012 -8"><span class='ocrx_word' id='word_1_11' title='bbox 505 605 546 659; x_wconf 90' lang='lat' dir='ltr'><strong><em>si</em></strong></span> <span class='ocrx_word' id='word_1_12' title='bbox 567 601 769 658; x_wconf 88' lang='lat' dir='ltr'><strong><em>latuerit</em></strong></span> <span class='ocrx_word' id='word_1_13' title='bbox 792 615 907 655; x_wconf 87' lang='lat' dir='ltr'><strong><em>eum</em></strong></span> <span class='ocrx_word' id='word_1_14' title='bbox 933 598 1197 661; x_wconf 85' lang='lat' dir='ltr'><strong><em>oblivione,</em></strong></span> <span class='ocrx_word' id='word_1_15' title='bbox 1232 605 1278 649; x_wconf 84' lang='lat' dir='ltr'><strong><em>et</em></strong></span> <span class='ocrx_word' id='word_1_16' title='bbox 1311 593 1585 666; x_wconf 81' lang='lat' dir='ltr'><strong><em>peccaverit</em></strong></span> <span class='ocrx_word' id='word_1_17' title='bbox 1623 587 1799 645; x_wconf 88' lang='lat' dir='ltr'><strong><em>nolens</em></strong></span> <span class='ocrx_word' id='word_1_18' title='bbox 1833 587 1869 642; x_wconf 88' lang='lat' dir='ltr'><strong><em>a</em></strong></span> <span class='ocrx_word' id='word_1_19' title='bbox 1903 585 2093 642; x_wconf 88' lang='lat' dir='ltr'><strong><em>sanctis</em></strong></span> 
     </span>
    </p>
   </div>
   <div class='ocr_carea' id='block_1_4' title="bbox 502 678 2092 762">
    <p class='ocr_par' dir='ltr' id='par_1_4' title="bbox 502 678 2092 762">
     <span class='ocr_line' id='line_1_4' title="bbox 502 678 2092 762; baseline -0.013 -10"><span class='ocrx_word' id='word_1_20' title='bbox 502 694 733 761; x_wconf 83' lang='lat' dir='ltr'><strong><em>Domini,</em></strong></span> <span class='ocrx_word' id='word_1_21' title='bbox 761 690 936 762; x_wconf 75' lang='lat' dir='ltr'><strong><em>offeret</em></strong></span> <span class='ocrx_word' id='word_1_22' title='bbox 972 690 1142 746; x_wconf 91' lang='lat' dir='ltr'><strong><em>delicti</em></strong></span> <span class='ocrx_word' id='word_1_23' title='bbox 1179 688 1257 745; x_wconf 88' lang='lat' dir='ltr'><strong><em>sui</em></strong></span> <span class='ocrx_word' id='word_1_24' title='bbox 1285 686 1506 741; x_wconf 84' lang='lat' dir='ltr'><strong><em>Domino</em></strong></span> <span class='ocrx_word' id='word_1_25' title='bbox 1533 684 1737 738; x_wconf 97' lang='lat' dir='ltr'><strong><em>arietem</em></strong></span> <span class='ocrx_word' id='word_1_26' title='bbox 1759 681 1870 737; x_wconf 85' lang='lat' dir='ltr'><strong><em>sine</em></strong></span> <span class='ocrx_word' id='word_1_27' title='bbox 1888 678 2092 735; x_wconf 79' lang='lat' dir='ltr'><strong><em>macula</em></strong></span> 
     </span>
    </p>
   </div>
   <div class='ocr_carea' id='block_1_5' title="bbox 501 776 2090 856">
    <p class='ocr_par' dir='ltr' id='par_1_5' title="bbox 501 776 2090 856">
     <span class='ocr_line' id='line_1_5' title="bbox 501 776 2090 856; baseline -0.01 -15"><span class='ocrx_word' id='word_1_28' title='bbox 501 786 564 841; x_wconf 90' lang='lat' dir='ltr'><strong><em>de</em></strong></span> <span class='ocrx_word' id='word_1_29' title='bbox 590 784 778 850; x_wconf 85' lang='lat' dir='ltr'><strong><em>ovibus,</em></strong></span> <span class='ocrx_word' id='word_1_30' title='bbox 817 783 976 856; x_wconf 88' lang='lat' dir='ltr'><strong><em>pretio</em></strong></span> <span class='ocrx_word' id='word_1_31' title='bbox 1011 779 1206 852; x_wconf 87' lang='lat' dir='ltr'><strong><em>argenti</em></strong></span> <span class='ocrx_word' id='word_1_32' title='bbox 1228 776 1468 833; x_wconf 89' lang='lat' dir='ltr'><strong><em>siclorum</em></strong></span> <span class='ocrx_word' id='word_1_33' title='bbox 1494 777 1619 832; x_wconf 86' lang='lat' dir='ltr'><strong><em>siclo</em></strong></span> <span class='ocrx_word' id='word_1_34' title='bbox 1653 782 1846 841; x_wconf 85' lang='lat' dir='ltr'><strong><em>sancto,</em></strong></span> <span class='ocrx_word' id='word_1_35' title='bbox 1875 788 1967 846; x_wconf 88' lang='lat' dir='ltr'><strong><em>pro</em></strong></span> <span class='ocrx_word' id='word_1_36' title='bbox 1991 785 2090 843; x_wconf 88' lang='lat' dir='ltr'><strong><em>quo</em></strong></span> 
     </span>
    </p>
   </div>
   <div class='ocr_carea' id='block_1_6' title="bbox 502 863 2092 949">
    <p class='ocr_par' dir='ltr' id='par_1_6' title="bbox 502 863 2092 949">
     <span class='ocr_line' id='line_1_6' title="bbox 502 863 2092 949; baseline -0.009 -18"><span class='ocrx_word' id='word_1_37' title='bbox 502 877 743 947; x_wconf 74' lang='lat' dir='ltr'><strong><em>deliquit;</em></strong></span> <span class='ocrx_word' id='word_1_38' title='bbox 767 881 814 929; x_wconf 89' lang='lat' dir='ltr'><strong><em>et</em></strong></span> <span class='ocrx_word' id='word_1_39' title='bbox 841 889 934 949; x_wconf 88' lang='lat' dir='ltr'><strong><em>pro</em></strong></span> <span class='ocrx_word' id='word_1_40' title='bbox 956 888 1053 943; x_wconf 91' lang='lat' dir='ltr'><strong><em>quo</em></strong></span> <span class='ocrx_word' id='word_1_41' title='bbox 1080 870 1297 943; x_wconf 90' lang='lat' dir='ltr'><strong><em>peccavit</em></strong></span> <span class='ocrx_word' id='word_1_42' title='bbox 1319 885 1351 923; x_wconf 89' lang='lat' dir='ltr'><strong><em>a</em></strong></span> <span class='ocrx_word' id='word_1_43' title='bbox 1372 870 1581 934; x_wconf 89' lang='lat' dir='ltr'><strong><em>sanctis,</em></strong></span> <span class='ocrx_word' id='word_1_44' title='bbox 1610 865 1856 931; x_wconf 72' lang='lat' dir='ltr'><strong><em>restituet,</em></strong></span> <span class='ocrx_word' id='word_1_45' title='bbox 1878 873 1926 919; x_wconf 92' lang='lat' dir='ltr'><strong><em>et</em></strong></span> <span class='ocrx_word' id='word_1_46' title='bbox 1942 863 2092 935; x_wconf 83' lang='lat' dir='ltr'><strong><em>quin-</em></strong></span> 
     </span>
    </p>
   </div>
   <div class='ocr_carea' id='block_1_7' title="bbox 500 956 2092 1038">
    <p class='ocr_par' dir='ltr' id='par_1_7' title="bbox 500 956 2092 1038">
     <span class='ocr_line' id='line_1_7' title="bbox 500 956 2092 1038; baseline -0.009 -16"><span class='ocrx_word' id='word_1_47' title='bbox 500 977 579 1021; x_wconf 86' lang='lat' dir='ltr'><strong><em>tas</em></strong></span> <span class='ocrx_word' id='word_1_48' title='bbox 600 966 804 1038; x_wconf 79' lang='lat' dir='ltr'><strong><em>adjiciat</em></strong></span> <span class='ocrx_word' id='word_1_49' title='bbox 825 980 981 1035; x_wconf 90' lang='lat' dir='ltr'><strong><em>super</em></strong></span> <span class='ocrx_word' id='word_1_50' title='bbox 1003 961 1151 1026; x_wconf 88' lang='lat' dir='ltr'><strong><em>illud,</em></strong></span> <span class='ocrx_word' id='word_1_51' title='bbox 1174 969 1223 1016; x_wconf 90' lang='lat' dir='ltr'><strong><em>et</em></strong></span> <span class='ocrx_word' id='word_1_52' title='bbox 1246 960 1381 1014; x_wconf 87' lang='lat' dir='ltr'><strong><em>dabit</em></strong></span> <span class='ocrx_word' id='word_1_53' title='bbox 1403 958 1534 1013; x_wconf 88' lang='lat' dir='ltr'><strong><em>illud</em></strong></span> <span class='ocrx_word' id='word_1_54' title='bbox 1550 956 1798 1012; x_wconf 84' lang='lat' dir='ltr'><strong><em>sacerdoti</em></strong></span> <span class='ocrx_word' id='word_1_55' title='bbox 1816 970 1836 1011; x_wconf 89' lang='lat'><strong><em>:</em></strong></span> <span class='ocrx_word' id='word_1_56' title='bbox 1851 963 1897 1010; x_wconf 86' lang='lat' dir='ltr'><strong><em>et</em></strong></span> <span class='ocrx_word' id='word_1_57' title='bbox 1923 971 2092 1010; x_wconf 82' lang='lat' dir='ltr'><strong><em>sacer-</em></strong></span> 
     </span>
    </p>
   </div>
   <div class='ocr_carea' id='block_1_8' title="bbox 501 1046 2085 1128">
    <p class='ocr_par' dir='ltr' id='par_1_8' title="bbox 501 1046 2085 1128">
     <span class='ocr_line' id='line_1_8' title="bbox 501 1046 2085 1128; baseline -0.008 -15"><span class='ocrx_word' id='word_1_58' title='bbox 501 1059 595 1114; x_wconf 91' lang='lat' dir='ltr'><strong><em>dos</em></strong></span> <span class='ocrx_word' id='word_1_59' title='bbox 633 1057 858 1115; x_wconf 70' lang='lat' dir='ltr'><strong><em>exorabit</em></strong></span> <span class='ocrx_word' id='word_1_60' title='bbox 901 1069 993 1128; x_wconf 91' lang='lat' dir='ltr'><strong><em>pro</em></strong></span> <span class='ocrx_word' id='word_1_61' title='bbox 1022 1072 1078 1109; x_wconf 91' lang='lat' dir='ltr'><strong><em>eo</em></strong></span> <span class='ocrx_word' id='word_1_62' title='bbox 1115 1056 1169 1108; x_wconf 91' lang='lat' dir='ltr'><strong><em>in</em></strong></span> <span class='ocrx_word' id='word_1_63' title='bbox 1209 1052 1366 1107; x_wconf 84' lang='lat' dir='ltr'><strong><em>ariete</em></strong></span> <span class='ocrx_word' id='word_1_64' title='bbox 1391 1051 1580 1116; x_wconf 78' lang='lat' dir='ltr'><strong><em>delicti,</em></strong></span> <span class='ocrx_word' id='word_1_65' title='bbox 1609 1060 1655 1104; x_wconf 91' lang='lat' dir='ltr'><strong><em>et</em></strong></span> <span class='ocrx_word' id='word_1_66' title='bbox 1681 1049 1964 1107; x_wconf 76' lang='lat' dir='ltr'><strong><em>remittetur</em></strong></span> <span class='ocrx_word' id='word_1_67' title='bbox 1988 1046 2085 1101; x_wconf 84' lang='lat' dir='ltr'><strong><em>illi.</em></strong></span> 
     </span>
    </p>
   </div>
   <div class='ocr_carea' id='block_1_9' title="bbox 503 1138 2084 1221">
    <p class='ocr_par' dir='ltr' id='par_1_9' title="bbox 503 1138 2084 1221">
     <span class='ocr_line' id='line_1_9' title="bbox 503 1138 2084 1221; baseline -0.009 -15"><span class='ocrx_word' id='word_1_68' title='bbox 503 1149 757 1221; x_wconf 81' lang='lat' dir='ltr'><strong><em>Sequitur</em></strong></span> <span class='ocrx_word' id='word_1_69' title='bbox 783 1146 957 1202; x_wconf 89' lang='lat' dir='ltr'><strong><em>adhuc</em></strong></span> <span class='ocrx_word' id='word_1_70' title='bbox 981 1153 1034 1200; x_wconf 90' lang='lat' dir='ltr'><strong><em>et</em></strong></span> <span class='ocrx_word' id='word_1_71' title='bbox 1058 1143 1186 1199; x_wconf 66' lang='lat' dir='ltr'><strong><em>dit-it</em></strong></span> <span class='ocrx_word' id='word_1_72' title='bbox 1208 1161 1223 1199; x_wconf 92' lang='lat'><strong>:</strong></span> <span class='ocrx_word' id='word_1_73' title='bbox 1242 1143 1425 1197; x_wconf 83' lang='lat' dir='ltr'><strong><em>Anima</em></strong></span> <span class='ocrx_word' id='word_1_74' title='bbox 1452 1156 1774 1213; x_wconf 75' lang='lat' dir='ltr'><strong><em>quaecumque</em></strong></span> <span class='ocrx_word' id='word_1_75' title='bbox 1792 1138 2084 1210; x_wconf 86' lang='lat' dir='ltr'><strong><em>peccaverit,</em></strong></span> 
     </span>
    </p>
   </div>
   <div class='ocr_carea' id='block_1_10' title="bbox 500 1231 2088 1311">
    <p class='ocr_par' dir='ltr' id='par_1_10' title="bbox 500 1231 2088 1311">
     <span class='ocr_line' id='line_1_10' title="bbox 500 1231 2088 1311; baseline -0.007 -16"><span class='ocrx_word' id='word_1_76' title='bbox 500 1251 549 1295; x_wconf 91' lang='lat' dir='ltr'><strong><em>et</em></strong></span> <span class='ocrx_word' id='word_1_77' title='bbox 573 1241 743 1311; x_wconf 80' lang='lat' dir='ltr'><strong><em>fecerit</em></strong></span> <span class='ocrx_word' id='word_1_78' title='bbox 768 1254 924 1293; x_wconf 87' lang='lat' dir='ltr'><strong><em>unum</em></strong></span> <span class='ocrx_word' id='word_1_79' title='bbox 949 1236 1012 1292; x_wconf 93' lang='lat' dir='ltr'><strong><em>ab</em></strong></span> <span class='ocrx_word' id='word_1_80' title='bbox 1037 1235 1266 1292; x_wconf 85' lang='lat' dir='ltr'><strong><em>omnibus</em></strong></span> <span class='ocrx_word' id='word_1_81' title='bbox 1298 1233 1566 1308; x_wconf 58' lang='lat' dir='ltr'><strong><em>proneptis</em></strong></span> <span class='ocrx_word' id='word_1_82' title='bbox 1600 1231 1825 1296; x_wconf 83' lang='lat' dir='ltr'><strong><em>Domini,</em></strong></span> <span class='ocrx_word' id='word_1_83' title='bbox 1853 1246 1964 1303; x_wconf 78' lang='lat' dir='ltr'><strong><em>qua:</em></strong></span> <span class='ocrx_word' id='word_1_84' title='bbox 1988 1246 2088 1284; x_wconf 86' lang='lat' dir='ltr'><strong><em>non</em></strong></span> 
     </span>
    </p>
   </div>
   <div class='ocr_carea' id='block_1_11' title="bbox 499 1320 2090 1403">
    <p class='ocr_par' dir='ltr' id='par_1_11' title="bbox 499 1320 2090 1403">
     <span class='ocr_line' id='line_1_11' title="bbox 499 1320 2090 1403; baseline -0.008 -16"><span class='ocrx_word' id='word_1_85' title='bbox 499 1341 691 1403; x_wconf 88' lang='lat' dir='ltr'><strong><em>oportet</em></strong></span> <span class='ocrx_word' id='word_1_86' title='bbox 711 1330 843 1402; x_wconf 79' lang='lat' dir='ltr'><strong><em>fieri,</em></strong></span> <span class='ocrx_word' id='word_1_87' title='bbox 866 1338 912 1384; x_wconf 91' lang='lat' dir='ltr'><strong><em>et</em></strong></span> <span class='ocrx_word' id='word_1_88' title='bbox 933 1344 1034 1384; x_wconf 90' lang='lat' dir='ltr'><strong><em>non</em></strong></span> <span class='ocrx_word' id='word_1_89' title='bbox 1053 1326 1393 1399; x_wconf 69' lang='lat' dir='ltr'><strong><em>cognoverit‘,</em></strong></span> <span class='ocrx_word' id='word_1_90' title='bbox 1418 1334 1465 1380; x_wconf 83' lang='grc' dir='ltr'><strong><em>ει</em></strong></span> <span class='ocrx_word' id='word_1_91' title='bbox 1479 1324 1761 1394; x_wconf 79' lang='lat' dir='ltr'><strong><em>deliquerit,</em></strong></span> <span class='ocrx_word' id='word_1_92' title='bbox 1779 1330 1824 1376; x_wconf 92' lang='lat' dir='ltr'><strong><em>et</em></strong></span> <span class='ocrx_word' id='word_1_93' title='bbox 1845 1320 2090 1391; x_wconf 88' lang='lat' dir='ltr'><strong><em>acceperit</em></strong></span> 
     </span>
    </p>
   </div>
   <div class='ocr_carea' id='block_1_12' title="bbox 501 1411 2088 1495">
    <p class='ocr_par' dir='ltr' id='par_1_12' title="bbox 501 1411 2088 1495">
     <span class='ocr_line' id='line_1_12' title="bbox 501 1411 2088 1495; baseline -0.008 -18"><span class='ocrx_word' id='word_1_94' title='bbox 501 1432 761 1495; x_wconf 78' lang='lat' dir='ltr'><strong><em>peccatum</em></strong></span> <span class='ocrx_word' id='word_1_95' title='bbox 791 1435 971 1486; x_wconf 86' lang='lat' dir='ltr'><strong><em>suum;</em></strong></span> <span class='ocrx_word' id='word_1_96' title='bbox 999 1427 1046 1474; x_wconf 92' lang='lat' dir='ltr'><strong><em>et</em></strong></span> <span class='ocrx_word' id='word_1_97' title='bbox 1073 1417 1250 1487; x_wconf 69' lang='lat' dir='ltr'><strong><em>offeret</em></strong></span> <span class='ocrx_word' id='word_1_98' title='bbox 1274 1416 1482 1472; x_wconf 82' lang='lat' dir='ltr'><strong><em>arietem</em></strong></span> <span class='ocrx_word' id='word_1_99' title='bbox 1514 1415 1577 1469; x_wconf 89' lang='lat' dir='ltr'><strong><em>de</em></strong></span> <span class='ocrx_word' id='word_1_100' title='bbox 1604 1413 1775 1467; x_wconf 87' lang='lat' dir='ltr'><strong><em>ovibus</em></strong></span> <span class='ocrx_word' id='word_1_101' title='bbox 1806 1411 1971 1483; x_wconf 87' lang='lat' dir='ltr'><strong><em>pretio</em></strong></span> <span class='ocrx_word' id='word_1_102' title='bbox 1999 1426 2088 1464; x_wconf 89' lang='lat' dir='ltr'><strong><em>ar-</em></strong></span> 
     </span>
    </p>
   </div>
   <div class='ocr_carea' id='block_1_13' title="bbox 498 1505 2092 1585">
    <p class='ocr_par' dir='ltr' id='par_1_13' title="bbox 498 1505 2092 1585">
     <span class='ocr_line' id='line_1_13' title="bbox 498 1505 2092 1585; baseline -0.007 -17"><span class='ocrx_word' id='word_1_103' title='bbox 498 1514 634 1585; x_wconf 88' lang='lat' dir='ltr'><strong><em>genti</em></strong></span> <span class='ocrx_word' id='word_1_104' title='bbox 661 1514 714 1568; x_wconf 90' lang='lat' dir='ltr'><strong><em>in</em></strong></span> <span class='ocrx_word' id='word_1_105' title='bbox 741 1512 978 1567; x_wconf 83' lang='lat' dir='ltr'><strong><em>delictum</em></strong></span> <span class='ocrx_word' id='word_1_106' title='bbox 998 1510 1065 1565; x_wconf 90' lang='lat' dir='ltr'><strong><em>ad</em></strong></span> <span class='ocrx_word' id='word_1_107' title='bbox 1087 1509 1435 1566; x_wconf 72' lang='lat' dir='ltr'><strong><em>sacerdotem:</em></strong></span> <span class='ocrx_word' id='word_1_108' title='bbox 1457 1505 1782 1578; x_wconf 79' lang='lat' dir='ltr'><strong><em>exorabitque</em></strong></span> <span class='ocrx_word' id='word_1_109' title='bbox 1798 1519 1889 1574; x_wconf 89' lang='lat' dir='ltr'><strong><em>pro</em></strong></span> <span class='ocrx_word' id='word_1_110' title='bbox 1915 1519 1973 1559; x_wconf 92' lang='lat' dir='ltr'><strong><em>eo</em></strong></span> <span class='ocrx_word' id='word_1_111' title='bbox 2004 1518 2092 1558; x_wconf 87' lang='lat' dir='ltr'><strong><em>sa-</em></strong></span> 
     </span>
    </p>
   </div>
   <div class='ocr_carea' id='block_1_14' title="bbox 498 1596 2089 1674">
    <p class='ocr_par' dir='ltr' id='par_1_14' title="bbox 498 1596 2089 1674">
     <span class='ocr_line' id='line_1_14' title="bbox 498 1596 2089 1674; baseline -0.006 -17"><span class='ocrx_word' id='word_1_112' title='bbox 498 1604 693 1670; x_wconf 85' lang='lat' dir='ltr'><strong><em>cerdos,</em></strong></span> <span class='ocrx_word' id='word_1_113' title='bbox 723 1620 815 1673; x_wconf 90' lang='lat' dir='ltr'><strong><em>pro</em></strong></span> <span class='ocrx_word' id='word_1_114' title='bbox 852 1602 1138 1674; x_wconf 88' lang='lat' dir='ltr'><strong><em>ignorantia</em></strong></span> <span class='ocrx_word' id='word_1_115' title='bbox 1165 1602 1275 1674; x_wconf 93' lang='lat' dir='ltr'><strong><em>ejus</em></strong></span> <span class='ocrx_word' id='word_1_116' title='bbox 1303 1615 1453 1672; x_wconf 86' lang='lat' dir='ltr'><strong><em>quam</em></strong></span> <span class='ocrx_word' id='word_1_117' title='bbox 1486 1598 1755 1670; x_wconf 75' lang='lat' dir='ltr'><strong><em>ignorarit,</em></strong></span> <span class='ocrx_word' id='word_1_118' title='bbox 1782 1605 1829 1652; x_wconf 92' lang='lat' dir='ltr'><strong><em>et</em></strong></span> <span class='ocrx_word' id='word_1_119' title='bbox 1851 1596 1961 1669; x_wconf 87' lang='lat' dir='ltr'><strong><em>ipse</em></strong></span> <span class='ocrx_word' id='word_1_120' title='bbox 1987 1610 2089 1649; x_wconf 89' lang='lat' dir='ltr'><strong><em>non</em></strong></span> 
     </span>
    </p>
   </div>
   <div class='ocr_carea' id='block_1_15' title="bbox 497 1688 2088 1763">
    <p class='ocr_par' dir='ltr' id='par_1_15' title="bbox 497 1688 2088 1763">
     <span class='ocr_line' id='line_1_15' title="bbox 497 1688 2088 1763; baseline -0.004 -15"><span class='ocrx_word' id='word_1_121' title='bbox 497 1695 661 1758; x_wconf 82' lang='lat' dir='ltr'><strong><em>scivit,</em></strong></span> <span class='ocrx_word' id='word_1_122' title='bbox 693 1704 740 1748; x_wconf 93' lang='lat' dir='ltr'><strong><em>et</em></strong></span> <span class='ocrx_word' id='word_1_123' title='bbox 777 1694 1054 1748; x_wconf 89' lang='lat' dir='ltr'><strong><em>remittetur</em></strong></span> <span class='ocrx_word' id='word_1_124' title='bbox 1090 1690 1188 1747; x_wconf 88' lang='lat' dir='ltr'><strong><em>illi.</em></strong></span> <span class='ocrx_word' id='word_1_125' title='bbox 1220 1690 1446 1763; x_wconf 87' lang='lat' dir='ltr'><strong><em>Deliquit</em></strong></span> <span class='ocrx_word' id='word_1_126' title='bbox 1482 1691 1613 1744; x_wconf 88' lang='lat' dir='ltr'><strong><em>enim</em></strong></span> <span class='ocrx_word' id='word_1_127' title='bbox 1639 1689 1820 1745; x_wconf 86' lang='lat' dir='ltr'><strong><em>delicto</em></strong></span> <span class='ocrx_word' id='word_1_128' title='bbox 1848 1688 2088 1743; x_wconf 88' lang='lat' dir='ltr'><strong><em>delictum</em></strong></span> 
     </span>
    </p>
   </div>
   <div class='ocr_carea' id='block_1_16' title="bbox 496 1778 2082 1855">
    <p class='ocr_par' dir='ltr' id='par_1_16' title="bbox 496 1778 2082 1855">
     <span class='ocr_line' id='line_1_16' title="bbox 496 1778 2082 1855; baseline -0.003 -17"><span class='ocrx_word' id='word_1_129' title='bbox 496 1782 612 1839; x_wconf 84' lang='lat' dir='ltr'><strong><em>ante</em></strong></span> <span class='ocrx_word' id='word_1_130' title='bbox 639 1784 913 1839; x_wconf 87' lang='lat' dir='ltr'><strong><em>Dominum</em></strong></span> <span class='ocrx_word' id='word_1_131' title='bbox 933 1778 1120 1855; x_wconf 83' lang='lat' dir='ltr'><strong><em>(Levit.</em></strong></span> <span class='ocrx_word' id='word_1_132' title='bbox 1143 1799 1196 1849; x_wconf 91' lang='lat' dir='ltr'><strong><em>v,</em></strong></span> <span class='ocrx_word' id='word_1_133' title='bbox 1214 1783 1328 1849; x_wconf 54' lang='lat' dir='ltr'><strong><em>L6,</em></strong></span> <span class='ocrx_word' id='word_1_134' title='bbox 1347 1783 1556 1855; x_wconf 74' lang='grc'><strong>16-19).</strong></span> <span class='ocrx_word' id='word_1_135' title='bbox 1577 1782 1642 1836; x_wconf 88' lang='lat' dir='ltr'><strong><em>Et</em></strong></span> <span class='ocrx_word' id='word_1_136' title='bbox 1657 1780 1910 1836; x_wconf 86' lang='lat' dir='ltr'><strong><em>adhucita</em></strong></span> <span class='ocrx_word' id='word_1_137' title='bbox 1925 1779 2082 1835; x_wconf 86' lang='lat' dir='ltr'><strong><em>dicit:</em></strong></span> 
     </span>
    </p>
   </div>
   <div class='ocr_carea' id='block_1_17' title="bbox 497 1870 2086 1945">
    <p class='ocr_par' dir='ltr' id='par_1_17' title="bbox 497 1870 2086 1945">
     <span class='ocr_line' id='line_1_17' title="bbox 497 1870 2086 1945; baseline -0.003 -17"><span class='ocrx_word' id='word_1_138' title='bbox 497 1870 567 1928; x_wconf 77' lang='lat' dir='ltr'><strong><em>Et</em></strong></span> <span class='ocrx_word' id='word_1_139' title='bbox 586 1876 781 1930; x_wconf 85' lang='lat' dir='ltr'><strong><em>locutus</em></strong></span> <span class='ocrx_word' id='word_1_140' title='bbox 800 1880 872 1929; x_wconf 89' lang='lat' dir='ltr'><strong><em>est</em></strong></span> <span class='ocrx_word' id='word_1_141' title='bbox 896 1873 1145 1929; x_wconf 75' lang='lat' dir='ltr'><strong><em>Dominus</em></strong></span> <span class='ocrx_word' id='word_1_142' title='bbox 1173 1873 1242 1927; x_wconf 90' lang='lat' dir='ltr'><strong><em>ad</em></strong></span> <span class='ocrx_word' id='word_1_143' title='bbox 1267 1873 1481 1945; x_wconf 78' lang='lat' dir='ltr'><strong><em>Moysen</em></strong></span> <span class='ocrx_word' id='word_1_144' title='bbox 1505 1872 1696 1940; x_wconf 81' lang='lat' dir='ltr'><strong><em>dicens,</em></strong></span> <span class='ocrx_word' id='word_1_145' title='bbox 1732 1871 1917 1926; x_wconf 86' lang='lat' dir='ltr'><strong><em>Anima</em></strong></span> <span class='ocrx_word' id='word_1_146' title='bbox 1944 1886 2086 1941; x_wconf 76' lang='lat' dir='ltr'><strong><em>qua:-</em></strong></span> 
     </span>
    </p>
   </div>
   <div class='ocr_carea' id='block_1_18' title="bbox 497 1958 2088 2039">
    <p class='ocr_par' dir='ltr' id='par_1_18' title="bbox 497 1958 2088 2039">
     <span class='ocr_line' id='line_1_18' title="bbox 497 1958 2088 2039; baseline -0.004 -18"><span class='ocrx_word' id='word_1_147' title='bbox 497 1964 709 2039; x_wconf 80' lang='lat' dir='ltr'><strong><em>cnmque</em></strong></span> <span class='ocrx_word' id='word_1_148' title='bbox 725 1967 995 2039; x_wconf 78' lang='lat' dir='ltr'><strong><em>peccaverit</em></strong></span> <span class='ocrx_word' id='word_1_149' title='bbox 1015 1974 1065 2021; x_wconf 86' lang='lat' dir='ltr'><strong><em>et</em></strong></span> <span class='ocrx_word' id='word_1_150' title='bbox 1089 1965 1366 2038; x_wconf 81' lang='lat' dir='ltr'><strong><em>despiciens</em></strong></span> <span class='ocrx_word' id='word_1_151' title='bbox 1395 1958 1677 2036; x_wconf 74' lang='lat' dir='ltr'><strong><em>despexerit</em></strong></span> <span class='ocrx_word' id='word_1_152' title='bbox 1703 1971 1952 2034; x_wconf 61' lang='lat' dir='ltr'><strong><em>praecepta</em></strong></span> <span class='ocrx_word' id='word_1_153' title='bbox 1977 1960 2088 2016; x_wconf 85' lang='lat' dir='ltr'><strong><em>Do-</em></strong></span> 
     </span>
    </p>
   </div>
   <div class='ocr_carea' id='block_1_19' title="bbox 496 2048 2089 2133">
    <p class='ocr_par' dir='ltr' id='par_1_19' title="bbox 496 2048 2089 2133">
     <span class='ocr_line' id='line_1_19' title="bbox 496 2048 2089 2133; baseline -0.002 -18"><span class='ocrx_word' id='word_1_154' title='bbox 496 2062 648 2126; x_wconf 85' lang='lat' dir='ltr'><strong><em>mini,</em></strong></span> <span class='ocrx_word' id='word_1_155' title='bbox 684 2071 731 2116; x_wconf 92' lang='lat' dir='ltr'><strong><em>et</em></strong></span> <span class='ocrx_word' id='word_1_156' title='bbox 758 2061 993 2115; x_wconf 87' lang='lat' dir='ltr'><strong><em>mentitus</em></strong></span> <span class='ocrx_word' id='word_1_157' title='bbox 1014 2059 1163 2133; x_wconf 88' lang='lat' dir='ltr'><strong><em>fuerit</em></strong></span> <span class='ocrx_word' id='word_1_158' title='bbox 1190 2072 1303 2132; x_wconf 74' lang='lat' dir='ltr'><strong><em>qua:</em></strong></span> <span class='ocrx_word' id='word_1_159' title='bbox 1326 2069 1442 2114; x_wconf 87' lang='lat' dir='ltr'><strong><em>sunt</em></strong></span> <span class='ocrx_word' id='word_1_160' title='bbox 1467 2058 1535 2112; x_wconf 90' lang='lat' dir='ltr'><strong><em>ad</em></strong></span> <span class='ocrx_word' id='word_1_161' title='bbox 1562 2048 1846 2129; x_wconf 73' lang='lat' dir='ltr'><strong><em>proxinmm</em></strong></span> <span class='ocrx_word' id='word_1_162' title='bbox 1870 2058 1934 2112; x_wconf 92' lang='lat' dir='ltr'><strong><em>de</em></strong></span> <span class='ocrx_word' id='word_1_163' title='bbox 1951 2066 2089 2112; x_wconf 83' lang='lat' dir='ltr'><strong><em>com-</em></strong></span> 
     </span>
    </p>
   </div>
   <div class='ocr_carea' id='block_1_20' title="bbox 495 2136 2086 2220">
    <p class='ocr_par' dir='ltr' id='par_1_20' title="bbox 495 2136 2086 2220">
     <span class='ocr_line' id='line_1_20' title="bbox 495 2136 2086 2220; baseline 0 -19"><span class='ocrx_word' id='word_1_164' title='bbox 495 2136 814 2204; x_wconf 78' lang='lat' dir='ltr'><strong><em>mendatione</em></strong></span> <span class='ocrx_word' id='word_1_165' title='bbox 833 2159 919 2203; x_wconf 89' lang='lat' dir='ltr'><strong><em>aut</em></strong></span> <span class='ocrx_word' id='word_1_166' title='bbox 947 2148 1009 2203; x_wconf 90' lang='lat' dir='ltr'><strong><em>de</em></strong></span> <span class='ocrx_word' id='word_1_167' title='bbox 1027 2150 1281 2211; x_wconf 87' lang='lat' dir='ltr'><strong><em>societate,</em></strong></span> <span class='ocrx_word' id='word_1_168' title='bbox 1305 2158 1392 2202; x_wconf 92' lang='lat' dir='ltr'><strong><em>aut</em></strong></span> <span class='ocrx_word' id='word_1_169' title='bbox 1411 2149 1474 2203; x_wconf 90' lang='lat' dir='ltr'><strong><em>de</em></strong></span> <span class='ocrx_word' id='word_1_170' title='bbox 1491 2148 1696 2219; x_wconf 80' lang='lat' dir='ltr'><strong><em>rapina,</em></strong></span> <span class='ocrx_word' id='word_1_171' title='bbox 1726 2158 1812 2202; x_wconf 90' lang='lat' dir='ltr'><strong><em>aut</em></strong></span> <span class='ocrx_word' id='word_1_172' title='bbox 1845 2148 2086 2220; x_wconf 89' lang='lat' dir='ltr'><strong><em>injuriam</em></strong></span> 
     </span>
    </p>
   </div>
   <div class='ocr_carea' id='block_1_21' title="bbox 497 2239 2086 2312">
    <p class='ocr_par' dir='ltr' id='par_1_21' title="bbox 497 2239 2086 2312">
     <span class='ocr_line' id='line_1_21' title="bbox 497 2239 2086 2312; baseline 0.001 -19"><span class='ocrx_word' id='word_1_173' title='bbox 497 2240 667 2310; x_wconf 80' lang='lat' dir='ltr'><strong><em>fecerit</em></strong></span> <span class='ocrx_word' id='word_1_174' title='bbox 679 2241 898 2311; x_wconf 83' lang='lat' dir='ltr'><strong><em>aliquant</em></strong></span> <span class='ocrx_word' id='word_1_175' title='bbox 912 2240 1161 2311; x_wconf 78' lang='lat' dir='ltr'><strong><em>proximo,</em></strong></span> <span class='ocrx_word' id='word_1_176' title='bbox 1178 2250 1266 2293; x_wconf 93' lang='lat' dir='ltr'><strong><em>aut</em></strong></span> <span class='ocrx_word' id='word_1_177' title='bbox 1280 2240 1520 2295; x_wconf 87' lang='lat' dir='ltr'><strong><em>invenerit</em></strong></span> <span class='ocrx_word' id='word_1_178' title='bbox 1534 2239 1881 2312; x_wconf 86' lang='lat' dir='ltr'><strong><em>perditionem,</em></strong></span> <span class='ocrx_word' id='word_1_179' title='bbox 1896 2249 1942 2294; x_wconf 89' lang='lat' dir='ltr'><strong><em>et</em></strong></span> <span class='ocrx_word' id='word_1_180' title='bbox 1954 2256 2086 2295; x_wconf 87' lang='lat' dir='ltr'><strong><em>men-</em></strong></span> 
     </span>
    </p>
   </div>
   <div class='ocr_carea' id='block_1_22' title="bbox 496 2328 2087 2405">
    <p class='ocr_par' dir='ltr' id='par_1_22' title="bbox 496 2328 2087 2405">
     <span class='ocr_line' id='line_1_22' title="bbox 496 2328 2087 2405; baseline 0.002 -21"><span class='ocrx_word' id='word_1_181' title='bbox 496 2332 616 2385; x_wconf 83' lang='lat' dir='ltr'><strong><em>titus</em></strong></span> <span class='ocrx_word' id='word_1_182' title='bbox 638 2330 790 2403; x_wconf 87' lang='lat' dir='ltr'><strong><em>fuerit</em></strong></span> <span class='ocrx_word' id='word_1_183' title='bbox 805 2331 867 2386; x_wconf 90' lang='lat' dir='ltr'><strong><em>de</em></strong></span> <span class='ocrx_word' id='word_1_184' title='bbox 880 2348 958 2395; x_wconf 90' lang='lat' dir='ltr'><strong><em>eo,</em></strong></span> <span class='ocrx_word' id='word_1_185' title='bbox 986 2340 1030 2385; x_wconf 92' lang='lat' dir='ltr'><strong><em>et</em></strong></span> <span class='ocrx_word' id='word_1_186' title='bbox 1049 2332 1294 2400; x_wconf 87' lang='lat' dir='ltr'><strong><em>juraverit</em></strong></span> <span class='ocrx_word' id='word_1_187' title='bbox 1319 2332 1501 2405; x_wconf 85' lang='lat' dir='ltr'><strong><em>injuste</em></strong></span> <span class='ocrx_word' id='word_1_188' title='bbox 1538 2328 1602 2386; x_wconf 85' lang='lat' dir='ltr'><strong><em>de</em></strong></span> <span class='ocrx_word' id='word_1_189' title='bbox 1638 2346 1739 2387; x_wconf 89' lang='lat' dir='ltr'><strong><em>uno</em></strong></span> <span class='ocrx_word' id='word_1_190' title='bbox 1769 2332 1832 2387; x_wconf 90' lang='lat' dir='ltr'><strong><em>ab</em></strong></span> <span class='ocrx_word' id='word_1_191' title='bbox 1856 2333 2087 2388; x_wconf 79' lang='lat' dir='ltr'><strong><em>omnibus</em></strong></span> 
     </span>
    </p>
   </div>
   <div class='ocr_carea' id='block_1_23' title="bbox 494 2421 2086 2493">
    <p class='ocr_par' dir='ltr' id='par_1_23' title="bbox 494 2421 2086 2493">
     <span class='ocr_line' id='line_1_23' title="bbox 494 2421 2086 2493; baseline 0.001 -20"><span class='ocrx_word' id='word_1_192' title='bbox 494 2430 816 2489; x_wconf 68' lang='lat' dir='ltr'><strong><em>quiscumque</em></strong></span> <span class='ocrx_word' id='word_1_193' title='bbox 833 2421 1004 2493; x_wconf 84' lang='lat' dir='ltr'><strong><em>fecerit</em></strong></span> <span class='ocrx_word' id='word_1_194' title='bbox 1024 2421 1193 2485; x_wconf 78' lang='lat' dir='ltr'><strong><em>homo,</em></strong></span> <span class='ocrx_word' id='word_1_195' title='bbox 1220 2423 1292 2476; x_wconf 92' lang='lat' dir='ltr'><strong><em>ita</em></strong></span> <span class='ocrx_word' id='word_1_196' title='bbox 1315 2431 1371 2475; x_wconf 93' lang='lat' dir='ltr'><strong><em>ut</em></strong></span> <span class='ocrx_word' id='word_1_197' title='bbox 1398 2433 1561 2492; x_wconf 81' lang='lat' dir='ltr'><strong><em>peccet</em></strong></span> <span class='ocrx_word' id='word_1_198' title='bbox 1581 2422 1634 2475; x_wconf 90' lang='lat' dir='ltr'><strong><em>in</em></strong></span> <span class='ocrx_word' id='word_1_199' title='bbox 1656 2421 1735 2477; x_wconf 87' lang='lat' dir='ltr'><strong><em>his</em></strong></span> <span class='ocrx_word' id='word_1_200' title='bbox 1754 2437 1772 2476; x_wconf 90' lang='lat'><strong><em>:</em></strong></span> <span class='ocrx_word' id='word_1_201' title='bbox 1791 2431 1840 2476; x_wconf 90' lang='lat' dir='ltr'><strong><em>et</em></strong></span> <span class='ocrx_word' id='word_1_202' title='bbox 1857 2423 1951 2476; x_wconf 90' lang='lat' dir='ltr'><strong><em>erit</em></strong></span> <span class='ocrx_word' id='word_1_203' title='bbox 1970 2440 2086 2476; x_wconf 89' lang='lat' dir='ltr'><strong><em>cum</em></strong></span> 
     </span>
    </p>
   </div>
   <div class='ocr_carea' id='block_1_24' title="bbox 495 2511 2080 2586">
    <p class='ocr_par' dir='ltr' id='par_1_24' title="bbox 495 2511 2080 2586">
     <span class='ocr_line' id='line_1_24' title="bbox 495 2511 2080 2586; baseline 0.001 -21"><span class='ocrx_word' id='word_1_204' title='bbox 495 2513 789 2579; x_wconf 82' lang='lat' dir='ltr'><strong><em>peccaverit,</em></strong></span> <span class='ocrx_word' id='word_1_205' title='bbox 816 2521 862 2567; x_wconf 91' lang='lat' dir='ltr'><strong><em>et</em></strong></span> <span class='ocrx_word' id='word_1_206' title='bbox 886 2512 1170 2583; x_wconf 87' lang='lat' dir='ltr'><strong><em>deliquerit,</em></strong></span> <span class='ocrx_word' id='word_1_207' title='bbox 1197 2521 1242 2567; x_wconf 92' lang='lat' dir='ltr'><strong><em>ct</em></strong></span> <span class='ocrx_word' id='word_1_208' title='bbox 1272 2511 1444 2566; x_wconf 87' lang='lat' dir='ltr'><strong><em>reddet</em></strong></span> <span class='ocrx_word' id='word_1_209' title='bbox 1468 2513 1701 2584; x_wconf 82' lang='lat' dir='ltr'><strong><em>rapinam</em></strong></span> <span class='ocrx_word' id='word_1_210' title='bbox 1721 2529 1875 2586; x_wconf 90' lang='lat' dir='ltr'><strong><em>quam</em></strong></span> <span class='ocrx_word' id='word_1_211' title='bbox 1892 2513 2080 2585; x_wconf 87' lang='lat' dir='ltr'><strong><em>rapuit,</em></strong></span> 
     </span>
    </p>
   </div>
   <div class='ocr_carea' id='block_1_25' title="bbox 493 2603 2086 2676">
    <p class='ocr_par' dir='ltr' id='par_1_25' title="bbox 493 2603 2086 2676">
     <span class='ocr_line' id='line_1_25' title="bbox 493 2603 2086 2676; baseline 0.001 -20"><span class='ocrx_word' id='word_1_212' title='bbox 493 2612 579 2657; x_wconf 88' lang='lat' dir='ltr'><strong><em>aut</em></strong></span> <span class='ocrx_word' id='word_1_213' title='bbox 604 2604 845 2676; x_wconf 86' lang='lat' dir='ltr'><strong><em>injuriam</em></strong></span> <span class='ocrx_word' id='word_1_214' title='bbox 865 2619 1016 2675; x_wconf 88' lang='lat' dir='ltr'><strong><em>quam</em></strong></span> <span class='ocrx_word' id='word_1_215' title='bbox 1037 2605 1226 2670; x_wconf 90' lang='lat' dir='ltr'><strong><em>nocuit,</em></strong></span> <span class='ocrx_word' id='word_1_216' title='bbox 1251 2612 1338 2657; x_wconf 87' lang='lat' dir='ltr'><strong><em>aut</em></strong></span> <span class='ocrx_word' id='word_1_217' title='bbox 1354 2603 1758 2659; x_wconf 85' lang='lat' dir='ltr'><strong><em>commendatum</em></strong></span> <span class='ocrx_word' id='word_1_218' title='bbox 1773 2604 1909 2675; x_wconf 83' lang='lat' dir='ltr'><strong><em>quod</em></strong></span> <span class='ocrx_word' id='word_1_219' title='bbox 1929 2605 2086 2676; x_wconf 68' lang='lat' dir='ltr'><strong><em>depo»</em></strong></span> 
     </span>
    </p>
   </div>
   <div class='ocr_carea' id='block_1_26' title="bbox 491 2693 2083 2767">
    <p class='ocr_par' dir='ltr' id='par_1_26' title="bbox 491 2693 2083 2767">
     <span class='ocr_line' id='line_1_26' title="bbox 491 2693 2083 2767; baseline 0.001 -18"><span class='ocrx_word' id='word_1_220' title='bbox 491 2694 730 2751; x_wconf 87' lang='lat' dir='ltr'><strong><em>situmest</em></strong></span> <span class='ocrx_word' id='word_1_221' title='bbox 757 2695 897 2767; x_wconf 89' lang='lat' dir='ltr'><strong><em>apud</em></strong></span> <span class='ocrx_word' id='word_1_222' title='bbox 924 2711 1058 2763; x_wconf 89' lang='lat' dir='ltr'><strong><em>eum,</em></strong></span> <span class='ocrx_word' id='word_1_223' title='bbox 1089 2703 1178 2750; x_wconf 85' lang='lat' dir='ltr'><strong><em>aut</em></strong></span> <span class='ocrx_word' id='word_1_224' title='bbox 1206 2693 1555 2767; x_wconf 86' lang='lat' dir='ltr'><strong><em>perditionem,</em></strong></span> <span class='ocrx_word' id='word_1_225' title='bbox 1592 2710 1745 2766; x_wconf 80' lang='lat' dir='ltr'><strong><em>quam</em></strong></span> <span class='ocrx_word' id='word_1_226' title='bbox 1782 2696 1988 2760; x_wconf 88' lang='lat' dir='ltr'><strong><em>invenit,</em></strong></span> <span class='ocrx_word' id='word_1_227' title='bbox 2018 2695 2083 2750; x_wconf 81' lang='lat' dir='ltr'><strong><em>ab</em></strong></span> 
     </span>
    </p>
   </div>
   <div class='ocr_carea' id='block_1_27' title="bbox 492 2784 2083 2857">
    <p class='ocr_par' dir='ltr' id='par_1_27' title="bbox 492 2784 2083 2857">
     <span class='ocr_line' id='line_1_27' title="bbox 492 2784 2083 2857; baseline 0.002 -19"><span class='ocrx_word' id='word_1_228' title='bbox 492 2785 629 2839; x_wconf 75' lang='lat' dir='ltr'><strong><em>eunti</em></strong></span> <span class='ocrx_word' id='word_1_229' title='bbox 652 2800 706 2839; x_wconf 89' lang='lat' dir='ltr'><strong><em>re</em></strong></span> <span class='ocrx_word' id='word_1_230' title='bbox 717 2800 869 2857; x_wconf 88' lang='lat' dir='ltr'><strong><em>quam</em></strong></span> <span class='ocrx_word' id='word_1_231' title='bbox 873 2785 905 2856; x_wconf 92' lang='lat' dir='ltr'><strong><em>j</em></strong></span> <span class='ocrx_word' id='word_1_232' title='bbox 909 2785 1069 2839; x_wconf 83' lang='lat' dir='ltr'><strong><em>uravit</em></strong></span> <span class='ocrx_word' id='word_1_233' title='bbox 1091 2800 1184 2856; x_wconf 87' lang='lat' dir='ltr'><strong><em>pro</em></strong></span> <span class='ocrx_word' id='word_1_234' title='bbox 1210 2800 1269 2838; x_wconf 89' lang='lat' dir='ltr'><strong><em>ea</em></strong></span> <span class='ocrx_word' id='word_1_235' title='bbox 1287 2784 1507 2857; x_wconf 85' lang='lat' dir='ltr'><strong><em>injuste;</em></strong></span> <span class='ocrx_word' id='word_1_236' title='bbox 1520 2793 1567 2838; x_wconf 88' lang='lat' dir='ltr'><strong><em>et</em></strong></span> <span class='ocrx_word' id='word_1_237' title='bbox 1584 2784 1807 2839; x_wconf 87' lang='lat' dir='ltr'><strong><em>restituet</em></strong></span> <span class='ocrx_word' id='word_1_238' title='bbox 1825 2786 2014 2856; x_wconf 87' lang='lat' dir='ltr'><strong><em>ipsum,</em></strong></span> <span class='ocrx_word' id='word_1_239' title='bbox 2036 2794 2083 2841; x_wconf 91' lang='lat' dir='ltr'><strong><em>et</em></strong></span> 
     </span>
    </p>
   </div>
   <div class='ocr_carea' id='block_1_28' title="bbox 490 2876 2082 2949">
    <p class='ocr_par' dir='ltr' id='par_1_28' title="bbox 490 2876 2082 2949">
     <span class='ocr_line' id='line_1_28' title="bbox 490 2876 2082 2949; baseline 0.001 -19"><span class='ocrx_word' id='word_1_240' title='bbox 490 2876 693 2944; x_wconf 64' lang='lat' dir='ltr'><strong><em>quinta:</em></strong></span> <span class='ocrx_word' id='word_1_241' title='bbox 725 2876 835 2948; x_wconf 86' lang='lat' dir='ltr'><strong><em>ejus</em></strong></span> <span class='ocrx_word' id='word_1_242' title='bbox 859 2876 1064 2949; x_wconf 87' lang='lat' dir='ltr'><strong><em>adjiciet</em></strong></span> <span class='ocrx_word' id='word_1_243' title='bbox 1086 2876 1155 2930; x_wconf 88' lang='lat' dir='ltr'><strong><em>ad</em></strong></span> <span class='ocrx_word' id='word_1_244' title='bbox 1179 2876 1329 2941; x_wconf 87' lang='lat' dir='ltr'><strong><em>illud,</em></strong></span> <span class='ocrx_word' id='word_1_245' title='bbox 1357 2878 1504 2947; x_wconf 84' lang='lat' dir='ltr'><strong><em>cujus</em></strong></span> <span class='ocrx_word' id='word_1_246' title='bbox 1531 2886 1604 2931; x_wconf 90' lang='lat' dir='ltr'><strong><em>est</em></strong></span> <span class='ocrx_word' id='word_1_247' title='bbox 1646 2876 1747 2948; x_wconf 90' lang='lat' dir='ltr'><strong><em>ipsi</em></strong></span> <span class='ocrx_word' id='word_1_248' title='bbox 1784 2877 1992 2944; x_wconf 88' lang='lat' dir='ltr'><strong><em>reddet;</em></strong></span> <span class='ocrx_word' id='word_1_249' title='bbox 2034 2887 2082 2932; x_wconf 90' lang='lat' dir='ltr'><strong><em>et</em></strong></span> 
     </span>
    </p>
   </div>
   <div class='ocr_carea' id='block_1_29' title="bbox 490 2967 2083 3040">
    <p class='ocr_par' dir='ltr' id='par_1_29' title="bbox 490 2967 2083 3040">
     <span class='ocr_line' id='line_1_29' title="bbox 490 2967 2083 3040; baseline 0.003 -19"><span class='ocrx_word' id='word_1_250' title='bbox 490 2985 590 3038; x_wconf 85' lang='lat' dir='ltr'><strong><em>qua</em></strong></span> <span class='ocrx_word' id='word_1_251' title='bbox 614 2969 695 3024; x_wconf 87' lang='lat' dir='ltr'><strong><em>die</em></strong></span> <span class='ocrx_word' id='word_1_252' title='bbox 722 2969 974 3024; x_wconf 89' lang='lat' dir='ltr'><strong><em>convictus</em></strong></span> <span class='ocrx_word' id='word_1_253' title='bbox 994 2969 1143 3040; x_wconf 88' lang='lat' dir='ltr'><strong><em>fuerit</em></strong></span> <span class='ocrx_word' id='word_1_254' title='bbox 1162 2967 1331 3024; x_wconf 88' lang='lat' dir='ltr'><strong><em>delicti</em></strong></span> <span class='ocrx_word' id='word_1_255' title='bbox 1352 2970 1432 3024; x_wconf 85' lang='lat' dir='ltr'><strong><em>sui</em></strong></span> <span class='ocrx_word' id='word_1_256' title='bbox 1447 2972 1492 3039; x_wconf 78' lang='lat'><strong><em>&#39;,</em></strong></span> <span class='ocrx_word' id='word_1_257' title='bbox 1517 2967 1691 3037; x_wconf 70' lang='lat' dir='ltr'><strong><em>offeret</em></strong></span> <span class='ocrx_word' id='word_1_258' title='bbox 1717 2970 1935 3026; x_wconf 87' lang='lat' dir='ltr'><strong><em>Domino</em></strong></span> <span class='ocrx_word' id='word_1_259' title='bbox 1950 2973 2083 3027; x_wconf 89' lang='lat' dir='ltr'><strong><em>arie-</em></strong></span> 
     </span>
    </p>
   </div>
   <div class='ocr_carea' id='block_1_30' title="bbox 493 3058 2083 3132">
    <p class='ocr_par' dir='ltr' id='par_1_30' title="bbox 493 3058 2083 3132">
     <span class='ocr_line' id='line_1_30' title="bbox 493 3058 2083 3132; baseline 0.002 -20"><span class='ocrx_word' id='word_1_260' title='bbox 493 3069 592 3112; x_wconf 88' lang='lat' dir='ltr'><strong><em>tem</em></strong></span> <span class='ocrx_word' id='word_1_261' title='bbox 618 3058 681 3112; x_wconf 88' lang='lat' dir='ltr'><strong><em>ab</em></strong></span> <span class='ocrx_word' id='word_1_262' title='bbox 708 3059 880 3114; x_wconf 89' lang='lat' dir='ltr'><strong><em>ovibus</em></strong></span> <span class='ocrx_word' id='word_1_263' title='bbox 904 3058 1011 3113; x_wconf 88' lang='lat' dir='ltr'><strong><em>sine</em></strong></span> <span class='ocrx_word' id='word_1_264' title='bbox 1046 3058 1267 3123; x_wconf 87' lang='lat' dir='ltr'><strong><em>macula,</em></strong></span> <span class='ocrx_word' id='word_1_265' title='bbox 1308 3059 1468 3131; x_wconf 85' lang='lat' dir='ltr'><strong><em>pretio</em></strong></span> <span class='ocrx_word' id='word_1_266' title='bbox 1509 3061 1564 3114; x_wconf 86' lang='lat' dir='ltr'><strong><em>in</em></strong></span> <span class='ocrx_word' id='word_1_267' title='bbox 1604 3059 1740 3132; x_wconf 88' lang='lat' dir='ltr'><strong><em>quod</em></strong></span> <span class='ocrx_word' id='word_1_268' title='bbox 1765 3060 2013 3131; x_wconf 87' lang='lat' dir='ltr'><strong><em>deliquit:</em></strong></span> <span class='ocrx_word' id='word_1_269' title='bbox 2033 3070 2083 3116; x_wconf 89' lang='lat' dir='ltr'><strong><em>et</em></strong></span> 
     </span>
    </p>
   </div>
   <div class='ocr_carea' id='block_1_31' title="bbox 491 3148 2082 3220">
    <p class='ocr_par' dir='ltr' id='par_1_31' title="bbox 491 3148 2082 3220">
     <span class='ocr_line' id='line_1_31' title="bbox 491 3148 2082 3220; baseline 0.003 -17"><span class='ocrx_word' id='word_1_270' title='bbox 491 3149 717 3203; x_wconf 72' lang='lat' dir='ltr'><strong><em>exorabit</em></strong></span> <span class='ocrx_word' id='word_1_271' title='bbox 738 3165 832 3220; x_wconf 83' lang='lat' dir='ltr'><strong><em>pro</em></strong></span> <span class='ocrx_word' id='word_1_272' title='bbox 860 3165 918 3205; x_wconf 92' lang='lat' dir='ltr'><strong><em>eo</em></strong></span> <span class='ocrx_word' id='word_1_273' title='bbox 946 3149 1180 3205; x_wconf 87' lang='lat' dir='ltr'><strong><em>sacerdos</em></strong></span> <span class='ocrx_word' id='word_1_274' title='bbox 1205 3158 1321 3205; x_wconf 89' lang='lat' dir='ltr'><strong><em>ante</em></strong></span> <span class='ocrx_word' id='word_1_275' title='bbox 1338 3148 1631 3214; x_wconf 89' lang='lat' dir='ltr'><strong><em>Dominum,</em></strong></span> <span class='ocrx_word' id='word_1_276' title='bbox 1650 3160 1695 3206; x_wconf 94' lang='lat' dir='ltr'><strong><em>et</em></strong></span> <span class='ocrx_word' id='word_1_277' title='bbox 1712 3152 1987 3206; x_wconf 85' lang='lat' dir='ltr'><strong><em>remittetur</em></strong></span> <span class='ocrx_word' id='word_1_278' title='bbox 2001 3151 2082 3208; x_wconf 83' lang='lat' dir='ltr'><strong><em>illi</em></strong></span> 
     </span>
    </p>
   </div>
   <div class='ocr_carea' id='block_1_32' title="bbox 491 3239 2077 3316">
    <p class='ocr_par' dir='ltr' id='par_1_32' title="bbox 491 3239 2077 3316">
     <span class='ocr_line' id='line_1_32' title="bbox 491 3239 2077 3316; baseline 0.006 -24"><span class='ocrx_word' id='word_1_279' title='bbox 491 3242 555 3294; x_wconf 87' lang='lat' dir='ltr'><strong><em>de</em></strong></span> <span class='ocrx_word' id='word_1_280' title='bbox 568 3255 668 3294; x_wconf 90' lang='lat' dir='ltr'><strong><em>uno</em></strong></span> <span class='ocrx_word' id='word_1_281' title='bbox 684 3240 746 3294; x_wconf 91' lang='lat' dir='ltr'><strong><em>ab</em></strong></span> <span class='ocrx_word' id='word_1_282' title='bbox 763 3239 992 3295; x_wconf 86' lang='lat' dir='ltr'><strong><em>omnibus</em></strong></span> <span class='ocrx_word' id='word_1_283' title='bbox 1009 3254 1121 3309; x_wconf 66' lang='lat' dir='ltr'><strong><em>quae</em></strong></span> <span class='ocrx_word' id='word_1_284' title='bbox 1135 3240 1274 3311; x_wconf 88' lang='lat' dir='ltr'><strong><em>fecit,</em></strong></span> <span class='ocrx_word' id='word_1_285' title='bbox 1291 3249 1339 3295; x_wconf 92' lang='lat' dir='ltr'><strong><em>et</em></strong></span> <span class='ocrx_word' id='word_1_286' title='bbox 1356 3240 1564 3314; x_wconf 87' lang='lat' dir='ltr'><strong><em>deliquit</em></strong></span> <span class='ocrx_word' id='word_1_287' title='bbox 1575 3243 1628 3296; x_wconf 91' lang='lat' dir='ltr'><strong><em>in</em></strong></span> <span class='ocrx_word' id='word_1_288' title='bbox 1643 3258 1700 3295; x_wconf 90' lang='lat' dir='ltr'><strong><em>eo</em></strong></span> <span class='ocrx_word' id='word_1_289' title='bbox 1719 3240 1830 3313; x_wconf 91' lang='lat' dir='ltr'><strong><em>(Id.</em></strong></span> <span class='ocrx_word' id='word_1_290' title='bbox 1848 3259 1921 3309; x_wconf 90' lang='lat' dir='ltr'><strong><em>v1,</em></strong></span> <span class='ocrx_word' id='word_1_291' title='bbox 1949 3245 2077 3316; x_wconf 81' lang='grc'><strong>1-7).</strong></span> 
     </span>
    </p>
   </div>
   <div class='ocr_carea' id='block_1_33' title="bbox 489 3330 2075 3407">
    <p class='ocr_par' dir='ltr' id='par_1_33' title="bbox 489 3330 2075 3407">
     <span class='ocr_line' id='line_1_33' title="bbox 489 3330 2075 3407; baseline 0.004 -23"><span class='ocrx_word' id='word_1_292' title='bbox 489 3330 637 3387; x_wconf 82' lang='lat' dir='ltr'><strong><em>Pene</em></strong></span> <span class='ocrx_word' id='word_1_293' title='bbox 657 3346 786 3401; x_wconf 85' lang='lat' dir='ltr'><strong><em>ergo</em></strong></span> <span class='ocrx_word' id='word_1_294' title='bbox 819 3330 875 3385; x_wconf 87' lang='lat' dir='ltr'><strong><em>in</em></strong></span> <span class='ocrx_word' id='word_1_295' title='bbox 904 3332 1152 3387; x_wconf 86' lang='lat' dir='ltr'><strong><em>omnibus</em></strong></span> <span class='ocrx_word' id='word_1_296' title='bbox 1190 3330 1341 3387; x_wconf 78' lang='lat' dir='ltr'><strong><em>factis</em></strong></span> <span class='ocrx_word' id='word_1_297' title='bbox 1379 3348 1498 3403; x_wconf 74' lang='lat' dir='ltr'><strong><em>qua:</em></strong></span> <span class='ocrx_word' id='word_1_298' title='bbox 1535 3332 1665 3389; x_wconf 83' lang='lat' dir='ltr'><strong><em>dicit</em></strong></span> <span class='ocrx_word' id='word_1_299' title='bbox 1691 3342 1811 3391; x_wconf 86' lang='lat' dir='ltr'><strong><em>esse</em></strong></span> <span class='ocrx_word' id='word_1_300' title='bbox 1839 3348 2075 3407; x_wconf 87' lang='lat' dir='ltr'><strong><em>peccata,</em></strong></span> 
     </span>
    </p>
   </div>
   <div class='ocr_carea' id='block_1_34' title="bbox 489 3421 2078 3493">
    <p class='ocr_par' dir='ltr' id='par_1_34' title="bbox 489 3421 2078 3493">
     <span class='ocr_line' id='line_1_34' title="bbox 489 3421 2078 3493; baseline 0.005 -17"><span class='ocrx_word' id='word_1_301' title='bbox 489 3421 674 3476; x_wconf 91' lang='lat' dir='ltr'><strong><em>eadem</em></strong></span> <span class='ocrx_word' id='word_1_302' title='bbox 695 3422 854 3477; x_wconf 80' lang='lat' dir='ltr'><strong><em>etiam</em></strong></span> <span class='ocrx_word' id='word_1_303' title='bbox 885 3421 1078 3477; x_wconf 87' lang='lat' dir='ltr'><strong><em>delicta</em></strong></span> <span class='ocrx_word' id='word_1_304' title='bbox 1104 3423 1250 3477; x_wconf 82' lang='lat' dir='ltr'><strong><em>dicit.</em></strong></span> <span class='ocrx_word' id='word_1_305' title='bbox 1277 3421 1614 3493; x_wconf 82' lang='lat' dir='ltr'><strong><em>Quapropter</em></strong></span> <span class='ocrx_word' id='word_1_306' title='bbox 1635 3433 1691 3481; x_wconf 89' lang='lat' dir='ltr'><strong><em>et</em></strong></span> <span class='ocrx_word' id='word_1_307' title='bbox 1716 3425 2078 3484; x_wconf 78' lang='lat' dir='ltr'><strong><em>indifferenter</em></strong></span> 
     </span>
    </p>
   </div>
   <div class='ocr_carea' id='block_1_35' title="bbox 489 3511 2079 3586">
    <p class='ocr_par' dir='ltr' id='par_1_35' title="bbox 489 3511 2079 3586">
     <span class='ocr_line' id='line_1_35' title="bbox 489 3511 2079 3586; baseline 0.006 -19"><span class='ocrx_word' id='word_1_308' title='bbox 489 3526 552 3567; x_wconf 87' lang='lat' dir='ltr'><strong><em>ea</em></strong></span> <span class='ocrx_word' id='word_1_309' title='bbox 579 3511 684 3567; x_wconf 89' lang='lat' dir='ltr'><strong><em>dici</em></strong></span> <span class='ocrx_word' id='word_1_310' title='bbox 713 3511 1051 3567; x_wconf 81' lang='lat' dir='ltr'><strong><em>manifestum</em></strong></span> <span class='ocrx_word' id='word_1_311' title='bbox 1078 3521 1162 3568; x_wconf 89' lang='lat' dir='ltr'><strong><em>est</em></strong></span> <span class='ocrx_word' id='word_1_312' title='bbox 1189 3514 1368 3569; x_wconf 87' lang='lat' dir='ltr'><strong><em>multis</em></strong></span> <span class='ocrx_word' id='word_1_313' title='bbox 1405 3514 1796 3586; x_wconf 89' lang='lat' dir='ltr'><strong><em>Scripturarum</em></strong></span> <span class='ocrx_word' id='word_1_314' title='bbox 1828 3516 1989 3585; x_wconf 87' lang='lat' dir='ltr'><strong><em>locis;</em></strong></span> <span class='ocrx_word' id='word_1_315' title='bbox 2023 3529 2079 3576; x_wconf 88' lang='lat' dir='ltr'><strong><em>et</em></strong></span> 
     </span>
    </p>
   </div>
   <div class='ocr_carea' id='block_1_36' title="bbox 488 3603 2079 3681">
    <p class='ocr_par' dir='ltr' id='par_1_36' title="bbox 488 3603 2079 3681">
     <span class='ocr_line' id='line_1_36' title="bbox 488 3603 2079 3681; baseline 0.005 -23"><span class='ocrx_word' id='word_1_316' title='bbox 488 3603 687 3659; x_wconf 81' lang='lat' dir='ltr'><strong><em>habere</em></strong></span> <span class='ocrx_word' id='word_1_317' title='bbox 712 3604 911 3674; x_wconf 90' lang='lat' dir='ltr'><strong><em>aliquid</em></strong></span> <span class='ocrx_word' id='word_1_318' title='bbox 940 3604 1253 3660; x_wconf 69' lang='lat' dir='ltr'><strong><em>diﬁ‘erentiaz</em></strong></span> <span class='ocrx_word' id='word_1_319' title='bbox 1273 3605 1549 3675; x_wconf 84' lang='lat' dir='ltr'><strong><em>Scriptura</em></strong></span> <span class='ocrx_word' id='word_1_320' title='bbox 1579 3614 1824 3672; x_wconf 78' lang='lat' dir='ltr'><strong><em>testatur,</em></strong></span> <span class='ocrx_word' id='word_1_321' title='bbox 1856 3624 1975 3681; x_wconf 63' lang='lat' dir='ltr'><strong><em>qua:</em></strong></span> <span class='ocrx_word' id='word_1_322' title='bbox 1997 3610 2079 3666; x_wconf 87' lang='lat' dir='ltr'><strong><em>di-</em></strong></span> 
     </span>
    </p>
   </div>
   <div class='ocr_carea' id='block_1_37' title="bbox 487 3686 1939 3769">
    <p class='ocr_par' dir='ltr' id='par_1_37' title="bbox 487 3686 1939 3769">
     <span class='ocr_line' id='line_1_37' title="bbox 487 3686 1939 3769; baseline 0.003 -19"><span class='ocrx_word' id='word_1_323' title='bbox 487 3694 580 3759; x_wconf 84' lang='lat' dir='ltr'><strong><em>cit,</em></strong></span> <span class='ocrx_word' id='word_1_324' title='bbox 611 3694 756 3754; x_wconf 83' lang='lat' dir='ltr'><strong><em>Sicut</em></strong></span> <span class='ocrx_word' id='word_1_325' title='bbox 782 3695 915 3765; x_wconf 87' lang='lat' dir='ltr'><strong><em>quod</em></strong></span> <span class='ocrx_word' id='word_1_326' title='bbox 940 3686 1031 3765; x_wconf 79' lang='lat' dir='ltr'><strong><em>pro</em></strong></span> <span class='ocrx_word' id='word_1_327' title='bbox 1059 3707 1281 3766; x_wconf 90' lang='lat' dir='ltr'><strong><em>peccato,</em></strong></span> <span class='ocrx_word' id='word_1_328' title='bbox 1300 3690 1370 3750; x_wconf 90' lang='lat' dir='ltr'><strong><em>ita</em></strong></span> <span class='ocrx_word' id='word_1_329' title='bbox 1391 3707 1436 3751; x_wconf 91' lang='lat' dir='ltr'><strong><em>et</em></strong></span> <span class='ocrx_word' id='word_1_330' title='bbox 1462 3697 1597 3768; x_wconf 87' lang='lat' dir='ltr'><strong><em>quod</em></strong></span> <span class='ocrx_word' id='word_1_331' title='bbox 1622 3715 1715 3769; x_wconf 87' lang='lat' dir='ltr'><strong><em>pro</em></strong></span> <span class='ocrx_word' id='word_1_332' title='bbox 1737 3697 1939 3755; x_wconf 86' lang='lat' dir='ltr'><strong><em>delicto.</em></strong></span> 
     </span>
    </p>
   </div>
   <div class='ocr_carea' id='block_1_38' title="bbox 556 3785 2078 3862">
    <p class='ocr_par' dir='ltr' id='par_1_38' title="bbox 556 3785 2078 3862">
     <span class='ocr_line' id='line_1_38' title="bbox 556 3785 2078 3862; baseline 0.005 -20"><span class='ocrx_word' id='word_1_333' title='bbox 556 3785 700 3842; x_wconf 77' lang='lat' dir='ltr'><strong>XXI.</strong></span> <span class='ocrx_word' id='word_1_334' title='bbox 741 3786 840 3860; x_wconf 88' lang='lat' dir='ltr'><strong><em>[lb.</em></strong></span> <span class='ocrx_word' id='word_1_335' title='bbox 870 3803 962 3853; x_wconf 89' lang='lat' dir='ltr'><strong><em>v11,</em></strong></span> <span class='ocrx_word' id='word_1_336' title='bbox 993 3787 1205 3862; x_wconf 68' lang='lat'><strong><em>25-25.]</em></strong></span> <span class='ocrx_word' id='word_1_337' title='bbox 1234 3789 1445 3845; x_wconf 88' lang='lat' dir='ltr'><strong><em>Omnem</em></strong></span> <span class='ocrx_word' id='word_1_338' title='bbox 1470 3791 1670 3862; x_wconf 82' lang='lat' dir='ltr'><strong><em>adipem</em></strong></span> <span class='ocrx_word' id='word_1_339' title='bbox 1686 3791 1837 3847; x_wconf 90' lang='lat' dir='ltr'><strong><em>boum</em></strong></span> <span class='ocrx_word' id='word_1_340' title='bbox 1849 3804 1896 3848; x_wconf 93' lang='lat' dir='ltr'><strong><em>et</em></strong></span> <span class='ocrx_word' id='word_1_341' title='bbox 1912 3795 2078 3849; x_wconf 90' lang='lat' dir='ltr'><strong><em>ovium</em></strong></span> 
     </span>
    </p>
   </div>
   <div class='ocr_carea' id='block_1_39' title="bbox 486 3881 2075 3961">
    <p class='ocr_par' dir='ltr' id='par_1_39' title="bbox 486 3881 2075 3961">
     <span class='ocr_line' id='line_1_39' title="bbox 486 3881 2075 3961; baseline 0.008 -29"><span class='ocrx_word' id='word_1_342' title='bbox 486 3888 534 3933; x_wconf 90' lang='lat' dir='ltr'><strong><em>et</em></strong></span> <span class='ocrx_word' id='word_1_343' title='bbox 559 3894 831 3949; x_wconf 89' lang='lat' dir='ltr'><strong><em>caprarum</em></strong></span> <span class='ocrx_word' id='word_1_344' title='bbox 852 3898 953 3935; x_wconf 89' lang='lat' dir='ltr'><strong><em>non</em></strong></span> <span class='ocrx_word' id='word_1_345' title='bbox 973 3881 1149 3945; x_wconf 81' lang='lat' dir='ltr'><strong><em>edetis.</em></strong></span> <span class='ocrx_word' id='word_1_346' title='bbox 1172 3889 1219 3937; x_wconf 88' lang='lat' dir='ltr'><strong><em>et</em></strong></span> <span class='ocrx_word' id='word_1_347' title='bbox 1246 3882 1402 3955; x_wconf 91' lang='lat' dir='ltr'><strong><em>adeps</em></strong></span> <span class='ocrx_word' id='word_1_348' title='bbox 1431 3885 1810 3940; x_wconf 85' lang='lat' dir='ltr'><strong><em>morticinorum</em></strong></span> <span class='ocrx_word' id='word_1_349' title='bbox 1831 3897 1879 3941; x_wconf 90' lang='lat' dir='ltr'><strong><em>et</em></strong></span> <span class='ocrx_word' id='word_1_350' title='bbox 1909 3905 1941 3941; x_wconf 93' lang='lat' dir='ltr'><strong><em>a</em></strong></span> <span class='ocrx_word' id='word_1_351' title='bbox 1964 3892 2075 3961; x_wconf 85' lang='lat' dir='ltr'><strong><em>fera</em></strong></span> 
     </span>
    </p>
   </div>
   <div class='ocr_carea' id='block_1_40' title="bbox 485 3972 2076 4046">
    <p class='ocr_par' dir='ltr' id='par_1_40' title="bbox 485 3972 2076 4046">
     <span class='ocr_line' id='line_1_40' title="bbox 485 3972 2076 4046; baseline 0.007 -22"><span class='ocrx_word' id='word_1_352' title='bbox 485 3980 753 4043; x_wconf 89' lang='lat' dir='ltr'><strong><em>captorum</em></strong></span> <span class='ocrx_word' id='word_1_353' title='bbox 782 3972 867 4042; x_wconf 81' lang='lat' dir='ltr'><strong><em>ﬁet</em></strong></span> <span class='ocrx_word' id='word_1_354' title='bbox 891 3973 944 4027; x_wconf 90' lang='lat' dir='ltr'><strong><em>in</em></strong></span> <span class='ocrx_word' id='word_1_355' title='bbox 977 3988 1122 4028; x_wconf 90' lang='lat' dir='ltr'><strong><em>omne</em></strong></span> <span class='ocrx_word' id='word_1_356' title='bbox 1160 3990 1305 4046; x_wconf 86' lang='lat' dir='ltr'><strong><em>opus,</em></strong></span> <span class='ocrx_word' id='word_1_357' title='bbox 1335 3984 1384 4030; x_wconf 89' lang='lat' dir='ltr'><strong><em>et</em></strong></span> <span class='ocrx_word' id='word_1_358' title='bbox 1410 3974 1520 4031; x_wconf 90' lang='lat' dir='ltr'><strong><em>cibo</em></strong></span> <span class='ocrx_word' id='word_1_359' title='bbox 1546 3993 1645 4032; x_wconf 88' lang='lat' dir='ltr'><strong><em>non</em></strong></span> <span class='ocrx_word' id='word_1_360' title='bbox 1670 3978 1861 4033; x_wconf 89' lang='lat' dir='ltr'><strong><em>edetur.</em></strong></span> <span class='ocrx_word' id='word_1_361' title='bbox 1896 3978 2076 4036; x_wconf 88' lang='lat' dir='ltr'><strong><em>Omnis</em></strong></span> 
     </span>
    </p>
   </div>
   <div class='ocr_carea' id='block_1_41' title="bbox 484 4062 2089 4139">
    <p class='ocr_par' dir='ltr' id='par_1_41' title="bbox 484 4062 2089 4139">
     <span class='ocr_line' id='line_1_41' title="bbox 484 4062 2089 4139; baseline 0.007 -21"><span class='ocrx_word' id='word_1_362' title='bbox 484 4062 570 4134; x_wconf 81' lang='lat' dir='ltr'><strong><em>qui</em></strong></span> <span class='ocrx_word' id='word_1_363' title='bbox 590 4064 745 4123; x_wconf 89' lang='lat' dir='ltr'><strong><em>ederit</em></strong></span> <span class='ocrx_word' id='word_1_364' title='bbox 769 4064 970 4136; x_wconf 86' lang='lat' dir='ltr'><strong><em>adipem</em></strong></span> <span class='ocrx_word' id='word_1_365' title='bbox 988 4082 1019 4118; x_wconf 96' lang='lat' dir='ltr'><strong><em>a</em></strong></span> <span class='ocrx_word' id='word_1_366' title='bbox 1033 4067 1294 4137; x_wconf 88' lang='lat' dir='ltr'><strong><em>pecoribus</em></strong></span> <span class='ocrx_word' id='word_1_367' title='bbox 1313 4083 1425 4139; x_wconf 71' lang='lat' dir='ltr'><strong><em>quae</em></strong></span> <span class='ocrx_word' id='word_1_368' title='bbox 1443 4066 1664 4137; x_wconf 73' lang='lat' dir='ltr'><strong><em>offere‘tis</em></strong></span> <span class='ocrx_word' id='word_1_369' title='bbox 1679 4070 1741 4124; x_wconf 91' lang='lat' dir='ltr'><strong><em>ab</em></strong></span> <span class='ocrx_word' id='word_1_370' title='bbox 1762 4071 1833 4126; x_wconf 90' lang='lat' dir='ltr'><strong><em>eis</em></strong></span> <span class='ocrx_word' id='word_1_371' title='bbox 1854 4071 2089 4129; x_wconf 62' lang='lat' dir='ltr'><strong><em>hostiam‘</em></strong></span> 
     </span>
    </p>
   </div>
   <div class='ocr_carea' id='block_1_42' title="bbox 486 4151 2072 4230">
    <p class='ocr_par' dir='ltr' id='par_1_42' title="bbox 486 4151 2072 4230">
     <span class='ocr_line' id='line_1_42' title="bbox 486 4151 2072 4230; baseline 0.008 -22"><span class='ocrx_word' id='word_1_372' title='bbox 486 4155 725 4223; x_wconf 85' lang='lat' dir='ltr'><strong><em>Domino,</em></strong></span> <span class='ocrx_word' id='word_1_373' title='bbox 752 4151 930 4228; x_wconf 85' lang='lat' dir='ltr'><strong><em>peribit</em></strong></span> <span class='ocrx_word' id='word_1_374' title='bbox 953 4158 1124 4212; x_wconf 88' lang='lat' dir='ltr'><strong><em>anima</em></strong></span> <span class='ocrx_word' id='word_1_375' title='bbox 1147 4158 1239 4212; x_wconf 90' lang='lat' dir='ltr'><strong><em>illa</em></strong></span> <span class='ocrx_word' id='word_1_376' title='bbox 1265 4157 1328 4213; x_wconf 87' lang='lat' dir='ltr'><strong><em>de</em></strong></span> <span class='ocrx_word' id='word_1_377' title='bbox 1355 4160 1543 4230; x_wconf 80' lang='lat' dir='ltr'><strong><em>papulo&#39;</em></strong></span> <span class='ocrx_word' id='word_1_378' title='bbox 1572 4176 1683 4215; x_wconf 90' lang='lat' dir='ltr'><strong><em>suo.</em></strong></span> <span class='ocrx_word' id='word_1_379' title='bbox 1726 4162 1941 4219; x_wconf 81' lang='lat' dir='ltr'><strong><em>Dixerat</em></strong></span> <span class='ocrx_word' id='word_1_380' title='bbox 1979 4180 2072 4220; x_wconf 79' lang='lat' dir='ltr'><strong><em>su-</em></strong></span> 
     </span>
    </p>
   </div>
   <div class='ocr_carea' id='block_1_43' title="bbox 486 4247 2089 4329">
    <p class='ocr_par' dir='ltr' id='par_1_43' title="bbox 486 4247 2089 4329">
     <span class='ocr_line' id='line_1_43' title="bbox 486 4247 2089 4329; baseline 0.009 -30"><span class='ocrx_word' id='word_1_381' title='bbox 486 4247 684 4317; x_wconf 85' lang='lat' dir='ltr'><strong><em>perius,</em></strong></span> <span class='ocrx_word' id='word_1_382' title='bbox 713 4247 782 4304; x_wconf 91' lang='lat' dir='ltr'><strong><em>de</em></strong></span> <span class='ocrx_word' id='word_1_383' title='bbox 808 4248 984 4320; x_wconf 75' lang='lat' dir='ltr'><strong><em>adipe,</em></strong></span> <span class='ocrx_word' id='word_1_384' title='bbox 1031 4248 1209 4305; x_wconf 89' lang='lat' dir='ltr'><strong><em>Omnis</em></strong></span> <span class='ocrx_word' id='word_1_385' title='bbox 1248 4251 1404 4321; x_wconf 82' lang='lat' dir='ltr'><strong><em>adeps</em></strong></span> <span class='ocrx_word' id='word_1_386' title='bbox 1437 4251 1659 4308; x_wconf 88' lang='lat' dir='ltr'><strong><em>Domino</em></strong></span> <span class='ocrx_word' id='word_1_387' title='bbox 1696 4252 1805 4326; x_wconf 83' lang='lat' dir='ltr'><strong><em>(Id.</em></strong></span> <span class='ocrx_word' id='word_1_388' title='bbox 1838 4257 2089 4329; x_wconf 40' lang='lat'><strong><em>111,16):</em></strong></span> 
     </span>
    </p>
   </div>
   <div class='ocr_carea' id='block_1_44' title="bbox 488 4344 2071 4417">
    <p class='ocr_par' dir='ltr' id='par_1_44' title="bbox 488 4344 2071 4417">
     <span class='ocr_line' id='line_1_44' title="bbox 488 4344 2071 4417; baseline 0.006 -21"><span class='ocrx_word' id='word_1_389' title='bbox 488 4344 542 4397; x_wconf 87' lang='lat' dir='ltr'><strong><em>et</em></strong></span> <span class='ocrx_word' id='word_1_390' title='bbox 579 4344 960 4413; x_wconf 75' lang='lat' dir='ltr'><strong><em>quzcsieramus</em></strong></span> <span class='ocrx_word' id='word_1_391' title='bbox 999 4352 1175 4399; x_wconf 87' lang='lat' dir='ltr'><strong><em>utrum</em></strong></span> <span class='ocrx_word' id='word_1_392' title='bbox 1202 4347 1376 4399; x_wconf 91' lang='lat' dir='ltr'><strong><em>omnis</em></strong></span> <span class='ocrx_word' id='word_1_393' title='bbox 1405 4346 1625 4402; x_wconf 90' lang='lat' dir='ltr'><strong><em>omnino</em></strong></span> <span class='ocrx_word' id='word_1_394' title='bbox 1653 4348 1861 4417; x_wconf 85' lang='lat' dir='ltr'><strong><em>pecoris</em></strong></span> <span class='ocrx_word' id='word_1_395' title='bbox 1888 4351 2071 4407; x_wconf 90' lang='lat' dir='ltr'><strong><em>mundi</em></strong></span> 
     </span>
    </p>
   </div>
   <div class='ocr_carea' id='block_1_45' title="bbox 494 4431 2073 4514">
    <p class='ocr_par' dir='ltr' id='par_1_45' title="bbox 494 4431 2073 4514">
     <span class='ocr_line' id='line_1_45' title="bbox 494 4431 2073 4514; baseline 0.007 -25"><span class='ocrx_word' id='word_1_396' title='bbox 494 4431 737 4490; x_wconf 76' lang='lat' dir='ltr'><strong><em>iuntaxat</em></strong></span> <span class='ocrx_word' id='word_1_397' title='bbox 753 4434 895 4508; x_wconf 88' lang='lat' dir='ltr'><strong><em>(nam</em></strong></span> <span class='ocrx_word' id='word_1_398' title='bbox 919 4435 985 4490; x_wconf 89' lang='lat' dir='ltr'><strong><em>de</em></strong></span> <span class='ocrx_word' id='word_1_399' title='bbox 1001 4436 1286 4491; x_wconf 89' lang='lat' dir='ltr'><strong><em>immundis</em></strong></span> <span class='ocrx_word' id='word_1_400' title='bbox 1312 4437 1451 4491; x_wconf 85' lang='lat' dir='ltr'><strong><em>nulla</em></strong></span> <span class='ocrx_word' id='word_1_401' title='bbox 1472 4440 1695 4509; x_wconf 78' lang='lat' dir='ltr'><strong><em>quaestio</em></strong></span> <span class='ocrx_word' id='word_1_402' title='bbox 1718 4441 1818 4513; x_wconf 86' lang='lat' dir='ltr'><strong><em>est)</em></strong></span> <span class='ocrx_word' id='word_1_403' title='bbox 1839 4459 1853 4509; x_wconf 87' lang='lat'><strong>;</strong></span> <span class='ocrx_word' id='word_1_404' title='bbox 1876 4443 2073 4514; x_wconf 86' lang='lat' dir='ltr'><strong><em>etquid</em></strong></span> 
     </span>
    </p>
   </div>
   <div class='ocr_carea' id='block_1_46' title="bbox 482 4524 2073 4597">
    <p class='ocr_par' dir='ltr' id='par_1_46' title="bbox 482 4524 2073 4597">
     <span class='ocr_line' id='line_1_46' title="bbox 482 4524 2073 4597; baseline 0.007 -18"><span class='ocrx_word' id='word_1_405' title='bbox 482 4524 552 4581; x_wconf 90' lang='lat' dir='ltr'><strong><em>de</em></strong></span> <span class='ocrx_word' id='word_1_406' title='bbox 598 4526 751 4596; x_wconf 82' lang='lat' dir='ltr'><strong><em>adipe</em></strong></span> <span class='ocrx_word' id='word_1_407' title='bbox 780 4528 951 4593; x_wconf 85' lang='lat' dir='ltr'><strong><em>ﬁeret,</em></strong></span> <span class='ocrx_word' id='word_1_408' title='bbox 980 4542 1141 4597; x_wconf 90' lang='lat' dir='ltr'><strong><em>quem</em></strong></span> <span class='ocrx_word' id='word_1_409' title='bbox 1170 4527 1337 4583; x_wconf 82' lang='lat' dir='ltr'><strong><em>vetuit</em></strong></span> <span class='ocrx_word' id='word_1_410' title='bbox 1378 4528 1433 4583; x_wconf 92' lang='lat' dir='ltr'><strong><em>in</em></strong></span> <span class='ocrx_word' id='word_1_411' title='bbox 1477 4544 1654 4585; x_wconf 89' lang='lat' dir='ltr'><strong><em>escam</em></strong></span> <span class='ocrx_word' id='word_1_412' title='bbox 1685 4532 1901 4588; x_wconf 85' lang='lat' dir='ltr'><strong><em>venire:</em></strong></span> <span class='ocrx_word' id='word_1_413' title='bbox 1930 4549 2073 4592; x_wconf 89' lang='lat' dir='ltr'><strong><em>nunc</em></strong></span> 
     </span>
    </p>
   </div>
   <div class='ocr_carea' id='block_1_47' title="bbox 481 4617 2075 4689">
    <p class='ocr_par' dir='ltr' id='par_1_47' title="bbox 481 4617 2075 4689">
     <span class='ocr_line' id='line_1_47' title="bbox 481 4617 2075 4689; baseline 0.007 -18"><span class='ocrx_word' id='word_1_414' title='bbox 481 4621 663 4673; x_wconf 89' lang='lat' dir='ltr'><strong><em>autem</em></strong></span> <span class='ocrx_word' id='word_1_415' title='bbox 688 4618 820 4672; x_wconf 83' lang='lat' dir='ltr'><strong><em>dixit</em></strong></span> <span class='ocrx_word' id='word_1_416' title='bbox 840 4618 964 4689; x_wconf 90' lang='lat' dir='ltr'><strong><em>quid</em></strong></span> <span class='ocrx_word' id='word_1_417' title='bbox 992 4617 1145 4674; x_wconf 86' lang='lat' dir='ltr'><strong><em>ﬁeret</em></strong></span> <span class='ocrx_word' id='word_1_418' title='bbox 1162 4617 1229 4674; x_wconf 88' lang='lat' dir='ltr'><strong><em>de</em></strong></span> <span class='ocrx_word' id='word_1_419' title='bbox 1256 4618 1411 4689; x_wconf 86' lang='lat' dir='ltr'><strong><em>adipe</em></strong></span> <span class='ocrx_word' id='word_1_420' title='bbox 1433 4622 1695 4677; x_wconf 88' lang='lat' dir='ltr'><strong><em>morticini</em></strong></span> <span class='ocrx_word' id='word_1_421' title='bbox 1719 4631 1775 4679; x_wconf 83' lang='lat' dir='ltr'><strong><em>et</em></strong></span> <span class='ocrx_word' id='word_1_422' title='bbox 1798 4638 1825 4676; x_wconf 90' lang='lat' dir='ltr'><strong><em>a</em></strong></span> <span class='ocrx_word' id='word_1_423' title='bbox 1855 4623 1963 4680; x_wconf 81' lang='lat' dir='ltr'><strong><em>fera</em></strong></span> <span class='ocrx_word' id='word_1_424' title='bbox 1983 4641 2075 4681; x_wconf 80' lang='lat' dir='ltr'><strong><em>ca-</em></strong></span> 
     </span>
    </p>
   </div>
   <div class='ocr_carea' id='block_1_48' title="bbox 484 4707 2087 4788">
    <p class='ocr_par' dir='ltr' id='par_1_48' title="bbox 484 4707 2087 4788">
     <span class='ocr_line' id='line_1_48' title="bbox 484 4707 2087 4788; baseline 0.007 -26"><span class='ocrx_word' id='word_1_425' title='bbox 484 4707 582 4778; x_wconf 91' lang='lat' dir='ltr'><strong><em>pti,</em></strong></span> <span class='ocrx_word' id='word_1_426' title='bbox 612 4717 668 4763; x_wconf 89' lang='lat' dir='ltr'><strong><em>ut</em></strong></span> <span class='ocrx_word' id='word_1_427' title='bbox 688 4708 756 4763; x_wconf 87' lang='lat' dir='ltr'><strong><em>sit</em></strong></span> <span class='ocrx_word' id='word_1_428' title='bbox 781 4709 832 4764; x_wconf 90' lang='lat' dir='ltr'><strong><em>in</em></strong></span> <span class='ocrx_word' id='word_1_429' title='bbox 853 4724 1012 4765; x_wconf 88' lang='lat' dir='ltr'><strong><em>omne</em></strong></span> <span class='ocrx_word' id='word_1_430' title='bbox 1033 4724 1199 4780; x_wconf 79' lang='lat' dir='ltr'><strong><em>Opus;</em></strong></span> <span class='ocrx_word' id='word_1_431' title='bbox 1225 4726 1383 4765; x_wconf 89' lang='lat' dir='ltr'><strong><em>omne</em></strong></span> <span class='ocrx_word' id='word_1_432' title='bbox 1408 4725 1560 4781; x_wconf 90' lang='lat' dir='ltr'><strong><em>opus,</em></strong></span> <span class='ocrx_word' id='word_1_433' title='bbox 1585 4713 1765 4785; x_wconf 86' lang='lat' dir='ltr'><strong><em>utique</em></strong></span> <span class='ocrx_word' id='word_1_434' title='bbox 1786 4715 1916 4771; x_wconf 89' lang='lat' dir='ltr'><strong><em>illud</em></strong></span> <span class='ocrx_word' id='word_1_435' title='bbox 1937 4716 2087 4788; x_wconf 78' lang='lat' dir='ltr'><strong><em>opus</em></strong></span> 
     </span>
    </p>
   </div>
   <div class='ocr_carea' id='block_1_49' title="bbox 2081 4798 3774 4870">
    <p class='ocr_par' dir='ltr' id='par_1_49' title="bbox 2081 4798 3774 4870">
     <span class='ocr_line' id='line_1_49' title="bbox 2081 4798 3774 4870; baseline -0.001 -15"><span class='ocrx_word' id='word_1_436' title='bbox 2081 4800 2084 4806; x_wconf 42' lang='grc' dir='ltr'>λ</span> <span class='ocrx_word' id='word_1_437' title='bbox 2123 4835 2126 4838; x_wconf 72' lang='lat'><strong><em>~</em></strong></span> <span class='ocrx_word' id='word_1_438' title='bbox 2178 4798 2489 4868; x_wconf 84' lang='lat' dir='ltr'><strong><em>positionis,</em></strong></span> <span class='ocrx_word' id='word_1_439' title='bbox 2535 4798 2677 4868; x_wconf 90' lang='lat' dir='ltr'><strong><em>quod</em></strong></span> <span class='ocrx_word' id='word_1_440' title='bbox 2714 4806 2871 4854; x_wconf 82' lang='lat' dir='ltr'><strong><em>antea</em></strong></span> <span class='ocrx_word' id='word_1_441' title='bbox 2908 4799 3229 4870; x_wconf 75' lang='lat' dir='ltr'><strong><em>prazlocutus</em></strong></span> <span class='ocrx_word' id='word_1_442' title='bbox 3255 4808 3337 4854; x_wconf 90' lang='lat' dir='ltr'><strong><em>est</em></strong></span> <span class='ocrx_word' id='word_1_443' title='bbox 3362 4798 3625 4856; x_wconf 79' lang='lat' dir='ltr'><strong><em>sacerdoti</em></strong></span> <span class='ocrx_word' id='word_1_444' title='bbox 3650 4811 3774 4854; x_wconf 85' lang='lat' dir='ltr'><strong><em>esse</em></strong></span> 
     </span>
    </p>
   </div>
   <div class='ocr_carea' id='block_1_50' title="bbox 483 4796 2069 4880">
    <p class='ocr_par' dir='ltr' id='par_1_50' title="bbox 483 4796 2069 4880">
     <span class='ocr_line' id='line_1_50' title="bbox 483 4796 2069 4880; baseline 0.006 -27"><span class='ocrx_word' id='word_1_445' title='bbox 483 4796 569 4853; x_wconf 89' lang='lat' dir='ltr'><strong><em>cui</em></strong></span> <span class='ocrx_word' id='word_1_446' title='bbox 600 4797 705 4853; x_wconf 87' lang='lat' dir='ltr'><strong><em>tale</em></strong></span> <span class='ocrx_word' id='word_1_447' title='bbox 732 4798 928 4869; x_wconf 88' lang='lat' dir='ltr'><strong><em>aliquid</em></strong></span> <span class='ocrx_word' id='word_1_448' title='bbox 953 4800 1308 4854; x_wconf 86' lang='lat' dir='ltr'><strong><em>necessarium</em></strong></span> <span class='ocrx_word' id='word_1_449' title='bbox 1334 4810 1434 4856; x_wconf 89' lang='lat' dir='ltr'><strong><em>est.</em></strong></span> <span class='ocrx_word' id='word_1_450' title='bbox 1469 4799 1620 4857; x_wconf 89' lang='lat' dir='ltr'><strong><em>Unde</em></strong></span> <span class='ocrx_word' id='word_1_451' title='bbox 1644 4805 1900 4861; x_wconf 78' lang='lat' dir='ltr'><strong><em>remansit</em></strong></span> <span class='ocrx_word' id='word_1_452' title='bbox 1918 4821 2069 4880; x_wconf 67' lang='lat' dir='ltr'><strong><em>qua:-</em></strong></span> 
     </span>
    </p>
   </div>
   <div class='ocr_carea' id='block_1_51' title="bbox 479 4888 2071 4971">
    <p class='ocr_par' dir='ltr' id='par_1_51' title="bbox 479 4888 2071 4971">
     <span class='ocr_line' id='line_1_51' title="bbox 479 4888 2071 4971; baseline 0.008 -26"><span class='ocrx_word' id='word_1_453' title='bbox 479 4889 605 4958; x_wconf 88' lang='lat' dir='ltr'><strong><em>stio,</em></strong></span> <span class='ocrx_word' id='word_1_454' title='bbox 637 4888 762 4960; x_wconf 91' lang='lat' dir='ltr'><strong><em>quid</em></strong></span> <span class='ocrx_word' id='word_1_455' title='bbox 802 4890 893 4946; x_wconf 89' lang='lat' dir='ltr'><strong><em>ﬁat</em></strong></span> <span class='ocrx_word' id='word_1_456' title='bbox 928 4891 997 4946; x_wconf 84' lang='lat' dir='ltr'><strong><em>de</em></strong></span> <span class='ocrx_word' id='word_1_457' title='bbox 1039 4891 1195 4963; x_wconf 88' lang='lat' dir='ltr'><strong><em>adipe</em></strong></span> <span class='ocrx_word' id='word_1_458' title='bbox 1231 4902 1545 4949; x_wconf 71' lang='lat' dir='ltr'><strong><em>caaterorum</em></strong></span> <span class='ocrx_word' id='word_1_459' title='bbox 1588 4896 1918 4968; x_wconf 88' lang='lat' dir='ltr'><strong><em>animalium,</em></strong></span> <span class='ocrx_word' id='word_1_460' title='bbox 1949 4916 2071 4971; x_wconf 69' lang='lat' dir='ltr'><strong><em>quae</em></strong></span> 
     </span>
    </p>
   </div>
   <div class='ocr_carea' id='block_1_52' title="bbox 482 4981 2069 5048">
    <p class='ocr_par' dir='ltr' id='par_1_52' title="bbox 482 4981 2069 5048">
     <span class='ocr_line' id='line_1_52' title="bbox 482 4981 2069 5048; baseline 0.008 -12"><span class='ocrx_word' id='word_1_461' title='bbox 482 4981 717 5038; x_wconf 78' lang='lat' dir='ltr'><strong><em>munda&#39;</em></strong></span> <span class='ocrx_word' id='word_1_462' title='bbox 742 4990 867 5038; x_wconf 90' lang='lat' dir='ltr'><strong><em>sunt</em></strong></span> <span class='ocrx_word' id='word_1_463' title='bbox 905 4982 972 5038; x_wconf 89' lang='lat' dir='ltr'><strong><em>ad</em></strong></span> <span class='ocrx_word' id='word_1_464' title='bbox 1012 4983 1354 5040; x_wconf 83' lang='lat' dir='ltr'><strong><em>vescendum.</em></strong></span> <span class='ocrx_word' id='word_1_465' title='bbox 1398 4984 1505 5042; x_wconf 83' lang='lat' dir='ltr'><strong><em>Sed</em></strong></span> <span class='ocrx_word' id='word_1_466' title='bbox 1536 5003 1657 5043; x_wconf 86' lang='lat' dir='ltr'><strong><em>cum</em></strong></span> <span class='ocrx_word' id='word_1_467' title='bbox 1699 4989 1828 5046; x_wconf 89' lang='lat' dir='ltr'><strong><em>dicit</em></strong></span> <span class='ocrx_word' id='word_1_468' title='bbox 1854 5007 2069 5048; x_wconf 90' lang='lat' dir='ltr'><strong><em>omnem</em></strong></span> 
     </span>
    </p>
   </div>
   <div class='ocr_carea' id='block_1_53' title="bbox 483 5071 2067 5151">
    <p class='ocr_par' dir='ltr' id='par_1_53' title="bbox 483 5071 2067 5151">
     <span class='ocr_line' id='line_1_53' title="bbox 483 5071 2067 5151; baseline 0.007 -24"><span class='ocrx_word' id='word_1_469' title='bbox 483 5071 717 5139; x_wconf 74' lang='lat' dir='ltr'><strong><em>animam</em></strong></span> <span class='ocrx_word' id='word_1_470' title='bbox 741 5074 914 5145; x_wconf 89' lang='lat' dir='ltr'><strong><em>perire</em></strong></span> <span class='ocrx_word' id='word_1_471' title='bbox 927 5073 996 5130; x_wconf 90' lang='lat' dir='ltr'><strong><em>de</em></strong></span> <span class='ocrx_word' id='word_1_472' title='bbox 1011 5075 1205 5145; x_wconf 87' lang='lat' dir='ltr'><strong><em>populo</em></strong></span> <span class='ocrx_word' id='word_1_473' title='bbox 1222 5091 1340 5144; x_wconf 82' lang='lat' dir='ltr'><strong><em>suo,</em></strong></span> <span class='ocrx_word' id='word_1_474' title='bbox 1359 5076 1451 5148; x_wconf 89' lang='lat' dir='ltr'><strong><em>qui</em></strong></span> <span class='ocrx_word' id='word_1_475' title='bbox 1468 5077 1636 5134; x_wconf 89' lang='lat' dir='ltr'><strong><em>ederit</em></strong></span> <span class='ocrx_word' id='word_1_476' title='bbox 1651 5078 1859 5151; x_wconf 86' lang='lat' dir='ltr'><strong><em>adipem</em></strong></span> <span class='ocrx_word' id='word_1_477' title='bbox 1881 5097 2067 5138; x_wconf 88' lang='lat' dir='ltr'><strong><em>eorum</em></strong></span> 
     </span>
    </p>
   </div>
   <div class='ocr_carea' id='block_1_54' title="bbox 481 5164 2068 5236">
    <p class='ocr_par' dir='ltr' id='par_1_54' title="bbox 481 5164 2068 5236">
     <span class='ocr_line' id='line_1_54' title="bbox 481 5164 2068 5236; baseline 0.007 -19"><span class='ocrx_word' id='word_1_478' title='bbox 481 5176 758 5232; x_wconf 85' lang='lat' dir='ltr'><strong><em>pecorum,</em></strong></span> <span class='ocrx_word' id='word_1_479' title='bbox 777 5179 840 5220; x_wconf 79' lang='lat' dir='ltr'><strong><em>ex</em></strong></span> <span class='ocrx_word' id='word_1_480' title='bbox 864 5164 1055 5236; x_wconf 85' lang='lat' dir='ltr'><strong><em>quibus</em></strong></span> <span class='ocrx_word' id='word_1_481' title='bbox 1074 5164 1302 5222; x_wconf 89' lang='lat' dir='ltr'><strong><em>Domino</em></strong></span> <span class='ocrx_word' id='word_1_482' title='bbox 1317 5165 1558 5232; x_wconf 85' lang='lat' dir='ltr'><strong><em>oﬁ&#39;ertur,</em></strong></span> <span class='ocrx_word' id='word_1_483' title='bbox 1577 5168 1786 5225; x_wconf 70' lang='lat' dir='ltr'><strong><em>videtur</em></strong></span> <span class='ocrx_word' id='word_1_484' title='bbox 1800 5170 2068 5229; x_wconf 89' lang='lat' dir='ltr'><strong><em>deﬁniisse</em></strong></span> 
     </span>
    </p>
   </div>
   <div class='ocr_carea' id='block_1_55' title="bbox 477 5254 2063 5333">
    <p class='ocr_par' dir='ltr' id='par_1_55' title="bbox 477 5254 2063 5333">
     <span class='ocr_line' id='line_1_55' title="bbox 477 5254 2063 5333; baseline 0.007 -24"><span class='ocrx_word' id='word_1_485' title='bbox 477 5254 626 5310; x_wconf 85' lang='lat' dir='ltr'><strong><em>illum</em></strong></span> <span class='ocrx_word' id='word_1_486' title='bbox 655 5266 854 5312; x_wconf 85' lang='lat' dir='ltr'><strong><em>tantum</em></strong></span> <span class='ocrx_word' id='word_1_487' title='bbox 879 5258 1088 5328; x_wconf 86' lang='lat' dir='ltr'><strong><em>adipem</em></strong></span> <span class='ocrx_word' id='word_1_488' title='bbox 1114 5257 1181 5314; x_wconf 90' lang='lat' dir='ltr'><strong><em>de</em></strong></span> <span class='ocrx_word' id='word_1_489' title='bbox 1202 5259 1484 5330; x_wconf 85' lang='lat' dir='ltr'><strong><em>pecoribus</em></strong></span> <span class='ocrx_word' id='word_1_490' title='bbox 1501 5262 1712 5317; x_wconf 91' lang='lat' dir='ltr'><strong><em>mundis</em></strong></span> <span class='ocrx_word' id='word_1_491' title='bbox 1740 5263 2063 5333; x_wconf 79' lang='lat' dir='ltr'><strong><em>prohibitum</em></strong></span> 
     </span>
    </p>
   </div>
   <div class='ocr_carea' id='block_1_56' title="bbox 475 5344 2064 5424">
    <p class='ocr_par' dir='ltr' id='par_1_56' title="bbox 475 5344 2064 5424">
     <span class='ocr_line' id='line_1_56' title="bbox 475 5344 2064 5424; baseline 0.008 -25"><span class='ocrx_word' id='word_1_492' title='bbox 475 5344 805 5413; x_wconf 90' lang='lat' dir='ltr'><strong><em>manducari,</em></strong></span> <span class='ocrx_word' id='word_1_493' title='bbox 832 5362 897 5404; x_wconf 78' lang='lat' dir='ltr'><strong><em>ex</em></strong></span> <span class='ocrx_word' id='word_1_494' title='bbox 922 5349 1114 5420; x_wconf 85' lang='lat' dir='ltr'><strong><em>quibus</em></strong></span> <span class='ocrx_word' id='word_1_495' title='bbox 1134 5350 1193 5403; x_wconf 90' lang='lat' dir='ltr'><strong><em>ﬁt</em></strong></span> <span class='ocrx_word' id='word_1_496' title='bbox 1216 5352 1532 5406; x_wconf 90' lang='lat' dir='ltr'><strong><em>sacriﬁcium</em></strong></span> <span class='ocrx_word' id='word_1_497' title='bbox 1555 5371 1568 5408; x_wconf 92' lang='lat'><strong>:</strong></span> <span class='ocrx_word' id='word_1_498' title='bbox 1590 5356 1830 5424; x_wconf 86' lang='lat' dir='ltr'><strong><em>quamvis</em></strong></span> <span class='ocrx_word' id='word_1_499' title='bbox 1849 5355 2064 5414; x_wconf 73' lang='lat' dir='ltr'><strong><em>Judzcos</em></strong></span> 
     </span>
    </p>
   </div>
   <div class='ocr_carea' id='block_1_57' title="bbox 473 5436 2060 5512">
    <p class='ocr_par' dir='ltr' id='par_1_57' title="bbox 473 5436 2060 5512">
     <span class='ocr_line' id='line_1_57' title="bbox 473 5436 2060 5512; baseline 0.008 -22"><span class='ocrx_word' id='word_1_500' title='bbox 473 5436 804 5494; x_wconf 79' lang='lat' dir='ltr'><strong><em>audierimus</em></strong></span> <span class='ocrx_word' id='word_1_501' title='bbox 831 5438 1030 5493; x_wconf 83' lang='lat' dir='ltr'><strong><em>mdium</em></strong></span> <span class='ocrx_word' id='word_1_502' title='bbox 1058 5439 1277 5496; x_wconf 89' lang='lat' dir='ltr'><strong><em>omnino</em></strong></span> <span class='ocrx_word' id='word_1_503' title='bbox 1302 5440 1513 5512; x_wconf 87' lang='lat' dir='ltr'><strong><em>adipem</em></strong></span> <span class='ocrx_word' id='word_1_504' title='bbox 1541 5443 1592 5497; x_wconf 88' lang='lat' dir='ltr'><strong><em>in</em></strong></span> <span class='ocrx_word' id='word_1_505' title='bbox 1625 5458 1800 5500; x_wconf 88' lang='lat' dir='ltr'><strong><em>escam</em></strong></span> <span class='ocrx_word' id='word_1_506' title='bbox 1826 5459 2060 5504; x_wconf 82' lang='lat' dir='ltr'><strong><em>sumere.</em></strong></span> 
     </span>
    </p>
   </div>
   <div class='ocr_carea' id='block_1_58' title="bbox 534 5571 2075 5648">
    <p class='ocr_par' dir='ltr' id='par_1_58' title="bbox 534 5571 2075 5648">
     <span class='ocr_line' id='line_1_58' title="bbox 534 5571 2075 5648; baseline -0.014 1"><span class='ocrx_word' id='word_1_507' title='bbox 790 5586 884 5626; x_wconf 70' lang='grc'><strong><em>’³0⁷⁸</em></strong></span> <span class='ocrx_word' id='word_1_508' title='bbox 920 5573 972 5627; x_wconf 64' lang='lat' dir='ltr'><strong><em>in</em></strong></span> <span class='ocrx_word' id='word_1_509' title='bbox 1016 5577 1245 5639; x_wconf 69' lang='grc' dir='ltr'><strong><em>θκευδίεὶ</em></strong></span> <span class='ocrx_word' id='word_1_510' title='bbox 1289 5583 1341 5630; x_wconf 81' lang='lat' dir='ltr'><strong><em>at</em></strong></span> <span class='ocrx_word' id='word_1_511' title='bbox 1360 5578 1409 5628; x_wconf 90' lang='lat' dir='ltr'><strong><em>in</em></strong></span> <span class='ocrx_word' id='word_1_512' title='bbox 1430 5584 1538 5631; x_wconf 73' lang='lat' dir='ltr'><strong><em>Mss.</em></strong></span> <span class='ocrx_word' id='word_1_513' title='bbox 1565 5588 1617 5632; x_wconf 88' lang='lat' dir='ltr'><strong><em>et</em></strong></span> <span class='ocrx_word' id='word_1_514' title='bbox 1636 5580 1764 5643; x_wconf 81' lang='lat' dir='ltr'><strong><em>apud</em></strong></span> <span class='ocrx_word' id='word_1_515' title='bbox 1779 5588 1889 5634; x_wconf 75' lang='lat' dir='ltr'><strong><em>LXX</em></strong></span> <span class='ocrx_word' id='word_1_516' title='bbox 1909 5595 2075 5648; x_wconf 20' lang='lat' dir='ltr'><strong><em>rapes.</em></strong></span> 
     </span>
    </p>
   </div>
   <div class='ocr_carea' id='block_1_59' title="bbox 471 5641 2062 5766">
    <p class='ocr_par' dir='ltr' id='par_1_59' title="bbox 471 5641 2062 5766">
     <span class='ocr_line' id='line_1_59' title="bbox 471 5641 2062 5766; baseline 0.013 -26"><span class='ocrx_word' id='word_1_517' title='bbox 471 5641 625 5766; x_wconf 43' lang='grc' dir='ltr'><strong><em>Ἶιξὲ.</em></strong></span> <span class='ocrx_word' id='word_1_518' title='bbox 646 5692 959 5766; x_wconf 57' lang='lat' dir='ltr'><strong><em>habenuqua</em></strong></span> <span class='ocrx_word' id='word_1_519' title='bbox 980 5697 1061 5750; x_wconf 86' lang='lat' dir='ltr'><strong><em>die</em></strong></span> <span class='ocrx_word' id='word_1_520' title='bbox 1081 5698 1322 5753; x_wconf 71' lang='lat' dir='ltr'><strong><em>convictus</em></strong></span> <span class='ocrx_word' id='word_1_521' title='bbox 1338 5700 1513 5766; x_wconf 63' lang='lat' dir='ltr'><strong><em>merit:</em></strong></span> <span class='ocrx_word' id='word_1_522' title='bbox 1531 5708 1576 5756; x_wconf 90' lang='lat' dir='ltr'><strong><em>et</em></strong></span> <span class='ocrx_word' id='word_1_523' title='bbox 1595 5701 1761 5756; x_wconf 61' lang='lat' dir='ltr'><strong><em>delicti</em></strong></span> <span class='ocrx_word' id='word_1_524' title='bbox 1772 5703 1867 5759; x_wconf 85' lang='lat' dir='ltr'><strong><em>sui.</em></strong></span> <span class='ocrx_word' id='word_1_525' title='bbox 1877 5710 2062 5760; x_wconf 79' lang='lat' dir='ltr'><strong><em>Lectio-</em></strong></span> 
     </span>
    </p>
   </div>
   <div class='ocr_carea' id='block_1_60' title="bbox 470 5755 1280 5815">
    <p class='ocr_par' dir='ltr' id='par_1_60' title="bbox 470 5755 1280 5815">
     <span class='ocr_line' id='line_1_60' title="bbox 470 5755 1280 5815; baseline 0.007 -8"><span class='ocrx_word' id='word_1_526' title='bbox 470 5755 523 5807; x_wconf 85' lang='lat' dir='ltr'><strong><em>nl</em></strong></span> <span class='ocrx_word' id='word_1_527' title='bbox 542 5762 617 5804; x_wconf 80' lang='lat' dir='ltr'><strong><em>Er.</em></strong></span> <span class='ocrx_word' id='word_1_528' title='bbox 643 5766 693 5813; x_wconf 85' lang='lat' dir='ltr'><strong><em>ct</em></strong></span> <span class='ocrx_word' id='word_1_529' title='bbox 718 5755 1166 5815; x_wconf 51' lang='lat' dir='ltr'><strong><em>Lomailbtcremus.</em></strong></span> <span class='ocrx_word' id='word_1_530' title='bbox 1222 5769 1280 5813; x_wconf 77' lang='grc' dir='ltr'><strong>Μ.</strong></span> 
     </span>
    </p>
   </div>
   <div class='ocr_carea' id='block_1_61' title="bbox 533 5817 1766 5904">
    <p class='ocr_par' dir='ltr' id='par_1_61' title="bbox 533 5817 1766 5904">
     <span class='ocr_line' id='line_1_61' title="bbox 533 5817 1766 5904; baseline 0.011 -37"><span class='ocrx_word' id='word_1_531' title='bbox 533 5817 557 5852; x_wconf 81' lang='grc'><strong><em>³</em></strong></span> <span class='ocrx_word' id='word_1_532' title='bbox 573 5819 1016 5904; x_wconf 55' lang='lat' dir='ltr'><strong><em>mitiuipunundte.</em></strong></span> <span class='ocrx_word' id='word_1_533' title='bbox 1037 5832 1144 5876; x_wconf 78' lang='lat' dir='ltr'><strong><em>Mss.</em></strong></span> <span class='ocrx_word' id='word_1_534' title='bbox 1168 5825 1383 5878; x_wconf 82' lang='lat' dir='ltr'><strong><em>melioris</em></strong></span> <span class='ocrx_word' id='word_1_535' title='bbox 1404 5833 1549 5891; x_wconf 63' lang='lat' dir='ltr'><strong><em>nota,</em></strong></span> <span class='ocrx_word' id='word_1_536' title='bbox 1564 5828 1766 5881; x_wconf 69' lang='lat' dir='ltr'><strong><em>madida.</em></strong></span> 
     </span>
    </p>
   </div>
   <div class='ocr_carea' id='block_1_62' title="bbox 1331 356 3069 458">
    <p class='ocr_par' dir='ltr' id='par_1_62' title="bbox 1331 356 3069 458">
     <span class='ocr_line' id='line_1_62' title="bbox 1331 356 3069 458; baseline -0.005 -10"><span class='ocrx_word' id='word_1_537' title='bbox 1331 385 1795 458; x_wconf 64' lang='lat' dir='ltr'><strong><em>Qumsnosuu</em></strong></span> <span class='ocrx_word' id='word_1_538' title='bbox 1832 384 1891 440; x_wconf 89' lang='lat' dir='ltr'><strong><em>s.</em></strong></span> <span class='ocrx_word' id='word_1_539' title='bbox 1931 378 2291 438; x_wconf 82' lang='lat' dir='ltr'><strong><em>AUGUSTINI</em></strong></span> <span class='ocrx_word' id='word_1_540' title='bbox 2335 380 2395 435; x_wconf 76' lang='lat' dir='ltr'><strong>IN</strong></span> <span class='ocrx_word' id='word_1_541' title='bbox 2435 381 2995 443; x_wconf 66' lang='lat' dir='ltr'><strong><em>uerrunucuuu</em></strong></span> <span class='ocrx_word' id='word_1_542' title='bbox 3032 356 3069 401; x_wconf 61' lang='grc' dir='ltr'><strong>ν</strong></span> 
     </span>
    </p>
   </div>
   <div class='ocr_carea' id='block_1_63' title="bbox 2203 492 3784 571">
    <p class='ocr_par' dir='ltr' id='par_1_63' title="bbox 2203 492 3784 571">
     <span class='ocr_line' id='line_1_63' title="bbox 2203 492 3784 571; baseline 0.008 -24"><span class='ocrx_word' id='word_1_543' title='bbox 2203 492 2309 548; x_wconf 88' lang='lat' dir='ltr'><strong><em>Sed</em></strong></span> <span class='ocrx_word' id='word_1_544' title='bbox 2334 493 2460 565; x_wconf 80' lang='lat' dir='ltr'><strong><em>quid</em></strong></span> <span class='ocrx_word' id='word_1_545' title='bbox 2485 493 2753 565; x_wconf 68' lang='lat' dir='ltr'><strong><em>Scriptura</em></strong></span> <span class='ocrx_word' id='word_1_546' title='bbox 2780 496 3027 565; x_wconf 87' lang='lat' dir='ltr'><strong><em>voluerit,</em></strong></span> <span class='ocrx_word' id='word_1_547' title='bbox 3051 511 3158 552; x_wconf 83' lang='lat' dir='ltr'><strong><em>non</em></strong></span> <span class='ocrx_word' id='word_1_548' title='bbox 3180 497 3308 568; x_wconf 85' lang='lat' dir='ltr'><strong><em>quid</em></strong></span> <span class='ocrx_word' id='word_1_549' title='bbox 3331 499 3407 556; x_wconf 86' lang='lat' dir='ltr'><strong><em>illi</em></strong></span> <span class='ocrx_word' id='word_1_550' title='bbox 3435 500 3638 571; x_wconf 86' lang='lat' dir='ltr'><strong><em>opinatt</em></strong></span> <span class='ocrx_word' id='word_1_551' title='bbox 3668 500 3784 560; x_wconf 82' lang='lat' dir='ltr'><strong><em>fuc-</em></strong></span> 
     </span>
    </p>
   </div>
   <div class='ocr_carea' id='block_1_64' title="bbox 2197 584 3787 663">
    <p class='ocr_par' dir='ltr' id='par_1_64' title="bbox 2197 584 3787 663">
     <span class='ocr_line' id='line_1_64' title="bbox 2197 584 3787 663; baseline 0.008 -23"><span class='ocrx_word' id='word_1_552' title='bbox 2197 584 2326 649; x_wconf 80' lang='lat' dir='ltr'><strong><em>rint,</em></strong></span> <span class='ocrx_word' id='word_1_553' title='bbox 2355 585 2757 656; x_wconf 83' lang='lat' dir='ltr'><strong><em>requirendum.</em></strong></span> <span class='ocrx_word' id='word_1_554' title='bbox 2780 586 3021 658; x_wconf 89' lang='lat' dir='ltr'><strong><em>Denique</em></strong></span> <span class='ocrx_word' id='word_1_555' title='bbox 3046 588 3462 651; x_wconf 78' lang='lat' dir='ltr'><strong><em>noninveniunt</em></strong></span> <span class='ocrx_word' id='word_1_556' title='bbox 3486 591 3614 663; x_wconf 89' lang='lat' dir='ltr'><strong><em>quid</em></strong></span> <span class='ocrx_word' id='word_1_557' title='bbox 3646 606 3787 653; x_wconf 85' lang='lat' dir='ltr'><strong><em>recte</em></strong></span> 
     </span>
    </p>
   </div>
   <div class='ocr_carea' id='block_1_65' title="bbox 2198 674 3786 754">
    <p class='ocr_par' dir='ltr' id='par_1_65' title="bbox 2198 674 3786 754">
     <span class='ocr_line' id='line_1_65' title="bbox 2198 674 3786 754; baseline 0.009 -25"><span class='ocrx_word' id='word_1_558' title='bbox 2198 675 2265 731; x_wconf 89' lang='lat' dir='ltr'><strong><em>de</em></strong></span> <span class='ocrx_word' id='word_1_559' title='bbox 2290 674 2447 746; x_wconf 81' lang='lat' dir='ltr'><strong><em>adipe</em></strong></span> <span class='ocrx_word' id='word_1_560' title='bbox 2472 675 2690 743; x_wconf 79' lang='lat' dir='ltr'><strong><em>faciant,</em></strong></span> <span class='ocrx_word' id='word_1_561' title='bbox 2720 676 2865 735; x_wconf 86' lang='lat' dir='ltr'><strong><em>unde</em></strong></span> <span class='ocrx_word' id='word_1_562' title='bbox 2882 691 2944 734; x_wconf 87' lang='lat' dir='ltr'><strong><em>se</em></strong></span> <span class='ocrx_word' id='word_1_563' title='bbox 2959 677 3250 746; x_wconf 78' lang='lat' dir='ltr'><strong><em>abstinent,</em></strong></span> <span class='ocrx_word' id='word_1_564' title='bbox 3279 689 3334 737; x_wconf 88' lang='lat' dir='ltr'><strong><em>et</em></strong></span> <span class='ocrx_word' id='word_1_565' title='bbox 3356 684 3627 754; x_wconf 83' lang='lat' dir='ltr'><strong><em>quomodo</em></strong></span> <span class='ocrx_word' id='word_1_566' title='bbox 3660 701 3786 744; x_wconf 86' lang='lat' dir='ltr'><strong><em>cum</em></strong></span> 
     </span>
    </p>
   </div>
   <div class='ocr_carea' id='block_1_66' title="bbox 2199 766 3789 843">
    <p class='ocr_par' dir='ltr' id='par_1_66' title="bbox 2199 766 3789 843">
     <span class='ocr_line' id='line_1_66' title="bbox 2199 766 3789 843; baseline 0.008 -23"><span class='ocrx_word' id='word_1_567' title='bbox 2199 766 2499 839; x_wconf 87' lang='lat' dir='ltr'><strong><em>projiciant,</em></strong></span> <span class='ocrx_word' id='word_1_568' title='bbox 2540 781 2667 824; x_wconf 86' lang='lat' dir='ltr'><strong><em>cum</em></strong></span> <span class='ocrx_word' id='word_1_569' title='bbox 2703 767 2905 824; x_wconf 89' lang='lat' dir='ltr'><strong><em>dictum</em></strong></span> <span class='ocrx_word' id='word_1_570' title='bbox 2932 770 3018 838; x_wconf 86' lang='lat' dir='ltr'><strong><em>sit,</em></strong></span> <span class='ocrx_word' id='word_1_571' title='bbox 3060 769 3238 827; x_wconf 73' lang='lat' dir='ltr'><strong><em>Omnis</em></strong></span> <span class='ocrx_word' id='word_1_572' title='bbox 3275 774 3432 843; x_wconf 84' lang='lat' dir='ltr'><strong><em>adeps</em></strong></span> <span class='ocrx_word' id='word_1_573' title='bbox 3454 773 3715 842; x_wconf 83' lang='lat' dir='ltr'><strong><em>Domine;</em></strong></span> <span class='ocrx_word' id='word_1_574' title='bbox 3741 779 3789 834; x_wconf 80' lang='lat' dir='ltr'><strong><em>si</em></strong></span> 
     </span>
    </p>
   </div>
   <div class='ocr_carea' id='block_1_67' title="bbox 2196 859 3787 932">
    <p class='ocr_par' dir='ltr' id='par_1_67' title="bbox 2196 859 3787 932">
     <span class='ocr_line' id='line_1_67' title="bbox 2196 859 3787 932; baseline 0.008 -18"><span class='ocrx_word' id='word_1_575' title='bbox 2196 874 2302 915; x_wconf 89' lang='lat' dir='ltr'><strong><em>non</em></strong></span> <span class='ocrx_word' id='word_1_576' title='bbox 2325 859 2535 931; x_wconf 85' lang='lat' dir='ltr'><strong><em>adipem</em></strong></span> <span class='ocrx_word' id='word_1_577' title='bbox 2577 860 2978 918; x_wconf 15' lang='lat' dir='ltr'><strong><em>sacriﬁciorum.</em></strong></span> <span class='ocrx_word' id='word_1_578' title='bbox 3008 869 3239 932; x_wconf 85' lang='lat' dir='ltr'><strong><em>tantum,</em></strong></span> <span class='ocrx_word' id='word_1_579' title='bbox 3273 866 3369 923; x_wconf 87' lang='lat' dir='ltr'><strong><em>sed</em></strong></span> <span class='ocrx_word' id='word_1_580' title='bbox 3411 868 3575 924; x_wconf 86' lang='lat' dir='ltr'><strong><em>etiam</em></strong></span> <span class='ocrx_word' id='word_1_581' title='bbox 3599 884 3787 927; x_wconf 86' lang='lat' dir='ltr'><strong><em>eorum</em></strong></span> 
     </span>
    </p>
   </div>
   <div class='ocr_carea' id='block_1_68' title="bbox 2195 950 3790 1031">
    <p class='ocr_par' dir='ltr' id='par_1_68' title="bbox 2195 950 3790 1031">
     <span class='ocr_line' id='line_1_68' title="bbox 2195 950 3790 1031; baseline 0.009 -26"><span class='ocrx_word' id='word_1_582' title='bbox 2195 951 2503 1006; x_wconf 88' lang='lat' dir='ltr'><strong><em>animalium</em></strong></span> <span class='ocrx_word' id='word_1_583' title='bbox 2531 950 2601 1008; x_wconf 85' lang='lat' dir='ltr'><strong><em>de</em></strong></span> <span class='ocrx_word' id='word_1_584' title='bbox 2636 952 2830 1022; x_wconf 87' lang='lat' dir='ltr'><strong><em>quibus</em></strong></span> <span class='ocrx_word' id='word_1_585' title='bbox 2869 968 2974 1010; x_wconf 90' lang='lat' dir='ltr'><strong><em>non</em></strong></span> <span class='ocrx_word' id='word_1_586' title='bbox 3017 956 3367 1027; x_wconf 89' lang='lat' dir='ltr'><strong><em>sacriﬁcatur,</em></strong></span> <span class='ocrx_word' id='word_1_587' title='bbox 3410 961 3654 1031; x_wconf 77' lang='lat' dir='ltr'><strong><em>quamvis</em></strong></span> <span class='ocrx_word' id='word_1_588' title='bbox 3682 963 3790 1019; x_wconf 60' lang='lat' dir='ltr'><strong><em>ima</em></strong></span> 
     </span>
    </p>
   </div>
   <div class='ocr_carea' id='block_1_69' title="bbox 2194 1044 3146 1119">
    <p class='ocr_par' dir='ltr' id='par_1_69' title="bbox 2194 1044 3146 1119">
     <span class='ocr_line' id='line_1_69' title="bbox 2194 1044 3146 1119; baseline 0.004 -21"><span class='ocrx_word' id='word_1_589' title='bbox 2194 1044 2534 1109; x_wconf 86' lang='lat' dir='ltr'><strong><em>mundorum,</em></strong></span> <span class='ocrx_word' id='word_1_590' title='bbox 2568 1044 2656 1100; x_wconf 85' lang='lat' dir='ltr'><strong><em>hic</em></strong></span> <span class='ocrx_word' id='word_1_591' title='bbox 2682 1045 2870 1101; x_wconf 86' lang='lat' dir='ltr'><strong><em>volunt</em></strong></span> <span class='ocrx_word' id='word_1_592' title='bbox 2902 1045 3146 1119; x_wconf 78' lang='lat' dir='ltr'><strong><em>intelligi.</em></strong></span> 
     </span>
    </p>
   </div>
   <div class='ocr_carea' id='block_1_70' title="bbox 2238 1127 3789 1213">
    <p class='ocr_par' dir='ltr' id='par_1_70' title="bbox 2238 1127 3789 1213">
     <span class='ocr_line' id='line_1_70' title="bbox 2238 1127 3789 1213; baseline 0.009 -25"><span class='ocrx_word' id='word_1_593' title='bbox 2238 1127 2242 1132; x_wconf 79' lang='grc'><strong>’</strong></span> <span class='ocrx_word' id='word_1_594' title='bbox 2267 1134 2436 1190; x_wconf 81' lang='lat' dir='ltr'><strong>XXII.</strong></span> <span class='ocrx_word' id='word_1_595' title='bbox 2468 1133 2569 1208; x_wconf 82' lang='grc'><strong>[11).</strong></span> <span class='ocrx_word' id='word_1_596' title='bbox 2586 1151 2681 1203; x_wconf 85' lang='lat' dir='ltr'><strong><em>v11,</em></strong></span> <span class='ocrx_word' id='word_1_597' title='bbox 2703 1135 2916 1210; x_wconf 69' lang='lat'><strong><em>29-54.]</em></strong></span> <span class='ocrx_word' id='word_1_598' title='bbox 2938 1137 3076 1204; x_wconf 85' lang='lat' dir='ltr'><strong><em>Quid</em></strong></span> <span class='ocrx_word' id='word_1_599' title='bbox 3093 1140 3194 1195; x_wconf 90' lang='lat' dir='ltr'><strong><em>sibi</em></strong></span> <span class='ocrx_word' id='word_1_600' title='bbox 3220 1140 3336 1197; x_wconf 91' lang='lat' dir='ltr'><strong><em>vult</em></strong></span> <span class='ocrx_word' id='word_1_601' title='bbox 3359 1143 3502 1213; x_wconf 87' lang='lat' dir='ltr'><strong><em>quod</em></strong></span> <span class='ocrx_word' id='word_1_602' title='bbox 3531 1142 3600 1200; x_wconf 85' lang='lat' dir='ltr'><strong><em>de</em></strong></span> <span class='ocrx_word' id='word_1_603' title='bbox 3622 1147 3789 1201; x_wconf 70' lang='grc' dir='ltr'><strong><em>επίτί-</em></strong></span> 
     </span>
    </p>
   </div>
   <div class='ocr_carea' id='block_1_71' title="bbox 2160 1225 3787 1307">
    <p class='ocr_par' dir='ltr' id='par_1_71' title="bbox 2160 1225 3787 1307">
     <span class='ocr_line' id='line_1_71' title="bbox 2160 1225 3787 1307; baseline 0.011 -30"><span class='ocrx_word' id='word_1_604' title='bbox 2160 1274 2163 1277; x_wconf 87' lang='grc'><strong><em>.</em></strong></span> <span class='ocrx_word' id='word_1_605' title='bbox 2195 1225 2324 1283; x_wconf 81' lang='lat' dir='ltr'><strong><em>ﬁciis</em></strong></span> <span class='ocrx_word' id='word_1_606' title='bbox 2345 1229 2591 1283; x_wconf 87' lang='lat' dir='ltr'><strong><em>salutaris</em></strong></span> <span class='ocrx_word' id='word_1_607' title='bbox 2623 1228 2817 1285; x_wconf 89' lang='lat' dir='ltr'><strong><em>iterum</em></strong></span> <span class='ocrx_word' id='word_1_608' title='bbox 2839 1229 3111 1297; x_wconf 87' lang='lat' dir='ltr'><strong><em>admonet,</em></strong></span> <span class='ocrx_word' id='word_1_609' title='bbox 3129 1240 3185 1287; x_wconf 87' lang='lat' dir='ltr'><strong><em>et</em></strong></span> <span class='ocrx_word' id='word_1_610' title='bbox 3207 1232 3356 1301; x_wconf 87' lang='lat' dir='ltr'><strong><em>dicit,</em></strong></span> <span class='ocrx_word' id='word_1_611' title='bbox 3378 1249 3501 1291; x_wconf 88' lang='lat' dir='ltr'><strong><em>eum</em></strong></span> <span class='ocrx_word' id='word_1_612' title='bbox 3521 1237 3608 1307; x_wconf 87' lang='lat' dir='ltr'><strong><em>qui</em></strong></span> <span class='ocrx_word' id='word_1_613' title='bbox 3630 1238 3787 1295; x_wconf 75' lang='lat' dir='ltr'><strong><em>oﬁ&#39;crt</em></strong></span> 
     </span>
    </p>
   </div>
   <div class='ocr_carea' id='block_1_72' title="bbox 2193 1318 3786 1394">
    <p class='ocr_par' dir='ltr' id='par_1_72' title="bbox 2193 1318 3786 1394">
     <span class='ocr_line' id='line_1_72' title="bbox 2193 1318 3786 1394; baseline 0.008 -19"><span class='ocrx_word' id='word_1_614' title='bbox 2193 1318 2390 1375; x_wconf 92' lang='lat' dir='ltr'><strong><em>donum</em></strong></span> <span class='ocrx_word' id='word_1_615' title='bbox 2410 1319 2652 1375; x_wconf 88' lang='lat' dir='ltr'><strong><em>sacriﬁcii</em></strong></span> <span class='ocrx_word' id='word_1_616' title='bbox 2675 1321 2919 1377; x_wconf 85' lang='lat' dir='ltr'><strong><em>salutaris</em></strong></span> <span class='ocrx_word' id='word_1_617' title='bbox 2931 1323 3037 1389; x_wconf 82' lang='lat' dir='ltr'><strong><em>sui,</em></strong></span> <span class='ocrx_word' id='word_1_618' title='bbox 3060 1328 3421 1394; x_wconf 83' lang='lat' dir='ltr'><strong><em>pectusculum</em></strong></span> <span class='ocrx_word' id='word_1_619' title='bbox 3440 1338 3495 1383; x_wconf 88' lang='lat' dir='ltr'><strong><em>et</em></strong></span> <span class='ocrx_word' id='word_1_620' title='bbox 3511 1328 3786 1390; x_wconf 82' lang='lat' dir='ltr'><strong><em>brachium</em></strong></span> 
     </span>
    </p>
   </div>
   <div class='ocr_carea' id='block_1_73' title="bbox 2192 1411 3788 1493">
    <p class='ocr_par' dir='ltr' id='par_1_73' title="bbox 2192 1411 3788 1493">
     <span class='ocr_line' id='line_1_73' title="bbox 2192 1411 3788 1493; baseline 0.008 -27"><span class='ocrx_word' id='word_1_621' title='bbox 2192 1411 2559 1468; x_wconf 80' lang='lat' dir='ltr'><strong><em>sacerdotibus</em></strong></span> <span class='ocrx_word' id='word_1_622' title='bbox 2586 1412 2718 1470; x_wconf 85' lang='lat' dir='ltr'><strong><em>dare</em></strong></span> <span class='ocrx_word' id='word_1_623' title='bbox 2745 1413 2965 1482; x_wconf 88' lang='lat' dir='ltr'><strong><em>debere,</em></strong></span> <span class='ocrx_word' id='word_1_624' title='bbox 2990 1415 3064 1470; x_wconf 85' lang='lat' dir='ltr'><strong><em>ita</em></strong></span> <span class='ocrx_word' id='word_1_625' title='bbox 3094 1423 3298 1483; x_wconf 87' lang='lat' dir='ltr'><strong><em>tamen,</em></strong></span> <span class='ocrx_word' id='word_1_626' title='bbox 3329 1428 3389 1475; x_wconf 91' lang='lat' dir='ltr'><strong><em>ut</em></strong></span> <span class='ocrx_word' id='word_1_627' title='bbox 3416 1419 3582 1491; x_wconf 89' lang='lat' dir='ltr'><strong><em>adeps</em></strong></span> <span class='ocrx_word' id='word_1_628' title='bbox 3613 1432 3788 1493; x_wconf 89' lang='lat' dir='ltr'><strong><em>pectu-</em></strong></span> 
     </span>
    </p>
   </div>
   <div class='ocr_carea' id='block_1_74' title="bbox 2193 1500 3789 1583">
    <p class='ocr_par' dir='ltr' id='par_1_74' title="bbox 2193 1500 3789 1583">
     <span class='ocr_line' id='line_1_74' title="bbox 2193 1500 3789 1583; baseline 0.008 -26"><span class='ocrx_word' id='word_1_629' title='bbox 2193 1501 2324 1557; x_wconf 79' lang='lat' dir='ltr'><strong><em>sculi</em></strong></span> <span class='ocrx_word' id='word_1_630' title='bbox 2352 1500 2605 1557; x_wconf 78' lang='lat' dir='ltr'><strong><em>oﬁeratur</em></strong></span> <span class='ocrx_word' id='word_1_631' title='bbox 2633 1503 2859 1559; x_wconf 91' lang='lat' dir='ltr'><strong><em>Domino</em></strong></span> <span class='ocrx_word' id='word_1_632' title='bbox 2883 1505 3187 1575; x_wconf 82' lang='lat' dir='ltr'><strong><em>cumpinoa</em></strong></span> <span class='ocrx_word' id='word_1_633' title='bbox 3207 1507 3467 1578; x_wconf 80' lang='lat' dir='ltr'><strong><em>jecinoris</em></strong></span> <span class='ocrx_word' id='word_1_634' title='bbox 3484 1512 3534 1583; x_wconf 71' lang='grc' dir='ltr'>ις</span> <span class='ocrx_word' id='word_1_635' title='bbox 3557 1525 3678 1567; x_wconf 84' lang='lat' dir='ltr'><strong><em>cum</em></strong></span> <span class='ocrx_word' id='word_1_636' title='bbox 3696 1521 3789 1569; x_wconf 72' lang='lat' dir='ltr'><strong><em>sn-</em></strong></span> 
     </span>
    </p>
   </div>
   <div class='ocr_carea' id='block_1_75' title="bbox 2192 1593 3787 1674">
    <p class='ocr_par' dir='ltr' id='par_1_75' title="bbox 2192 1593 3787 1674">
     <span class='ocr_line' id='line_1_75' title="bbox 2192 1593 3787 1674; baseline 0.009 -27"><span class='ocrx_word' id='word_1_637' title='bbox 2192 1593 2372 1663; x_wconf 89' lang='lat' dir='ltr'><strong><em>perius</em></strong></span> <span class='ocrx_word' id='word_1_638' title='bbox 2390 1594 2618 1665; x_wconf 83' lang='lat' dir='ltr'><strong><em>loquens</em></strong></span> <span class='ocrx_word' id='word_1_639' title='bbox 2638 1594 2708 1652; x_wconf 89' lang='lat' dir='ltr'><strong><em>de</em></strong></span> <span class='ocrx_word' id='word_1_640' title='bbox 2729 1596 3009 1654; x_wconf 81' lang='lat' dir='ltr'><strong><em>sacriﬁciis</em></strong></span> <span class='ocrx_word' id='word_1_641' title='bbox 3030 1599 3280 1657; x_wconf 86' lang='lat' dir='ltr'><strong><em>salutaris</em></strong></span> <span class='ocrx_word' id='word_1_642' title='bbox 3296 1602 3510 1672; x_wconf 81' lang='lat' dir='ltr'><strong><em>pinnam</em></strong></span> <span class='ocrx_word' id='word_1_643' title='bbox 3532 1603 3787 1674; x_wconf 82' lang='lat' dir='ltr'><strong><em>jecinoris</em></strong></span> 
     </span>
    </p>
   </div>
   <div class='ocr_carea' id='block_1_76' title="bbox 2191 1686 3793 1757">
    <p class='ocr_par' dir='ltr' id='par_1_76' title="bbox 2191 1686 3793 1757">
     <span class='ocr_line' id='line_1_76' title="bbox 2191 1686 3793 1757; baseline 0.008 -17"><span class='ocrx_word' id='word_1_644' title='bbox 2191 1700 2312 1741; x_wconf 88' lang='lat' dir='ltr'><strong><em>cum</em></strong></span> <span class='ocrx_word' id='word_1_645' title='bbox 2339 1686 2496 1757; x_wconf 82' lang='lat' dir='ltr'><strong><em>adipe</em></strong></span> <span class='ocrx_word' id='word_1_646' title='bbox 2524 1687 2725 1744; x_wconf 85' lang='lat' dir='ltr'><strong><em>ventris</em></strong></span> <span class='ocrx_word' id='word_1_647' title='bbox 2758 1696 2815 1745; x_wconf 90' lang='lat' dir='ltr'><strong><em>et</em></strong></span> <span class='ocrx_word' id='word_1_648' title='bbox 2837 1706 3023 1746; x_wconf 89' lang='lat' dir='ltr'><strong><em>renum</em></strong></span> <span class='ocrx_word' id='word_1_649' title='bbox 3058 1701 3114 1747; x_wconf 88' lang='lat' dir='ltr'><strong><em>et</em></strong></span> <span class='ocrx_word' id='word_1_650' title='bbox 3134 1693 3436 1751; x_wconf 87' lang='lat' dir='ltr'><strong><em>lumborum</em></strong></span> <span class='ocrx_word' id='word_1_651' title='bbox 3466 1695 3647 1751; x_wconf 85' lang='lat' dir='ltr'><strong><em>oll&#39;erri</em></strong></span> <span class='ocrx_word' id='word_1_652' title='bbox 3677 1698 3793 1753; x_wconf 63' lang='lat' dir='ltr'><strong><em>Do-~</em></strong></span> 
     </span>
    </p>
   </div>
   <div class='ocr_carea' id='block_1_77' title="bbox 2190 1776 3787 1858">
    <p class='ocr_par' dir='ltr' id='par_1_77' title="bbox 2190 1776 3787 1858">
     <span class='ocr_line' id='line_1_77' title="bbox 2190 1776 3787 1858; baseline 0.008 -28"><span class='ocrx_word' id='word_1_653' title='bbox 2190 1776 2338 1832; x_wconf 87' lang='lat' dir='ltr'><strong><em>mino</em></strong></span> <span class='ocrx_word' id='word_1_654' title='bbox 2369 1779 2688 1849; x_wconf 60' lang='lat' dir='ltr'><strong><em>perceperit</em></strong></span> <span class='ocrx_word' id='word_1_655' title='bbox 2708 1777 2891 1853; x_wconf 77' lang='lat' dir='ltr'><strong><em>(Leuit.</em></strong></span> <span class='ocrx_word' id='word_1_656' title='bbox 2915 1796 2989 1849; x_wconf 91' lang='lat' dir='ltr'><strong><em>1v,</em></strong></span> <span class='ocrx_word' id='word_1_657' title='bbox 3009 1779 3089 1855; x_wconf 91' lang='lat'><strong><em>9),</em></strong></span> <span class='ocrx_word' id='word_1_658' title='bbox 3109 1785 3333 1839; x_wconf 87' lang='lat' dir='ltr'><strong><em>tacuerit</em></strong></span> <span class='ocrx_word' id='word_1_659' title='bbox 3352 1793 3528 1841; x_wconf 89' lang='lat' dir='ltr'><strong><em>autem</em></strong></span> <span class='ocrx_word' id='word_1_660' title='bbox 3546 1785 3613 1842; x_wconf 90' lang='lat' dir='ltr'><strong><em>de</em></strong></span> <span class='ocrx_word' id='word_1_661' title='bbox 3627 1786 3787 1858; x_wconf 84' lang='lat' dir='ltr'><strong><em>adipe</em></strong></span> 
     </span>
    </p>
   </div>
   <div class='ocr_carea' id='block_1_78' title="bbox 2191 1869 3789 1943">
    <p class='ocr_par' dir='ltr' id='par_1_78' title="bbox 2191 1869 3789 1943">
     <span class='ocr_line' id='line_1_78' title="bbox 2191 1869 3789 1943; baseline 0.009 -21"><span class='ocrx_word' id='word_1_662' title='bbox 2191 1869 2519 1938; x_wconf 77' lang='lat' dir='ltr'><strong><em>pectusculi?</em></strong></span> <span class='ocrx_word' id='word_1_663' title='bbox 2537 1871 2619 1925; x_wconf 79' lang='lat' dir='ltr'><strong><em>An</em></strong></span> <span class='ocrx_word' id='word_1_664' title='bbox 2639 1871 2781 1942; x_wconf 86' lang='lat' dir='ltr'><strong><em>quod</em></strong></span> <span class='ocrx_word' id='word_1_665' title='bbox 2799 1871 2871 1927; x_wconf 88' lang='lat' dir='ltr'><strong><em>ibi</em></strong></span> <span class='ocrx_word' id='word_1_666' title='bbox 2887 1876 3250 1943; x_wconf 60' lang='lat' dir='ltr'><strong><em>praetermisit,</em></strong></span> <span class='ocrx_word' id='word_1_667' title='bbox 3276 1876 3362 1932; x_wconf 86' lang='lat' dir='ltr'><strong><em>hic</em></strong></span> <span class='ocrx_word' id='word_1_668' title='bbox 3376 1881 3789 1936; x_wconf 75' lang='lat' dir='ltr'><strong><em>commemorat?</em></strong></span> 
     </span>
    </p>
   </div>
   <div class='ocr_carea' id='block_1_79' title="bbox 2191 1958 3841 2040">
    <p class='ocr_par' dir='ltr' id='par_1_79' title="bbox 2191 1958 3841 2040">
     <span class='ocr_line' id='line_1_79' title="bbox 2191 1958 3841 2040; baseline 0.01 -28"><span class='ocrx_word' id='word_1_669' title='bbox 2191 1958 2366 2025; x_wconf 85' lang='lat' dir='ltr'><strong><em>Quare</em></strong></span> <span class='ocrx_word' id='word_1_670' title='bbox 2385 1974 2514 2031; x_wconf 77' lang='lat' dir='ltr'><strong><em>ergo</em></strong></span> <span class='ocrx_word' id='word_1_671' title='bbox 2550 1960 2620 2016; x_wconf 89' lang='lat' dir='ltr'><strong><em>de</em></strong></span> <span class='ocrx_word' id='word_1_672' title='bbox 2658 1962 2818 2033; x_wconf 91' lang='lat' dir='ltr'><strong><em>pinna</em></strong></span> <span class='ocrx_word' id='word_1_673' title='bbox 2848 1962 3104 2033; x_wconf 84' lang='lat' dir='ltr'><strong><em>jecinoris</em></strong></span> <span class='ocrx_word' id='word_1_674' title='bbox 3119 1976 3183 2022; x_wconf 77' lang='lat' dir='ltr'><strong><em>‘et</em></strong></span> <span class='ocrx_word' id='word_1_675' title='bbox 3209 1967 3277 2023; x_wconf 90' lang='lat' dir='ltr'><strong><em>ibi</em></strong></span> <span class='ocrx_word' id='word_1_676' title='bbox 3302 1977 3358 2024; x_wconf 91' lang='lat' dir='ltr'><strong><em>et</em></strong></span> <span class='ocrx_word' id='word_1_677' title='bbox 3382 1968 3502 2025; x_wconf 79' lang='lat' dir='ltr'><strong><em>hic?</em></strong></span> <span class='ocrx_word' id='word_1_678' title='bbox 3529 1973 3610 2027; x_wconf 83' lang='lat' dir='ltr'><strong><em>An</em></strong></span> <span class='ocrx_word' id='word_1_679' title='bbox 3646 1971 3787 2029; x_wconf 79' lang='lat' dir='ltr'><strong><em>ferte</em></strong></span> <span class='ocrx_word' id='word_1_680' title='bbox 3834 2031 3841 2040; x_wconf 88' lang='lat'>_</span> 
     </span>
    </p>
   </div>
   <div class='ocr_carea' id='block_1_80' title="bbox 2188 2051 3789 2127">
    <p class='ocr_par' dir='ltr' id='par_1_80' title="bbox 2188 2051 3789 2127">
     <span class='ocr_line' id='line_1_80' title="bbox 2188 2051 3789 2127; baseline 0.007 -20"><span class='ocrx_word' id='word_1_681' title='bbox 2188 2051 2390 2123; x_wconf 83' lang='lat' dir='ltr'><strong><em>aliquid</em></strong></span> <span class='ocrx_word' id='word_1_682' title='bbox 2432 2053 2658 2109; x_wconf 85' lang='lat' dir='ltr'><strong><em>interest</em></strong></span> <span class='ocrx_word' id='word_1_683' title='bbox 2696 2054 2841 2125; x_wconf 86' lang='lat' dir='ltr'><strong><em>quod</em></strong></span> <span class='ocrx_word' id='word_1_684' title='bbox 2888 2057 3132 2127; x_wconf 85' lang='lat' dir='ltr'><strong><em>superius</em></strong></span> <span class='ocrx_word' id='word_1_685' title='bbox 3159 2059 3229 2115; x_wconf 85' lang='lat' dir='ltr'><strong><em>de</em></strong></span> <span class='ocrx_word' id='word_1_686' title='bbox 3253 2061 3517 2116; x_wconf 88' lang='lat' dir='ltr'><strong><em>sacriﬁcio</em></strong></span> <span class='ocrx_word' id='word_1_687' title='bbox 3538 2063 3789 2119; x_wconf 81' lang='lat' dir='ltr'><strong><em>salutaris</em></strong></span> 
     </span>
    </p>
   </div>
   <div class='ocr_carea' id='block_1_81' title="bbox 2191 2143 3788 2221">
    <p class='ocr_par' dir='ltr' id='par_1_81' title="bbox 2191 2143 3788 2221">
     <span class='ocr_line' id='line_1_81' title="bbox 2191 2143 3788 2221; baseline 0.008 -24"><span class='ocrx_word' id='word_1_688' title='bbox 2191 2143 2460 2214; x_wconf 66' lang='lat' dir='ltr'><strong><em>praecepit,</em></strong></span> <span class='ocrx_word' id='word_1_689' title='bbox 2486 2144 2574 2201; x_wconf 81' lang='lat' dir='ltr'><strong><em>hic</em></strong></span> <span class='ocrx_word' id='word_1_690' title='bbox 2591 2153 2769 2201; x_wconf 87' lang='lat' dir='ltr'><strong><em>autem</em></strong></span> <span class='ocrx_word' id='word_1_691' title='bbox 2799 2144 3002 2202; x_wconf 90' lang='lat' dir='ltr'><strong><em>addidit</em></strong></span> <span class='ocrx_word' id='word_1_692' title='bbox 3028 2148 3129 2218; x_wconf 91' lang='lat' dir='ltr'><strong><em>sui,</em></strong></span> <span class='ocrx_word' id='word_1_693' title='bbox 3159 2156 3410 2221; x_wconf 86' lang='lat' dir='ltr'><strong><em>tauquam</em></strong></span> <span class='ocrx_word' id='word_1_694' title='bbox 3433 2152 3579 2208; x_wconf 91' lang='lat' dir='ltr'><strong><em>aliud</em></strong></span> <span class='ocrx_word' id='word_1_695' title='bbox 3609 2155 3677 2209; x_wconf 90' lang='lat' dir='ltr'><strong><em>sit</em></strong></span> <span class='ocrx_word' id='word_1_696' title='bbox 3696 2168 3788 2209; x_wconf 88' lang='lat' dir='ltr'><strong><em>sa-</em></strong></span> 
     </span>
    </p>
   </div>
   <div class='ocr_carea' id='block_1_82' title="bbox 2190 2234 2996 2299">
    <p class='ocr_par' dir='ltr' id='par_1_82' title="bbox 2190 2234 2996 2299">
     <span class='ocr_line' id='line_1_82' title="bbox 2190 2234 2996 2299; baseline 0.005 -9"><span class='ocrx_word' id='word_1_697' title='bbox 2190 2234 2395 2299; x_wconf 86' lang='lat' dir='ltr'><strong><em>lutaris,</em></strong></span> <span class='ocrx_word' id='word_1_698' title='bbox 2425 2235 2573 2291; x_wconf 91' lang='lat' dir='ltr'><strong><em>aliud</em></strong></span> <span class='ocrx_word' id='word_1_699' title='bbox 2601 2238 2849 2293; x_wconf 83' lang='lat' dir='ltr'><strong><em>salutaris</em></strong></span> <span class='ocrx_word' id='word_1_700' title='bbox 2876 2239 2996 2294; x_wconf 80' lang='lat' dir='ltr'><strong><em>sui?</em></strong></span> 
     </span>
    </p>
   </div>
   <div class='ocr_carea' id='block_1_83' title="bbox 2262 2319 3787 2407">
    <p class='ocr_par' dir='ltr' id='par_1_83' title="bbox 2262 2319 3787 2407">
     <span class='ocr_line' id='line_1_83' title="bbox 2262 2319 3787 2407; baseline 0.005 -24"><span class='ocrx_word' id='word_1_701' title='bbox 2262 2326 2453 2384; x_wconf 76' lang='lat' dir='ltr'><strong>XXIII.</strong></span> <span class='ocrx_word' id='word_1_702' title='bbox 2487 2326 2586 2401; x_wconf 88' lang='lat' dir='ltr'><strong>[Ib.</strong></span> <span class='ocrx_word' id='word_1_703' title='bbox 2617 2343 2708 2396; x_wconf 89' lang='lat' dir='ltr'><strong><em>1v,</em></strong></span> <span class='ocrx_word' id='word_1_704' title='bbox 2733 2319 2864 2397; x_wconf 72' lang='lat'><strong><em>3-7,</em></strong></span> <span class='ocrx_word' id='word_1_705' title='bbox 2891 2337 2948 2385; x_wconf 90' lang='lat' dir='ltr'><strong><em>et</em></strong></span> <span class='ocrx_word' id='word_1_706' title='bbox 2984 2345 3112 2397; x_wconf 87' lang='lat' dir='ltr'><strong><em>vm,</em></strong></span> <span class='ocrx_word' id='word_1_707' title='bbox 3139 2325 3209 2398; x_wconf 71' lang='lat'><strong><em>2,</em></strong></span> <span class='ocrx_word' id='word_1_708' title='bbox 3243 2332 3327 2399; x_wconf 62' lang='lat' dir='ltr'><strong><em>lt,</em></strong></span> <span class='ocrx_word' id='word_1_709' title='bbox 3363 2333 3462 2401; x_wconf 86' lang='lat' dir='ltr'><strong><em>l5,</em></strong></span> <span class='ocrx_word' id='word_1_710' title='bbox 3488 2331 3606 2407; x_wconf 69' lang='lat'><strong><em>28.]</em></strong></span> <span class='ocrx_word' id='word_1_711' title='bbox 3649 2333 3787 2391; x_wconf 84' lang='lat' dir='ltr'><strong><em>Cum</em></strong></span> 
     </span>
    </p>
   </div>
   <div class='ocr_carea' id='block_1_84' title="bbox 2189 2416 3785 2491">
    <p class='ocr_par' dir='ltr' id='par_1_84' title="bbox 2189 2416 3785 2491">
     <span class='ocr_line' id='line_1_84' title="bbox 2189 2416 3785 2491; baseline 0.004 -18"><span class='ocrx_word' id='word_1_712' title='bbox 2189 2418 2447 2474; x_wconf 87' lang='lat' dir='ltr'><strong><em>sacriﬁcia</em></strong></span> <span class='ocrx_word' id='word_1_713' title='bbox 2485 2434 2585 2490; x_wconf 91' lang='lat' dir='ltr'><strong><em>pro</em></strong></span> <span class='ocrx_word' id='word_1_714' title='bbox 2624 2420 2861 2490; x_wconf 83' lang='lat' dir='ltr'><strong><em>peccatis</em></strong></span> <span class='ocrx_word' id='word_1_715' title='bbox 2882 2421 3033 2491; x_wconf 90' lang='lat' dir='ltr'><strong><em>prius</em></strong></span> <span class='ocrx_word' id='word_1_716' title='bbox 3057 2416 3529 2491; x_wconf 75' lang='lat' dir='ltr'><strong><em>commemoraret,</em></strong></span> <span class='ocrx_word' id='word_1_717' title='bbox 3560 2424 3785 2480; x_wconf 88' lang='lat' dir='ltr'><strong><em>vitulum</em></strong></span> 
     </span>
    </p>
   </div>
   <div class='ocr_carea' id='block_1_85' title="bbox 2186 2509 3788 2585">
    <p class='ocr_par' dir='ltr' id='par_1_85' title="bbox 2186 2509 3788 2585">
     <span class='ocr_line' id='line_1_85' title="bbox 2186 2509 3788 2585; baseline 0.004 -19"><span class='ocrx_word' id='word_1_718' title='bbox 2186 2510 2323 2566; x_wconf 83' lang='lat' dir='ltr'><strong><em>dixit</em></strong></span> <span class='ocrx_word' id='word_1_719' title='bbox 2366 2509 2696 2566; x_wconf 79' lang='lat' dir='ltr'><strong><em>oﬁ‘erendum</em></strong></span> <span class='ocrx_word' id='word_1_720' title='bbox 2730 2521 3073 2582; x_wconf 80' lang='lat' dir='ltr'><strong><em>propeeeato</em></strong></span> <span class='ocrx_word' id='word_1_721' title='bbox 3099 2513 3391 2569; x_wconf 79' lang='lat' dir='ltr'><strong><em>sacerdotis</em></strong></span> <span class='ocrx_word' id='word_1_722' title='bbox 3411 2556 3427 2582; x_wconf 94' lang='lat'><strong><em>,</em></strong></span> <span class='ocrx_word' id='word_1_723' title='bbox 3456 2516 3549 2585; x_wconf 90' lang='lat' dir='ltr'><strong><em>qui</em></strong></span> <span class='ocrx_word' id='word_1_724' title='bbox 3572 2514 3788 2575; x_wconf 78' lang='lat' dir='ltr'><strong><em>iecisset</em></strong></span> 
     </span>
    </p>
   </div>
   <div class='ocr_carea' id='block_1_86' title="bbox 2183 2600 3783 2675">
    <p class='ocr_par' dir='ltr' id='par_1_86' title="bbox 2183 2600 3783 2675">
     <span class='ocr_line' id='line_1_86' title="bbox 2183 2600 3783 2675; baseline 0.006 -20"><span class='ocrx_word' id='word_1_725' title='bbox 2183 2600 2440 2671; x_wconf 85' lang='lat' dir='ltr'><strong><em>populum</em></strong></span> <span class='ocrx_word' id='word_1_726' title='bbox 2461 2612 2703 2672; x_wconf 87' lang='lat' dir='ltr'><strong><em>peccare;</em></strong></span> <span class='ocrx_word' id='word_1_727' title='bbox 2728 2611 2912 2673; x_wconf 85' lang='lat' dir='ltr'><strong><em>postea</em></strong></span> <span class='ocrx_word' id='word_1_728' title='bbox 2933 2605 3095 2660; x_wconf 89' lang='lat' dir='ltr'><strong><em>etiam</em></strong></span> <span class='ocrx_word' id='word_1_729' title='bbox 3111 2605 3326 2675; x_wconf 88' lang='lat' dir='ltr'><strong><em>quando</em></strong></span> <span class='ocrx_word' id='word_1_730' title='bbox 3364 2608 3596 2662; x_wconf 89' lang='lat' dir='ltr'><strong><em>narravit</em></strong></span> <span class='ocrx_word' id='word_1_731' title='bbox 3632 2607 3783 2664; x_wconf 87' lang='lat' dir='ltr'><strong><em>Scri-</em></strong></span> 
     </span>
    </p>
   </div>
   <div class='ocr_carea' id='block_1_87' title="bbox 2188 2693 3785 2771">
    <p class='ocr_par' dir='ltr' id='par_1_87' title="bbox 2188 2693 3785 2771">
     <span class='ocr_line' id='line_1_87' title="bbox 2188 2693 3785 2771; baseline 0.005 -24"><span class='ocrx_word' id='word_1_732' title='bbox 2188 2702 2363 2764; x_wconf 87' lang='lat' dir='ltr'><strong><em>ptura,</em></strong></span> <span class='ocrx_word' id='word_1_733' title='bbox 2377 2693 2823 2765; x_wconf 88' lang='lat' dir='ltr'><strong><em>quemadmodum</em></strong></span> <span class='ocrx_word' id='word_1_734' title='bbox 2841 2710 2904 2750; x_wconf 88' lang='lat' dir='ltr'><strong><em>ea</em></strong></span> <span class='ocrx_word' id='word_1_735' title='bbox 2926 2711 3045 2766; x_wconf 63' lang='lat' dir='ltr'><strong><em>quae</em></strong></span> <span class='ocrx_word' id='word_1_736' title='bbox 3066 2697 3316 2767; x_wconf 69' lang='lat' dir='ltr'><strong><em>praecepit</em></strong></span> <span class='ocrx_word' id='word_1_737' title='bbox 3339 2697 3611 2766; x_wconf 87' lang='lat' dir='ltr'><strong><em>Dominus,</em></strong></span> <span class='ocrx_word' id='word_1_738' title='bbox 3629 2705 3785 2771; x_wconf 74' lang='lat' dir='ltr'><strong><em>gesta</em></strong></span> 
     </span>
    </p>
   </div>
   <div class='ocr_carea' id='block_1_88' title="bbox 2186 2786 3782 2857">
    <p class='ocr_par' dir='ltr' id='par_1_88' title="bbox 2186 2786 3782 2857">
     <span class='ocr_line' id='line_1_88' title="bbox 2186 2786 3782 2857; baseline 0.004 -16"><span class='ocrx_word' id='word_1_739' title='bbox 2186 2795 2312 2841; x_wconf 84' lang='lat' dir='ltr'><strong><em>sunt</em></strong></span> <span class='ocrx_word' id='word_1_740' title='bbox 2338 2801 2463 2857; x_wconf 85' lang='lat' dir='ltr'><strong><em>erga</em></strong></span> <span class='ocrx_word' id='word_1_741' title='bbox 2489 2786 2667 2841; x_wconf 87' lang='lat' dir='ltr'><strong><em>Aaron</em></strong></span> <span class='ocrx_word' id='word_1_742' title='bbox 2693 2796 2748 2842; x_wconf 91' lang='lat' dir='ltr'><strong><em>et</em></strong></span> <span class='ocrx_word' id='word_1_743' title='bbox 2774 2786 2912 2844; x_wconf 89' lang='lat' dir='ltr'><strong><em>ﬁlios</em></strong></span> <span class='ocrx_word' id='word_1_744' title='bbox 2938 2787 3059 2857; x_wconf 89' lang='lat' dir='ltr'><strong><em>ejus</em></strong></span> <span class='ocrx_word' id='word_1_745' title='bbox 3076 2830 3092 2857; x_wconf 90' lang='lat'><strong><em>,</em></strong></span> <span class='ocrx_word' id='word_1_746' title='bbox 3115 2787 3312 2844; x_wconf 88' lang='lat' dir='ltr'><strong><em>dicitur</em></strong></span> <span class='ocrx_word' id='word_1_747' title='bbox 3346 2788 3558 2846; x_wconf 88' lang='lat' dir='ltr'><strong><em>oblatus</em></strong></span> <span class='ocrx_word' id='word_1_748' title='bbox 3584 2792 3782 2847; x_wconf 81' lang='lat' dir='ltr'><strong><em>vitulus</em></strong></span> 
     </span>
    </p>
   </div>
   <div class='ocr_carea' id='block_1_89' title="bbox 2186 2878 3781 2951">
    <p class='ocr_par' dir='ltr' id='par_1_89' title="bbox 2186 2878 3781 2951">
     <span class='ocr_line' id='line_1_89' title="bbox 2186 2878 3781 2951; baseline 0.007 -21"><span class='ocrx_word' id='word_1_749' title='bbox 2186 2886 2286 2946; x_wconf 89' lang='lat' dir='ltr'><strong><em>pro</em></strong></span> <span class='ocrx_word' id='word_1_750' title='bbox 2321 2886 2581 2947; x_wconf 89' lang='lat' dir='ltr'><strong><em>peccato;</em></strong></span> <span class='ocrx_word' id='word_1_751' title='bbox 2622 2878 2716 2933; x_wconf 89' lang='lat' dir='ltr'><strong><em>sed</em></strong></span> <span class='ocrx_word' id='word_1_752' title='bbox 2756 2879 3007 2949; x_wconf 80' lang='lat' dir='ltr'><strong><em>superius</em></strong></span> <span class='ocrx_word' id='word_1_753' title='bbox 3028 2879 3096 2936; x_wconf 92' lang='lat' dir='ltr'><strong><em>de</em></strong></span> <span class='ocrx_word' id='word_1_754' title='bbox 3122 2882 3379 2951; x_wconf 80' lang='lat' dir='ltr'><strong><em>sanguine</em></strong></span> <span class='ocrx_word' id='word_1_755' title='bbox 3400 2883 3551 2937; x_wconf 74' lang='lat' dir='ltr'><strong><em>vituli</em></strong></span> <span class='ocrx_word' id='word_1_756' title='bbox 3574 2898 3781 2941; x_wconf 86' lang='lat' dir='ltr'><strong><em>cornua</em></strong></span> 
     </span>
    </p>
   </div>
   <div class='ocr_carea' id='block_1_90' title="bbox 2200 2967 3785 3043">
    <p class='ocr_par' dir='ltr' id='par_1_90' title="bbox 2200 2967 3785 3043">
     <span class='ocr_line' id='line_1_90' title="bbox 2200 2967 3785 3043; baseline 0.007 -23"><span class='ocrx_word' id='word_1_757' title='bbox 2200 2967 2338 3038; x_wconf 83' lang='lat' dir='ltr'><strong><em>tangi</em></strong></span> <span class='ocrx_word' id='word_1_758' title='bbox 2363 2969 2618 3038; x_wconf 72' lang='lat' dir='ltr'><strong><em>pra&#39;cepit</em></strong></span> <span class='ocrx_word' id='word_1_759' title='bbox 2639 2968 2823 3024; x_wconf 87' lang='lat' dir='ltr'><strong><em>altaris</em></strong></span> <span class='ocrx_word' id='word_1_760' title='bbox 2847 2969 3049 3025; x_wconf 88' lang='lat' dir='ltr'><strong><em>incensi</em></strong></span> <span class='ocrx_word' id='word_1_761' title='bbox 3072 2972 3506 3043; x_wconf 34' lang='lat' dir='ltr'><strong><em>“aspergendum</em></strong></span> <span class='ocrx_word' id='word_1_762' title='bbox 3529 2975 3686 3029; x_wconf 82' lang='lat' dir='ltr'><strong><em>etiam</em></strong></span> <span class='ocrx_word' id='word_1_763' title='bbox 3714 2989 3785 3031; x_wconf 75' lang='lat' dir='ltr'><strong><em>ex</em></strong></span> 
     </span>
    </p>
   </div>
   <div class='ocr_carea' id='block_1_91' title="bbox 2194 3056 3787 3135">
    <p class='ocr_par' dir='ltr' id='par_1_91' title="bbox 2194 3056 3787 3135">
     <span class='ocr_line' id='line_1_91' title="bbox 2194 3056 3787 3135; baseline 0.008 -25"><span class='ocrx_word' id='word_1_764' title='bbox 2194 3056 2311 3128; x_wconf 78' lang='lat' dir='ltr'><strong><em>ipso</em></strong></span> <span class='ocrx_word' id='word_1_765' title='bbox 2350 3059 2605 3129; x_wconf 80' lang='lat' dir='ltr'><strong><em>sanguine</em></strong></span> <span class='ocrx_word' id='word_1_766' title='bbox 2626 3068 2832 3129; x_wconf 47' lang='lat' dir='ltr'><strong><em>,contra</em></strong></span> <span class='ocrx_word' id='word_1_767' title='bbox 2860 3060 3035 3116; x_wconf 84' lang='lat' dir='ltr'><strong><em>velum</em></strong></span> <span class='ocrx_word' id='word_1_768' title='bbox 3063 3069 3337 3131; x_wconf 84' lang='lat' dir='ltr'><strong><em>sanctum,</em></strong></span> <span class='ocrx_word' id='word_1_769' title='bbox 3368 3065 3626 3135; x_wconf 90' lang='lat' dir='ltr'><strong><em>reliquum</em></strong></span> <span class='ocrx_word' id='word_1_770' title='bbox 3654 3080 3787 3123; x_wconf 88' lang='lat' dir='ltr'><strong><em>vero</em></strong></span> 
     </span>
    </p>
   </div>
   <div class='ocr_carea' id='block_1_92' title="bbox 2183 3148 3781 3220">
    <p class='ocr_par' dir='ltr' id='par_1_92' title="bbox 2183 3148 3781 3220">
     <span class='ocr_line' id='line_1_92' title="bbox 2183 3148 3781 3220; baseline 0.006 -17"><span class='ocrx_word' id='word_1_771' title='bbox 2183 3148 2498 3220; x_wconf 85' lang='lat' dir='ltr'><strong><em>sanguinem</em></strong></span> <span class='ocrx_word' id='word_1_772' title='bbox 2539 3148 2865 3205; x_wconf 81' lang='lat' dir='ltr'><strong><em>fundendum</em></strong></span> <span class='ocrx_word' id='word_1_773' title='bbox 2903 3150 2973 3206; x_wconf 85' lang='lat' dir='ltr'><strong><em>ad</em></strong></span> <span class='ocrx_word' id='word_1_774' title='bbox 3010 3150 3183 3208; x_wconf 86' lang='lat' dir='ltr'><strong><em>basim</em></strong></span> <span class='ocrx_word' id='word_1_775' title='bbox 3223 3153 3406 3210; x_wconf 86' lang='lat' dir='ltr'><strong><em>altaris</em></strong></span> <span class='ocrx_word' id='word_1_776' title='bbox 3444 3155 3781 3212; x_wconf 78' lang='lat' dir='ltr'><strong><em>holocaustu-</em></strong></span> 
     </span>
    </p>
   </div>
   <div class='ocr_carea' id='block_1_93' title="bbox 2184 3243 3787 3314">
    <p class='ocr_par' dir='ltr' id='par_1_93' title="bbox 2184 3243 3787 3314">
     <span class='ocr_line' id='line_1_93' title="bbox 2184 3243 3787 3314; baseline 0.004 -19"><span class='ocrx_word' id='word_1_777' title='bbox 2184 3251 2386 3297; x_wconf 77' lang='lat' dir='ltr'><strong><em>malum</em></strong></span> <span class='ocrx_word' id='word_1_778' title='bbox 2423 3257 2439 3295; x_wconf 90' lang='lat'><strong>:</strong></span> <span class='ocrx_word' id='word_1_779' title='bbox 2483 3250 2665 3312; x_wconf 84' lang='lat' dir='ltr'><strong><em>postea</em></strong></span> <span class='ocrx_word' id='word_1_780' title='bbox 2696 3256 2825 3297; x_wconf 88' lang='lat' dir='ltr'><strong><em>vero</em></strong></span> <span class='ocrx_word' id='word_1_781' title='bbox 2849 3243 3061 3314; x_wconf 88' lang='lat' dir='ltr'><strong><em>quando</em></strong></span> <span class='ocrx_word' id='word_1_782' title='bbox 3085 3244 3446 3300; x_wconf 77' lang='lat' dir='ltr'><strong><em>sanctiﬁcatur</em></strong></span> <span class='ocrx_word' id='word_1_783' title='bbox 3470 3247 3647 3301; x_wconf 81' lang='lat' dir='ltr'><strong><em>Aaron</em></strong></span> <span class='ocrx_word' id='word_1_784' title='bbox 3666 3287 3684 3312; x_wconf 93' lang='lat'><strong><em>,</em></strong></span> <span class='ocrx_word' id='word_1_785' title='bbox 3714 3246 3787 3302; x_wconf 85' lang='lat' dir='ltr'><strong><em>de</em></strong></span> 
     </span>
    </p>
   </div>
   <div class='ocr_carea' id='block_1_94' title="bbox 2182 3334 3780 3404">
    <p class='ocr_par' dir='ltr' id='par_1_94' title="bbox 2182 3334 3780 3404">
     <span class='ocr_line' id='line_1_94' title="bbox 2182 3334 3780 3404; baseline 0.004 -17"><span class='ocrx_word' id='word_1_786' title='bbox 2182 3334 2496 3404; x_wconf 85' lang='lat' dir='ltr'><strong><em>aspersione</em></strong></span> <span class='ocrx_word' id='word_1_787' title='bbox 2534 3334 2807 3404; x_wconf 80' lang='lat' dir='ltr'><strong><em>sanguinis</em></strong></span> <span class='ocrx_word' id='word_1_788' title='bbox 2843 3342 3028 3390; x_wconf 90' lang='lat' dir='ltr'><strong><em>contra</em></strong></span> <span class='ocrx_word' id='word_1_789' title='bbox 3062 3335 3238 3392; x_wconf 87' lang='lat' dir='ltr'><strong><em>velum</em></strong></span> <span class='ocrx_word' id='word_1_790' title='bbox 3278 3336 3409 3392; x_wconf 88' lang='lat' dir='ltr'><strong><em>nihil</em></strong></span> <span class='ocrx_word' id='word_1_791' title='bbox 3435 3337 3634 3393; x_wconf 87' lang='lat' dir='ltr'><strong><em>dictum</em></strong></span> <span class='ocrx_word' id='word_1_792' title='bbox 3659 3346 3780 3404; x_wconf 87' lang='lat' dir='ltr'><strong><em>est;</em></strong></span> 
     </span>
    </p>
   </div>
   <div class='ocr_carea' id='block_1_95' title="bbox 2182 3423 3787 3495">
    <p class='ocr_par' dir='ltr' id='par_1_95' title="bbox 2182 3423 3787 3495">
     <span class='ocr_line' id='line_1_95' title="bbox 2182 3423 3787 3495; baseline 0.003 -14"><span class='ocrx_word' id='word_1_793' title='bbox 2182 3423 2252 3481; x_wconf 84' lang='lat' dir='ltr'><strong><em>de</em></strong></span> <span class='ocrx_word' id='word_1_794' title='bbox 2289 3426 2542 3481; x_wconf 85' lang='lat' dir='ltr'><strong><em>cornibus</em></strong></span> <span class='ocrx_word' id='word_1_795' title='bbox 2568 3437 2750 3482; x_wconf 80' lang='lat' dir='ltr'><strong><em>autem</em></strong></span> <span class='ocrx_word' id='word_1_796' title='bbox 2787 3427 2971 3483; x_wconf 86' lang='lat' dir='ltr'><strong><em>altaris</em></strong></span> <span class='ocrx_word' id='word_1_797' title='bbox 2999 3428 3201 3483; x_wconf 79' lang='lat' dir='ltr'><strong><em>dictum</em></strong></span> <span class='ocrx_word' id='word_1_798' title='bbox 3230 3437 3351 3495; x_wconf 90' lang='lat' dir='ltr'><strong><em>est;</em></strong></span> <span class='ocrx_word' id='word_1_799' title='bbox 3374 3429 3468 3486; x_wconf 86' lang='lat' dir='ltr'><strong><em>sed</em></strong></span> <span class='ocrx_word' id='word_1_800' title='bbox 3499 3445 3605 3485; x_wconf 93' lang='lat' dir='ltr'><strong><em>non</em></strong></span> <span class='ocrx_word' id='word_1_801' title='bbox 3631 3430 3787 3486; x_wconf 83' lang='lat' dir='ltr'><strong><em>addi-</em></strong></span> 
     </span>
    </p>
   </div>
   <div class='ocr_carea' id='block_1_96' title="bbox 2186 3517 3785 3586">
    <p class='ocr_par' dir='ltr' id='par_1_96' title="bbox 2186 3517 3785 3586">
     <span class='ocr_line' id='line_1_96' title="bbox 2186 3517 3785 3586; baseline 0.003 -15"><span class='ocrx_word' id='word_1_802' title='bbox 2186 3527 2295 3572; x_wconf 86' lang='lat' dir='ltr'><strong><em>tum</em></strong></span> <span class='ocrx_word' id='word_1_803' title='bbox 2333 3527 2417 3572; x_wconf 90' lang='lat' dir='ltr'><strong><em>est</em></strong></span> <span class='ocrx_word' id='word_1_804' title='bbox 2433 3518 2648 3582; x_wconf 83' lang='lat' dir='ltr'><strong><em>incensi;</em></strong></span> <span class='ocrx_word' id='word_1_805' title='bbox 2669 3517 2906 3574; x_wconf 87' lang='lat' dir='ltr'><strong><em>additum</em></strong></span> <span class='ocrx_word' id='word_1_806' title='bbox 2930 3528 3012 3574; x_wconf 89' lang='lat' dir='ltr'><strong><em>est</em></strong></span> <span class='ocrx_word' id='word_1_807' title='bbox 3032 3528 3231 3586; x_wconf 77' lang='lat' dir='ltr'><strong><em>autem,</em></strong></span> <span class='ocrx_word' id='word_1_808' title='bbox 3256 3518 3631 3577; x_wconf 70' lang='lat' dir='ltr'><strong><em>eﬁ‘lmdeudum</em></strong></span> <span class='ocrx_word' id='word_1_809' title='bbox 3652 3531 3785 3575; x_wconf 42' lang='lat' dir='ltr'><strong><em>sani</em></strong></span> 
     </span>
    </p>
   </div>
   <div class='ocr_carea' id='block_1_97' title="bbox 2181 3607 3779 3682">
    <p class='ocr_par' dir='ltr' id='par_1_97' title="bbox 2181 3607 3779 3682">
     <span class='ocr_line' id='line_1_97' title="bbox 2181 3607 3779 3682; baseline 0.003 -21"><span class='ocrx_word' id='word_1_810' title='bbox 2181 3608 2400 3678; x_wconf 78' lang='lat' dir='ltr'><strong><em>guinem</em></strong></span> <span class='ocrx_word' id='word_1_811' title='bbox 2441 3607 2510 3663; x_wconf 90' lang='lat' dir='ltr'><strong><em>ad</em></strong></span> <span class='ocrx_word' id='word_1_812' title='bbox 2551 3609 2720 3662; x_wconf 84' lang='lat' dir='ltr'><strong><em>basem</em></strong></span> <span class='ocrx_word' id='word_1_813' title='bbox 2756 3608 2970 3674; x_wconf 85' lang='lat' dir='ltr'><strong><em>altaris;</em></strong></span> <span class='ocrx_word' id='word_1_814' title='bbox 3006 3623 3110 3664; x_wconf 86' lang='lat' dir='ltr'><strong><em>non</em></strong></span> <span class='ocrx_word' id='word_1_815' title='bbox 3140 3609 3302 3677; x_wconf 77' lang='lat' dir='ltr'><strong><em>dixit,</em></strong></span> <span class='ocrx_word' id='word_1_816' title='bbox 3329 3610 3398 3666; x_wconf 86' lang='lat' dir='ltr'><strong><em>ad</em></strong></span> <span class='ocrx_word' id='word_1_817' title='bbox 3427 3611 3608 3666; x_wconf 85' lang='lat' dir='ltr'><strong><em>basem</em></strong></span> <span class='ocrx_word' id='word_1_818' title='bbox 3628 3611 3779 3682; x_wconf 87' lang='lat' dir='ltr'><strong><em>ejus,</em></strong></span> 
     </span>
    </p>
   </div>
   <div class='ocr_carea' id='block_1_98' title="bbox 2094 3698 3782 3772">
    <p class='ocr_par' dir='ltr' id='par_1_98' title="bbox 2094 3698 3782 3772">
     <span class='ocr_line' id='line_1_98' title="bbox 2094 3698 3782 3772; baseline 0.003 -19"><span class='ocrx_word' id='word_1_819' title='bbox 2094 3706 2097 3713; x_wconf 84' lang='lat'><strong><em>‘</em></strong></span> <span class='ocrx_word' id='word_1_820' title='bbox 2190 3707 2442 3768; x_wconf 83' lang='lat' dir='ltr'><strong><em>tauquam</em></strong></span> <span class='ocrx_word' id='word_1_821' title='bbox 2482 3713 2706 3759; x_wconf 81' lang='lat' dir='ltr'><strong><em>necesse</em></strong></span> <span class='ocrx_word' id='word_1_822' title='bbox 2747 3698 2937 3756; x_wconf 81' lang='lat' dir='ltr'><strong><em>fuisset</em></strong></span> <span class='ocrx_word' id='word_1_823' title='bbox 2976 3700 3103 3756; x_wconf 90' lang='lat' dir='ltr'><strong><em>illud</em></strong></span> <span class='ocrx_word' id='word_1_824' title='bbox 3142 3702 3309 3756; x_wconf 88' lang='lat' dir='ltr'><strong><em>altare</em></strong></span> <span class='ocrx_word' id='word_1_825' title='bbox 3331 3702 3599 3772; x_wconf 88' lang='lat' dir='ltr'><strong><em>accipere,</em></strong></span> <span class='ocrx_word' id='word_1_826' title='bbox 3628 3701 3782 3772; x_wconf 85' lang='lat' dir='ltr'><strong><em>cujus</em></strong></span> 
     </span>
    </p>
   </div>
   <div class='ocr_carea' id='block_1_99' title="bbox 2180 3790 3782 3865">
    <p class='ocr_par' dir='ltr' id='par_1_99' title="bbox 2180 3790 3782 3865">
     <span class='ocr_line' id='line_1_99' title="bbox 2180 3790 3782 3865; baseline 0.001 -19"><span class='ocrx_word' id='word_1_827' title='bbox 2180 3798 2382 3846; x_wconf 83' lang='lat' dir='ltr'><strong><em>cornua</em></strong></span> <span class='ocrx_word' id='word_1_828' title='bbox 2420 3791 2678 3861; x_wconf 86' lang='lat' dir='ltr'><strong><em>sanguine</em></strong></span> <span class='ocrx_word' id='word_1_829' title='bbox 2697 3790 2960 3862; x_wconf 77' lang='lat' dir='ltr'><strong><em>tetigisset</em></strong></span> <span class='ocrx_word' id='word_1_830' title='bbox 2984 3810 2998 3846; x_wconf 89' lang='lat'><strong>:</strong></span> <span class='ocrx_word' id='word_1_831' title='bbox 3020 3791 3244 3863; x_wconf 82' lang='lat' dir='ltr'><strong><em>proinde</em></strong></span> <span class='ocrx_word' id='word_1_832' title='bbox 3262 3794 3503 3863; x_wconf 85' lang='lat' dir='ltr'><strong><em>quamvis</em></strong></span> <span class='ocrx_word' id='word_1_833' title='bbox 3532 3793 3782 3865; x_wconf 87' lang='lat' dir='ltr'><strong><em>ambigue</em></strong></span> 
     </span>
    </p>
   </div>
   <div class='ocr_carea' id='block_1_100' title="bbox 2181 3880 3775 3954">
    <p class='ocr_par' dir='ltr' id='par_1_100' title="bbox 2181 3880 3775 3954">
     <span class='ocr_line' id='line_1_100' title="bbox 2181 3880 3775 3954; baseline 0.002 -19"><span class='ocrx_word' id='word_1_834' title='bbox 2181 3880 2254 3936; x_wconf 87' lang='lat' dir='ltr'><strong><em>sit</em></strong></span> <span class='ocrx_word' id='word_1_835' title='bbox 2284 3880 2550 3951; x_wconf 88' lang='lat' dir='ltr'><strong><em>positum,</em></strong></span> <span class='ocrx_word' id='word_1_836' title='bbox 2578 3881 2800 3936; x_wconf 89' lang='lat' dir='ltr'><strong><em>liberum</em></strong></span> <span class='ocrx_word' id='word_1_837' title='bbox 2826 3889 2910 3938; x_wconf 85' lang='lat' dir='ltr'><strong><em>est</em></strong></span> <span class='ocrx_word' id='word_1_838' title='bbox 2933 3889 3111 3938; x_wconf 88' lang='lat' dir='ltr'><strong><em>tamen</em></strong></span> <span class='ocrx_word' id='word_1_839' title='bbox 3134 3883 3207 3937; x_wconf 87' lang='lat' dir='ltr'><strong><em>ita</em></strong></span> <span class='ocrx_word' id='word_1_840' title='bbox 3237 3883 3535 3954; x_wconf 81' lang='lat' dir='ltr'><strong><em>intelligere</em></strong></span> <span class='ocrx_word' id='word_1_841' title='bbox 3557 3883 3775 3952; x_wconf 76' lang='lat' dir='ltr'><strong><em>factum,</em></strong></span> 
     </span>
    </p>
   </div>
   <div class='ocr_carea' id='block_1_101' title="bbox 2181 3971 3779 4045">
    <p class='ocr_par' dir='ltr' id='par_1_101' title="bbox 2181 3971 3779 4045">
     <span class='ocr_line' id='line_1_101' title="bbox 2181 3971 3779 4045; baseline 0.003 -19"><span class='ocrx_word' id='word_1_842' title='bbox 2181 3981 2236 4027; x_wconf 89' lang='lat' dir='ltr'><strong><em>ut</em></strong></span> <span class='ocrx_word' id='word_1_843' title='bbox 2261 3971 2432 4027; x_wconf 79' lang='lat' dir='ltr'><strong><em>fuerat</em></strong></span> <span class='ocrx_word' id='word_1_844' title='bbox 2455 3980 2578 4027; x_wconf 91' lang='lat' dir='ltr'><strong><em>ante</em></strong></span> <span class='ocrx_word' id='word_1_845' title='bbox 2598 3981 2921 4045; x_wconf 63' lang='lat' dir='ltr'><strong><em>praeceptum</em></strong></span> <span class='ocrx_word' id='word_1_846' title='bbox 2943 3972 3011 4040; x_wconf 86' lang='lat' dir='ltr'><strong><em>de</em></strong></span> <span class='ocrx_word' id='word_1_847' title='bbox 3031 3974 3194 4029; x_wconf 88' lang='lat' dir='ltr'><strong><em>vitulo</em></strong></span> <span class='ocrx_word' id='word_1_848' title='bbox 3216 3989 3313 4044; x_wconf 87' lang='lat' dir='ltr'><strong><em>pro</em></strong></span> <span class='ocrx_word' id='word_1_849' title='bbox 3339 3982 3577 4045; x_wconf 86' lang='lat' dir='ltr'><strong><em>peccato;</em></strong></span> <span class='ocrx_word' id='word_1_850' title='bbox 3595 3984 3650 4029; x_wconf 91' lang='lat' dir='ltr'><strong><em>ut</em></strong></span> <span class='ocrx_word' id='word_1_851' title='bbox 3669 3989 3779 4031; x_wconf 88' lang='lat' dir='ltr'><strong><em>non</em></strong></span> 
     </span>
    </p>
   </div>
   <div class='ocr_carea' id='block_1_102' title="bbox 2176 4063 3777 4137">
    <p class='ocr_par' dir='ltr' id='par_1_102' title="bbox 2176 4063 3777 4137">
     <span class='ocr_line' id='line_1_102' title="bbox 2176 4063 3777 4137; baseline 0.002 -19"><span class='ocrx_word' id='word_1_852' title='bbox 2176 4063 2299 4134; x_wconf 88' lang='lat' dir='ltr'><strong><em>ejus</em></strong></span> <span class='ocrx_word' id='word_1_853' title='bbox 2336 4063 2522 4118; x_wconf 86' lang='lat' dir='ltr'><strong><em>altaris</em></strong></span> <span class='ocrx_word' id='word_1_854' title='bbox 2555 4077 2758 4119; x_wconf 90' lang='lat' dir='ltr'><strong><em>cornua</em></strong></span> <span class='ocrx_word' id='word_1_855' title='bbox 2781 4073 2918 4120; x_wconf 87' lang='lat' dir='ltr'><strong><em>taeta</em></strong></span> <span class='ocrx_word' id='word_1_856' title='bbox 2938 4064 3317 4136; x_wconf 81' lang='lat' dir='ltr'><strong><em>intelligamus,</em></strong></span> <span class='ocrx_word' id='word_1_857' title='bbox 3339 4064 3405 4120; x_wconf 86' lang='lat' dir='ltr'><strong><em>ad</em></strong></span> <span class='ocrx_word' id='word_1_858' title='bbox 3422 4066 3576 4137; x_wconf 86' lang='lat' dir='ltr'><strong><em>cujus</em></strong></span> <span class='ocrx_word' id='word_1_859' title='bbox 3595 4066 3777 4122; x_wconf 74' lang='lat' dir='ltr'><strong><em>basem</em></strong></span> 
     </span>
    </p>
   </div>
   <div class='ocr_carea' id='block_1_103' title="bbox 2179 4151 3776 4224">
    <p class='ocr_par' dir='ltr' id='par_1_103' title="bbox 2179 4151 3776 4224">
     <span class='ocr_line' id='line_1_103' title="bbox 2179 4151 3776 4224; baseline 0.003 -16"><span class='ocrx_word' id='word_1_860' title='bbox 2179 4152 2335 4210; x_wconf 77' lang='lat' dir='ltr'><strong><em>fusus</em></strong></span> <span class='ocrx_word' id='word_1_861' title='bbox 2355 4162 2438 4210; x_wconf 90' lang='lat' dir='ltr'><strong><em>est</em></strong></span> <span class='ocrx_word' id='word_1_862' title='bbox 2452 4151 2699 4224; x_wconf 72' lang='lat' dir='ltr'><strong><em>sanguis;</em></strong></span> <span class='ocrx_word' id='word_1_863' title='bbox 2728 4154 2823 4210; x_wconf 87' lang='lat' dir='ltr'><strong><em>sed</em></strong></span> <span class='ocrx_word' id='word_1_864' title='bbox 2853 4164 2989 4211; x_wconf 86' lang='lat' dir='ltr'><strong><em>tacta</em></strong></span> <span class='ocrx_word' id='word_1_865' title='bbox 3015 4169 3213 4213; x_wconf 88' lang='lat' dir='ltr'><strong><em>cornua</em></strong></span> <span class='ocrx_word' id='word_1_866' title='bbox 3228 4156 3421 4213; x_wconf 86' lang='lat' dir='ltr'><strong><em>altaris</em></strong></span> <span class='ocrx_word' id='word_1_867' title='bbox 3447 4157 3669 4224; x_wconf 83' lang='lat' dir='ltr'><strong><em>incensi,</em></strong></span> <span class='ocrx_word' id='word_1_868' title='bbox 3691 4156 3776 4212; x_wconf 83' lang='lat' dir='ltr'><strong><em>lu-</em></strong></span> 
     </span>
    </p>
   </div>
   <div class='ocr_carea' id='block_1_104' title="bbox 2178 4248 3774 4319">
    <p class='ocr_par' dir='ltr' id='par_1_104' title="bbox 2178 4248 3774 4319">
     <span class='ocr_line' id='line_1_104' title="bbox 2178 4248 3774 4319; baseline 0.002 -18"><span class='ocrx_word' id='word_1_869' title='bbox 2178 4261 2298 4302; x_wconf 87' lang='lat' dir='ltr'><strong><em>sum</em></strong></span> <span class='ocrx_word' id='word_1_870' title='bbox 2328 4256 2508 4302; x_wconf 88' lang='lat' dir='ltr'><strong><em>autem</em></strong></span> <span class='ocrx_word' id='word_1_871' title='bbox 2532 4248 2844 4319; x_wconf 74' lang='lat' dir='ltr'><strong><em>sanguinem</em></strong></span> <span class='ocrx_word' id='word_1_872' title='bbox 2865 4249 2933 4303; x_wconf 92' lang='lat' dir='ltr'><strong><em>ad</em></strong></span> <span class='ocrx_word' id='word_1_873' title='bbox 2951 4250 3133 4304; x_wconf 84' lang='lat' dir='ltr'><strong><em>basem</em></strong></span> <span class='ocrx_word' id='word_1_874' title='bbox 3154 4249 3340 4304; x_wconf 82' lang='lat' dir='ltr'><strong><em>altaris</em></strong></span> <span class='ocrx_word' id='word_1_875' title='bbox 3367 4249 3774 4306; x_wconf 81' lang='lat' dir='ltr'><strong><em>sacriﬁciorum.</em></strong></span> 
     </span>
    </p>
   </div>
   <div class='ocr_carea' id='block_1_105' title="bbox 2206 4338 3775 4412">
    <p class='ocr_par' dir='ltr' id='par_1_105' title="bbox 2206 4338 3775 4412">
     <span class='ocr_line' id='line_1_105' title="bbox 2206 4338 3775 4412; baseline 0.002 -16"><span class='ocrx_word' id='word_1_876' title='bbox 2206 4376 2209 4383; x_wconf 63' lang='grc' dir='ltr'><strong>η</strong></span> <span class='ocrx_word' id='word_1_877' title='bbox 2250 4338 2543 4410; x_wconf 79' lang='lat' dir='ltr'><strong><em>Superius,</em></strong></span> <span class='ocrx_word' id='word_1_878' title='bbox 2568 4341 2693 4410; x_wconf 90' lang='lat' dir='ltr'><strong><em>quia</em></strong></span> <span class='ocrx_word' id='word_1_879' title='bbox 2716 4341 3039 4411; x_wconf 75' lang='lat' dir='ltr'><strong><em>generaliter</em></strong></span> <span class='ocrx_word' id='word_1_880' title='bbox 3065 4341 3437 4412; x_wconf 65' lang='lat' dir='ltr'><strong><em>praecipiebat,</em></strong></span> <span class='ocrx_word' id='word_1_881' title='bbox 3457 4342 3503 4397; x_wconf 91' lang='lat' dir='ltr'><strong><em>si</em></strong></span> <span class='ocrx_word' id='word_1_882' title='bbox 3523 4341 3775 4399; x_wconf 85' lang='lat' dir='ltr'><strong><em>sacerdos</em></strong></span> 
     </span>
    </p>
   </div>
   <div class='ocr_carea' id='block_1_106' title="bbox 2180 4429 3774 4500">
    <p class='ocr_par' dir='ltr' id='par_1_106' title="bbox 2180 4429 3774 4500">
     <span class='ocr_line' id='line_1_106' title="bbox 2180 4429 3774 4500; baseline 0.002 -17"><span class='ocrx_word' id='word_1_883' title='bbox 2180 4437 2491 4499; x_wconf 86' lang='lat' dir='ltr'><strong><em>peccasset,</em></strong></span> <span class='ocrx_word' id='word_1_884' title='bbox 2534 4429 2711 4500; x_wconf 77' lang='lat' dir='ltr'><strong><em>ipsum</em></strong></span> <span class='ocrx_word' id='word_1_885' title='bbox 2752 4430 3086 4486; x_wconf 85' lang='lat' dir='ltr'><strong><em>sacerdotem</em></strong></span> <span class='ocrx_word' id='word_1_886' title='bbox 3113 4440 3328 4486; x_wconf 90' lang='lat' dir='ltr'><strong><em>unctum</em></strong></span> <span class='ocrx_word' id='word_1_887' title='bbox 3352 4438 3408 4486; x_wconf 89' lang='lat' dir='ltr'><strong><em>et</em></strong></span> <span class='ocrx_word' id='word_1_888' title='bbox 3429 4437 3774 4487; x_wconf 85' lang='lat' dir='ltr'><strong><em>consumma-</em></strong></span> 
     </span>
    </p>
   </div>
   <div class='ocr_carea' id='block_1_107' title="bbox 2179 4523 3773 4595">
    <p class='ocr_par' dir='ltr' id='par_1_107' title="bbox 2179 4523 3773 4595">
     <span class='ocr_line' id='line_1_107' title="bbox 2179 4523 3773 4595; baseline 0.001 -18"><span class='ocrx_word' id='word_1_889' title='bbox 2179 4529 2290 4577; x_wconf 92' lang='lat' dir='ltr'><strong><em>tum</em></strong></span> <span class='ocrx_word' id='word_1_890' title='bbox 2305 4563 2331 4589; x_wconf 86' lang='lat'><strong><em>,</em></strong></span> <span class='ocrx_word' id='word_1_891' title='bbox 2358 4537 2517 4594; x_wconf 89' lang='lat' dir='ltr'><strong><em>quem</em></strong></span> <span class='ocrx_word' id='word_1_892' title='bbox 2541 4523 2654 4578; x_wconf 90' lang='lat' dir='ltr'><strong><em>vult</em></strong></span> <span class='ocrx_word' id='word_1_893' title='bbox 2676 4523 2897 4595; x_wconf 79' lang='lat' dir='ltr'><strong><em>intelligi</em></strong></span> <span class='ocrx_word' id='word_1_894' title='bbox 2914 4538 3185 4580; x_wconf 78' lang='lat' dir='ltr'><strong><em>summum</em></strong></span> <span class='ocrx_word' id='word_1_895' title='bbox 3206 4525 3539 4581; x_wconf 82' lang='lat' dir='ltr'><strong><em>sacerdotem</em></strong></span> <span class='ocrx_word' id='word_1_896' title='bbox 3554 4567 3572 4588; x_wconf 85' lang='lat'><strong><em>,</em></strong></span> <span class='ocrx_word' id='word_1_897' title='bbox 3602 4524 3773 4581; x_wconf 85' lang='lat' dir='ltr'><strong><em>sacri-</em></strong></span> 
     </span>
    </p>
   </div>
   <div class='ocr_carea' id='block_1_108' title="bbox 2180 4614 3775 4686">
    <p class='ocr_par' dir='ltr' id='par_1_108' title="bbox 2180 4614 3775 4686">
     <span class='ocr_line' id='line_1_108' title="bbox 2180 4614 3775 4686; baseline 0.001 -17"><span class='ocrx_word' id='word_1_898' title='bbox 2180 4614 2297 4669; x_wconf 88' lang='lat' dir='ltr'><strong><em>ﬁcia</em></strong></span> <span class='ocrx_word' id='word_1_899' title='bbox 2324 4615 2422 4670; x_wconf 88' lang='lat' dir='ltr'><strong><em>ista</em></strong></span> <span class='ocrx_word' id='word_1_900' title='bbox 2439 4615 2600 4686; x_wconf 88' lang='lat' dir='ltr'><strong><em>jussit</em></strong></span> <span class='ocrx_word' id='word_1_901' title='bbox 2635 4614 2831 4672; x_wconf 78' lang='lat' dir='ltr'><strong><em>ollerre</em></strong></span> <span class='ocrx_word' id='word_1_902' title='bbox 2880 4634 2895 4672; x_wconf 87' lang='lat'><strong>:</strong></span> <span class='ocrx_word' id='word_1_903' title='bbox 2937 4632 3079 4672; x_wconf 89' lang='lat' dir='ltr'><strong><em>nunc</em></strong></span> <span class='ocrx_word' id='word_1_904' title='bbox 3110 4631 3240 4672; x_wconf 82' lang='lat' dir='ltr'><strong><em>vero</em></strong></span> <span class='ocrx_word' id='word_1_905' title='bbox 3264 4632 3384 4673; x_wconf 90' lang='lat' dir='ltr'><strong><em>cum</em></strong></span> <span class='ocrx_word' id='word_1_906' title='bbox 3408 4615 3775 4673; x_wconf 84' lang='lat' dir='ltr'><strong><em>sanctiﬁcatur</em></strong></span> 
     </span>
    </p>
   </div>
   <div class='ocr_carea' id='block_1_109' title="bbox 2177 4706 3773 4780">
    <p class='ocr_par' dir='ltr' id='par_1_109' title="bbox 2177 4706 3773 4780">
     <span class='ocr_line' id='line_1_109' title="bbox 2177 4706 3773 4780; baseline -0.001 -18"><span class='ocrx_word' id='word_1_907' title='bbox 2177 4707 2356 4763; x_wconf 82' lang='lat' dir='ltr'><strong><em>Aaron</em></strong></span> <span class='ocrx_word' id='word_1_908' title='bbox 2380 4749 2395 4773; x_wconf 89' lang='lat'><strong><em>,</em></strong></span> <span class='ocrx_word' id='word_1_909' title='bbox 2422 4706 2637 4780; x_wconf 74' lang='lat' dir='ltr'><strong><em>Moyses</em></strong></span> <span class='ocrx_word' id='word_1_910' title='bbox 2659 4707 2817 4765; x_wconf 83' lang='lat' dir='ltr'><strong><em>oﬁ‘ert</em></strong></span> <span class='ocrx_word' id='word_1_911' title='bbox 2838 4717 2894 4765; x_wconf 90' lang='lat' dir='ltr'><strong><em>et</em></strong></span> <span class='ocrx_word' id='word_1_912' title='bbox 2916 4707 3035 4779; x_wconf 88' lang='lat' dir='ltr'><strong><em>ipse</em></strong></span> <span class='ocrx_word' id='word_1_913' title='bbox 3063 4708 3255 4779; x_wconf 85' lang='lat' dir='ltr'><strong><em>accipit</em></strong></span> <span class='ocrx_word' id='word_1_914' title='bbox 3282 4709 3646 4779; x_wconf 85' lang='lat' dir='ltr'><strong><em>pectusculum</em></strong></span> <span class='ocrx_word' id='word_1_915' title='bbox 3668 4708 3773 4763; x_wconf 69' lang='lat' dir='ltr'><strong><em>imo</em></strong></span> 
     </span>
    </p>
   </div>
   <div class='ocr_carea' id='block_1_110' title="bbox 2176 4884 3771 4961">
    <p class='ocr_par' dir='ltr' id='par_1_110' title="bbox 2176 4884 3771 4961">
     <span class='ocr_line' id='line_1_110' title="bbox 2176 4884 3771 4961; baseline -0.003 -17"><span class='ocrx_word' id='word_1_916' title='bbox 2176 4887 2429 4944; x_wconf 85' lang='lat' dir='ltr'><strong><em>dandum.</em></strong></span> <span class='ocrx_word' id='word_1_917' title='bbox 2472 4888 2600 4945; x_wconf 88' lang='lat' dir='ltr'><strong><em>Inde</em></strong></span> <span class='ocrx_word' id='word_1_918' title='bbox 2639 4897 2818 4945; x_wconf 86' lang='lat' dir='ltr'><strong><em>autem</em></strong></span> <span class='ocrx_word' id='word_1_919' title='bbox 2856 4898 2983 4959; x_wconf 87' lang='lat' dir='ltr'><strong><em>puto</em></strong></span> <span class='ocrx_word' id='word_1_920' title='bbox 3014 4890 3382 4961; x_wconf 86' lang='lat' dir='ltr'><strong><em>pectusculum</em></strong></span> <span class='ocrx_word' id='word_1_921' title='bbox 3416 4884 3771 4959; x_wconf 86' lang='lat' dir='ltr'><strong><em>impositionis</em></strong></span> 
     </span>
    </p>
   </div>
   <div class='ocr_carea' id='block_1_111' title="bbox 2176 4978 3768 5051">
    <p class='ocr_par' dir='ltr' id='par_1_111' title="bbox 2176 4978 3768 5051">
     <span class='ocr_line' id='line_1_111' title="bbox 2176 4978 3768 5051; baseline -0.002 -17"><span class='ocrx_word' id='word_1_922' title='bbox 2176 4978 2377 5035; x_wconf 87' lang='lat' dir='ltr'><strong><em>dictum</em></strong></span> <span class='ocrx_word' id='word_1_923' title='bbox 2402 5020 2416 5046; x_wconf 95' lang='lat'><strong><em>,</em></strong></span> <span class='ocrx_word' id='word_1_924' title='bbox 2444 4980 2566 5051; x_wconf 84' lang='lat' dir='ltr'><strong><em>quia</em></strong></span> <span class='ocrx_word' id='word_1_925' title='bbox 2595 4980 2970 5050; x_wconf 86' lang='lat' dir='ltr'><strong><em>imponebatur</em></strong></span> <span class='ocrx_word' id='word_1_926' title='bbox 2992 4980 3115 5036; x_wconf 86' lang='lat' dir='ltr'><strong><em>inde</em></strong></span> <span class='ocrx_word' id='word_1_927' title='bbox 3135 4980 3300 5050; x_wconf 86' lang='lat' dir='ltr'><strong><em>adeps</em></strong></span> <span class='ocrx_word' id='word_1_928' title='bbox 3324 5022 3341 5047; x_wconf 87' lang='lat'><strong><em>,</em></strong></span> <span class='ocrx_word' id='word_1_929' title='bbox 3367 4981 3504 5047; x_wconf 86' lang='lat' dir='ltr'><strong><em>sicut</em></strong></span> <span class='ocrx_word' id='word_1_930' title='bbox 3528 4992 3768 5033; x_wconf 79' lang='lat' dir='ltr'><strong><em>comma-</em></strong></span> 
     </span>
    </p>
   </div>
   <div class='ocr_carea' id='block_1_112' title="bbox 2177 5070 3768 5143">
    <p class='ocr_par' dir='ltr' id='par_1_112' title="bbox 2177 5070 3768 5143">
     <span class='ocr_line' id='line_1_112' title="bbox 2177 5070 3768 5143; baseline -0.001 -18"><span class='ocrx_word' id='word_1_931' title='bbox 2177 5072 2406 5126; x_wconf 91' lang='lat' dir='ltr'><strong><em>moravit</em></strong></span> <span class='ocrx_word' id='word_1_932' title='bbox 2431 5072 2677 5143; x_wconf 86' lang='lat' dir='ltr'><strong><em>superius</em></strong></span> <span class='ocrx_word' id='word_1_933' title='bbox 2702 5072 2773 5128; x_wconf 89' lang='lat' dir='ltr'><strong><em>de</em></strong></span> <span class='ocrx_word' id='word_1_934' title='bbox 2800 5072 3064 5128; x_wconf 84' lang='lat' dir='ltr'><strong><em>sacriﬁcio</em></strong></span> <span class='ocrx_word' id='word_1_935' title='bbox 3092 5072 3361 5128; x_wconf 87' lang='lat' dir='ltr'><strong><em>salutaris.</em></strong></span> <span class='ocrx_word' id='word_1_936' title='bbox 3389 5070 3521 5127; x_wconf 89' lang='lat' dir='ltr'><strong><em>Cum</em></strong></span> <span class='ocrx_word' id='word_1_937' title='bbox 3544 5085 3670 5142; x_wconf 83' lang='lat' dir='ltr'><strong><em>ergo</em></strong></span> <span class='ocrx_word' id='word_1_938' title='bbox 3690 5070 3768 5124; x_wconf 82' lang='lat' dir='ltr'><strong><em>vi-</em></strong></span> 
     </span>
    </p>
   </div>
   <div class='ocr_carea' id='block_1_113' title="bbox 2175 5160 3767 5234">
    <p class='ocr_par' dir='ltr' id='par_1_113' title="bbox 2175 5160 3767 5234">
     <span class='ocr_line' id='line_1_113' title="bbox 2175 5160 3767 5234; baseline 0.002 -19"><span class='ocrx_word' id='word_1_939' title='bbox 2175 5160 2360 5216; x_wconf 88' lang='lat' dir='ltr'><strong><em>deatur</em></strong></span> <span class='ocrx_word' id='word_1_940' title='bbox 2383 5161 2451 5216; x_wconf 88' lang='lat' dir='ltr'><strong><em>ab</em></strong></span> <span class='ocrx_word' id='word_1_941' title='bbox 2476 5163 2651 5217; x_wconf 85' lang='lat' dir='ltr'><strong><em>Aaron</em></strong></span> <span class='ocrx_word' id='word_1_942' title='bbox 2679 5163 2908 5234; x_wconf 71' lang='lat' dir='ltr'><strong><em>cmpisse</em></strong></span> <span class='ocrx_word' id='word_1_943' title='bbox 2936 5177 3202 5219; x_wconf 88' lang='lat' dir='ltr'><strong><em>summum</em></strong></span> <span class='ocrx_word' id='word_1_944' title='bbox 3227 5163 3614 5229; x_wconf 84' lang='lat' dir='ltr'><strong><em>sacerdotium,</em></strong></span> <span class='ocrx_word' id='word_1_945' title='bbox 3638 5162 3767 5233; x_wconf 89' lang='lat' dir='ltr'><strong><em>quid</em></strong></span> 
     </span>
    </p>
   </div>
   <div class='ocr_carea' id='block_1_114' title="bbox 2175 5252 3764 5327">
    <p class='ocr_par' dir='ltr' id='par_1_114' title="bbox 2175 5252 3764 5327">
     <span class='ocr_line' id='line_1_114' title="bbox 2175 5252 3764 5327; baseline 0.003 -22"><span class='ocrx_word' id='word_1_946' title='bbox 2175 5263 2418 5321; x_wconf 88' lang='lat' dir='ltr'><strong><em>putamus</em></strong></span> <span class='ocrx_word' id='word_1_947' title='bbox 2461 5252 2623 5309; x_wconf 79' lang='lat' dir='ltr'><strong><em>fuisse</em></strong></span> <span class='ocrx_word' id='word_1_948' title='bbox 2657 5254 2918 5327; x_wconf 75' lang='lat' dir='ltr'><strong><em>Moysen?</em></strong></span> <span class='ocrx_word' id='word_1_949' title='bbox 2954 5254 3178 5325; x_wconf 80' lang='lat' dir='ltr'><strong><em>Si.ergo</em></strong></span> <span class='ocrx_word' id='word_1_950' title='bbox 3215 5255 3468 5313; x_wconf 86' lang='lat' dir='ltr'><strong><em>sacerdos</em></strong></span> <span class='ocrx_word' id='word_1_951' title='bbox 3493 5256 3764 5322; x_wconf 84' lang='lat' dir='ltr'><strong><em>nonfuit,</em></strong></span> 
     </span>
    </p>
   </div>
   <div class='ocr_carea' id='block_1_115' title="bbox 2171 5345 3762 5431">
    <p class='ocr_par' dir='ltr' id='par_1_115' title="bbox 2171 5345 3762 5431">
     <span class='ocr_line' id='line_1_115' title="bbox 2171 5345 3762 5431; baseline 0.004 -32"><span class='ocrx_word' id='word_1_952' title='bbox 2171 5345 2441 5431; x_wconf 82' lang='lat' dir='ltr'><strong><em>quomodo</em></strong></span> <span class='ocrx_word' id='word_1_953' title='bbox 2483 5361 2578 5416; x_wconf 90' lang='lat' dir='ltr'><strong><em>per</em></strong></span> <span class='ocrx_word' id='word_1_954' title='bbox 2616 5347 2766 5402; x_wconf 90' lang='lat' dir='ltr'><strong><em>illum</em></strong></span> <span class='ocrx_word' id='word_1_955' title='bbox 2804 5349 2983 5403; x_wconf 90' lang='lat' dir='ltr'><strong><em>omnia</em></strong></span> <span class='ocrx_word' id='word_1_956' title='bbox 3019 5349 3558 5431; x_wconf 53' lang='lat' dir='ltr'><strong><em>illa‘gerebanturisi</em></strong></span> <span class='ocrx_word' id='word_1_957' title='bbox 3584 5358 3762 5405; x_wconf 85' lang='lat' dir='ltr'><strong><em>autem</em></strong></span> 
     </span>
    </p>
   </div>
   <div class='ocr_carea' id='block_1_116' title="bbox 2170 5420 3762 5511">
    <p class='ocr_par' dir='ltr' id='par_1_116' title="bbox 2170 5420 3762 5511">
     <span class='ocr_line' id='line_1_116' title="bbox 2170 5420 3762 5511; baseline 0.005 -22"><span class='ocrx_word' id='word_1_958' title='bbox 2170 5420 2270 5490; x_wconf 69' lang='lat' dir='ltr'><strong><em>luit</em></strong></span> <span class='ocrx_word' id='word_1_959' title='bbox 2288 5437 2557 5507; x_wconf 90' lang='lat' dir='ltr'><strong><em>quomodo</em></strong></span> <span class='ocrx_word' id='word_1_960' title='bbox 2577 5452 2843 5495; x_wconf 88' lang='lat' dir='ltr'><strong><em>summum</em></strong></span> <span class='ocrx_word' id='word_1_961' title='bbox 2864 5420 3221 5496; x_wconf 78' lang='lat' dir='ltr'><strong><em>sacerdotium</em></strong></span> <span class='ocrx_word' id='word_1_962' title='bbox 3244 5440 3312 5496; x_wconf 90' lang='lat' dir='ltr'><strong><em>ab</em></strong></span> <span class='ocrx_word' id='word_1_963' title='bbox 3337 5441 3453 5511; x_wconf 89' lang='lat' dir='ltr'><strong><em>ejus</em></strong></span> <span class='ocrx_word' id='word_1_964' title='bbox 3473 5439 3633 5497; x_wconf 82' lang='lat' dir='ltr'><strong><em>fratre</em></strong></span> <span class='ocrx_word' id='word_1_965' title='bbox 3652 5456 3762 5497; x_wconf 74' lang='lat' dir='ltr'><strong><em>cce-</em></strong></span> 
     </span>
    </p>
   </div>
   <div class='ocr_carea' id='block_1_117' title="bbox 2169 5526 3759 5602">
    <p class='ocr_par' dir='ltr' id='par_1_117' title="bbox 2169 5526 3759 5602">
     <span class='ocr_line' id='line_1_117' title="bbox 2169 5526 3759 5602; baseline 0.004 -21"><span class='ocrx_word' id='word_1_966' title='bbox 2169 5526 2313 5597; x_wconf 85' lang='lat' dir='ltr'><strong><em>pisse</em></strong></span> <span class='ocrx_word' id='word_1_967' title='bbox 2354 5527 2682 5585; x_wconf 79' lang='lat' dir='ltr'><strong><em>deﬁnimus?</em></strong></span> <span class='ocrx_word' id='word_1_968' title='bbox 2716 5529 3031 5602; x_wconf 85' lang='lat' dir='ltr'><strong><em>Quanquam</em></strong></span> <span class='ocrx_word' id='word_1_969' title='bbox 3069 5533 3233 5587; x_wconf 89' lang='lat' dir='ltr'><strong><em>etiam</em></strong></span> <span class='ocrx_word' id='word_1_970' title='bbox 3260 5534 3492 5602; x_wconf 87' lang='lat' dir='ltr'><strong><em>psalmus</em></strong></span> <span class='ocrx_word' id='word_1_971' title='bbox 3517 5533 3637 5596; x_wconf 87' lang='lat' dir='ltr'><strong><em>ille.</em></strong></span> <span class='ocrx_word' id='word_1_972' title='bbox 3669 5530 3759 5587; x_wconf 89' lang='lat' dir='ltr'><strong><em>ubi</em></strong></span> 
     </span>
    </p>
   </div>
   <div class='ocr_carea' id='block_1_118' title="bbox 2168 5619 3754 5698">
    <p class='ocr_par' dir='ltr' id='par_1_118' title="bbox 2168 5619 3754 5698">
     <span class='ocr_line' id='line_1_118' title="bbox 2168 5619 3754 5698; baseline 0.001 -23"><span class='ocrx_word' id='word_1_973' title='bbox 2168 5619 2367 5676; x_wconf 89' lang='lat' dir='ltr'><strong><em>dictum</em></strong></span> <span class='ocrx_word' id='word_1_974' title='bbox 2394 5629 2497 5689; x_wconf 86' lang='lat' dir='ltr'><strong><em>est,</em></strong></span> <span class='ocrx_word' id='word_1_975' title='bbox 2524 5619 2728 5694; x_wconf 76' lang='lat' dir='ltr'><strong><em>Moyses</em></strong></span> <span class='ocrx_word' id='word_1_976' title='bbox 2756 5632 2804 5677; x_wconf 91' lang='lat' dir='ltr'><strong><em>et</em></strong></span> <span class='ocrx_word' id='word_1_977' title='bbox 2827 5623 3000 5679; x_wconf 82' lang='lat' dir='ltr'><strong><em>Aaron</em></strong></span> <span class='ocrx_word' id='word_1_978' title='bbox 3023 5624 3077 5678; x_wconf 83' lang='lat' dir='ltr'><strong><em>in</em></strong></span> <span class='ocrx_word' id='word_1_979' title='bbox 3093 5624 3437 5679; x_wconf 84' lang='lat' dir='ltr'><strong><em>sacerdotibus’</em></strong></span> <span class='ocrx_word' id='word_1_980' title='bbox 3453 5625 3564 5698; x_wconf 81' lang='lat' dir='ltr'><strong><em>ejus</em></strong></span> <span class='ocrx_word' id='word_1_981' title='bbox 3581 5622 3754 5693; x_wconf 81' lang='lat' dir='ltr'><strong><em>(Psat.</em></strong></span> 
     </span>
    </p>
   </div>
   <div class='ocr_carea' id='block_1_119' title="bbox 2229 5775 3738 5849">
    <p class='ocr_par' dir='ltr' id='par_1_119' title="bbox 2229 5775 3738 5849">
     <span class='ocr_line' id='line_1_119' title="bbox 2229 5775 3738 5849; baseline 0.009 -27"><span class='ocrx_word' id='word_1_982' title='bbox 2229 5775 2338 5849; x_wconf 16' lang='lat' dir='ltr'><strong><em>i7</em></strong></span> <span class='ocrx_word' id='word_1_983' title='bbox 2367 5782 2419 5849; x_wconf 88' lang='lat' dir='ltr'><strong><em>et</em></strong></span> <span class='ocrx_word' id='word_1_984' title='bbox 2437 5781 2547 5849; x_wconf 43' lang='lat' dir='ltr'><strong><em>nov.</em></strong></span> <span class='ocrx_word' id='word_1_985' title='bbox 2573 5775 3195 5849; x_wconf 33' lang='lat' dir='ltr'><strong><em>legunttpennnjecoris;</em></strong></span> <span class='ocrx_word' id='word_1_986' title='bbox 3218 5787 3280 5849; x_wconf 82' lang='lat' dir='ltr'><strong><em>et</em></strong></span> <span class='ocrx_word' id='word_1_987' title='bbox 3303 5782 3446 5849; x_wconf 57' lang='lat' dir='ltr'><strong><em>paulo</em></strong></span> <span class='ocrx_word' id='word_1_988' title='bbox 3476 5786 3601 5844; x_wconf 76' lang='lat' dir='ltr'><strong><em>post,</em></strong></span> <span class='ocrx_word' id='word_1_989' title='bbox 3639 5790 3738 5843; x_wconf 70' lang='grc' dir='ltr'><strong><em>ρειι</em></strong></span> 
     </span>
    </p>
   </div>
   <div class='ocr_carea' id='block_1_120' title="bbox 2164 5835 3382 5904">
    <p class='ocr_par' dir='ltr' id='par_1_120' title="bbox 2164 5835 3382 5904">
     <span class='ocr_line' id='line_1_120' title="bbox 2164 5835 3382 5904; baseline 0.004 -17"><span class='ocrx_word' id='word_1_990' title='bbox 2164 5835 2492 5901; x_wconf 68' lang='lat' dir='ltr'><strong><em>namjecoris.</em></strong></span> <span class='ocrx_word' id='word_1_991' title='bbox 2512 5845 2583 5902; x_wconf 78' lang='lat'><strong><em>8.,</em></strong></span> <span class='ocrx_word' id='word_1_992' title='bbox 2603 5835 3015 5903; x_wconf 44' lang='lat' dir='ltr'><strong><em>p&#39;imza&#39;jocineris,</em></strong></span> <span class='ocrx_word' id='word_1_993' title='bbox 3038 5835 3285 5904; x_wconf 85' lang='lat' dir='ltr'><strong><em>corrupte.</em></strong></span> <span class='ocrx_word' id='word_1_994' title='bbox 3304 5835 3382 5892; x_wconf 48' lang='lat' dir='ltr'><strong><em>‘at.</em></strong></span> 
     </span>
    </p>
   </div>
  </div>
