4136 6456
403 369 512 426 885

404 500 564 542 x‘cvtn
582 528 594 548 ,
636 483 691 555 6)
711 525 725 548 ,
753 482 957 539 aufrrat
984 482 1366 541 dubitationem
1395 486 1535 560 quod
1560 488 1809 546 sacerdos
1837 489 1997 548 fuerit

402 591 457 636 et
498 580 726 647 Moyses.
772 577 985 634 Vestem
1027 586 1201 633 tamen
1244 580 1387 635 illam
1428 582 1848 652 sacerdotalem,
1876 596 1995 655 qua)

404 686 656 742 magnum
684 670 920 725 continet
948 681 1339 727 sacramentum
1362 715 1376 739 ,
1407 673 1578 729 Aamn
1606 674 1823 744 jubetur
1849 678 1994 731 acci-

402 779 528 833 pere
571 773 624 817 et
668 777 1008 818 successores
1049 763 1165 833 ejus
1208 766 1398 818 summi
1444 767 1747 823 sacerdotes
1794 767 1990 837 (Exod.

399 856 618 926 nrt").
646 854 703 909 In
730 854 914 910 Exodo
943 866 1223 925 antequam
1242 857 1458 913 omnino
1474 858 1673 930 aliquid
1704 860 1769 915 de
1797 861 1994 915 sancti-

401 949 620 1004 ticandis
649 958 703 1004 et
728 948 1121 1019 quodammodo
1143 949 1449 1005 ordinandis
1470 952 1833 1008 sacerdotibus
1856 968 1993 1023 pra:-

399 1042 662 1110 cipiatur,
709 1040 921 1111 quando
966 1040 1145 1113 Moyse
1172 1041 1490 1098 ascendente
1523 1043 1576 1097 in
1605 1054 1837 1098 montem
1862 1085 1876 1111 ,
1900 1045 1991 1114 ju-

402 1134 600 1189 bentur
630 1148 736 1187 non
766 1131 1055 1187 ascendere
1081 1132 1386 1187 sacerdotes
1416 1131 1524 1203 (Id.
1555 1150 1675 1201 xix,
1703 1133 1793 1207 21)
1815 1177 1829 1197 ,
1860 1150 1990 1203 quos

396 1223 702 1294 intelligere
730 1223 864 1279 alios
891 1237 996 1277 non
1026 1238 1306 1293 possumus
1336 1224 1439 1278 nisi
1469 1223 1606 1280 filios
1635 1227 1849 1291 Aaron;
1882 1241 1987 1281 non

394 1314 519 1384 quia
558 1312 669 1384 jam
710 1321 902 1380 erant,
943 1312 1037 1368 sed
1080 1314 1203 1384 quia
1231 1306 1394 1367 futuri
1423 1321 1607 1380 erant,
1635 1313 1736 1370 hoc
1761 1326 1856 1371 eos
1878 1315 1990 1386 jam

393 1413 521 1459 tunc
568 1404 841 1475 Scriptura
890 1404 1172 1473 appellavit
1208 1420 1305 1476 per
1345 1406 1808 1476 anticipationem,
1852 1408 1990 1462 sicut

392 1506 517 1554 sunt
542 1497 799 1567 pleraque
828 1496 1009 1551 talium
1037 1496 1359 1551 locutionum
1387 1516 1400 1552 :
1426 1514 1546 1553 nam
1577 1506 1632 1553 et
1655 1499 1794 1554 filius
1815 1499 1985 1566 Nave,

390 1589 550 1645 Iesus
575 1588 872 1662 appellatus
891 1587 1101 1658 est(Id.
1132 1604 1313 1656 xxxm,
1351 1588 1462 1663 11),
1480 1606 1599 1646 cum
1626 1591 1779 1661 longe
1804 1601 1987 1661 postea

390 1683 503 1737 hoc
562 1697 764 1739 nomen
812 1682 861 1737 ei
910 1680 1181 1751 Scriptura
1232 1691 1413 1738 narret
1450 1684 1753 1753 impositum
1798 1682 1983 1757 (Nam.

390 1791 517 1841 xm,
567 1775 675 1845 l7).
718 1774 890 1830 Ambo
925 1788 1054 1844 ergo
1097 1783 1221 1828 tunc
1247 1776 1441 1830 summi
1470 1776 1771 1831 sacerdotes
1795 1787 1945 1832 erant
1968 1818 1983 1842 ,

386 1863 596 1935 Moyses
629 1874 681 1920 ct
704 1866 921 1930 Aaron;
954 1884 1021 1921 an
1050 1866 1221 1935 potius
1248 1865 1490 1938 Moyses,
1528 1870 1699 1922 Aaron
1734 1884 1861 1922 vero
1888 1870 1985 1924 sub

387 1956 525 2009 illo?
551 1972 617 2010 an
641 1963 695 2010 et
725 1956 836 2025 ipse
864 1971 1105 2012 summus
1131 1966 1344 2027 propter
1370 1971 1569 2013 vestem
1602 1959 1979 2027 pontiﬁcalem,

386 2047 479 2103 ille
523 2064 650 2102 vero
695 2056 908 2117 prepter
946 2048 1288 2105 excellentius
1337 2049 1735 2104 ministerium?
1785 2050 1917 2104 Nam
1954 2067 1984 2104 a

386 2141 648 2210 principio
687 2142 733 2195 ei
775 2139 1001 2208 dicitur,
1034 2139 1152 2212 Ipse
1176 2141 1264 2195 tibi
1290 2158 1403 2212 qua
1425 2142 1493 2196 ad
1519 2143 1761 2215 populant
1780 2185 1795 2211 ,
1825 2153 1879 2198 tu
1910 2142 1987 2197 illi

384 2247 502 2302 qua:
527 2232 595 2283 ad
625 2230 783 2284 Deum
818 2229 1012 2303 (Eapd.
1045 2247 1127 2298 tv,
1160 2232 1271 2302 16).

457 2322 633 2387 Quaeri
677 2321 835 2376 etiam
881 2330 1084 2391 potest,
1132 2332 1250 2391 post
1279 2332 1505 2377 mortem
1538 2322 1705 2397 Moysi
1734 2326 1851 2395 quis
1880 2342 1983 2380 un-

296 2480 301 2483 _
382 2414 543 2482 gebat
580 2427 942 2467 successorem
978 2415 1169 2467 summi
1208 2414 1537 2483 sacerdotis,
1576 2417 1667 2486 qui
1696 2419 1985 2475 succedere

385 2504 494 2559 nisi
532 2504 783 2560 defuncto
814 2520 916 2559 non
946 2506 1125 2577 utique
1153 2517 1378 2576 poterat.
1406 2510 1489 2562 An
1515 2510 1636 2579 quia
1660 2510 1769 2580 jam
1796 2524 1985 2566 unc‘ns

385 2599 503 2651 erat
553 2596 691 2651 inter
753 2598 1015 2653 secundos
1057 2599 1363 2654 sacerdotes
1399 2599 1582 2672 (idem
1631 2602 1827 2671 quippe
1885 2601 1984 2658 fuit

392 2688 593 2756 oleum,
649 2705 754 2759 quo
783 2701 834 2745 et
874 2705 1111 2746 summus
1139 2700 1191 2747 et
1220 2692 1439 2747 secundi
1469 2694 1819 2767 angebantur)
1840 2738 1854 2762 ,
1888 2712 1981 2751 ve-

382 2789 523 2834 stem
564 2790 765 2835 tantnnt
793 2782 1038 2837 sumebat
1066 2784 1152 2838 ille
1179 2784 1415 2854 pontifex
1438 2827 1451 2849 ,
1481 2801 1581 2855 qua
1613 2786 1729 2855 ejus
1760 2787 1981 2841 summi-

383 2879 469 2926 tas
492 2873 815 2942 appareret?
843 2872 908 2927 Et
939 2874 982 2927 si
1014 2873 1083 2927 ita
1116 2885 1196 2929 est
1217 2916 1231 2940 ,
1265 2885 1440 2930 utrum
1468 2876 1582 2946 ipse
1607 2876 1886 2943 sumebat,
1912 2893 1979 2932 an

380 2976 504 3015 eum
529 2963 664 3017 alius
692 2962 973 3029 induebat,
1004 2965 1139 3019 sicut
1166 2975 1219 3019 et
1246 2975 1365 3034 post
1384 2966 1498 3035 ejus
1520 2975 1746 3022 mortem
1774 2967 1981 3039 Moyses

380 3054 545 3108 lilium
591 3054 769 3109 fratris
810 3057 931 3111 sui?
958 3056 1012 3112 Si
1041 3072 1169 3128 ergo
1195 3058 1261 3112 ab
1290 3058 1392 3112 alio
1425 3060 1778 3126 vestiebatur,
1811 3078 1969 3116 nunt-

377 3146 502 3215 quid
550 3161 655 3201 non
698 3158 948 3217 poterata
970 3148 1203 3203 secundo
1224 3164 1501 3216 summus;
1532 3154 1824 3220 praesertim
1852 3155 1974 3224 quia

380 3236 501 3290 talis
528 3248 640 3292 erat
667 3239 867 3305 vestis,
902 3248 957 3293 ιιι
980 3255 1100 3299 eum
1132 3240 1199 3295 ab
1224 3242 1330 3295 alio
1361 3241 1506 3297 indui
1536 3259 1753 3299 necesse
1784 3247 1978 3301 luerit?

376 3342 447 3381 an
489 3328 567 3384 sic
608 3330 928 3384 induebatur
964 3332 1144 3402 prius,
1176 3342 1232 3387 ut
1259 3335 1417 3388 etiam
1442 3344 1625 3404 postea
1647 3336 1669 3389 ?
1693 3336 1807 3391 Non
1835 3339 1977 3392 enim

377 3422 545 3476 semel
584 3422 799 3478 indutus
834 3438 937 3477 non
967 3440 1083 3478 eam
1117 3425 1385 3493 ponebat;
1413 3435 1503 3480 aut
1529 3442 1649 3480 cum
1682 3428 1975 3497 posuisset,

376 3528 484 3567 non
528 3530 644 3569 eam
688 3516 1009 3571 resumebat.
1061 3518 1201 3572 Fieri
1242 3534 1369 3588 ergo
1396 3517 1624 3575 fortasse
1656 3530 1891 3590 poterat,
1922 3531 1979 3578 ιιι

377 3601 595 3661 secundi
642 3609 897 3663 vestirent
939 3610 1200 3679 primum,
1245 3612 1623 3682 obsequendo,
1666 3628 1771 3669 non
1800 3617 1977 3672 excel-

377 3693 559 3750 lendo.
586 3696 739 3753 Unde
764 3708 945 3753 autem
977 3700 1267 3769 apparebat
1292 3701 1536 3771 quisnam
1564 3704 1792 3759 ﬁliorum
1823 3720 1974 3761 sum-

375 3802 465 3842 mo
502 3789 765 3845 sacerdoti
800 3790 1087 3846 succedere
1114 3791 1377 3848 deberet?
1401 3810 1508 3849 non
1535 3796 1675 3850 enim
1708 3798 1973 3869 primoge-

376 3881 548 3935 nitum
570 3924 585 3948 ,
620 3891 711 3937 aut
740 3884 998 3952 majorem
1024 3883 1294 3953 Scriptura
1322 3884 1563 3941 definivit
1595 3904 1609 3941 :
1640 3887 1743 3942 nisi
1773 3888 1972 3945 intelli-

375 3984 567 4042 gamus
596 3975 774 4045 aliquo
795 3975 978 4029 divino
1000 3974 1196 4030 indicio
1223 3976 1338 4032 ﬁeri
1364 3978 1569 4044 solere,
1599 3978 1710 4033 sive
1733 3995 1825 4048 per
1845 3996 1971 4050 pro-

374 4064 591 4133 phetam
613 4106 628 4130 ,
651 4067 764 4121 sive
785 4066 1021 4135 quolibet
1044 4066 1150 4121 alio
1172 4066 1331 4122 modo
1351 4056 1455 4138 quo
1475 4069 1704 4124 consulit
1725 4070 1864 4126 Deus
1884 4085 1970 4126 so-

379 4155 454 4210 let
485 4174 499 4210 :
530 4171 830 4226 quanquam
860 4171 925 4210 ex
956 4158 1297 4212 contentione
1331 4172 1416 4213 res
1442 4158 1753 4229 provenisse
1784 4160 1967 4215 videa-

372 4253 492 4309 tur,
523 4255 578 4301 ut
606 4254 789 4316 postea
822 4258 1101 4316 propterea
1132 4246 1326 4302 fuerint
1353 4248 1530 4314 plures
1559 4250 1751 4303 summi
1782 4265 1965 4307 sacer-

371 4335 556 4404 dotes,
601 4338 724 4409 quia
769 4338 1209 4393 contendentibus
1249 4340 1741 4407 exeellentiorihus,
1771 4342 1878 4397 litis
1902 4342 1966 4397 li-

372 4429 583 4483 nienda:
615 4444 773 4484 causa
804 4429 1042 4499 pluribus
1071 4429 1243 4484 honor
1268 4430 1379 4499 ipse
1401 4430 1749 4486 tribuebatur.

444 4518 633 4574 XXIV.
666 4517 766 4593 [Ib.
801 4536 921 4587 vnt,
954 4518 1068 4593 35.]
1098 4520 1235 4588 Quid
1261 4529 1343 4575 est
1365 4521 1505 4593 quod
1532 4522 1873 4597 dicitMoyses
1897 4522 1964 4577 ad

370 4609 548 4665 Aaron
576 4618 633 4666 et
660 4612 798 4665 ﬁlios
822 4612 940 4681 ejus
958 4646 974 4678 ,
1005 4626 1126 4666 cum
1156 4611 1553 4666 sanetilicantur
1580 4613 1646 4667 ad
1672 4613 1960 4670 ineundum

370 4702 751 4769 sacerdotium,
770 4703 850 4757 Ad
876 4704 1061 4757 ostium
1090 4703 1400 4757 tabernaculi
1426 4704 1709 4758 testimonii
1731 4703 1961 4761 sedebitis

371 4803 554 4863 septem
585 4795 691 4849 dies
710 4837 725 4860 ,
756 4795 838 4848 die
862 4805 909 4848 et
934 4803 1095 4859 nocte,
1124 4811 1187 4849 ne
1210 4794 1544 4849 moriamini?
1570 4795 1961 4865 Numquidnam

369 4885 626 4941 credibile
648 4895 729 4941 est
745 4928 758 4951 ,
792 4887 897 4941 situ
928 4886 1170 4956 corporis
1190 4901 1297 4940 uno
1320 4886 1435 4941 loco
1456 4886 1643 4941 sedere
1664 4896 1961 4958 praeceptos

370 4991 469 5047 per
509 4977 627 5033 dies
670 4987 876 5047 septem
914 4977 1000 5032 die
1042 4986 1097 5032 et
1140 4984 1329 5043 nocte,
1364 4975 1587 5031 undese
1615 4977 1832 5032 omnino
1855 4994 1960 5033 non

369 5071 810 5126 commoverent?
851 5071 960 5125 Nec
1006 5081 1181 5125 tamen
1226 5069 1349 5123 hinc
1384 5077 1632 5140 tanquam
1677 5070 1961 5141 allegorice

375 5163 569 5237 aliquid
596 5164 949 5233 signiﬁcatum
966 5207 979 5228 ,
1013 5162 1155 5234 quod
1182 5179 1287 5217 non
1312 5162 1461 5218 fieret
1480 5206 1494 5230 ,
1518 5163 1611 5218 sed
1639 5164 1960 5234 intelligere-

371 5265 455 5311 tur
475 5258 491 5288 ¹
510 5297 526 5322 ,
571 5256 793 5327 cogendi
834 5272 1018 5311 sumus
1042 5256 1285 5326 accipere
1310 5271 1324 5320 ;
1356 5254 1451 5310 sed
1481 5256 1653 5323 potius
1672 5270 1960 5327 agnoscere

368 5347 693 5406 locutionem
737 5349 1126 5421 Seripturarum
1147 5389 1163 5415 ,
1194 5349 1281 5403 ubi
1308 5349 1600 5403 sessionem
1633 5367 1727 5420 pro
1754 5351 1959 5406 habita-

368 5443 513 5499 tione
551 5452 606 5498 et
644 5443 1064 5498 commoratione
1095 5442 1262 5512 ponit.
1291 5441 1406 5497 Non
1434 5441 1575 5497 enim
1608 5442 1728 5512 quia
1759 5443 1957 5498 dictum

367 5545 450 5593 est
494 5535 562 5591 de
604 5534 782 5592 Semel
821 5535 960 5605 quod
984 5520 1201 5590 (sederit
1238 5535 1292 5589 in
1329 5534 1620 5591 Jerusalem
1656 5549 1825 5588 annos
1852 5544 1959 5589 tres

378 5626 462 5695 illi
503 5626 628 5698 Reg.
664 5643 696 5681 ιι
717 5669 731 5691 ,
763 5626 855 5695 '58)
877 5664 893 5691 ,
925 5626 1048 5681 ideo
1076 5626 1365 5695 putandum
1395 5634 1479 5681 est
1508 5641 1602 5696 per
1627 5634 1795 5679 totum
1830 5626 1958 5681 illud

369 5726 580 5787 tempus
625 5718 679 5772 in
723 5717 853 5773 sella
891 5716 1125 5783 sedisse.
1169 5724 1355 5771 etnon
1387 5717 1710 5771 surrexisse.
1745 5716 1877 5770 llinc
1906 5724 1960 5772 et

430 5847 449 5880 ³
473 5853 525 5898 tn
539 5854 612 5898 Er.
626 5848 773 5904 Luzd.
793 5855 913 5900 Ven.
925 5848 1223 5900 I.ov.desunt
1240 5849 1406 5903 verba.
1424 5848 1508 5898 sed
1528 5844 1887 5905 intelligeretur,
1902 5855 1956 5898 M.

1792 377 1993 434 LIBER
2032 378 2349 444 TERTIUS.

3590 403 3696 462 686

2101 498 2256 554 sedes
2303 500 2549 559 dicuntur
2581 546 2597 573 ,
2643 504 2731 561 ubi
2784 505 2983 565 habent
3023 513 3498 572 commorationem
3547 532 3687 588 quo-

2102 604 2218 643 rum
2249 590 2405 647 sedes
2432 604 2555 649 sunt
2582 612 2596 648 :
2621 595 2874 654 habitatio
2903 600 3097 672 quippe
3119 600 3223 660 hoc
3243 618 3435 660 nomen
3456 608 3684 681 accepit.

2170 681 2337 737 XXV.
2380 681 2481 757 [Ib.
2502 701 2553 741 ιχ
2573 727 2588 752 ,
2634 686 2711 762 1.]
2748 689 2814 744 Et
2840 694 3030 762 factum
3055 701 3156 761 est,
3189 694 3269 749 die
3293 705 3467 752 octat-o
3492 701 3689 754 vocavit

2103 771 2304 845 Moyses
2330 777 2531 845 Aaron,
2563 791 2606 834 et
2630 782 2767 850 ﬁlios
2795 784 2936 854 ejus,
2965 794 3011 839 et
3034 796 3264 843 senatum
3303 787 3465 846 Israe.
3513 790 3684 859 Quem

2098 867 2307 934 quidam
2331 872 2495 924 nostri
2515 883 2743 928 senatum
2768 876 3095 946 interpretati
3118 889 3240 934 sunt
3254 923 3269 949 ,
3290 895 3527 955 γερουσίαν
3541 901 3688 956 gne-

2097 972 2192 1012 cus
2235 959 2392 1015 habet
2430 980 2442 1016 :
2486 962 2586 1020 hoc
2621 974 2701 1021 est
2744 983 2871 1039 ergo
2909 975 3133 1027 secutus
3161 973 3454 1044 interpres,
3482 979 3602 1047 quia
3630 989 3689 1038 et

2098 1059 2315 1105 senatus
2339 1067 2366 1105 a
2393 1054 2544 1109 senio
2569 1056 2777 1113 videtur
2802 1060 2993 1115 dictus.
3022 1061 3136 1117 Non
3163 1074 3339 1121 autem
3368 1079 3490 1138 apte
3520 1070 3571 1124 in
3598 1070 3685 1125 la-

2100 1140 2213 1196 tino
2240 1143 2539 1210 diceretur,
2575 1146 2791 1203 Vocavit
2818 1160 3145 1207 senectutem
3177 1153 3337 1210 lsrael
3358 1198 3373 1222 ,
3405 1173 3500 1227 pro
3528 1160 3680 1215 seni-

2098 1230 2198 1286 bus
2243 1233 2329 1288 vel
2360 1235 2659 1292 senioribus
2705 1255 2720 1293 :
2763 1245 3005 1310 quamvis
3032 1244 3216 1300 eadem
3246 1246 3441 1302 locutio
3466 1260 3605 1304 esset
3633 1251 3680 1308 si

2094 1323 2389 1395 diceretur,
2431 1328 2645 1384 Vocavit
2670 1329 3006 1400 juventutem
3035 1334 3196 1392 lsrael
3217 1374 3232 1405 ,
3261 1353 3359 1408 pro
3380 1339 3683 1409 juvenibus.

2093 1415 2200 1472 Sed
2228 1416 2330 1473 hoc
2355 1421 2605 1476 usitatum
2634 1431 2716 1477 est
2736 1423 2787 1477 in
2808 1423 2966 1479 lalina
2989 1426 3185 1496 lingua,
3220 1428 3344 1482 illud
3371 1439 3550 1486 autem
3577 1448 3686 1489 non

2094 1518 2193 1563 est.
2239 1508 2367 1581 Nam
2413 1512 2515 1567 hoc
2544 1513 2753 1584 proprie
2778 1514 3043 1571 diceretur
3067 1558 3082 1582 ,
3113 1518 3157 1572 si
3186 1518 3483 1587 diceretur,
3516 1520 3685 1577 Voca-

2092 1600 2165 1654 vit
2188 1611 2513 1659 senectutem
2536 1603 2717 1659 lsrael.
2740 1605 2888 1663 Unde
2906 1608 3117 1677 quidam
3137 1608 3421 1666 insolenter
3440 1622 3686 1681 putantes

2092 1690 2251 1745 etiam
2275 1682 2504 1747 senatum
2523 1694 2649 1762 dici,
2674 1695 2999 1766 interpretati
3023 1709 3144 1753 sunt
3164 1700 3389 1754 ordinent
3409 1705 3681 1758 seniorum.

2090 1778 2418 1851 Compendio
2459 1793 2635 1839 tamen
2671 1784 2891 1841 forsitan
2924 1789 3113 1843 melius
3139 1788 3435 1859 diceretur,
3466 1791 3685 1848 Vocavit

2091 1874 2330 1928 seniores
2354 1874 2536 1932 lsrael.

2161 1987 2349 2042 XXVI.
2375 1986 2474 2061 [lb.
2504 2005 2586 2056 ιχ,
2616 1986 2762 2062 2-4]
2789 1989 2996 2061 Moyses
3023 1990 3151 2045 dicit
3176 1991 3241 2045 ad
3266 1993 3440 2047 Aaron
3471 2011 3483 2047 :
3518 1994 3680 2049 Etse-

2090 2084 2232 2135 natui
2276 2081 2441 2136 Israel
2485 2083 2685 2153 loquere
2730 2082 2898 2136 dicens
2927 2124 2942 2149 ,
2964 2083 3176 2152 accipite
3200 2084 3396 2138 hircum
3423 2103 3483 2139 ea:
3506 2089 3674 2157 capris

2089 2188 2244 2226 unum
2272 2190 2363 2244 pro
2392 2182 2623 2239 peccato,
2651 2182 2695 2227 et
2720 2173 2925 2226 arietem
2950 2182 2996 2226 et
3026 2174 3232 2227 vitulum
3256 2184 3303 2227 et
3326 2192 3513 2245 agnum
3530 2179 3681 2230 οιιηὶ-

2088 2264 2257 2316 culum
2284 2263 2335 2316 in
2365 2263 2734 2332 holocarposim
2763 2264 2870 2317 sine
2900 2261 3119 2326 macula,
3143 2276 3188 2318 et
3210 2265 3419 2319 vitulum
3444 2283 3475 2319 a
3502 2267 3677 2334 bobus,

2089 2363 2135 2407 et
2163 2354 2367 2407 arietem
2398 2354 2448 2407 in
2472 2354 2781 2421 sacriﬁcium
2804 2355 3041 2407 salutaris
3066 2362 3182 2408 ante
3210 2352 3517 2419 Dominum,
3544 2366 3591 2410 et
3610 2359 3682 2410 si-

2088 2445 2262 2498 milam
2285 2461 2604 2515 conspersum
2632 2445 2683 2497 in
2710 2443 2818 2497 oleo
2837 2461 2857 2509 ;
2877 2444 3115 2514 quoniam
3135 2444 3284 2498 hodie
3308 2444 3549 2499 videbitur
3572 2445 3680 2500 Do-

2088 2535 2254 2591 minus
2293 2536 2347 2590 in
2387 2535 2543 2590 vobis.
2575 2536 2814 2602 Quatuor
2842 2550 3036 2605 genera
3064 2536 3447 2591 sacriﬁciorum
3472 2536 3538 2592 de
3559 2539 3676 2591 ani-

2087 2626 2311 2681 malibus
2336 2627 2579 2697 superius
2602 2624 3013 2691 commendavit;
3036 2624 3348 2691 holocausti,
3371 2641 3466 2695 pro
3485 2641 3678 2697 pecca-

2089 2723 2161 2780 to,
2183 2717 2448 2783 salutaris,
2463 2726 2518 2770 et
2552 2715 3026 2770 consummationis
3050 2732 3063 2768 :
3087 2715 3180 2771 Sed
3201 2717 3677 2771 consummationis

2085 2806 2154 2861 ad
2166 2806 2451 2861 Sacerdotis
2468 2807 2935 2861 sanctilicationem
2956 2804 3325 2874 pertinet.Tria
3342 2821 3466 2877 ergo
3478 2822 3675 2876 genera

2087 2898 2287 2968 reliqua
2308 2898 2394 2952 hic
2412 2899 2788 2968 praecipiuntur
2816 2897 3017 2962 oll‘erri,
3048 2896 3309 2952 etdicitur
3337 2898 3435 2953 hoc
3453 2898 3676 2953 seniori-

2086 2988 2183 3043 bus
2212 2989 2713 3057 Israelutpertineat
2730 2988 2795 3042 ad
2816 2989 3124 3043 universum
3144 2988 3539 3058 pOpttlum.Sed
3568 2988 3672 3043 hoc

2086 3080 2203 3135 loco
2221 3081 2535 3135 sacriﬁcium
2562 3096 2655 3150 pro
2682 3089 2897 3149 peccato
2918 3079 3077 3134 habet
3095 3081 3190 3133 tria
3211 3095 3421 3150 pecora;
3440 3079 3671 3149 hircum,

2083 3184 2138 3229 et
2183 3174 2404 3229 arietem
2424 3202 2439 3241 δ
2463 3183 2519 3228 et
2556 3172 2776 3227 vitulum
2804 3190 2817 3226 :
2844 3172 2911 3226 ad
2957 3172 3324 3227 holocaustum
3350 3187 3479 3227 vero
3503 3187 3671 3241 agnus

2085 3268 2312 3337 pertinet
2338 3284 2351 3331 ;
2376 3275 2429 3321 et
2448 3265 2512 3320 ad
2534 3264 2847 3322 sacrilicium
2870 3263 3148 3330 salutaris,
3188 3264 3384 3318 vitulus
3412 3272 3467 3319 ει
3506 3263 3667 3319 aries.

2081 3360 2418 3430 Quapropter
2443 3375 2547 3414 non
2570 3368 2650 3413 est
2669 3359 2746 3413 sic
2766 3356 3230 3427 distinguendum,
3256 3364 3311 3409 ut
3333 3371 3426 3426 pro
3451 3365 3669 3426 peccato

2080 3467 2186 3506 non
2214 3452 2533 3521 intelligatur
2558 3450 2660 3506 nisi
2689 3450 2865 3504 hircus
2890 3489 2904 3512 ,
2935 3449 3031 3501 tria
3064 3462 3189 3501 vero
3211 3446 3408 3517 reliqua
3434 3445 3487 3500 in
3514 3446 3669 3500 holo-

2079 3552 2318 3598 eaustum
2340 3584 2355 3608 ,
2386 3543 2437 3598 id
2466 3550 2582 3610 est,
2614 3542 2783 3606 aries,
2815 3548 2869 3595 et
2888 3539 3117 3605 vitulus,
3145 3548 3195 3592 et
3216 3551 3383 3607 agnus
3415 3555 3428 3590 :
3459 3536 3550 3591 sed
3572 3552 3669 3606 po-

2082 3634 2185 3689 tius
2211 3635 2307 3687 tria
2337 3634 2501 3703 prima
2534 3647 2628 3702 pro
2656 3641 2873 3701 peccato
2892 3672 2907 3695 ,
2938 3629 2988 3683 id
3020 3639 3134 3696 est,
3163 3627 3301 3698 quod
3324 3627 3522 3681 dictum
3547 3638 3662 3691 εει,

2079 3726 2303 3797 Accipite
2328 3724 2523 3777 hircum
2548 3738 2608 3776 ex
2633 3721 2800 3792 capris
2827 3737 2983 3773 unum
3008 3736 3099 3790 pro
3127 3728 3332 3789 peccato
3353 3757 3369 3783 ,
3394 3726 3439 3771 et
3459 3718 3666 3771 arietem

2076 3828 2126 3872 et
2167 3818 2409 3881 vitulum,
2456 3814 2800 3870 subaudiatur
2837 3827 2930 3882 pro
2970 3821 3227 3881 peccato;
3257 3819 3308 3864 et
3334 3810 3567 3879 reliquus
3595 3809 3665 3863 sit

2075 3921 2243 3980 agnus
2285 3910 2337 3963 in
2374 3907 2795 3976 holocarposiut,
2826 3905 2877 3958 id
2906 3912 2987 3959 est
3014 3904 3067 3957 in
3096 3902 3482 3957 holocaustum.
3511 3900 3663 3968 Quod

2077 4002 2196 4057 ideo
2242 3999 2682 4056 commonendum
2728 4013 2756 4051 a
2810 3997 2962 4051 nobis
3006 3994 3137 4055 fuit.
3184 3994 3433 4065 quoniam
3483 4000 3664 4062 posset

2074 4096 2232 4150 etiam
2266 4094 2334 4148 ita
2358 4091 2638 4162 distingui,
2668 4098 2726 4145 ut
2748 4106 2870 4145 cum
2900 4089 3099 4143 dictum
3125 4096 3296 4155 esset,
3320 4086 3542 4158 Accipite
3555 4087 3662 4139 hir—

2073 4204 2186 4241 cum
2212 4202 2273 4240 ex
2293 4184 2458 4256 capris
2487 4201 2643 4237 unum
2671 4200 2761 4253 pro
2784 4190 2982 4255 peccato
3002 4223 3016 4249 ,
3046 4181 3251 4250 reliqua
3278 4182 3385 4249 jam
3416 4180 3479 4233 ad
3506 4179 3658 4233 holo-

2071 4276 2333 4346 carposim
2374 4275 2637 4344 pertinere
2674 4274 2997 4328 dicerentur.
3046 4272 3195 4339 Quod
3225 4286 3353 4326 vero
3382 4270 3653 4340 adjungit,

2069 4368 2178 4423 sine
2198 4366 2426 4431 macula,
2452 4364 2519 4421 ad
2548 4364 2725 4434 omnia
2750 4364 2933 4419 referri
2960 4370 3151 4432 potest.
3181 4360 3312 4427 Cum
3333 4375 3460 4430 ergo
3480 4361 3653 4414 ambi-

2068 4472 2228 4531 guum
2251 4460 2319 4513 sit
2342 4457 2606 4529 quomodo
2635 4457 2807 4526 aptius
2826 4455 3197 4525 distinguatur,
3225 4453 3309 4507 illa
3333 4469 3418 4508 res
3437 4452 3653 4508 adducit

2072 4560 2129 4605 ut
2170 4551 2269 4605 tria
2309 4549 2584 4619 superiora
2615 4562 2711 4616 pro
2736 4554 2953 4616 peccato
2982 4545 3373 4614 intelligantur,
3400 4543 3650 4615 quoniam

2070 4640 2313 4710 superius
2351 4654 2457 4710 pro
2503 4645 2721 4709 peccato
2753 4634 3004 4706 principis
3044 4633 3248 4691 hircum
3290 4634 3449 4705 jussit
3472 4634 3649 4692 offerri

2069 4731 2252 4803 (Levit.
2285 4728 2521 4806 1v,23);
2550 4736 2605 4784 et
2625 4743 2720 4799 pro
2741 4736 2960 4798 peccato
2984 4726 3239 4797 cujusque
3267 4729 3500 4798 proprio,
3525 4743 3649 4784 cum

2068 4830 2252 4892 peccat
2271 4818 2395 4875 ante
2422 4820 2735 4886 Dominum,
2759 4818 3003 4874 faciendo
3027 4836 3184 4874 unum
3212 4834 3275 4875 ex
3301 4819 3384 4875 Itis
3403 4836 3521 4891 quae
3542 4836 3649 4875 non
3741 4838 3753 4861 ι

2067 4922 2309 4983 oportet,
2356 4911 2609 4981 praecepit
2646 4911 2863 4965 arietem
2903 4908 3016 4982 (Id.
3045 4925 3115 4977 v,
3149 4909 3235 4982 18)
3263 4926 3278 4976 ;
3310 4925 3406 4980 pro
3432 4919 3650 4980 peccato

2066 5019 2196 5060 vero
2222 5003 2485 5059 universa:
2519 5017 2800 5075 synagoga:
2826 5002 3045 5057 vitulum
3077 5000 3184 5074 (Id.
3215 5017 3266 5056 tv
3285 5043 3299 5068 ,
3335 5002 3444 5073 14).
3474 5000 3645 5071 Opor-

2067 5097 2211 5152 tebat
2253 5111 2380 5167 ergo
2429 5100 2487 5149 ut
2512 5108 2630 5148 cum
2657 5093 2863 5148 senatui
2893 5094 3197 5163 loqueretur
3220 5092 3343 5162 quid
3372 5090 3651 5147 universus

2067 5189 2294 5261 populus
2340 5186 2535 5242 offerre
2583 5186 2806 5251 debeat,
2855 5193 2911 5239 et
2956 5180 3133 5239 hircus
3156 5184 3405 5254 jubeatur
3435 5195 3651 5254 propter

2066 5282 2367 5352 principes,
2417 5286 2471 5333 ει
2516 5276 2656 5332 aries
2697 5283 2914 5346 propter
2939 5274 3208 5344 proprium
3237 5274 3648 5344 uniuscujusque

2068 5384 2360 5443 peccatum,
2384 5380 2438 5426 et
2469 5369 2663 5423 vitulus
2691 5375 2907 5437 propter
2933 5375 3205 5437 peccatum
3237 5365 3494 5422 universae
3524 5380 3651 5437 syn-

2064 5482 2261 5537 agogze.
2295 5463 2451 5519 Aliud
2474 5473 2553 5518 cst
2580 5462 2720 5516 enim
2752 5459 2893 5531 quod
2942 5460 2995 5515 in
3027 5459 3221 5532 papula
3246 5459 3403 5515 habet
3424 5462 3651 5532 quisque

2068 5566 2339 5627 peceatum
2381 5570 2533 5609 suum
2580 5554 2883 5624 proprium,
2914 5560 2967 5607 et
2990 5560 3210 5621 possunt
3240 5552 3437 5608 habere
3461 5567 3648 5608 omnes

2066 5651 2307 5721 propria,
2338 5646 2482 5702 aliud
2512 5645 2726 5716 quando
2749 5659 3034 5721 commune
3058 5654 3333 5715 peccatum
3361 5654 3442 5697 cst
3463 5685 3476 5709 ,
3508 5644 3650 5715 quod

2065 5761 2171 5800 uno
2192 5744 2370 5799 animo
2398 5741 2456 5795 lit
2474 5783 2489 5809 ,
2513 5749 2567 5796 et
2586 5754 2688 5797 una
2710 5739 2981 5795 voluntate
3003 5736 3072 5794 ad
3092 5736 3291 5808 aliquid
3314 5738 3652 5794 multitudine

2065 5846 2366 5901 comparata
2396 5831 2766 5890 committitur.
