4136 6490
492 432 597 492 887

564 545 717 615 Quod
761 560 887 603 vero
929 543 1186 602 sacriﬁcia
1232 542 1479 598 salutaris
1519 540 1741 596 vitulum
1780 546 1834 593 et
1863 537 2082 592 arietem

491 638 679 711 jubet,
725 637 841 694 haec
870 636 1022 708 jubet
1046 651 1164 707 qua:
1192 635 1457 706 praecipua
1483 641 1605 689 sunt
1634 651 1647 688 :
1684 629 1919 687 universi
1945 628 2087 683 enim

494 728 677 802 populi
702 744 860 785 causa
881 736 982 784 est.
1006 726 1327 796 Prmcipicns
1354 733 1531 780 autem
1552 731 1707 779 antea
1729 722 1795 777 de
1809 719 2088 777 sacriﬁciis

495 820 760 885 salutaris,
787 818 1054 875 undelibet
1071 816 1230 889 jussit
1255 815 1455 883 oﬁ'e'rri,
1483 816 1597 871 sive
1620 813 1914 869 masculum
1936 853 1951 878 ,
1975 811 2089 868 sive

497 909 752 967 feminam
775 929 788 965 :
808 910 933 966 dum
955 918 1130 964 tamen
1150 907 1360 963 nonnisi
1376 902 1445 963 de
1463 905 1635 963 bobus
1653 913 1708 961 et
1730 905 1798 961 de
1822 903 2014 960 “ovibus
2036 909 2090 959 et

499 1003 678 1075 capris
701 1003 1018 1059 offerrentur
1040 999 1223 1075 (Leuit.
1255 997 1355 1073 ιιι).
1381 996 1437 1054 Si
1456 1006 1630 1053 autem
1654 996 2091 1068 quaeriturquare

498 1093 607 1151 duo
654 1093 942 1165 praecepit,
983 1092 1203 1147 vitulum
1231 1099 1285 1147 ct
1309 1091 1560 1154 arietem,
1593 1087 1806 1144 difﬁcile
1835 1089 1916 1144 est
1943 1087 2092 1141 inve-

497 1186 615 1243 nire
655 1204 669 1241 :
713 1186 814 1241 nisi
857 1182 996 1241 forte
1038 1185 1258 1240 vitulum
1299 1184 1468 1240 voluit
1498 1184 1815 1239 sacrillcium
1843 1179 2089 1237 salutaris

498 1277 733 1333 universi
782 1276 997 1348 populi;
1038 1277 1258 1332 arietem
1294 1280 1471 1330 autem
1503 1290 1598 1345 pro
1625 1281 1944 1344 unquoque
1976 1283 2090 1329 tan-

497 1383 657 1439 quam
685 1382 782 1440 pro
807 1369 1027 1439 singulis
1051 1367 1351 1439 quibusque
1376 1384 1390 1421 :
1424 1366 1545 1437 quia
1574 1364 1786 1421 videtur
1810 1364 1969 1419 etiam
2000 1366 2090 1418 sit-

497 1461 677 1532 perius
700 1460 849 1530 quasi
868 1459 977 1516 duo
996 1474 1197 1532 genera
1214 1456 1460 1515 salutaris
1474 1455 1720 1514 sacriﬁcii
1743 1454 2087 1525 prtecepisse;

497 1567 664 1607 unum
690 1550 831 1622 quod
857 1551 1001 1606 velut
1024 1551 1391 1606 universorum
1417 1554 1589 1615 esset,
1620 1547 1903 1618 appellavit
1928 1547 2092 1600 sacri-

497 1641 675 1697 ﬁcium
704 1641 990 1708 salutaris;
1018 1641 1243 1696 alterum
1271 1650 1446 1694 autem
1479 1638 1567 1693 ubi
1596 1638 1761 1704 dixit,
1796 1635 1857 1692 Si
1884 1636 2093 1707 quisque

497 1733 733 1788 obtulerit
769 1733 1075 1803 sacriﬁcium
1116 1730 1355 1786 salutaris
1394 1731 1497 1786 sui.
1527 1730 1625 1787 Ubi
1652 1731 1812 1786 etiam
1839 1729 2091 1785 dill'eren-

499 1827 627 1881 tiam
655 1826 1052 1897 reperiebamus
1071 1866 1087 1891 ,
1113 1825 1237 1897 quia
1268 1824 1320 1879 in
1353 1822 1444 1878 illo
1471 1821 1611 1893 qno’d
1637 1820 1921 1892 appellavit
1950 1822 2093 1877 salu-

498 1918 630 1977 taris
652 1959 666 1984 ,
713 1933 818 1973 non
853 1919 1289 1974 commemoravit
1312 1908 1524 1988 adipem
1554 1916 1841 1987 pectusculi
1870 1914 2093 1971 oll‘eren-

502 2009 631 2064 dum
662 2010 921 2077 Domino,
952 2017 1113 2080 atque
1142 2008 1316 2079 ipsum
1349 2008 1711 2079 pectusculum
1741 2016 1797 2063 et
1823 2007 2094 2064 brachium

502 2101 750 2157 dextrum
790 2100 963 2155 danda
1005 2099 1269 2156 Sacerdoti
1299 2117 1312 2154 :
1345 2098 1439 2155 sed
1468 2100 1519 2154 in
1551 2099 1642 2154 illo
1668 2099 1770 2155 hoc
1802 2100 1913 2155 ﬁeri
1937 2099 2099 2171 jussit

502 2192 644 2264 quod
688 2200 875 2263 postea
919 2192 1047 2247 dicit
1086 2192 1407 2248 sacrilicinm
1452 2192 1700 2247 salutaris
1740 2193 1819 2247 sui
1860 2192 2094 2267 (Supra,

501 2290 684 2353 quiest.
729 2280 867 2352 22);
911 2281 1053 2351 quod
1097 2282 1233 2337 forte
1270 2282 1583 2353 intelligitur
1607 2282 1935 2352 singulorum
1963 2298 2098 2353 quo-

502 2389 730 2445 rumque
770 2376 1060 2445 privatum,
1109 2389 1215 2429 non
1245 2375 1516 2445 publicum
1546 2376 1939 2432 universorum.
1965 2376 2098 2432 Nam

503 2474 558 2519 et
595 2465 802 2537 Moyses
842 2465 1037 2521 obtulit
1072 2466 1329 2520 sacriﬁcia
1357 2466 1607 2521 salutaris
1626 2507 1641 2533 ,
1668 2480 1769 2522 nec
1794 2467 1992 2523 dictum
2020 2475 2102 2523 est

503 2556 599 2625 ibi,
625 2557 874 2612 salutaris
892 2557 976 2612 sui
997 2574 1011 2623 ;
1035 2556 1216 2623 credo,
1242 2558 1494 2627 quoniam
1518 2572 1615 2629 pro
1638 2559 1832 2630 populo
1851 2562 2102 2617 universo

504 2648 717 2703 obtulit.
765 2647 861 2704 Ubi
900 2657 1080 2704 autem
1121 2648 1389 2717 universi,
1433 2649 1503 2703 ibi
1541 2659 1594 2704 et
1618 2650 1810 2721 singuli
1836 2668 1851 2718 ;
1882 2669 1984 2706 non
2008 2667 2103 2708 au-

506 2753 613 2799 tem
657 2742 749 2798 ubi
794 2742 1023 2814 singuli,
1055 2743 1307 2798 continuo
1333 2742 1404 2797 ibi
1431 2742 1685 2799 universi.
1716 2744 1932 2817 Singula
1958 2746 2103 2802 enim

506 2844 731 2908 possunt
759 2851 879 2891 esse
907 2836 1025 2892 sine
1051 2837 1341 2903 universo;
1375 2837 1608 2893 universi
1638 2845 1816 2893 autem
1843 2854 1950 2893 non
1982 2855 2105 2910 pos-

507 2937 633 2984 sunt
657 2928 755 2983 nisi
778 2943 841 2985 ex
866 2929 1089 2999 singulis
1110 2929 1533 3001 quibuscumque
1552 2942 1818 2986 constare.
1840 2930 1972 2987 Nam
1993 2934 2104 2989 sin-

507 3019 615 3090 guli
660 3020 854 3091 quique
897 3021 1197 3093 congregati
1241 3020 1328 3076 vel
1359 3021 1411 3076 in
1438 3038 1699 3091 summam
1730 3026 1957 3096 rcputali
1978 3067 1993 3092 ,
2028 3025 2103 3081 la-

509 3111 658 3167 ciuut
681 3113 979 3168 universos.

580 3202 879 3259 Notandum
927 3212 1010 3258 cst
1054 3218 1203 3270 sane,
1243 3216 1364 3259 cum
1414 3214 1514 3277 pro
1555 3204 1754 3276 populo
1809 3205 2104 3263 oll'eruntur

512 3292 791 3360 'sacriﬁeia,
822 3302 877 3350 ‘et
905 3304 1000 3364 pro
1027 3304 1243 3364 peccato
1264 3295 1524 3350 sacriﬁcia
1545 3295 1693 3366 jussa
1735 3312 1855 3353 esse
1887 3297 2099 3367 olferri,

510 3397 565 3442 et
587 3386 974 3452 holocaustum,
1005 3393 1060 3440 et
1084 3384 1343 3442 sacriﬁcia
1372 3386 1650 3452 salutaris;
1693 3400 1789 3457 pro
1825 3387 2103 3444 sacerdote

510 3488 686 3534 autem
704 3472 939 3535 oblatum
962 3479 1125 3535 luisse
1151 3494 1244 3549 pro
1272 3486 1511 3551 peccato,
1534 3490 1589 3535 et
1628 3480 2016 3550 holocaustum,
2047 3491 2103 3539 et

510 3572 1005 3636 conSumntalionis,
1050 3588 1154 3627 non
1193 3582 1369 3628 autem
1408 3573 1653 3629 salutaris
1684 3592 1697 3628 :
1725 3574 1818 3630 sed
1847 3586 2101 3632 consum-

512 3664 761 3720 mationis
791 3671 916 3721 tunc
943 3664 1179 3720 oblatum
1212 3675 1315 3730 est,
1343 3666 1555 3736 quando
1580 3667 1882 3723 sacerdotes
1906 3670 2103 3725 sancti-

513 3752 653 3809 ﬁeati
683 3762 807 3810 sunt
838 3764 905 3817 ut
930 3753 1231 3811 sacerdotio
1279 3756 1645 3828 fu'ngerentm,
1674 3768 1729 3813 et
1768 3760 1881 3815 hate
1911 3761 2101 3818 obtulit

512 3833 723 3916 Moyses
753 3861 848 3914 pro
893 3847 1069 3901 Aaron
1111 3854 1166 3902 et
1212 3846 1332 3902 ﬁliis
1379 3849 1495 3918 ejus
1523 3846 1710 3918 (Leuit.
1738 3850 1852 3921 vni)
1878 3868 1892 3915 ;
1918 3866 2100 3922 pos1ca

515 3950 643 3991 vero
680 3936 855 3990 Aaron
883 3937 995 4006 ipse
1023 3937 1133 4007 jam
1159 3937 1518 3995 sanctiﬁcatus
1557 3949 1611 3995 et
1654 3942 1952 3997 sacerdotio
1977 3942 2101 3998 fun~

513 4041 663 4095 gens,
697 4025 889 4084 oll‘erre
927 4043 1025 4098 pro
1068 4042 1128 4084 se
1165 4030 1346 4097 jussus
1375 4038 1461 4084 est
1488 4030 1709 4085 vitulum
1739 4047 1833 4101 pro
1860 4042 2098 4102 peccato,

513 4122 566 4172 et
592 4117 811 4172 arietem
838 4117 889 4173 in
913 4116 1304 4175 holocaustum.
1334 4118 1451 4175 Non
1478 4130 1651 4175 autem
1675 4121 1858 4191 jussus
1896 4131 1976 4177 est
2005 4138 2102 4193 pro

514 4222 575 4263 se
614 4207 807 4264 offerre
843 4208 1335 4276 consummationis,
1369 4209 1490 4280 quia
1530 4218 1658 4265 tunc
1703 4209 1824 4265 ideo
1862 4211 2098 4268 oblatum

514 4306 619 4362 est,
650 4306 710 4353 ut
753 4307 1212 4354 consumm‘aretur
1239 4299 1675 4367 sanctiﬁcatione,
1707 4311 1761 4356 et
1804 4303 2102 4358 sacerdotio

513 4386 661 4460 fungi
682 4399 883 4458 posset,
914 4406 1019 4460 quo
1042 4388 1151 4466 jam
1178 4391 1427 4461 quoniam
1470 4391 1807 4463 fungebatur,
1831 4410 1935 4448 non
1966 4404 2102 4465 opus

512 4489 629 4536 erat
651 4496 772 4536 eum
803 4482 991 4537 iterum
1022 4483 1403 4538 consummari.

583 4593 799 4649 XXVII.
848 4593 947 4668 [lb.
977 4610 1051 4661 Ix,
1102 4593 1284 4667 7—21.]
1336 4593 1401 4648 Et
1447 4595 1520 4649 ait
1564 4593 1767 4666 Moyses
1793 4595 1862 4650 ad
1902 4592 2096 4666 Aa'ro’n,

511 4684 709 4741 Accede
731 4685 799 4739 ad
827 4687 1005 4753 altare,
1034 4695 1080 4740 et
1118 4690 1201 4757 [ac
1221 4686 1355 4756 quod
1392 4704 1484 4758 pro
1523 4696 1725 4756 peccato
1751 4696 1858 4754 tuo,
1888 4699 1933 4743 et
1956 4687 2101 4743 holo-

512 4783 741 4830 caustum
771 4784 910 4829 tuum
929 4792 947 4829 :
973 4785 1020 4830 et
1045 4791 1197 4829 θωνα
1226 4792 1318 4846 pro
1339 4786 1385 4830 te
1408 4787 1453 4830 et
1477 4777 1625 4830 domo
1651 4786 1759 4831 tua.
1793 4778 1978 4834 Mirum
2020 4789 2101 4835 est

511 4860 783 4935 quomodo
828 4863 973 4933 prius
1016 4862 1158 4921 dicat
1196 4862 1496 4920 faciendum
1546 4866 1686 4936 quod
1730 4882 1827 4937 pro
1856 4878 2096 4939 peccato,

510 4955 707 5013 deinde
750 4949 1135 5021 holocaustum,
1168 4973 1289 5013 cum
1331 4958 1585 5015 sacriﬁcia
1613 4976 1709 5031 pro
1753 4963 1983 5033 peccatis
2009 4978 2100 5019 su-

512 5062 609 5117 per
650 5042 956 5103 holocausta
986 5044 1231 5119 superius
1262 5048 1448 5120 jubeat
1484 5050 1681 5122 imponi
1710 5050 1820 5125 (Id.
1868 5070 1940 5120 tv,
1980 5052 2096 5125 '55),

510 5147 735 5208 excepto
758 5136 899 5209 quod
942 5139 1009 5194 de
1054 5132 1240 5195 avibus
1282 5141 1534 5212 pra-cepit
1572 5137 1681 5213 (Id.
1715 5158 1771 5210 v,
1802 5144 1983 5218 8-10).
2013 5147 2095 5201 Au

510 5229 649 5288 forte
680 5230 766 5287 hic
784 5231 924 5303 quod
950 5232 1096 5304 prius
1117 5227 1295 5299 ﬁebat,
1320 5231 1369 5290 id
1398 5245 1480 5290 est
1511 5236 1896 5305 holocaustum,
1918 5251 2098 5310 poste-

507 5324 623 5378 rius
665 5325 1137 5380 commemoravit?
1164 5326 1280 5383 Non
1328 5328 1491 5394 enim,
1539 5327 1983 5398 quemadmodum
2029 5333 2097 5388 de

510 5415 718 5484 avibus,
748 5414 901 5484 dixit,
932 5414 1040 5472 Fac
1060 5416 1210 5488 prius
1239 5417 1363 5473 illud
1395 5426 1448 5474 et
1473 5428 1653 5490 postea
1681 5413 1844 5487 illud;
1868 5421 1981 5488 sed,
2015 5422 2096 5478 fac

509 5507 640 5563 illud
683 5516 839 5579 atque
880 5508 1007 5564 illud
1040 5526 1053 5563 :
1081 5510 1206 5581 quid
1246 5520 1423 5566 autem
1462 5508 1608 5580 prius
1650 5509 1950 5585 iaciendum
1989 5517 2090 5585 sit,

508 5600 709 5657 indicat
734 5603 978 5671 superius
1021 5604 1258 5673 exposita
1305 5604 1604 5671 instructio,
1639 5603 1726 5658 ubi
1765 5603 1894 5659 dicit
1933 5620 2096 5677 super

509 5692 879 5748 holocaustum
908 5693 1107 5764 imponi
1134 5694 1452 5751 sacriﬁcium
1496 5710 1594 5765 pro
1632 5696 1883 5765 peccatis.
1911 5697 2092 5765 Quan-

506 5796 665 5851 quam
714 5782 869 5838 valde
906 5793 1117 5839 moveat
1139 5784 1277 5855 quod
1307 5786 1464 5839 etiam
1494 5785 1563 5840 ita
1604 5794 1783 5841 narrat
1820 5786 2092 5859 Scriptura

505 5872 697 5929 fecisse
746 5873 923 5929 Aaron
971 5874 1110 5945 quod
1154 5874 1372 5946 audivit;
1425 5883 1480 5930 ut
1528 5877 1672 5949 prius
1711 5891 2092 5939 commemoret

1281 423 1747 497 QlleSTlONUM
1784 423 1842 479 S.
1884 417 2248 477 AUGUSTINI
2292 419 2360 476 IN
2397 420 2958 481 llEPTATEUCIlUM

3674 422 3776 480 688

2191 551 2310 591 eum
2343 536 2518 593 facere
2547 552 2645 609 pro
2689 547 2927 609 peccato,
2973 538 3163 595 deinde
3205 538 3596 597 holocaustum.
3624 542 3778 613 Quod

2192 636 2366 682 utrum
2395 639 2448 684 et
2479 628 2592 700 ipse
2636 630 2784 699 pri'us
2826 628 3033 697 fecerit,
3059 642 3127 685 an
3164 631 3312 702 prius
3356 631 3460 688 hoc
3503 631 3777 704 Scriptura

2192 720 2491 777 na‘rravérit
2528 720 2668 792 quod
2703 725 2891 793 postea
2939 722 3133 778 factum
3183 728 3287 789 es't,
3320 724 3457 780 sicut
3503 724 3558 780 in
3599 725 3780 782 multis

2192 810 2368 869 facere
2394 813 2550 881 solet,
2575 811 2865 869 haberetur
2907 815 3187 883 iricertum,
3233 812 3335 871 nisi
3384 816 3524 887 quod
3553 817 3661 873 dixi
3690 834 3780 873 su-

2193 907 2371 977 perius
2417 906 2702 977 legeretur,
2748 912 2868 961 cum
2924 912 3106 978 ageret
3128 907 3194 964 de
3229 906 3489 964 sacriﬁcio
3518 908 3614 980 p'ro
3652 924 3778 979 pec-

2192 1008 2331 1053 cato.
2380 996 2457 1053 lla
2500 999 2643 1054 enim
2658 997 2903 1070 legitur:
2936 998 3002 1053 Et
3044 1002 3345 1072 superponet
3374 1001 3506 1055 illud
3545 1002 3781 1057 sacerdos

2192 1088 2344 1162 super
2380 1078 2542 1143 altare
2591 1092 2744 1160 super
2786 1088 3163 1145 holocaustont’a
3202 1083 3510 1161 'Dom’ini,”et
3554 1095 3780 1149 exorabit

2194 1199 2287 1253 pro
2315 1199 2372 1237 eo
2418 1182 2652 1237 sacerdos
2673 1199 2766 1254 pro
2792 1193 2993 1254 peccato
3018 1183 3154 1256 quod
3182 1186 3421 1256 peccavit,
3466 1186 3516 1241 ἐι
3552 1187 3780 1243 diiiiitte-

2194 1281 2277 1326 tur
2297 1272 2374 1327 illi
2402 1270 2583 1344 (Levit.
2608 1288 2681 1339 tv,
2710 1272 2822 1345 '55).
2844 1273 3122 1341 Quomodo
3144 1290 3273 1346 ergo
3296 1286 3476 1347 posset
3498 1279 3599 1333 hoc
3622 1280 3783 1349 super

2195 1364 2592 1420 holocaustoma
2619 1364 2839 1436 imponi,
2869 1363 2969 1420 nisi
3001 1365 3397 1422 holocaustoma
3430 1368 3577 1438 prius
3606 1368 3782 1441 impo-

2195 1455 2448 1510 neretur?
2493 1454 2753 1526 Prtecepit
2798 1468 2974 1510 autem
3016 1456 3118 1513 hoc
3149 1466 3204 1513 et
3245 1457 3313 1514 de
3337 1458 3600 1515 sacriﬁcio
3637 1461 3782 1516 salu-

2197 1546 2345 1611 taris,
2378 1553 2434 1600 ut
2462 1560 2623 1615 super
2648 1545 3045 1602 bolecaustoma
3072 1548 3482 1619 imponeretur:
3525 1550 3621 1606 sed
3658 1552 3783 1622 quia

2196 1636 2297 1694 hoc
2326 1654 2433 1693 non
2461 1638 2655 1709 ubique
2679 1637 2825 1706 dicit,
2857 1654 2961 1694 non
2989 1654 3085 1711 per
3115 1641 3291 1696 omnia
3335 1642 3595 1698 sacriﬁcia
3635 1645 3782 1700 salu-

2197 1730 2347 1797 (aris,
2376 1746 2474 1786 nec
2499 1744 2593 1801 per
2628 1731 2806 1787 omnia
2859 1730 3116 1786 sacriﬁcia
3170 1746 3268 1802 pro
3318 1743 3559 1803 peccato,
3610 1743 3785 1806 potest

2197 1822 2416 1878 forsitan
2445 1818 2549 1879 dici
2587 1830 2694 1879 non
2745 1822 2847 1878 hoc
2873 1824 3187 1896 regulariter
3216 1824 3380 1884 fuisse
3412 1838 3732 1901 praeceptum
3765 1849 3781 1885 :

2197 1915 2289 1972 Sed
2322 1908 2429 1973 illic
2474 1918 2840 1973 tantummodo
2868 1927 2925 1974 ut
2973 1919 3124 1974 ﬁeret
3162 1918 3363 1975 dictum
3394 1931 3495 1987 est,
3528 1921 3578 1978 id
3604 1930 3692 1978 est
3729 1923 3784 1977 in

2198 2009 2460 2065 sacriﬁcio
2488 2010 2753 2077 salutaris,
2803 2012 2923 2065 eum
2968 2010 3034 2065 sit
3085 2011 3153 2066 dc
3195 2011 3386 2074 bobus,
3421 2012 3504 2068 lbi
3539 2014 3693 2067 enim
3733 2014 3787 2069 id

2204 2103 2487 2173 pra‘cepit;
2512 2112 2571 2172 ,ct
2601 2103 2653 2158 in
2703 2104 2964 2159 sacriﬁcio
3006 2107 3106 2177 pro
3157 2106 3394 2175 peccato,
3423 2110 3543 2162 c'um
3572 2099 3678 2162 ﬁt"
3717 2104 3789 2163 de
3834 2154 3845 2173 ,

2204 2186 2399 2249 femina
2440 2196 2506 2251 ex
2548 2195 2735 2251 ovibus
2764 2214 2777 2250 :
2809 2208 3002 2252 caetera
3047 2212 3175 2252 vero
3216 2199 3329 2254 Sive
3371 2198 3478 2254 sint
3518 2200 3788 2265 salutaris,

2203 2285 2317 2340 sive
2344 2299 2437 2356 pro
2468 2294 2707 2356 peccato,
2737 2303 2843 2343 non
2894 2294 3013 2343 esse
3060 2300 3280 2344 necesse
3318 2292 3384 2345 ἰιι
3434 2304 3596 2361 super
3640 2291 3793 2347 holo—

2204 2380 2385 2431 causta
2416 2376 2773 2448 imponantur.

2276 2467 2450 2526 Morel
2474 2471 2633 2526 etiam
2660 2468 2800 2541 quod
2827 2462 3173 2529 cum’facer‘et
3213 2473 3388 2529 Aaron
3428 2473 3565 2530 dona
3589 2466 3791 2547 populi,
3880 2504 3889 2513 ο

2205 2576 2322 2632 qua:
2348 2576 2506 2631 supra
2537 2562 3001 2629 commemoravit,
3022 2574 3139 2617 nan
3161 2564 3343 2617 ‘omn‘ia
3375 2566 3796 2620 commemorata

2205 2661 2330 2707 sunt
2370 2652 2660 2719 immolata,
2703 2668 2821 2724 qua:
2873 2652 3083 2708 fuerant
3125 2653 3404 2724 priedieta;
3459 2646 3555 2711 sed
3591 2665 3796 2710 tantum

2207 2743 2385 2799 hircus
2410 2758 2507 2816 pro
2543 2754 2762 2815 peccato
2791 2753 2847 2800 et
2875 2744 3241 2801 holocaustum
3262 2788 3277 2811 ,
3311 2746 3397 2801 ubi
3427 2754 3604 2801 tamen
3644 2746 3795 2801 illum

2206 2852 2399 2908 agnum
2427 2852 2532 2891 non
2567 2835 2830 2906 expressit
2862 2852 2876 2890 :
2906 2836 3014 2891 duo
3039 2851 3168 2892 vero
3207 2837 3329 2902 alia,
3359 2852 3478 2908 qua:
3517 2837 3583 2892 ad
3625 2838 3797 2892 sacri-

2208 2928 2324 2984 ﬁcia
2352 2944 2451 2999 pro
2481 2938 2699 2999 peccato
2742 2930 2918 3000 potius
2958 2944 3115 2999 quam
3161 2929 3229 2984 ad
3273 2929 3637 2984 holocaustum
3670 2944 3819 2998 ρει-ο,

2207 3021 2377 3076 linere
2418 3019 2669 3086 diximus,
2703 3022 2885 3089 tacuit,
2936 3021 2989 3076 id
3034 3030 3118 3076 est
3156 3022 3376 3077 arietem
3428 3030 3483 3076 et
3531 3022 3795 3087 vitulum;

2209 3113 2309 3167 nisi
2336 3112 2469 3168 forte
2496 3129 2525 3167 a
2556 3123 2704 3184 parte
2727 3121 2893 3167 totum
2920 3112 3137 3182 intelligi
3168 3112 3369 3177 voluit,
3403 3121 3460 3166 ut
3485 3112 3600 3167 solo
3632 3117 3800 3182 capro

2206 3210 2624 3259 columemorato
2652 3204 2810 3259 etiam
2840 3204 2926 3259 illa
2952 3204 3232 3277 subsecuta
3255 3205 3635 3275 acciperemus.

2277 3292 2409 3349 Cum
2436 3291 2503 3349 de
2547 3294 2819 3349 sa'eriﬁ’ciis
2840 3294 3088 3349 salutaris
3111 3294 3290 3367 pepuli
3314 3300 3576 3364 narraret,
3606 3312 3805 3368 quent-

2200 3382 2492 3440 admodum
2544 3400 2606 3441 ea
2646 3378 2834 3441 'l‘eee'rit
2873 3385 3074 3452 Aaron,
3105 3387 3172 3442 de
3202 3387 3363 3442 vitulo
3405 3392 3457 3442 et
3485 3388 3649 3443 ariete
3669 3388 3746 3442 ‘ait
3780 3405 3798 3442 :

2206 3476 2275 3531 Et
2299 3473 2481 3531 occidit
2504 3465 2715 3531 vitulum
2744 3488 2792 3534 et
2816 3477 3019 3532 arietem
3044 3478 3285 3549 sacriﬁcii
3320 3477 3558 3533 salutaris
3597 3469 3799 3550 populi,

2205 3580 2253 3625 et
2299 3570 2582 3625 obtulerunt
2619 3571 2716 3642 ﬁlii
2744 3570 2915 3624 Aar’oit
2959 3570 3251 3642 sanguinem
3289 3570 3357 3623 ad
3381 3587 3513 3637 eum,
3540 3579 3585 3624 et
3612 3567 3803 3637 a/fltdit

2206 3663 2275 3716 ad
2300 3664 2461 3717 altare
2479 3662 2537 3716 in
2567 3654 2797 3726 circuitu,
2821 3671 2866 3715 et
2892 3661 3095 3732 adipem
3119 3661 3204 3731 qui
3229 3678 3261 3714 a
3287 3659 3464 3726 vitulo,
3488 3670 3535 3714 et
3562 3660 3623 3713 ab
3644 3662 3806 3715 ariete

2202 3753 2453 3821 lumbum,
2504 3760 2550 3807 et
2598 3751 2800 3823 adipem
2845 3761 3089 3821 tegentem
3134 3767 3287 3823 super
3324 3755 3563 3817 ventrem,
3591 3762 3637 3804 et
3666 3750 3801 3805 duas

2205 3864 2369 3913 renes,
2398 3857 2446 3901 et
2492 3846 2695 3917 adipem
2740 3845 2827 3916 qui
2868 3861 3021 3914 super
3046 3844 3184 3915 ipsos
3212 3852 3306 3911 est,
3351 3852 3396 3898 et
3441 3844 3649 3913 pinnam
3684 3850 3805 3914 qua

2205 3949 2279 3996 est
2320 3940 2373 3994 in
2412 3939 2677 4011 jecinore;
2706 3947 2752 3992 et
2781 3938 2948 4009 posuit
2974 3936 3177 4006 adipem
3214 3945 3367 4009 "super
3410 3936 3719 4007 pectusculo,
3748 3934 3804 3988 εκ

2206 4030 2445 4101 imposuit
2472 4028 2649 4099 adipes
2674 4028 2745 4081 ad
2771 4029 2930 4082 altare
2961 4043 2980 4082 .'
3014 4038 3059 4082 et
3089 4028 3433 4099 pectusculunt
3457 4037 3505 4081 et
3534 4026 3803 4080 brae/tium

2206 4121 2441 4176 dextrum
2487 4120 2694 4176 abstulit
2740 4120 2930 4186 Aaron,
2980 4118 3281 4173 ablutionem
3325 4128 3442 4172 ante
3488 4117 3800 4186 Dominum,

2205 4210 2456 4282 quomodo
2468 4211 2705 4282 praecepit
2729 4211 2974 4265 Dominus
2996 4209 3160 4281 Moysi
3182 4211 3223 4263 '.
3252 4209 3401 4264 Nunc
3429 4209 3794 4279 singulariter,

2205 4319 2346 4360 nunc
2371 4304 2647 4375 pluraliter
2677 4303 2926 4373 loquitur,
2972 4317 3092 4357 cum
3137 4301 3204 4358 dc
3240 4302 3446 4358 duobus
3475 4302 3801 4357 animalibus

2204 4387 2472 4468 loquatur,
2507 4395 2671 4451 vitulo
2695 4405 2747 4450 et
2775 4395 2961 4450 ariete.
2993 4394 3145 4462 Quod
3166 4409 3293 4462 ergo
3316 4394 3445 4449 dicit
3473 4394 3599 4448 duos
3630 4410 3794 4457 renes,

2205 4489 2274 4543 ab
2320 4496 2546 4557 utroque
2594 4483 2862 4541 animante
2916 4484 3313 4555 intelligendum
3364 4493 3466 4551 est,
3515 4493 3672 4554 atque
3724 4484 3800 4538 ita

2205 4587 2434 4651 quatuor
2473 4577 2634 4645 ﬁunt;
2664 4576 2732 4632 ita
2763 4585 2817 4632 et
2853 4584 3066 4631 caetera.
3099 4574 3251 4643 Quod
3300 4590 3431 4630 vero
3476 4576 3571 4641 ait,
3599 4575 3666 4628 Et
3696 4590 3798 4647 po-

2204 4670 2304 4724 suit
2328 4671 2502 4740 adipes
2535 4672 2686 4739 super
2712 4659 3021 4738 pectusculo,
3053 4681 3172 4721 cum
3201 4666 3313 4736 ipsa
3354 4666 3654 4736 pectuscula
3689 4678 3799 4719 non

2206 4751 2517 4833 imposuerit
2560 4754 2734 4827 altari,
2787 4758 3050 4813 sacerdoti
3095 4758 3235 4813 enim
3285 4757 3618 4813 debebantur
3669 4771 3798 4811 cum

2203 4851 2436 4910 brachiis
2486 4853 2718 4917 deXtris;
2767 4847 2892 4922 quid
2941 4842 3039 4905 sibi
3069 4843 3218 4904 vult?
3259 4847 3340 4904 Au
3390 4847 3796 4920 intelligendum

2203 4955 2305 5011 est,
2332 4940 2403 5002 Et
2421 4945 2599 5018 posuit
2621 4939 2806 5015 adipes
2828 4942 2919 5014 qui
2941 4950 3064 4998 sunt
3084 4954 3245 5013 super
3275 4941 3578 5011 pectuscula
3597 4941 3622 4994 ἲ
3643 4940 3797 5010 ipsos

2203 5043 2347 5100 enim
2396 5041 2609 5113 posuit,
2654 5040 2789 5110 quos
2834 5039 3135 5110 imponeret
3184 5033 3335 5092 altari
3385 5051 3416 5090 a
3469 5034 3794 5105 pectusculis
3843 5075 3871 5100 ..

2202 5124 2468 5203 demptos.
2497 5120 2629 5186 Nam
2658 5131 2726 5185 ita
2770 5138 2823 5185 et
2868 5129 3115 5200 superius
3153 5137 3499 5200 pr:cceperat.
3552 5125 3794 5195 Denique

2200 5220 2462 5297 sequitur,
2491 5219 2559 5277 Et
2601 5220 2837 5294 imposuit
2865 5221 3041 5291 a‘dipes
3069 5237 3219 5291 super
3239 5220 3421 5284 altare,
3453 5226 3500 5271 et
3529 5227 3792 5287 pectuscw

2201 5312 2308 5373 lum
2331 5326 2375 5371 et
2403 5315 2662 5371 brachium
2686 5308 2917 5367 dextrum
2938 5312 3140 5365 abstulit
3160 5310 3331 5363 Aaron
3352 5309 3657 5363 ablutionem
3675 5316 3794 5361 ante

2200 5403 2474 5465 Dominum
2503 5423 2522 5463 :
2548 5405 2706 5463 modo
2742 5405 3082 5474 singulariter
3120 5400 3377 5468 inferens,
3404 5411 3459 5458 et
3504 5410 3789 5471 pectuscu-

2200 5502 2308 5558 lum
2337 5502 2540 5568 dicens,
2574 5497 2752 5568 utique
2800 5503 3083 5567 utrumque
3110 5509 3176 5550 ex
3222 5504 3450 5564 utroque
3493 5492 3783 5559 animante,

2198 5610 2318 5667 qua:
2348 5591 2647 5665 pectuscula
2673 5589 2899 5644 dixerat.

2262 5767 2280 5798 ί
2304 5772 2352 5815 In
2384 5770 2459 5812 Er.
2484 5761 2629 5824 Lugd.
2650 5767 2768 5809 Ven.
2789 5766 2916 5819 ων.,
2935 5770 3053 5824 curn
3176 5763 3234 5806 Μ.

2261 5830 2281 5860 ³
2305 5836 2403 5877 nuc
2426 5833 2527 5876 tres
2548 5819 2809 5885 scripturae
2819 5819 3084 5885 versiculos
3107 5822 3154 5868 in
3177 5826 3292 5870 ante
3322 5822 3516 5871 excusis
3552 5821 3782 5883 rejeetos,

2197 5890 2382 5942 scilicet
2399 5922 2413 5946 ,
2440 5892 2492 5938 El
2515 5880 2705 5949 adipem
2727 5880 2840 5947 quia
2862 5880 3034 5945 vitulo,
3060 5890 3175 5945 δια,
3202 5884 3536 5934 remeavimus
3554 5880 3623 5933 ex'
3642 5888 3745 5932 In.
