4136 6464
417 376 524 437 680

489 488 723 551 λςγιιι.
753 487 852 562 [11).
885 484 1098 560 1322.]
1123 485 1259 554 Quid
1285 483 1544 556 estquod
1565 483 1658 547 ait.
1699 481 1826 538 Cum
1860 492 2007 541 extu-

420 583 556 638 lisset
597 581 768 635 Aaron
811 595 990 634 manus
1029 595 1182 650 super
1211 577 1476 649 papulum,
1523 575 1770 631 benedixit
1815 591 1917 641 eos,
1962 582 2008 628 et

417 673 694 733 descendit.
723 688 837 724 cum
877 670 1074 740 fecisset
1107 669 1239 740 quod
1281 684 1372 740 pro
1431 677 1655 738 peccato,
1687 675 1732 721 et
1763 665 2006 728 holocau-

415 773 722 833 stomata,ct
759 779 872 831 qua:
913 761 1193 818 salutaris?
1220 762 1318 819 Ubi
1358 770 1536 816 autem
1578 761 1676 816 ista
1719 759 1862 826 fecit,
1905 757 2006 814 nisi

417 874 578 930 super
595 856 863 931 altaretid
880 855 1062 924 ρει,αά
1093 856 1259 910 aitare
1290 863 1438 910 stans
1473 854 1628 924 eique
1657 852 2007 908 deserviens?

416 949 546 1005 Inde
589 964 717 1020 ergo
761 946 1033 1003 descendit
1070 946 1159 1001 ubi
1186 946 1378 1009 stabat.
1405 943 1664 999 Nimirum
1697 944 1833 999 illius
1857 944 2004 1007 Solit,-

413 1042 492 1099 tio
520 1041 830 1114 quatstionis
867 1039 1104 1110 adjuvari
1157 1039 1270 1097 hoc
1302 1038 1606 1104 testimonio
1651 1037 1882 1103 videtur,
1917 1036 2004 1091 ubi

415 1135 798 1216 qumsieramus
845 1133 896 1187 in
928 1132 1116 1191 Exodo
1144 1129 1412 1203 quomodo
1438 1130 1626 1185 serviri
1673 1129 1901 1198 potuerit
1939 1127 2004 1184 ad

415 1228 600 1292 altare,
669 1225 822 1296 quod
875 1234 990 1280 eral.
1051 1225 1218 1280 altum
1277 1222 1470 1277 cubitis
1513 1221 1719 1278 tribus?
1771 1220 2003 1278 Crudum

414 1318 611 1388 quippe
641 1317 747 1385 illic,
794 1315 1090 1386 intelligere
1139 1314 1572 1386 proliibcbamur,
1615 1314 1735 1384 quia
1783 1313 1836 1368 id
1867 1314 2006 1377 Deus

416 1417 679 1474 vetuerat,
712 1423 778 1462 ne
811 1423 971 1476 super
998 1407 1164 1461 altare
1194 1405 1437 1475 pudenda
1460 1404 1632 1460 virilia
1657 1404 2006 1460 ministrantis

414 1500 798 1565 revelarentur,
844 1497 986 1569 quod
1017 1498 1194 1567 utique
1218 1497 1462 1566 ﬁeret,,si
1499 1511 1620 1568 pars
1661 1496 1844 1551 altaris
1882 1511 2004 1568 gra-

413 1591 515 1652 dus
541 1601 703 1655 esset,
745 1591 795 1658 id
839 1601 941 1655 est,
969 1591 1014 1644 si
1042 1598 1350 1660 compactus
1374 1586 1804 1660 αύιιευτει·θι.(1η
1834 1586 2000 1648 Exod,

415 1692 592 1754 φέφει.
627 1683 770 1753 115).
825 1683 1060 1753 Denique
1106 1680 1181 1746 ibi
1225 1680 1326 1746 ltoc
1366 1679 1552 1746 vetuit,
1604 1679 1694 1738 ubi
1739 1677 1806 1735 de
1851 1679 2004 1733 altari

415 1775 639 1836 structili
688 1774 1037 1846 loquebatur,~
1064 1788 1224 1828 unum
1279 1773 1422 1828 enim
1467 1779 1610 1828 esset
1657 1771 1827 1827 altare
1882 1786 2002 1826 cum

413 1865 578 1936 gradu
600 1866 748 1936 cujus
775 1881 894 1934 pars
915 1874 1056 1921 esset
1074 1865 1289 1936 gradus,
1314 1874 1367 1920 et
1385 1865 1503 1920 ideo
1526 1866 1746 1920 vetitum
1773 1874 1884 1931 est;
1920 1864 2005 1920 hic

416 1973 544 2014 vero
576 1959 660 2014 ubi
691 1959 872 2014 altaris
905 1968 1047 2013 tanta
1075 1959 1244 2013 fuerat
1269 1958 1510 2021 altitudo,
1542 1965 1599 2013 ut
1625 1959 1728 2013 nisi
1754 1957 2005 2015 sacerdos

415 2063 575 2118 super
597 2049 795 2120 aliquid
815 2058 1001 2116 staret,
1026 2057 1146 2120 apte
1172 2049 1476 2104 ministrare
1496 2064 1602 2104 non
1626 2060 1824 2119 posset,
1846 2049 2003 2106 iatel-

415 2139 683 2209 ligendum
705 2149 808 2207 est,
827 2139 1082 2210 quidquid
1102 2139 1227 2195 illttd
1245 2148 1379 2207 erat,
1398 2139 1538 2210 quod
1555 2140 1619 2195 ad
1644 2139 1828 2196 horam
1850 2141 2006 2196 mini-

413 2231 686 2286 stratiouis
710 2231 1005 2301 ponebatur
1026 2239 1079 2287 et
1121 2229 1482 2298 aulerebatur,
1510 2246 1614 2286 non
1637 2230 1804 2287 fuisse
1823 2231 2004 2288 altaris

413 2333 640 2394 partem,
682 2333 735 2379 et
773 2323 893 2379 ideo
937 2338 1040 2378 non
1083 2322 1246 2378 fuisse
1283 2332 1466 2377 contra
1509 2333 1861 2393 praeceptum,
1897 2337 2004 2394 quo

411 2415 634 2486 gradum
667 2414 862 2470 habere
885 2414 1206 2492 prohibitum
1231 2423 1347 2470 est:
1374 2413 1474 2470 lioc
1493 2414 2004 2484 autemqualecum;

412 2521 517 2578 que
546 2505 1218 2580 fuerit,.tacuit.Ser§pt_ura,
1243 2515 1296 2570 et
1325 2505 1445 2569 ideo
1474 2505 1698 2576 qumstjo
1727 2504 1864 2564 facta
1898 2514 2000 2562 est.

410 2599 513 2657 Sed
547 2615 688 2655 nunc.
707 2615 827 2655 cum
845 2599 974 2655 dicit
987 2599 1262 2670 Scriptura
1279 2599 1631 2664 sacerdotem,
1651 2614 1771 2654 cum
1795 2599 2006 2655 fecisset

411 2689 691 2757 sacriﬁcia,
731 2689 1093 2756 descendisse,
1127 2689 1235 2758 hoc
1259 2699 1341 2744 est
1367 2705 1489 2744 cum
1535 2690 1802 2744 Immolata
1835 2690 2004 2758 iunpo-

410 2781 604 2837 suisset
628 2781 803 2852 altari,
851 2782 1034 2850 utique
1068 2780 1370 2847 manifestat
1407 2780 1599 2836 alicubi
1638 2795 1759 2836 eum
1793 2781 2003 2836 stetisse

412 2870 552 2936 unde
578 2869 934 2940 descenderet
971 2887 984 2923 :
1030 2879 1085 2926 et
1132 2871 1253 2940 quia
1285 2871 1355 2926 ibi
1405 2878 1644 2937 steterat,
1693 2869 1813 2924 ideo
1844 2870 2002 2925 trium

409 2960 712 3021 cubitorum
738 2961 892 3016 altari
919 2961 1270 3016 ministrando
1294 2960 1566 3016 deservire
1593 2961 1846 3030 potuisse.

481 3051 674 3110 XXIX.
704 3051 803 3125 [lb.
826 3051 1034 3124 Ix,24.]
1069 3051 1130 3105 Et
1153 3052 1272 3106 vidit
1301 3051 1462 3105 omnis
1493 3052 1730 3122 populus,
1757 3063 1803 3107 et
1831 3069 2003 3110 amens

410 3148 576 3215 factus
618 3153 711 3199 est.
766 3143 918 3212 Quod
968 3145 1056 3199 alii
1101 3146 1420 3215 interpretes
1457 3145 1738 3214 dixerunt,
1780 3149 2000 3220 expavit,

409 3247 664 3293 conantes
698 3235 988 3292 transferre
1011 3236 1080 3293 de
1106 3253 1281 3308 graneo
1301 3237 1441 3308 quod
1469 3237 1664 3293 dictum
1689 3249 1790 3305 est,
1816 3247 2000 3310 ἐξέστη,

409 3328 555 3383 unde
596 3336 808 3392 ειστασις
827 3329 1046 3398 dicitur,
1088 3329 1176 3400 qui
1222 3343 1365 3400 sa-pe
1404 3329 1456 3387 in
1500 3329 1793 3402 Seripturis
1828 3333 2004 3392 latinis

411 3407 604 3492 legitur
626 3423 821 3478 mentis
846 3438 1120 3480 excessus.

482 3513 651 3569 XXX.
681 3512 780 3587 [lb.
810 3531 886 3581 Ix,
909 3514 1024 3588 24.]
1058 3514 1122 3569 Et
1159 3515 1277 3574 exiit
1300 3517 1430 3594 ignis
1449 3534 1480 3570 a
1503 3517 1744 3585 Domino,
1777 3528 1823 3573 et
1849 3519 2002 3577 devoq

411 3608 541 3661 ravit
567 3623 678 3678 qua:
698 3619 838 3662 erant
863 3625 1024 3679 super,
1041 3609 1222 3677 altare,
1254 3598 1704 3679 ltolocaustomata,
1731 3621 1779 3666 et
1807 3613 2001 3685 adipes.

411 3699 551 3767 Quid
602 3701 873 3765 dixeri:,a
915 3700 1156 3769 Domino,
1205 3702 1372 3771 quieri
1426 3712 1622 3774 potest,
1652 3715 1828 3762 utrum
1881 3707 2004 3776 quia

413 3803 547 3846 nutu
571 3801 627 3848 et
671 3793 948 3860 voluntaqu
987 3793 1195 3848 Domini
1246 3792 1440 3850 factum
1483 3803 1584 3863 est,
1612 3811 1679 3851 an
1708 3797 1775 3852 ab
1796 3812 1861 3852 eo
1887 3797 2006 3856 loco

412 3883 550 3954 ignis
579 3885 703 3944 exiit
726 3885 953 3946 obierat
976 3899 1098 3951 arca
1132 3885 1442 3940 testimonii.
1474 3886 1588 3942 Non
1619 3887 1759 3943 enim
1802 3887 1856 3948 in
1888 3887 2006 3944 loco

413 3975 591 4046 aliquo
623 3977 694 4030 ita
714 3985 798 4032 est
829 3977 1103 4044 Dominus,
1133 3977 1280 4048 quasi
1309 3978 1434 4032 alibi
1464 3993 1568 4032 non
1597 3979 1703 4046 sit.

484 4066 681 4134 XXXI.
725 4065 908 4141 [1b.x,
955 4067 1094 4143 l-5.]
1141 4070 1762 4139 Postcaquamcxeunte
1808 4070 1928 4142 igne
1975 4084 2006 4125 a

414 4158 661 4226 Domino,
691 4159 893 4226 incensi
937 4170 990 4216 et
1032 4162 1237 4218 mortui.
1273 4169 1398 4222 sunt
1427 4161 1522 4233 ﬁlii
1545 4163 1744 4229 Aaron,
1775 4163 1867 4233 qui
1891 4163 2006 4219 ausi

415 4259 540 4304 sunt
588 4249 886 4315 in.batillis
928 4252 1037 4308 suis
1080 4251 1318 4318 adhibito
1361 4253 1480 4323 igne
1518 4253 1693 4310 alieno
1731 4253 2006 4314 incensum

415 4340 691 4412 imponere
728 4343 986 4410 Domino;
1016 4345 1155 4415 quod
1201 4343 1322 4400 ideo
1370 4361 1479 4400 non
1516 4345 1728 4411 licebat,
1775 4346 1898 4416 quia
1938 4361 2006 4402 ex

415 4432 509 4488 illo
538 4434 659 4505 igne
696 4435 787 4505 qui
815 4434 1146 4502 divinitusin
1192 4437 1361 4492 altare
1389 4447 1606 4492 venerat
1635 4437 1887 4508 deinceps
1915 4454 2007 4494 cu.

415 4523 634 4592 stodito,
657 4527 833 4580 omnia
868 4535 1021 4581 erant
1057 4527 1393 4584 accendenda
1431 4543 1550 4598 quae
1576 4527 1628 4582 in
1669 4528 2007 4585 tabernaculo

413 4617 633 4674 accendi
671 4619 950 4689 oportebat
999 4636 1013 4673 :
1064 4619 1286 4675 mortuis
1327 4634 1473 4690 ergo.
1501 4619 1604 4676 illis
1654 4621 1728 4675 ait
1777 4621 2004 4692 Moyses,

420 4707 534 4764 Hoc
579 4717 651 4763 est
693 4709 828 4780 quod
878 4710 1007 4764 dixit
1058 4709 1307 4767 Dominus
1349 4711 1539 4778 dicens,
1571 4709 1638 4764 In
1672 4711 1742 4766 eis
1770 4713 1854 4782 qui
1883 4713 2008 4768 milii

413 4801 826 4874 appropinquant
851 4802 1227 4872 sancti/icabor,
1251 4812 1299 4856 et
1323 4804 1376 4856 in
1401 4803 1538 4857 omni
1562 4819 1822 4876 synagoga
1847 4805 2006 4876 glori-

415 4894 608 4962 ﬁcabor
633 4909 766 4950 :eos
811 4895 1240 4966 appmpinquare
1265 4895 1489 4950 Domino
1523 4895 1707 4950 volens
1747 4895 2002 4967 intelligi,

415 4987 504 5057 qui
554 4987 606 5042 in
657 4987 1347 5044 tabernaculosacerdotio
1385 4987 1774 5059 fungebantur;
1807 4990 2000 5045 sancti-

416 5079 564 5134 ficari
603 5089 780 5135 autem
825 5081 877 5136 in
926 5081 1004 5136 eis
1047 5081 1206 5137 etiam
1249 5081 1586 5149 vindicando,
1627 5081 1760 5136 sicut
1809 5083 2004 5138 factum

411 5182 516 5227 est.
541 5171 726 5228 Utrum
755 5181 813 5228 ut
831 5173 956 5229 binc
983 5174 1213 5230 sciretur
1239 5189 1396 5245 quam
1423 5174 1598 5229 minus
1632 5173 1754 5229 aliis
1801 5184 2006 5245 parcat,

413 5267 459 5320 si
490 5265 596 5322 illis
636 5283 742 5322 non
774 5268 943 5338 parcit
987 5285 1001 5322 :
1043 5283 1148 5339 quo
1189 5284 1348 5325 sensu
1391 5268 1588 5338 dictum
1627 5279 1729 5334 est,
1760 5269 1822 5325 Si
1835 5272 2009 5342 justus

414 5359 497 5412 via:
520 5357 692 5413 salvus
719 5363 832 5424 erit,
864 5369 1094 5430 peccator
1117 5369 1165 5414 et
1189 5361 1372 5430 impius
1401 5359 1484 5414 ubi
1511 5361 1756 5428 parebunt
1777 5360 1829 5435 (1
1863 5361 2003 5416 Petr.

415 5465 486 5514 Iv,
519 5449 645 5522 l8)?
674 5452 757 5505 An
795 5451 975 5522 potius
1018 5451 1308 5510 secundum
1364 5450 1522 5516 illud,-
1545 5450 1638 5506 Cui
1691 5453 1806 5521 plus
1831 5451 2002 5518 datur,

415 5542 530 5610 plus
552 5542 771 5614 exigitur
795 5543 859 5596 ab
883 5544 980 5597 eo?
1005 5553 1058 5599 et
1084 5542 1232 5608 illud,
1276 5543 1464 5598 Servus
1502 5544 1588 5612 qui
1635 5560 1735 5596 non
1779 5545 2006 5614 cognovit

414 5633 718 5688 t'oiuntatcm
747 5633 938 5688 domini
963 5635 1063 5700 sui,
1103 5644 1149 5688 et
1181 5636 1301 5704 facit
1337 5634 1493 5704 digna
1539 5633 1722 5704 plagis,
1753 5634 2007 5705 vapulabit

415 5742 579 5793 pauca
617 5743 636 5780 :
675 5743 848 5781 servus
880 5737 1050 5782 autem
1077 5728 1162 5797 qui
1199 5728 1426 5796 cognovit
1473 5726 1779 5780 voluntatem
1815 5727 2007 5781 domini

415 5817 512 5882 sui,
545 5827 593 5870 et
645 5820 763 5874 facit
811 5817 964 5892 digna
1003 5817 1192 5891 plagis,
1237 5817 1494 5890 vapulabit
1542 5818 1697 5873 multa
1724 5815 1876 5890 (Luc.
1907 5835 2003 5888 xu,

1790 367 1989 432 Lle];
2031 365 2348 424 TERTIUS.

3595 375 3702 433 690

2111 485 2202 547 48.
2231 485 2362 554 47)?
2400 492 2455 540 et
2495 485 2645 553 illud,
2683 486 2879 558 Exiguo
2922 485 3378 546 cnintcoucedctur
3412 487 3698 544 misericor-

2113 577 2230 642 dia;
2284 586 2506 648 potentes
2559 587 2725 639 autent
2795 577 3074 649 potentiora
3126 587 3373 634 tormenta
3443 579 3700 650 patientur

2116 667 2269 740 (Sep.
2305 685 2378 733 vt,
2408 670 2499 740 7’)?
2547 668 2654 726 Sed
2704 670 2792 726 ubi
2838 670 2940 731 boc
2981 671 3186 733 dixerit
3228 671 3504 741 Dominus,
3554 675 3696 744 quod

2111 764 2233 814 eum
2287 759 2486 820 dixisse
2527 760 2738 832 Moyses
2787 763 3244 828 commemoravit,
3303 763 3357 818 in
3419 762 3698 833 Scriptura

2111 868 2228 922 quae
2249 861 2392 908 retro
2413 862 2620 914 estnon
2655 853 2937 918 invenitur.
2961 855 3088 909 Tale
3115 871 3243 926 ergo
3274 865 3350 911 est
3394 854 3516 924 ltoc,
3541 856 3699 926 quale

2112 944 2164 999 in
2195 945 2399 1013 Exodo,
2452 945 2538 1000 ubi
2577 945 2706 1002 dicit
2748 946 2994 1014 Domino,
3031 945 3324 1013 Tttdiaisti,
3357 947 3478 1003 Scio
3507 957 3555 1002 te
3591 959 3702 1018 pra:

2111 1037 2340 1091 omnibus
2367 1037 2565 1107 (Exod.
2601 1053 2796 1102 XXXIII,
2830 1038 2955 1110 12);
2985 1042 3125 1109 quod
3176 1038 3443 1097 invenitur
3479 1039 3697 1111 quidem

2111 1129 2371 1186 Dominus
2407 1131 2457 1185 ei
2497 1131 2834 1198 dixisse,.setl
2865 1140 3043 1201 postea
3079 1131 3216 1190 :seil
3259 1133 3506 1202 animiam
3548 1147 3700 1188 mer.-

2110 1219 2312 1285 daciter
2349 1222 2748 1293 nunquamiboc
2787 1223 2994 1294 Moyses
3038 1222 3259 1289 diceret,
3308 1224 3616 1295 intelligitur
3643 1226 3700 1279 ut

2109 1312 2157 1368 ei
2187 1313 2343 1367 etiam
2373 1322 2500 1371 ante
2540 1313 2762 1380 dixisse,
2798 1313 3038 1381 quamvis
3066 1313 3321 1384 scriptum
3361 1329 3463 1371 non
3504 1315 3694 1378 fuerit;

2110 1405 2182 1464 ita
2208 1413 2263 1461 et
2290 1407 2410 1462 hoc.
2438 1405 2591 1464 Unde
2619 1416 2838 1478 apparot
2866 1421 2970 1462 non
2999 1407 3176 1474 omnia
3215 1408 3409 1477 scripta
3436 1423 3557 1464 esse
3578 1423 3697 1471 una:

2112 1497 2249 1553 Deus
2277 1497 2484 1556 locutus
2519 1506 2603 1554 est
2627 1499 2726 1566 eis,
2754 1514 2850 1570 per
2873 1513 3005 1570 quos
3025 1498 3178 1556 nobis
3206 1509 3387 1556 sancta
3422 1498 3695 1570 Scriptura

2109 1588 2225 1660 ejus
2255 1590 2547 1644 ministrata
2574 1599 2680 1646 est.

2179 1680 2392 1735 XXXII.
2423 1679 2521 1754 [lb.
2554 1699 2610 1746 ς.
2633 1683 2683 1748 6,
2713 1681 2792 1756 7.]
2821 1683 2954 1752 Quid
2979 1692 3060 1740 est
3103 1683 3243 1754 quod
3281 1683 3458 1738 Aaron
3486 1690 3538 1738 et
3572 1683 3700 1739 reli-

2109 1786 2242 1840 quos
2271 1772 2405 1828 ﬁlios
2429 1772 2544 1843 ejus
2572 1783 2795 1828 mortem
2822 1775 3030 1829 illorum
3053 1775 3276 1831 duorum
3299 1775 3478 1844 lugere
3513 1774 3698 1844 prohi-

2107 1863 2240 1919 bens
2267 1864 2414 1933 dicit,
2446 1863 2608 1935 Caput
2647 1874 2862 1919 vestrum
2891 1866 3064 1919 cidara
3108 1883 3208 1920 non
3236 1865 3572 1931 denudabitis,
3604 1864 3696 1920 tibi

2107 1965 2252 2012 certe
2280 1957 2513 2012 ostendit
2560 1957 2767 2013 cidaras
2805 1959 3034 2028 tegmina
3083 1960 3314 2028 capitum
3362 1959 3558 2025 fuisse;
3591 1959 3696 2014 nisi

2107 2048 2228 2119 quia
2254 2048 2339 2103 illa
2370 2049 2631 2104 faciebant
2653 2049 2914 2120 lugentes,
2937 2065 3053 2120 quae
3079 2050 3445 2106 consuetudini
3475 2059 3695 2106 ornatus

2107 2147 2287 2194 essent
2311 2139 2615 2195 contraria?
2641 2141 2790 2195 Sicut
2813 2141 2953 2196 enim
2984 2141 3037 2195 in
3065 2149 3246 2198 nostra
3283 2141 3690 2208 consuetudine,

2107 2230 2231 2302 quia
2251 2240 2411 2302 caput
2437 2239 2676 2302 apertum
2704 2232 2868 2302 magis
2899 2233 3142 2301 habetur,
3169 2233 3410 2304 operitur
3437 2235 3489 2289 in
3515 2233 3693 2301 luctu;

2107 2323 2184 2377 sic
2211 2325 2331 2394 quia
2363 2323 2436 2378 illi
2483 2324 2816 2393 operimento
2865 2325 3052 2395 capitis
3094 2327 3444 2400 ornabantur,
3486 2326 3695 2380 nudan-

2107 2412 2232 2478 dum
2263 2423 2376 2468 erat
2415 2413 2735 2484 lugentibus.
2776 2413 2929 2480 Quod
2977 2415 3097 2470 ideo
3146 2415 3410 2486 prohibet,
3441 2431 3508 2471 ne
3549 2417 3698 2487 luge-

2106 2515 2226 2562 rent
2248 2520 2341 2560 eos
2371 2505 2422 2559 in
2463 2521 2686 2575 quorum
2726 2520 2882 2576 pinna
2912 2507 3274 2562 sanetilicatus
3304 2515 3386 2562 est
3416 2507 3692 2574 Dominus,

2108 2595 2161 2650 id
2192 2605 2274 2650 est
2301 2596 2703 2652 commendatus
2746 2605 2830 2652 est
2879 2597 3037 2651 timor
3081 2600 3218 2667 ejus.
3249 2597 3357 2653 Nec
3404 2597 3526 2653 ideo
3571 2599 3696 2669 quia

2107 2686 2318 2758 lugendi
2346 2703 2450 2742 non
2495 2697 2668 2753 erant,
2700 2703 2820 2742 nam
2863 2687 3120 2759 permittit
3157 2689 3289 2745 alios
3318 2689 3498 2761 lugere
3523 2689 3644 2744 illos
3677 2708 3692 2745 :

2106 2778 2203 2833 sed
2251 2777 2373 2848 quia
2425 2778 2502 2843 illi
2542 2778 2722 2850 lugere
2763 2787 2889 2844 tunc
2929 2795 3050 2835 non.
3091 2779 3375 2847 debebant,
3407 2795 3528 2836 cum
3576 2780 3696 2837 dies

2107 2872 2560 2940 sanctiﬁcationis.
2582 2889 2781 2933 eorum.
2805 2883 3107 2944 agerentur,
3139 2873 3372 2928 nondum
3413 2874 3696 2945 completis

2107 2975 2334 3037 septem,
2398 2966 2588 3037 quibus
2630 2980 2724 3021 eos
2781 2965 3032 3036 princepit
3085 2965 3150 3021 de
3197 2966 3537 3022 tabernaculo
3587 2979 3697 3021 non

2107 3058 2417 3117 abscedere.
2465 3058 2775 3128 Quanquam
2826 3058 2992 3128 possit
3033 3058 3224 3124 videri,
3270 3059 3390 3129 quia
3444 3059 3535 3114 illo
3577 3060 3696 3114 oleo

2107 3149 2316 3206 fuerant
2341 3150 2675 3214 sanctiﬁcati,
2709 3149 2812 3204 hoc
2847 3150 3046 3205 dictum
3089 3165 3209 3206 esse
3253 3149 3394 3221 quod
3424 3164 3694 3220 nunquam

2107 3256 2430 3312 quemquam
2470 3241 2652 3311 lugere
2691 3239 2968 3296 deberent.
3009 3239 3086 3295 Ita
3115 3241 3255 3296 enim
3284 3240 3412 3296 dicit
3441 3255 3453 3294 :
3487 3239 3696 3294 Fratres

2107 3342 2272 3399 autem
2293 3331 2459 3399 vestri,
2483 3332 2646 3390 amitis
2667 3331 2844 3386 domus
2870 3330 3056 3397 Israel,
3077 3331 3345 3401 plorabant
3384 3331 3689 3399 incendium,

2106 3443 2204 3495 quo
2228 3425 2418 3479 incensi
2444 3435 2557 3478 sunt
2576 3443 2606 3477 a
2633 3424 2870 3478 Domino.
2898 3424 2960 3478 Et
2981 3423 3043 3478 ab
3067 3426 3195 3478 ostio
3224 3425 3531 3479 tabernaculi
3557 3427 3696 3479 testi-

2108 3517 2265 3577 monii
2301 3534 2402 3571 non
2433 3517 2650 3581 exibitis,
2683 3533 2745 3570 ne
2776 3515 3063 3569 moriamini
3095 3532 3111 3569 :
3139 3515 3303 3570 oleant
3342 3517 3474 3570 enim
3500 3517 3698 3570 unctio-

2107 3610 2207 3674 nis,
2229 3609 2365 3680 quod
2385 3618 2457 3662 est
2479 3624 2510 3662 a
2537 3607 2774 3671 Domino,
2803 3623 2954 3676 super
2977 3623 3060 3661 vos
3085 3615 3178 3662 est.

2180 3699 2420 3758 XXXIII.
2451 3697 2549 3771 [lb.
2587 3715 2650 3764 κ,
2676 3697 2856 3770 9-11.]
2899 3697 2965 3751 Et
3001 3697 3196 3752 locutus
3225 3706 3299 3753 est
3338 3697 3587 3753 Dominus
3627 3701 3700 3753 ad

2109 3790 2278 3845 Aaron
2317 3789 2488 3844 dicens
2516 3805 2535 3844 :
2570 3787 2752 3843 Vinum
2777 3797 2822 3842 et
2859 3789 3069 3843 siceram
3107 3805 3207 3843 non
3245 3788 3415 3843 bibelis
3448 3797 3502 3842 tu
3530 3797 3576 3842 et
3602 3789 3700 3858 lilii

2110 3885 2184 3941 tui
2213 3895 2396 3950 tecum,
2433 3899 2545 3936 cum
2586 3881 2832 3937 inti-abitis
2868 3882 2922 3935 in
2967 3880 3340 3938 tabernaculum
3387 3881 3694 3946 testimonii,

2109 3987 2197 4032 aut
2224 3994 2338 4032 cum
2363 3973 2605 4037 accedetis
2634 3974 2702 4028 ad
2728 3975 2907 4040 altare,
2929 3982 2976 4027 et
2999 3990 3101 4028 non
3136 3973 3438 4027 moriemini.
3467 3972 3695 4040 Quando

2109 4083 2236 4139 ergo
2262 4068 2340 4124 eis
2367 4067 2550 4126 bibere
2579 4066 2790 4132 licebat,
2817 4064 3243 4136 quandoquidem
3285 4065 3338 4120 in
3374 4065 3693 4121 tabernacu-

2111 4159 2220 4216 lum
2243 4159 2322 4216 eis
2351 4158 2586 4229 quotidie
2625 4172 2847 4213 necesse
2879 4167 2995 4213 erat
3022 4159 3242 4214 introire
3267 4166 3322 4213 et
3344 4157 3601 4213 accedere
3628 4158 3700 4212 ad

2110 4252 2276 4308 altare
2296 4293 2311 4319 ,
2340 4260 2556 4322 propter
2583 4251 2886 4306 continuam
2913 4249 3255 4305 servitutem?
3280 4249 3433 4315 Quod
3467 4248 3513 4304 si
3549 4249 3700 4319 quis-

2111 4359 2268 4414 quam
2296 4343 2458 4408 dicit,
2499 4359 2604 4397 non
2635 4343 2778 4396 omni
2823 4342 2910 4396 die
2949 4340 3210 4397 sacriﬁcia
3253 4340 3452 4410 imponi
3482 4340 3694 4404 solere,

2111 4437 2237 4508 quid
2262 4435 2405 4491 dicet
2449 4435 2515 4490 de
2541 4435 2784 4505 ingressu
2827 4433 2878 4488 in
2924 4432 3355 4499 tabernaculum,
3384 4432 3475 4502 qui
3517 4433 3696 4503 quoti-

2111 4529 2299 4584 dianus
2323 4535 2438 4581 erat
2466 4535 2681 4595 propter
2704 4523 3078 4580 candelabrum
3106 4531 3159 4578 et
3188 4537 3353 4592 panes
3379 4523 3696 4592 propositio;

2111 4621 2194 4676 nis
2217 4634 2376 4690 super
2402 4633 2642 4681 mensam
2683 4615 2995 4687 ponendos?
3025 4615 3082 4670 Si
3108 4624 3287 4670 autem
3317 4614 3692 4685 respondetur,

2110 4711 2163 4765 in
2192 4707 2569 4774 tabernaculum
2602 4706 2871 4762 testimonii
2911 4721 3053 4761 nunc
3093 4705 3236 4776 quod
3272 4705 3379 4772 ait,
3411 4704 3541 4760 illud
3575 4720 3696 4761 esse

2111 4800 2509 4871 intelligendum
2555 4799 2642 4857 ubi
2686 4806 2802 4856 erat
2839 4812 2962 4854 arca
3004 4797 3328 4862 testimonii;
3373 4797 3536 4852 etiam
3571 4795 3697 4852 illuc

2110 4909 2334 4950 necesse
2357 4900 2473 4948 erat
2497 4892 2696 4959 intrare
2725 4905 2990 4947 summum
3016 4889 3344 4945 sacerdotem
3371 4897 3586 4958 propter
3605 4889 3693 4943 1η-
3747 4923 3752 4927 -

2110 4999 2328 5044 censum
2359 4981 2788 5049 continuationis.
2827 4979 2944 5037 Non
2976 4979 3118 5036 enim
3149 4979 3314 5034 semel
3344 4980 3396 5033 in
3439 4993 3580 5032 anno
3606 4977 3694 5032 in-

2113 5079 2316 5144 trabat;
2372 5075 2468 5132 sed
2513 5089 2634 5138 cum
2682 5075 2939 5142 sanguine
2991 5069 3370 5141 puriﬁcationis
3423 5069 3586 5124 semel
3639 5069 3694 5123 in

2110 5187 2284 5237 anno,
2318 5177 2534 5240 propter
2572 5166 2846 5225 incensum
2885 5174 3061 5218 autem
3087 5163 3342 5232 quotidie.
3370 5162 3452 5216 An
3496 5161 3697 5216 intelli-

2110 5263 2338 5335 gendum
2376 5270 2457 5316 est
2480 5260 2646 5320 Deum
2684 5257 3004 5328 princepisse
3037 5264 3094 5310 ut
3131 5255 3310 5308 vinum
3345 5253 3562 5309 omnino
3587 5269 3697 5308 non

2112 5354 2390 5423 biberent?
2419 5352 2523 5420 Cur
2545 5365 2673 5421 ergo
2705 5365 2808 5404 non
2844 5350 2911 5403 ita
2943 5348 3193 5418 praecepit
3219 5347 3392 5416 potius
3427 5355 3483 5400 ut
3513 5347 3693 5401 brevi-

2114 5461 2192 5504 ter
2211 5447 2430 5508 diccret,
2464 5442 2650 5497 Vinum
2673 5458 2771 5494 non
2793 5439 2999 5503 bibatis;
3026 5438 3120 5494 sed
3144 5438 3366 5503 addidit,
3394 5454 3508 5491 cum
3531 5437 3698 5491 intra-

2111 5542 2224 5596 bitis
2248 5541 2299 5593 in
2329 5537 2740 5602 tabernaculum,
2770 5545 2855 5586 aut
2880 5549 2994 5586 cum
3017 5531 3264 5600 accedetis
3291 5531 3359 5584 ad
3383 5531 3584 5585 altare?
3615 5531 3693 5584 Au

2111 5633 2233 5703 quia
2271 5646 2429 5686 causa
2470 5643 2577 5682 non
2616 5625 2827 5682 bibendi
2873 5624 3092 5679 tacenda
3136 5638 3241 5677 non
3281 5631 3422 5686 erat,
3464 5625 3693 5677 maxime

2112 5724 2234 5794 quia
2275 5724 2411 5778 Deus
2439 5719 2692 5790 praescius
2735 5727 2848 5770 erat
2886 5715 3090 5770 futuros
3135 5724 3315 5784 postea
3357 5722 3462 5767 tam
3501 5712 3698 5766 multos

2115 5819 2273 5888 etiam
2313 5827 2547 5870 summos
2575 5808 2878 5866 sacerdotes
2917 5821 3022 5862 uno
3066 5815 3334 5874 tempore.
3369 5803 3422 5860 id
3463 5814 3544 5860 est
3584 5818 3690 5869 non
