4062 6358
469 375 566 434 69!

471 505 572 564 per
616 483 1041 552 successionem,
1086 481 1174 554 qui
1220 480 1564 536 tabernaculo
1606 486 1661 534 et
1691 477 1966 534 sacrificiis
2008 483 2064 532 et

475 582 699 638 incenso
737 586 792 634 et
830 575 1080 632 universo
1127 574 1200 629 illi
1238 573 1536 632 ministerio
1580 571 1784 628 vicibus
1827 568 2066 627 deservi-

481 679 634 736 rcnt;
662 667 873 741 quando
899 668 1081 738 utique
1110 665 1186 730 illi
1215 681 1322 722 non
1355 666 1635 732 bibebant,
1662 680 1885 736 quorum
1915 663 2064 719 locus

483 775 600 821 erat
621 760 986 829 deservieudi,
1013 759 1104 817 alii
1133 769 1307 815 autem
1334 757 1631 818 bibebant?
1658 756 1741 816 An
1768 755 1893 827 quid
1920 754 2063 811 aliud

483 859 588 914 boe
628 857 747 913 loco
774 853 1172 926 intelligendum
1210 851 1332 908 est?
1359 852 1618 920 Quoniam
1651 866 1771 907 cum
1802 851 1980 904 vinum
2010 859 2066 904 et

478 950 707 1005 siceram
749 945 1056 1003 sacerdotes
1092 945 1274 1001 bibere
1318 944 1658 1014 prohiberet,
1696 953 1910 998 secutus
1953 945 2060 1004 ait.

479 1039 787 1111 Legitimum
824 1045 1067 1094 internum
1093 1035 1147 1090 in
1184 1035 1447 1107 progenies
1484 1043 1672 1094 uestras
1706 1049 1726 1089 :
1755 1035 2060 1104 ambiguum

479 1139 562 1186 est
608 1138 782 1186 utrum
824 1125 1085 1198 superiori
1123 1128 1302 1188 sensui
1340 1133 1708 1191 connectatur,
1751 1125 1803 1179 id
1841 1135 1951 1190 est,
1993 1124 2058 1180 ad

480 1222 661 1276 vinum
696 1233 803 1275 non
843 1216 1130 1274 bibendum
1169 1216 1457 1287 pertineat;
1487 1231 1552 1270 an
1589 1214 1823 1271 inferiori
1859 1215 1946 1271 ubi
1983 1230 2068 1271 se.

481 1313 679 1382 quitur,
709 1311 1028 1382 Distinguere
1054 1309 1186 1364 inter
1228 1307 1448 1362 medium
1489 1317 1776 1362 sanctorum
1818 1315 1866 1361 et
1893 1316 2069 1362 conta-

480 1405 809 1470 minatorum,
839 1412 888 1457 et
924 1402 1057 1457 inter
1101 1400 1323 1456 medium
1361 1399 1666 1454 mundorum
1701 1408 1749 1455 et
1783 1401 2070 1454 immundae

479 1511 629 1560 rum;
671 1501 718 1548 et
765 1493 1015 1552 instruere
1056 1491 1191 1561 ﬁlios
1245 1489 1412 1546 Israel
1461 1491 1631 1545 omnia
1687 1490 1911 1562 legitima
1958 1505 2070 1561 quat

485 1585 682 1639 loeutus
706 1591 779 1638 est
809 1582 1056 1637 Dominus
1081 1581 1150 1637 ad
1169 1599 1251 1637 eos
1277 1598 1367 1655 per
1388 1599 1593 1637 manum
1636 1581 1805 1658 Moysi
1825 1598 1844 1637 :
1876 1591 1932 1637 ut
1968 1581 2070 1644 hoc

485 1675 556 1730 sit
582 1673 756 1732 officio
781 1673 1120 1736 sacerdotum
1155 1675 1448 1744 legitimum
1485 1680 1744 1736 aeternum
1775 1672 1825 1726 in
1872 1687 2068 1743 proge-

487 1765 604 1822 nies
643 1781 851 1830 eorum.
892 1765 1174 1836 Quomodo
1212 1775 1389 1821 autem
1437 1763 1582 1838 dicat
1635 1773 1916 1830 aeternum,
1959 1765 2067 1835 jam

483 1872 628 1928 saepe
667 1856 919 1915 diximus.
978 1857 1090 1913 Hoc
1135 1871 1348 1928 quoque
1398 1856 1645 1927 ambigue
1699 1855 1929 1927 positum
1988 1865 2071 1910 est

387 2003 394 2009 ,
484 1945 626 2020 quod
649 1945 744 2014 ait,
768 1945 1092 2018 Distinguam
1113 1947 1243 2002 inter
1262 1945 1479 2003 medium
1499 1955 1790 2020 sanctorum
1813 1954 1864 2001 et
1891 1954 2071 2000 conta-

481 2039 822 2106 minatorum,
857 2048 906 2096 et
943 2038 1075 2092 inter
1109 2037 1327 2093 medium
1361 2037 1662 2094 mundorum
1694 2046 1742 2106 et
1783 2039 2064 2112 immundo-

482 2146 634 2196 rum;
662 2139 839 2186 utrum
867 2129 936 2186 ab
977 2145 1044 2186 eo
1070 2129 1212 2201 quod
1249 2141 1375 2194 sunt
1409 2140 1592 2186 sancta
1623 2138 1677 2208 et
1713 2130 1909 2188 munda
1930 2171 1944 2197 ,
1986 2131 2070 2186 vel

481 2219 754 2290 inquinata
781 2227 834 2275 et
870 2219 1175 2287 immunda;
1205 2235 1274 2274 an
1310 2218 1378 2274 ab
1406 2235 1472 2276 eo
1495 2220 1635 2292 quod
1661 2228 1786 2277 sunt
1819 2222 1985 2278 sancti
2015 2229 2071 2278 et

481 2311 690 2379 mundi,
719 2311 804 2368 vel
837 2311 1096 2386 inquinati
1123 2320 1177 2373 et
1202 2313 1459 2367 immundi
1491 2330 1504 2367 :
1538 2313 1590 2368 id
1619 2321 1702 2368 est
1728 2324 1900 2369 utrum
1930 2313 2070 2370 inter

482 2402 572 2466 illa
607 2403 718 2476 ipsa
752 2419 934 2472 sacra,
959 2419 1079 2484 qum
1105 2404 1206 2460 rite
1235 2405 1317 2464 vel
1346 2419 1450 2477 non
1493 2405 1596 2460 rite
1619 2404 1844 2474 tierent,
1880 2405 2072 2460 distin-

491 2510 654 2566 guere
683 2496 850 2554 voluit
877 2495 1216 2563 sacerdotes;
1249 2512 1316 2572 an
1345 2496 1643 2568 interipsos
1674 2497 1919 2554 homines
1942 2513 2071 2569 pro-

487 2584 692 2643 baridos
720 2588 801 2644 vel
839 2587 1246 2660 improbaudos;
1276 2605 1343 2644 an
1371 2590 1547 2660 potius
1576 2589 1642 2644 ad
1671 2598 1956 2662 utrumque
1985 2606 2073 2646 re-

481 2677 758 2734 ferendum
785 2687 888 2747 est,
911 2680 1028 2736 sive
1054 2679 1330 2750 homines,
1353 2681 1466 2736 sive
1485 2697 1658 2748 sacra.
1884 2675 1888 2680 ’

554 2767 795 2840 XXXIV.
819 2769 919 2844 [ib.
960 2789 993 2827 x
1013 2813 1030 2838 ,
1076 2770 1188 2846 14.]
1233 2763 1582 2828 Pectusculum
1615 2775 1972 2848 segregationis
2021 2786 2072 2835 et

482 2859 745 2920 brachium
767 2863 1035 2919 oblationis
1061 2865 1429 2932 manducabitis
1444 2867 1496 2922 in
1522 2867 1631 2922 loco
1657 2878 1851 2923 sancto.
1874 2869 2071 2936 Quam-

484 2951 566 3004 vis
595 2953 799 3025 singnla
827 2955 1048 3026 singulis
1078 2956 1195 3012 data
1222 2957 1350 3023 sint,
1383 2958 1632 3014 nimirum
1663 2968 1839 3024 tamen
1867 2970 2071 3018 utrum-

480 3057 589 3111 que
617 3055 796 3113 posset
823 3045 928 3108 dici
945 3033 1346 3118 segrega'tionis,
1365 3049 1486 3120 quia
1509 3059 1792 3121 utrumque
1807 3051 2070 3107 sacerdoti

483 3142 796 3202 separatur;
834 3143 888 3190 et
923 3147 1204 3209 utrumque
1247 3131 1530 3195 ablationis
1574 3142 1688 3197 sive
1725 3141 2066 3212 demptionis,

483 3221 626 3290 quod
659 3239 832 3294 graece
860 3225 1055 3282 dicitur
1074 3231 1343 3306 o'tpat'pqsat,
1364 3230 1488 3302 quia
1523 3240 1804 3304 utrumque
1840 3233 2072 3291 demitur

484 3320 540 3370 et
562 3311 798 3369 aufertur
824 3316 902 3383 eis
925 3333 1019 3387 pro
1044 3318 1236 3388 quibus
1262 3319 1500 3387 oﬂ'ertur,
1525 3330 1580 3377 ut
1602 3321 1758 3378 detur
1781 3324 2065 3398 sacerdoti.

484 3403 854 3462 Pectuseulum
905 3423 1034 3463 sane
1073 3411 1424 3482 impositionis
1458 3415 1702 3484 superius
1729 3415 1986 3486 legimus,
2015 3425 2068 3472 et

482 3492 761 3552 brachium
781 3497 1062 3563 ablatiunis
1080 3516 1094 3565 ;
1114 3501 1234 3571 quia
1257 3500 1324 3557 de
1352 3503 1571 3580 brachio
1601 3505 1732 3566 nihil
1759 3507 2068 3576 imponeba-

485 3591 576 3645 tur
610 3585 782 3652 altari,
815 3588 980 3659 adeps
1019 3598 1196 3665 autem
1233 3581 1302 3656 de
1339 3595 1642 3671 pectusculo
1676 3595 2066 3666 imponebatur.

558 3673 775 3730 XXXV.
804 3677 904 3750 [lb.
931 3695 986 3754 x,
1016 3678 1148 3754 14.].
1175 3681 1311 3748 Quid
1341 3692 1424 3738 est
1449 3685 1590 3754 quod
1616 3685 1763 3753 dicit,
1798 3687 1875 3742 De
1911 3692 2072 3743 sacri-

486 3765 619 3834 ﬁciis
639 3768 962 3841 salutarium,
983 3787 1102 3827 cum
1133 3789 1197 3829 ea
1220 3775 1361 3854 dicat
1378 3792 1495 3847 qua:
1518 3777 1642 3834 alibi
1669 3767 1798 3845 dixit
1817 3781 2070 3850 sacriﬁcia

488 3857 764 3925 salutaris;
787 3869 844 3916 et
867 3878 988 3919 cum
1011 3865 1265 3936 singulari
1294 3884 1517 3924 numero
1539 3858 1589 3924 id
1607 3870 1741 3934 dixit
1762 3874 2068 3941 sacri/icium

488 3948 750 4019 salutaris,
778 3966 898 4006 cum
927 3953 996 4029 de
1019 3956 1204 4012 eadem
1231 3975 1290 4014 re
1310 3947 1574 4017 diceretur
1605 3961 1663 4015 ³2
1693 3965 1772 4016 Αη
1804 3962 1940 4020 forte
1969 3965 2068 4021 hoc

489 4037 610 4094 loco
653 4040 744 4096 ubi
787 4044 880 4108 ait,
909 4045 952 4110 Α
989 4047 1254 4119 sacriﬁciis
1284 4051 1602 4118 salutarium,
1641 4040 1926 4131 sanitatum
1964 4059 2069 4115 dici

487 4129 704 4190 debuit?
727 4133 862 4214 Nam
889 4136 939 4190 in
965 4138 1055 4218 illo
1085 4141 1293 4210 psalmo
1322 4143 1409 4196 ubi
1448 4143 1648 4204 dictum
1699 4129 1819 4214 est,
1863 4147 2071 4205 Exaudi

487 4237 582 4282 nos
604 4263 619 4288 ,
659 4223 797 4281 Deus
831 4229 1100 4308 sanitatum
1143 4240 1432 4310 nostrarum
1455 4231 1623 4306 (Psal.
1653 4252 1810 4308 thv,
1833 4239 1924 4310 6),
1967 4239 2070 4296 hoc

490 4315 713 4372 verbum
765 4319 924 4376 habet
965 4335 1172 4394 grmcus
1208 4324 1347 4394 quod
1376 4326 1535 4382 etiam
1575 4327 1677 4384 hoc
1714 4329 1860 4397 loco,
1896 4332 1947 4397 id
1987 4345 2070 4388 est

474 4421 743 4481 ’σωτηρίων
798 4412 892 4489 qui
907 4415 1167 4487 genitivus
1185 4416 1401 4490 pluralis
1425 4419 1479 4475 in
1501 4435 1673 4492 graeca
1700 4423 1873 4495 lingua
1899 4427 2072 4483 ambi-

489 4513 626 4567 guus
649 4511 750 4566 est,
785 4511 956 4558 utrum
982 4520 1010 4558 a
1035 4505 1234 4574 salute,
1264 4524 1330 4562 an
1360 4524 1392 4564 a
1423 4511 1638 4568 salutari
1663 4531 1864 4571 nomen
1902 4517 2070 4574 decli-

491 4598 670 4648 natum
701 4591 770 4646 sit
799 4599 1084 4664 :quoniam
1109 4611 1318 4671 σωτηρία
1345 4600 1540 4670 dicitur
1561 4605 1707 4674 salus
1734 4607 1821 4662 vel
1847 4595 2064 4682 Sanitas,

490 4681 633 4738 unde
664 4683 724 4738 lit
755 4687 1020 4756 genitivus
1059 4691 1277 4761 pluralis
1300 4705 1391 4750 τῶν
1429 4711 1684 4774 σωτηριῶν·
1714 4702 1946 4758 salutare
1974 4720 2070 4759 au-

406 4778 408 4780 '
489 4783 598 4829 tem
629 4787 854 4850 σωτήρων
885 4778 1109 4858 dicitur,
1135 4791 1189 4838 et
1212 4784 1336 4840 inde
1370 4788 1631 4857 genitivus
1669 4793 1887 4862 pluralis
1926 4780 2064 4852 idem

487 4863 604 4935 ipse
629 4874 730 4922 est.
761 4867 816 4924 Si
857 4884 986 4940 ergo
1011 4881 1155 4929 recte
1182 4883 1358 4946 potest
1399 4878 1620 4952 intelligi
1657 4883 1818 4941 etiam
1857 4888 2066 4943 sacrit]-

487 4955 629 5010 cium
668 4957 856 5031 salutis
881 4962 1020 5032 quod
1049 4972 1131 5018 est
1163 4965 1481 5026 sacrificium
1511 4972 1756 5044 salutaris
1774 5017 1790 5043 ,
1817 4979 2067 5048 quoniam

486 5062 520 5102 a
546 5049 760 5108 salutari
780 5051 925 5112 salus
950 5053 1125 5137 datur,
1157 5065 1210 5112 et
1236 5058 1363 5114 illud
1388 5071 1470 5126 est
1504 5065 1734 5124 salutare
1755 5069 1896 5128 unde
1923 5071 2069 5139 salus

487 5141 777 5212 accipitur:
809 5161 916 5206 non
939 5160 1018 5203 est
1052 5165 1271 5208 necesse
1299 5162 1354 5209 nt
1379 5163 1624 5228 tanquam
1652 5161 1936 5219 multorum
1977 5181 2067 5221 sa-

489 5228 741 5289 lutarium
785 5238 1042 5304 sacritlcia
1085 5240 1174 5303 bic
1214 5247 1592 5318 intelligamus,
1635 5252 1724 5308 ubi
1763 5253 1960 5310 dictum
1987 5267 2070 5313 cst

486 5326 750 5394 sacriﬁciis
787 5329 1121 5399 salutarium,
1162 5335 1258 5404 sed
1299 5339 1581 5397 multarum
1608 5342 1830 5409 forsitan,
1870 5348 2070 5408 Sanita-

491 5421 624 5480 tum,
655 5433 774 5486 qua:
807 5429 982 5476 tamen
1010 5423 1076 5479 ab
1113 5439 1222 5480 uno
1266 5427 1484 5486 salutari
1523 5435 1872 5504 accipiuntur.
1915 5437 2068 5510 Quod

552 5508 966 5588 :ttanenipbrasim
983 5525 1220 5588 ,“mutata
1255 5521 1645 5588 interpunctioue
1671 5563 1686 5588 ,
1731 5529 1882 5580 booce
1924 5508 2069 5584 modo

489 5566 689 5660 ὶῖξὲἰὲὲ,
704 5566 1324 5660 ¹ΞΞ’;..Η¹.εῑέ¹;ζΥθὲὲζΪ¹ῖρῖῗὲῖ
1329 5566 1882 5660 {iiii—1337321547137
1889 5566 2070 5660 άῖῗαῗ

488 5628 1248 5720 seei“;
1262 5628 2069 5720 ᾷεξςιῖῖηῑαιῖιέῖεξίξίῖεῖὴηὲα

487 5690 1808 5785 asumma;
1820 5690 2063 5785 milia?

488 5764 600 5820 eum
621 5756 681 5808 de
697 5756 867 5820 eadein
887 5775 940 5814 re
956 5756 1204 5825 diceretur
1215 5756 1278 5820 ii"
1309 5756 1388 5824 "it".

1283 363 1748 436 QUIESTIONUM
1785 360 1843 420 S.
1886 357 2244 418 AlIGUSTlNl
2281 359 2348 417 ΙΝ
2387 360 2941 424 ιιΕΡτΑτΕυοιιωι

3647 379 3748 437 092

2167 477 2238 530 sit
2262 485 2439 531 autem
2468 477 2699 534 salutare
2742 481 2868 548 Dei,
2903 480 2968 537 de
3008 498 3112 553 quo
3155 481 3352 544 dictum
3381 496 3496 554 est,
3529 489 3739 550 Calicem

2166 567 2404 622 salutaris
2431 568 2677 641 accipiam
2698 567 2870 641 (Psal.
2901 586 3024 642 cxv,
3051 573 3141 645 l5)
3167 615 3181 640 ,
3205 583 3258 630 et
3281 574 3348 631 de
3386 593 3493 648 quo
3528 579 3738 639 Simeon

2167 657 2294 716 dicit
2321 661 2376 714 in
2402 659 2710 732 Evangelia,
2742 660 2995 730 Quoniam
3016 665 3244 722 viderunt
3291 669 3424 724 oculi
3473 672 3572 726 mei
3607 677 3745 730 salu-

2169 759 2278 804 tare
2298 760 2440 804 tuum
2465 749 2616 824 (Luc.
2647 767 2707 829 tt,
2736 752 2864 825 30);
2903 753 3035 810 lich
3073 755 3357 814 christiana
3399 762 3564 816 novit.
3614 765 3743 819 Pos-

2169 850 2292 895 sunt
2317 856 2446 896 sane
2475 857 2578 898 non
2601 842 2829 899 absurde
2856 845 3071 917 intelligi
3103 847 3189 902 vel
3228 847 3334 912 dici
3357 850 3518 909 etiam
3546 853 3747 914 sacriﬁ-

2173 945 2255 986 cta
2286 930 2554 994 salutaria,
2584 948 2702 1003 qua:
2728 943 2852 1000 sunt
2871 935 3140 992 salutaris.
3691 947 3696 952 ‘

2239 1021 2478 1096 xxxw.
2524 1022 2626 1096 [lb.
2654 1039 2726 1092 ι,
2775 1025 2980 1100 15-20.]
3011 1026 3078 1093 Et
3101 1029 3194 1083 erit
3219 1030 3372 1084 tibiet
3418 1033 3538 1106 ﬁliis
3571 1035 3668 1089 tuis
3705 1045 3751 1090 et

2169 1115 2371 1185 ﬁliabus
2410 1115 2507 1170 tuis
2551 1116 2832 1187 legitimum
2876 1120 3255 1192 sempiternum.
3283 1123 3397 1192 Non
3441 1107 3634 1192 fr'ustra
3675 1137 3754 1182 est

2171 1207 2406 1261 additum
2428 1249 2442 1274 ,
2475 1192 2708 1276 ﬁliabus;
2737 1210 2985 1280 quoniam
3013 1212 3254 1283 qttzedatn
3297 1214 3364 1269 ad
3403 1230 3555 1272 escas
3591 1219 3751 1287 perti-

2171 1297 2352 1378 nentia
2398 1298 2732 1364 sacerdotum
2777 1301 3020 1372 prohibet
3049 1291 3086 1357 la
3125 1303 3336 1366 feminis
3377 1307 3576 1388 accipi,
3606 1311 3696 1366 sed
3724 1327 3750 1366 a

2172 1389 2421 1444 masculis
2439 1390 2610 1460 jubet.

2251 1481 2384 1535 Cum
2411 1481 2689 1552 quaesisset
2717 1481 2924 1554 Moyses
2947 1499 3163 1558 caprum
3193 1486 3428 1566 oblatum
3457 1505 3554 1560 pro
3582 1493 3755 1563 populi

2172 1573 2426 1654 peccatis,
2454 1585 2506 1630 et
2529 1589 2634 1630 non
2663 1576 2975 1645 invenisset,
3003 1580 3253 1650 quoniam
3284 1579 3457 1638 fuerat
3485 1583 3752 1654 incensus,

2171 1671 2227 1719 et
2273 1650 2438 1719 iratus
2483 1673 2659 1732 esset,
2689 1666 2830 1736 quod
2871 1683 2933 1722 ea
2971 1684 3090 1740 qua:
3120 1684 3216 1740 pro
3257 1681 3473 1741 peccato
3498 1689 3528 1728 a
3558 1650 3750 1744 popqu

2171 1755 2510 1824 offerrentur,
2539 1759 2812 1817 constituit
2843 1759 3098 1838 Dominus
3126 1762 3493 1838 sacerdotibus
3522 1766 3749 1832 edenda,

2172 1847 2365 1922 oblatis
2403 1848 2526 1904 inde
2551 1850 2794 1920 adipibus
2839 1861 2894 1907 et
2930 1853 3176 1920 renibus;
3217 1855 3382 1909 iratus
3407 1864 3586 1931 autem
3617 1868 3752 1913 esset

2171 1954 2279 2016 non
2307 1939 2456 1996 fratri
2481 1955 2600 2010 suo,
2629 1943 2724 2006 sed
2758 1943 2878 1998 ﬁliis
2903 1945 3040 2014 ejus,
3069 1945 3230 2002 credo
3263 1945 3405 2024 quod
3432 1947 3496 2002 ad
3523 1963 3618 2003 eos
3643 1965 3758 2020 sng-

2171 2031 2390 2108 gerendi
2428 2032 2778 2108 ministerium
2811 2036 3147 2106 pertineret:
3175 2037 3449 2107 respondit
3482 2039 3556 2092 illi
3585 2040 3756 2096 Aaron

2171 2130 2229 2178 et
2257 2122 2352 2190 ait,
2377 2121 2439 2177 Si
2459 2123 2607 2178 hodie
2631 2124 2917 2196 obtulerunt
2961 2143 3020 2180 ea
3051 2144 3167 2200 qua;
3203 2145 3296 2200 pro
3333 2140 3536 2200 peccato
3557 2129 3757 2186 illorum

2173 2221 2315 2280 sunt,
2347 2221 2394 2266 et
2429 2212 2723 2269 holocausta
2743 2233 2836 2270 sua
2871 2225 2988 2270 ante
3030 2217 3303 2273 Dominum
3323 2261 3337 2286 ,
3369 2229 3414 2274 et
3450 2222 3759 2296 contigerunt

2173 2304 2296 2359 mihi
2320 2304 2462 2370 talia,
2483 2315 2530 2360 et
2549 2307 2807 2362 comedam
2836 2310 2973 2380 quod
2991 2320 3063 2366 est
3087 2329 3180 2384 pro
3206 2323 3406 2381 peccato
3424 2315 3593 2380 hodie,
3619 2333 3758 2384 nunt-

2172 2395 2298 2465 quid
2321 2398 2566 2468 placitum
2595 2399 2687 2455 erit
2713 2401 2969 2458 Domino?
2995 2403 3061 2457 Et
3095 2406 3286 2459 audivit
3313 2405 3535 2478 Moyses,
3567 2417 3618 2463 et
3647 2409 3756 2480 pla-

2173 2489 2276 2542 cuit
2300 2489 2398 2543 illi.
2429 2489 2542 2546 lloc
2564 2492 2773 2548 videtur
2791 2493 2990 2549 dixisse
3016 2495 3218 2562 Aaron,
3241 2497 3380 2566 quod
3413 2497 3529 2568 ipso
3547 2499 3638 2554 die
3659 2515 3757 2571 quo

2175 2578 2409 2650 primum
2446 2581 2750 2638 obtulerant
2777 2583 2866 2638 lilii
2904 2584 3068 2641 Israel
3109 2601 3203 2656 pro
3243 2597 3461 2657 peccato
3487 2604 3585 2644 suo
3608 2632 3624 2658 ,
3656 2605 3755 2646 non

2176 2669 2362 2726 debuit
2386 2687 2416 2732 a
2443 2674 2811 2730 sacerdotibus
2839 2676 3148 2732 manducari
3169 2719 3185 2744 ,
3213 2679 3307 2734 sed
3334 2688 3498 2735 totum
3525 2682 3755 2748 incendi,

2173 2775 2281 2838 non
2309 2762 2432 2818 inde
2471 2765 2704 2834 regulam
2748 2764 2948 2821 faciens
2985 2767 3050 2822 ad
3089 2776 3311 2834 cartera;
3351 2786 3474 2824 nam
3509 2769 3758 2842 deinceps

2150 2854 2434 2922 sacrificia
2475 2871 2574 2926 pro
2613 2859 2844 2932 peccatis
2889 2858 2991 2938 ipsi
3031 2859 3258 2915 edebant
3295 2879 3310 2915 :
3355 2861 3450 2916 sed
3495 2863 3619 2932 quia
3664 2865 3759 2919 hoc

2173 2947 2401 3017 primum
2446 2947 2545 3003 fuit
2576 2949 2692 3019 ipso
2722 2951 2896 3020 primo
2921 2936 3006 3006 ilic
3049 2952 3292 3023 primitus
3330 2953 3608 3022 oblatum,
3649 2971 3759 3010 cre-

2173 3039 2404 3106 dendum
2426 3050 2507 3097 est
2536 3043 2714 3115 Aaron
2733 3025 3067 3098 'Sacerdotem
3095 3045 3197 3104 hoc
3215 3043 3390 3121 divina
3413 3045 3759 3118 inspiratione

2173 3129 2377 3210 dixisse
2402 3131 2441 3197 ί,
2476 3140 2534 3186 ut
2553 3140 2607 3187 et
2630 3131 2757 3186 illud
2785 3133 2928 3207 circa__
2955 3133 3261 3198 sacerdotes
3291 3134 3545 3206 deinceps
3577 3151 3757 3192 scrva-

2157 3204 2324 3294 retnr
2353 3222 2493 3292 quod
2523 3232 2849 3293 praeceperat
2881 3203 3132 3279 Dominus
3159 3226 3360 3298 Moysi,
3388 3236 3443 3282 et
3479 3203 3584 3283 lioc
3625 3226 3760 3300 quod

2173 3311 2352 3380 Aaron
2377 3311 2509 3369 dixit
2535 3323 2783 3383 tanquam
2819 3313 3079 3388 divinitus,
3102 3315 3300 3374 dicmm
3328 3317 3538 3390 Moyses
3562 3333 3755 3390 appro-

2173 3405 2344 3468 baret.
2376 3406 2514 3475 Quid
2533 3423 2662 3478 ergo
2675 3408 2742 3464 de
2760 3410 2972 3485 cmteris
2989 3410 3224 3481 ejusdem
3247 3411 3354 3468 diei
3383 3413 3685 3484 sacriﬁciis,
3711 3414 3760 3471 id

2173 3507 2256 3571 est
2275 3497 2344 3554 de
2360 3500 2525 3556 ariete
2543 3510 2596 3564 et
2615 3501 2802 3568 vitulo,
2822 3517 2940 3573 qua:
2957 3502 3186 3565 diximus
3209 3507 3368 3560 etiam
3391 3507 3502 3577 ipsa
3525 3523 3626 3577 pro
3645 3523 3760 3578 pec-

2173 3600 2293 3647 cato
2309 3592 2484 3647 oblata
2509 3587 2706 3648 debere
2734 3593 2993 3666 intelligi?
3023 3597 3102 3650 An
3125 3595 3194 3651 de
3220 3597 3384 3672 vitulo
3420 3598 3560 3653 nulla
3605 3614 3750 3670 qua:-

2173 3683 2278 3740 stio
2306 3692 2421 3750 est,
2445 3686 2693 3756 quoniam
2724 3687 3005 3756 Oportebat
3029 3689 3107 3742 sic
3131 3687 3242 3744 ﬁeri
3265 3731 3280 3755 ,
3312 3699 3368 3744 ut
3387 3689 3454 3745 de
3483 3690 3603 3760 ejus
3627 3706 3746 3746 san-

2171 3774 2335 3846 guine
2362 3775 2806 3853 quemadmodum
2835 3789 3156 3850 praeceptum
3182 3779 3353 3835 fuerat
3380 3782 3761 3837 intromittere-

2173 3873 2278 3932 tur,
2322 3869 2462 3922 unde
2507 3875 2561 3924 et
2603 3855 2946 3940 tangerentur
2988 3887 3186 3928 cornua
3228 3873 3410 3930 altaris
3453 3875 3680 3943 incensi,
3711 3882 3763 3930 et

2173 3972 2508 4028 consequens
2525 3968 2642 4018 erat
2668 3971 2725 4015 ut
2746 3969 2884 4016 totus
2909 3961 3154 4019 arderet?
3169 3961 3305 4030 Quid
3323 3979 3450 4036 ergo
3476 3964 3542 4020 de
3559 3964 3761 4022 ariete?

2173 4048 2256 4103 An
2283 4049 2530 4122 quoniam
2572 4049 2798 4122 primum
2828 4065 3052 4126 caprum.
3073 4054 3317 4122 quaesivit
3344 4056 3584 4125 Moyses,
3611 4054 3750 4125 quod

2173 4127 2244 4197 de
2269 4155 2430 4211 capro
2458 4141 2532 4202 illi
2560 4157 2875 4214 responsum
2909 4153 3010 4206 est,
3039 4143 3139 4207 hoc
3168 4155 3223 4199 et
3247 4145 3314 4200 de
3350 4147 3518 4202 ariete
3553 4147 3754 4202 intelli-

2173 4234 2402 4312 gendum
2428 4244 2540 4300 est,
2570 4251 2729 4306 quem
2759 4252 2823 4292 ex
2850 4236 3040 4297 ordine
3069 4236 3244 4292 fuerat
3270 4238 3594 4308 quaesiturus
3613 4282 3628 4306 ,
3662 4239 3758 4294 nisi

2174 4325 2302 4390 illud
2343 4341 2658 4398 responsum
2699 4327 2997 4394 sacerdotis
3038 4328 3087 4384 ei
3131 4329 3448 4398 placuisset?
3483 4325 3558 4384 De
3597 4330 3758 4385 vitulo

2173 4425 2350 4487 autem
2401 4417 2524 4486 quid
2573 4428 2855 4488 qumreret,
2890 4433 3012 4474 cum
3066 4433 3130 4474 ea
3179 4419 3294 4490 lege
3343 4420 3454 4475 ﬁeri
3506 4421 3756 4491 potuerit,

2173 4521 2332 4576 quam
2359 4505 2428 4562 de
2453 4507 2616 4562 vitulo
2636 4521 2732 4576 pro
2750 4516 2970 4576 peccato
2997 4507 3260 4577 universae
3299 4525 3579 4581 synagoga:
3619 4525 3756 4580 pra:-

2173 4606 2388 4669 eeperat
2411 4597 2568 4662 Deus,
2588 4598 2723 4652 sicut
2747 4597 2816 4654 de
2839 4599 3004 4654 vitulo
3022 4614 3120 4669 pro
3141 4609 3357 4676 peccato
3369 4601 3680 4665 sacerdotis,
3701 4600 3751 4655 id

2173 4697 2256 4743 est
2284 4697 2342 4764 ut
2363 4696 2502 4743 totus
2523 4687 2732 4765 arderet
2752 4698 2900 4765 extra
2924 4700 3099 4747 castra
3120 4689 3303 4758 (Leuit.
3339 4707 3412 4759 ιν,
3439 4691 3504 4748 12
3527 4703 3572 4746 et
3593 4691 3723 4763 21)?

2175 4779 2302 4843 lltcc
2328 4780 2470 4835 enim
2499 4789 2622 4834 sunt
2649 4781 2807 4835 verba
2836 4781 3114 4840 irascentis
3137 4783 3299 4856 Moysi
3321 4785 3386 4839 ad
3419 4784 3556 4840 filios
3582 4783 3759 4840 fratris

2175 4871 2278 4937 sui,
2309 4887 2432 4926 eum
2465 4873 2666 4928 hircum
2701 4887 2799 4942 pro
2819 4882 3038 4943 peccato
3063 4876 3343 4945 quaesitum
3380 4892 3489 4932 non
3519 4877 3758 4931 invenis-

2175 4972 2276 5028 set,
2305 4963 2427 5032 quia
2459 4961 2631 5026 fuerat
2665 4970 2808 5020 totus
2832 4964 3078 5020 incensus
3109 4983 3122 5020 :
3149 4966 3317 5032 Quare
3352 4984 3453 5022 non
3477 4967 3759 5021 comedistis

2174 5052 2305 5117 illud
2339 5053 2476 5124 quod
2516 5054 2611 5125 fuit
2640 5070 2731 5124 pro
2777 5063 2980 5126 peccato
3017 5056 3070 5111 in
3111 5057 3222 5112 loco
3264 5059 3477 5113 sancto?
3505 5057 3757 5124 Quoniam

2173 5146 2310 5202 enim
2345 5156 2520 5200 sancta
2547 5155 2836 5200 sanctorum
2863 5155 3016 5216 sunt,
3047 5148 3141 5203 hoc
3165 5149 3301 5205 vobis
3331 5150 3466 5204 dedit
3502 5151 3676 5218 edere,
3708 5159 3761 5204 ut

2175 5239 2417 5306 auferetis
2462 5247 2718 5308 peccatum
2752 5249 3136 5312 synagogat,et
3174 5243 3386 5296 erraretis
3425 5259 3516 5313 pro
3548 5259 3606 5297 eo
3646 5251 3760 5296 ante

2176 5330 2468 5385 Dominum.
2502 5329 2622 5384 Non
2643 5331 2774 5384 enim
2801 5317 2997 5386 illatum
3023 5342 3094 5388 est
3113 5350 3145 5387 a
3167 5337 3410 5406 sanguine
3429 5337 3538 5403 ejus
3562 5336 3617 5390 in
3640 5353 3759 5390 san-

2176 5431 2312 5476 ctum
2348 5433 2466 5476 ante
2501 5422 2686 5494 faciem
2722 5423 2878 5488 intus.
2912 5423 3088 5496 Edetis
3129 5425 3263 5481 illud
3307 5427 3360 5481 in
3407 5427 3519 5482 loco
3557 5436 3754 5490 sancto,

2175 5512 2423 5578 quomodo
2458 5513 2580 5567 mihi
2604 5515 2863 5578 constituit
2901 5513 3170 5571 Dominus.
3211 5515 3404 5588 Utique
3448 5533 3567 5573 cum
3604 5516 3754 5582 dicit,

2179 5603 2301 5658 Non
2325 5605 2453 5658 enim
2490 5603 2690 5658 illatum
2715 5615 2789 5662 est
2828 5623 2860 5658 a
2889 5609 3136 5678 sanguine
3170 5609 3278 5678 ejus
3302 5609 3355 5663 in
3379 5619 3607 5664 sanctum
3642 5617 3755 5662 attte

2176 5697 2356 5768 faciem
2377 5697 2531 5762 intus,
2563 5699 2743 5766 procul
2771 5697 2933 5754 dubio
2971 5699 3226 5756 discernit
3260 5701 3384 5756 illud
3414 5701 3550 5772 quod
3581 5701 3652 5756 ita
3696 5700 3751 5755 lit

2241 5785 2258 5821 ³
2283 5786 2434 5838 Nostri
2454 5799 2626 5838 omnes
2647 5793 2772 5850 Mss,
2798 5785 2887 5839 hoc
2907 5785 3070 5840 divina
3089 5788 3374 5856 aspiratione
