4136 6462
403 441 510 502 693

398 574 497 630 pro
526 563 743 627 peccato
761 550 1072 615 sacerdotis,
1095 550 1207 605 sive
1232 564 1328 619 pro
1348 556 1567 620 peccato
1591 547 1853 604 universa:
1881 559 1975 617 sy-

400 661 642 719 nagogte,
673 659 778 700 non
803 643 870 698 de
896 642 1064 708 hirco,
1094 642 1162 696 de
1195 656 1300 712 quo
1334 641 1546 710 sanguis
1579 640 1829 711 quoniam
1868 651 1976 693 non

395 751 512 796 erat
532 743 714 812 jussus
734 742 914 798 inferri
936 742 1001 796 ad
1027 741 1287 812 tangenda
1307 755 1502 796 cornua
1533 742 1670 794 intus
1690 737 1870 793 altaris
1895 736 1979 791 in-

395 835 574 904 censi,
607 851 713 892 non
754 835 938 890 debuit
976 842 1117 888 totus
1149 832 1377 898 incendi,
1419 831 1510 885 sed
1541 847 1570 884 a
1612 828 1976 886 sacerdotibus

395 924 722 980 manducari.
752 925 862 980 Hoc
909 933 1085 981 autem
1113 939 1279 995 quare
1323 924 1394 978 sit
1437 922 1663 990 factum,
1708 921 1759 976 id
1795 929 1877 976 est
1918 927 1977 975 ut

394 1015 553 1071 etiam
591 1017 704 1086 ipse
751 1025 892 1074 totus
940 1014 1344 1083 incenderetur,
1374 1013 1646 1083 respondit
1685 1013 1884 1078 Aaron,
1923 1018 1975 1065 et

394 1105 595 1177 placuit
622 1106 811 1178 Moysi.

460 1197 601 1260 Sane
629 1198 878 1266 quoniam
909 1212 1000 1258 sex
1028 1211 1218 1266 pecora
1244 1203 1506 1266 przecepta
1538 1193 1750 1249 fuerunt
1791 1191 1973 1248 senio.-

389 1287 540 1342 ribus
558 1289 734 1358 populi
767 1297 823 1342 ut
851 1286 1166 1344 ofl‘errentur
1189 1301 1284 1356 pro
1311 1285 1535 1358 populo,
1566 1297 1794 1355 quorutn
1827 1281 1972 1352 prius

390 1390 620 1453 quatuor
638 1380 1104 1445 commemoravit,
1141 1378 1345 1434 hircum
1373 1387 1426 1434 et
1459 1378 1680 1432 arietem
1701 1416 1717 1442 ,
1744 1385 1798 1430 et
1831 1376 1971 1429 vitu-

389 1473 522 1537 lum,
555 1481 610 1526 et
649 1486 844 1541 agnum
882 1470 1221 1533 anniculum;
1253 1483 1477 1538 quorum
1523 1465 1861 1521 manifestum
1889 1471 1971 1519 est

390 1563 598 1618 hircum
639 1577 734 1632 pro
780 1571 1029 1631 peccato,
1072 1559 1411 1614 manifestum
1447 1567 1529 1613 est
1569 1558 1728 1612 etiam
1774 1570 1970 1626 agnum

387 1655 694 1709 anniculam
723 1653 776 1708 in
807 1652 1202 1716 holocaustum;
1229 1651 1337 1706 duo
1369 1665 1494 1705 vero
1526 1649 1715 1708 media,
1749 1649 1970 1703 arietem

386 1754 444 1801 et
470 1746 711 1810 vitulum,
741 1745 986 1813 ambigue
1022 1743 1189 1813 posita
1213 1744 1748 1817 videramus,\utrnm
1786 1738 1852 1794 ad
1881 1754 1970 1794 sa-

384 1836 648 1910 crificium
679 1851 775 1906 pro
806 1843 1023 1905 peccato
1053 1835 1415 1904 pertinerent,
1444 1843 1497 1888 ct
1529 1833 1674 1886 hirco
1709 1831 1968 1901 adjunge-

387 1938 588 1993 rentur,
618 1944 700 1996 an,
719 1929 892 1998 potius
915 1943 1050 1998 agno
1079 1937 1134 1980 ut
1160 1927 1210 1980 in
1240 1925 1604 1979 holocaustum
1629 1924 1966 1989 offerrentur,

387 2019 528 2074 unde
569 2019 695 2090 quid
744 2019 895 2073 nobis
939 2019 1222 2083 videretur,
1275 2032 1372 2071 suo
1423 2016 1540 2069 loco
1582 2013 1966 2085 exposuimus:

387 2125 568 2182 postea
599 2127 725 2166 vero
747 2121 805 2166 ut
823 2125 915 2166 sex
937 2110 1184 2164 animalia
1215 2109 1636 2180 complerentur,
1668 2106 1890 2160 vitulum
1916 2113 1969 2161 et

384 2205 607 2258 ariclcm
638 2202 1076 2273 commemoravit
1115 2201 1166 2255 in
1205 2199 1522 2254 sacriﬁcium
1563 2197 1837 2262 salutaris;
1871 2210 1969 2254 uec

385 2308 561 2352 tamen
591 2299 641 2351 in
663 2294 1111 2366 consequentibus
1135 2291 1548 2355 cumimmolata
1571 2299 1710 2357 sunt,
1740 2299 1794 2343 et
1821 2289 1967 2344 iden-

385 2388 549 2442 tidem
603 2395 1062 2456 commemorata,
1109 2385 1166 2438 Iit
1200 2383 1398 2438 mentio
1437 2397 1688 2452 pecorum
1731 2382 1965 2450 ipsorum

384 2479 566 2534 arietis
591 2487 643 2531 et
672 2477 854 2542 vituli,
881 2492 999 2547 qua:
1039 2476 1179 2529 inter
1203 2489 1421 2543 caprum
1457 2481 1510 2527 et
1539 2487 1731 2542 agnum
1770 2487 1966 2541 posue-

385 2581 504 2636 rat,
531 2569 626 2624 sed
657 2576 859 2623 tantum
899 2557 992 2622 ille
1026 2566 1223 2621 vitulus
1254 2575 1308 2620 et
1336 2566 1423 2618 ille
1457 2565 1596 2619 aries
1639 2579 1967 2619 commemo-

298 2649 312 2663 ’
386 2671 591 2725 rantur,
632 2675 766 2731 quos
801 2661 852 2714 in
889 2660 1208 2714 sacrificium
1239 2657 1483 2712 salutaris
1511 2655 1686 2711 offerri
1713 2658 1964 2725 iusserat,

387 2763 445 2806 ut
464 2752 572 2822 jam
600 2768 704 2808 non
734 2767 826 2806 sex
855 2766 1067 2822 pecora,
1093 2749 1385 2819 sedxpotius
1414 2756 1641 2817 quatuor
1669 2746 1831 2801 fuisse
1851 2762 1968 2801 cre-

384 2845 579 2906 dantur
611 2862 623 2897 :
659 2852 832 2914 potest
868 2843 1108 2899 fortassis
1142 2841 1362 2913 intelligi
1389 2839 1529 2911 quod
1566 2839 1672 2894 duo
1713 2839 1822 2901 illa,
1848 2853 1967 2908 quae

387 2937 534 3006 prius
566 2937 706 2992 inter
731 2935 935 2989 hircum
966 2945 1018 2988 et
1044 2948 1236 3003 agnum
1266 2941 1537 3001 posuerat,
1571 2931 1759 2984 iterum
1792 2929 1966 2983 nomi-

387 3027 552 3093 navit,
575 3035 628 3080 et
657 3042 759 3080 non
786 3035 870 3080 est
892 3025 1031 3079 alius
1059 3024 1334 3082 vitulusct
1357 3023 1492 3076 alius
1521 3021 1660 3076 aries
1685 3023 1736 3075 itt
1767 3020 1966 3075 sacrifi-

384 3120 525 3173 cium
557 3119 802 3174 salutaris
836 3136 849 3174 :
877 3127 930 3172 ut
957 3133 1076 3172 cum
1115 3117 1335 3171 dixisset
1364 3115 1568 3171 hircum
1595 3130 1690 3185 pro
1721 3123 1962 3184 peccato,

383 3218 441 3263 et
472 3208 693 3263 arietem
731 3217 785 3262 et
820 3208 1037 3261 vitulum
1080 3223 1184 3260 non
1213 3206 1398 3260 dicens
1435 3205 1486 3259 in
1520 3204 1674 3275 quid,
1716 3204 1766 3258 id
1801 3204 1966 3259 estin

385 3314 544 3368 quam
570 3313 682 3353 rem
703 3339 716 3362 ,
745 3313 938 3368 agnum
975 3313 1103 3352 vero
1138 3297 1442 3360 anniculunt
1474 3296 1526 3349 in
1567 3295 1961 3359 holocaustum;

390 3399 571 3461 postea
601 3391 781 3445 dicere
807 3389 1034 3444 voluerit
1055 3387 1179 3460 quid
1208 3387 1274 3443 de
1305 3389 1470 3443 vitulo
1500 3397 1553 3442 et
1578 3388 1744 3441 ariete
1771 3387 1967 3441 facien-

383 3482 512 3535 dum
538 3490 698 3547 esset,
713 3481 766 3535 id
785 3489 886 3547 est,
904 3481 1024 3552 quia
1048 3495 1218 3550 neque
1237 3495 1333 3550 pro
1360 3487 1577 3549 peccato
1593 3479 1734 3536 sicut
1756 3477 1960 3543 hircus,

385 3586 562 3641 neque
587 3573 640 3626 in
673 3571 1037 3626 holocaustum
1059 3572 1195 3627 sicut
1220 3585 1407 3643 agnus,
1431 3569 1527 3626 sed
1560 3570 1615 3625 in
1645 3570 1962 3624 sacrificium

384 3665 632 3718 salutaris
676 3664 997 3734 jubebantur
1035 3663 1236 3719 inferri.
1278 3663 1382 3720 Sed
1425 3664 1469 3718 si
1500 3663 1602 3718 hoc
1641 3665 1964 3719 intellexeri-

385 3770 525 3822 mus,
555 3756 790 3811 manebit
829 3758 1050 3826 quaestio
1088 3771 1254 3826 quare
1297 3771 1393 3826 pro
1428 3764 1646 3826 peccato
1684 3771 1964 3828 synagoga:

385 3846 566 3901 hircus
587 3847 794 3901 oblatus
819 3847 907 3912 sit,
931 3862 1050 3900 cum
1081 3847 1149 3901 de
1165 3847 1445 3902 sacrificiis
1469 3864 1586 3917 qua:
1608 3863 1704 3918 pro
1734 3847 1964 3918 peccatis

382 3935 652 3990 offerenda
673 3944 852 3998 essent
877 3935 945 3996 ab
979 3935 1128 3990 initio
1166 3935 1419 3990 Dominus
1453 3937 1704 4008 loquens,
1745 3937 1963 3992 vitulum

382 4026 560 4082 offerri
584 4026 801 4096 jusserit
827 4041 921 4096 pro
949 4035 1166 4096 peccato
1193 4041 1506 4096 synagogm,
1543 4027 1678 4082 sicut
1708 4041 1804 4096 pro
1835 4041 1962 4097 pec-

380 4127 504 4172 cato
545 4116 862 4182 sacerdotis,
890 4132 994 4172 non
1045 4132 1283 4186 caprum,
1313 4117 1408 4173 sed
1461 4118 1712 4182 vitulum;
1745 4117 1810 4172 de
1858 4133 1964 4188 quo

381 4212 551 4270 vitulo
603 4212 765 4268 etiam
815 4211 1158 4282 sanguinem,
1194 4211 1437 4266 similiter
1495 4221 1570 4270 ut,
1606 4227 1703 4282 pro
1752 4221 1964 4284 peccato

380 4302 705 4369 sacerdotis,
744 4301 812 4358 ad
841 4302 1099 4373 tangenda
1128 4318 1325 4357 cornua
1373 4303 1556 4357 altaris
1599 4303 1799 4358 incensi
1833 4321 1965 4374 prte-

380 4395 524 4464 cepit
560 4394 743 4450 inferri
789 4393 994 4468 (Leuit.
1036 4411 1110 4462 tv,
1143 4395 1313 4464 5-18)
1339 4413 1352 4450 :
1382 4403 1436 4450 et
1459 4411 1574 4464 qua‘
1598 4411 1757 4450 causa
1784 4396 1960 4462 fuerit,

382 4494 443 4539 ut
480 4501 576 4555 pro
620 4495 840 4563 peccato
883 4488 1093 4553 Aaron,
1134 4498 1189 4542 et
1235 4487 1446 4559 Moyses
1483 4488 1705 4542 vitulum
1748 4488 1962 4544 offerret

383 4576 495 4650 (Id.
516 4594 630 4645 vtn,
649 4577 736 4650 14)
761 4619 776 4646 ,
790 4585 845 4633 et
862 4578 972 4648 ipse
988 4579 1163 4646 Aaron
1180 4579 1405 4634 alterum
1423 4579 1640 4633 vitulum
1662 4579 1769 4652 (Id.
1791 4596 1864 4644 ιι,
1883 4578 1960 4651 8),

381 4668 517 4722 sicut
546 4684 640 4738 pro
656 4675 878 4740 peccato
897 4668 1188 4725 sacerdOtis
1212 4668 1502 4724 secundum
1527 4670 1618 4724 Dei
1642 4679 1962 4740 pravceptum

381 4758 565 4815 offerri
591 4759 902 4830 oportebat;
927 4774 1036 4836 pro
1075 4768 1293 4829 peccato
1321 4769 1496 4814 autem
1540 4761 1714 4830 populi
1747 4776 1851 4815 non
1881 4763 1964 4815 vi-

383 4853 522 4908 tulus
541 4894 556 4920 ,
597 4853 736 4909 sicut
771 4860 1091 4923 praeceptum
1121 4852 1322 4918 fuerat,
1353 4852 1448 4907 sed
1477 4852 1654 4922 hircus
1680 4854 1854 4922 potius
1887 4854 1965 4918 of:-

382 4941 630 4997 ferrctur.
654 4942 806 5009 Quod
827 4958 947 4998 cum
966 4952 1223 5007 moveret,
1249 4943 1421 5008 visum
1440 4952 1522 5003 est
1539 4944 1710 5011 nobis,
1730 4953 1788 5000 ut
1805 4961 1964 5016 supra

379 5034 629 5100 diximus,
660 5034 800 5104 quod
839 5049 943 5089 non
967 5034 1112 5090 solus
1140 5034 1318 5091 hircus
1352 5051 1448 5106 pro
1483 5047 1700 5106 peccato
1751 5039 1960 5108 populi,

379 5125 476 5180 sed
506 5135 560 5180 ct
585 5125 725 5181 aries
767 5135 820 5180 et
850 5126 1042 5181 vitulus
1083 5125 1260 5182 offerri
1299 5127 1480 5197 jussus
1513 5137 1595 5183 est
1616 5168 1630 5192 ,
1659 5138 1716 5184 ut
1754 5129 1820 5183 ad
1865 5129 1965 5186 ista

379 5217 482 5272 tria
510 5216 871 5284 subaudiatur,
903 5233 998 5287 pro
1019 5227 1272 5287 peccato:
1302 5219 1423 5290 quia
1450 5228 1502 5274 et
1523 5220 1789 5290 principes
1812 5230 1966 5276 erant

380 5307 433 5362 in
476 5307 700 5378 pepulo,
744 5323 842 5379 pro
880 5308 1072 5379 quibus
1110 5309 1291 5366 hircus
1326 5311 1498 5366 fuerat
1537 5311 1839 5370 efferendus
1866 5331 1879 5368 :
1911 5322 1966 5369 et

379 5399 575 5470 singuli
602 5400 797 5470 quique
821 5399 1021 5455 habere
1050 5401 1259 5471 propria
1291 5410 1508 5471 peccata
1527 5411 1848 5471 potuerunt,
1866 5419 1964 5476 pro

377 5489 572 5560 quibus
598 5489 770 5556 aries;
801 5498 855 5544 et
887 5505 1050 5544 unum
1078 5490 1290 5561 aliquod
1318 5500 1592 5560 peccatum
1619 5508 1840 5562 omnes,
1869 5512 1965 5566 pro

378 5597 488 5654 quo
507 5582 720 5650 vitulus,
747 5582 970 5640 sicutab
994 5582 1144 5640 initio
1165 5593 1492 5654 praeceptum
1511 5583 1705 5655 fuerat,
1725 5603 1820 5658 pro
1841 5605 1964 5660 pec-

378 5686 501 5733 cato
540 5676 800 5732 universre
837 5690 1118 5749 synagogas
1166 5676 1386 5731 vitulum
1434 5675 1612 5741 offerri
1664 5682 1960 5749 oportebat.

381 5767 509 5825 Ideo
535 5776 715 5825 autem
741 5783 863 5822 cum
893 5767 1164 5825 immolata
1192 5775 1355 5834 sunt,
1385 5766 1567 5824 hircus
1598 5774 1966 5829 tantummodo

379 5858 712 5928 nouunatur,
744 5866 805 5915 ut
832 5856 936 5914 alia
966 5858 1124 5915 etiam
1153 5859 1310 5915 tacita
1338 5857 1780 5930 intelligerentur,
1812 5863 1960 5921 locu-

1770 431 1971 489 LIBER
2010 414 2327 486 TERTIUS;

3564 434 3667 492 69i

2087 541 2229 598 tione
2257 558 2285 596 a
2314 552 2462 614 parte
2491 552 2656 600 totum
2682 588 2696 615 ,
2723 547 2843 618 quia
2867 547 3041 603 omnia
3066 547 3270 602 fuerant
3295 564 3388 617 pro
3412 551 3661 618 peccatis.

2152 633 2416 689 XXXVII.
2457 634 2556 708 [11).
2599 653 2688 701 x1,
2719 638 2820 704 55,
2862 637 2977 711 '54.]
3014 638 3146 694 Cum
3177 647 3355 708 ageret
3380 637 3448 693 de
3475 642 3668 694 morti-

2081 725 2216 780 cinis
2261 728 2648 782 intmundorum
2685 730 2990 784 animalium
3013 772 3026 797 ,
3074 732 3138 785 Et
3169 746 3314 786 omns
3359 746 3446 784 vas
3475 731 3662 800 ﬁctile,

2081 817 2277 888 inquit,
2307 819 2356 872 in
2384 833 2480 890 quo
2508 818 2740 886 ceciderit
2781 837 2845 876 ex
2870 824 2941 877 eis
2965 821 3099 875 intus
3129 823 3167 886 ¹,
3201 837 3524 893 ᾳιιωειιηιᾳειε
3551 833 3667 877 sunt

2077 909 2213 967 intus
2240 912 2497 968 immunda
2522 922 2704 980 erunt;
2729 923 2778 969 et
2805 913 2936 970 illud
2953 923 3258 980 conteretur,
3284 913 3335 968 id
3355 923 3436 968 est
3455 956 3470 982 ,
3490 915 3664 984 ipsum

2079 1019 2191 1059 vas.
2235 1003 2301 1058 Et
2329 1006 2490 1060 omnis
2521 1007 2660 1061 cibus
2695 1005 2781 1077 qui
2820 1007 3176 1072 manducatur,
3217 1006 3272 1060 in
3308 1019 3665 1077 quemcumque

2077 1095 2260 1147 verterit
2299 1111 2452 1166 super
2491 1094 2637 1150 illum
2674 1111 2840 1164 aqua,
2877 1095 3166 1151 immundus
3211 1097 3306 1150 crit
3339 1097 3495 1150 vobis.
3543 1095 3658 1150 Non

2078 1198 2428 1254 quaecumque
2453 1200 2587 1254 aqua
2618 1184 2956 1256 intelligenda
2987 1196 3101 1254 est,
3135 1202 3251 1256 qua:
3290 1187 3660 1256 supervenerit

2076 1276 2229 1343 cibo,
2265 1277 2386 1332 facit
2427 1293 2548 1332 eum
2587 1277 2950 1344 immundum;
2986 1275 3080 1333 sed
3121 1293 3183 1332 ex
3220 1276 3476 1332 illovase
3515 1276 3656 1345 quod

2079 1367 2271 1422 factum
2317 1379 2400 1424 est
2440 1370 2768 1424 immundum
2818 1371 2884 1428 de
2925 1371 3218 1426 morticinis
3250 1371 3568 1438 immundis,
3613 1376 3657 1426 si

2077 1456 2212 1513 forte
2241 1460 2411 1528 ipsum
2442 1476 2534 1512 vas
2562 1460 2742 1514 habuit
2770 1476 2983 1530 aquam.

2147 1549 2431 1606 XXXVIII.
2472 1551 2569 1624 [11).
2602 1568 2675 1619 x1,
2704 1551 2818 1626 η]
2848 1552 3102 1608 lnslrnere
3126 1555 3148 1585 ³
3179 1553 3312 1622 ﬁlios
3341 1551 3505 1607 Israel
3532 1554 3658 1606 inter

2075 1642 2377 1712 viviﬁcantia
2409 1659 2522 1712 qnw
2551 1645 2945 1709 manduqantur,
2972 1655 3020 1698 et
3049 1645 3178 1698 inter
3218 1644 3520 1713 viviﬁcantiu
3546 1659 3659 1715 qua:

2075 1749 2175 1787 non
2220 1733 2629 1791 manducantnr:
2674 1750 2792 1804 qua:
2837 1750 3042 1805 graecus
3095 1735 3252 1788 habet
3305 1745 3652 1800 ζωογονοῦντος,

2075 1825 2243 1879 nostri
2300 1825 2513 1894 quidam
2568 1827 2872 1895 viviﬁcantia
2926 1827 3260 1896 interpretari
3317 1828 3650 1892 maluerunt,

2073 1913 2194 1982 quia
2219 1922 2499 1984 utcumque
2529 1916 2628 1970 hoc
2647 1916 2868 1973 verbum
2891 1925 3072 1971 noster
3099 1931 3224 1972 usus
3249 1916 3469 1984 recepit,
3492 1930 3652 1983 quam

2073 2003 2249 2059 facere
2278 2019 2470 2058 novum
2502 2006 2770 2060 insolitum
2796 2047 2809 2071 ,
2846 2007 2890 2061 si
2919 2007 3020 2067 dici
3051 2015 3230 2076 posset
3260 2007 3652 2075 vivigignentia.

2074 2093 2188 2148 Non
2222 2095 2364 2149 enim
2402 2110 2521 2164 qnzc
2550 2095 2848 2161 viviﬁcant,
2886 2095 2938 2149 id
2966 2105 3047 2151 est
3082 2096 3266 2150 vivere
3297 2095 3525 2158 faciunt,
3559 2094 3654 2150 sed
3741 2104 3745 2108 '

2073 2202 2191 2256 qua:
2218 2185 2369 2242 vivos
2400 2187 2534 2241 fctus
2557 2187 2808 2257 gignunt,
2841 2187 2892 2242 id
2924 2198 3006 2242 cst
3031 2203 3137 2243 non
3168 2203 3294 2253 ova,
3326 2187 3420 2241 sed
3449 2188 3651 2255 pullos,

2071 2276 2319 2330 dicuntur
2343 2287 2670 2343 gum-acaum.

2143 2365 2386 2422 XXXIX.
2415 2365 2515 2439 [lb.
2549 2383 2658 2435 xit,
2688 2364 2765 2440 4.]
2803 2367 2936 2434 Quid
2965 2379 3046 2422 est
3072 2367 3211 2438 quod
3238 2367 3310 2421 ait
3338 2367 3404 2422 de
3435 2367 3656 2424 muliere

2070 2473 2188 2528 qua:
2216 2458 2456 2528 peperit,
2490 2458 2652 2513 Omne
2673 2469 2901 2514 sanctum
2927 2477 3026 2513 non
3055 2469 3251 2529 tanget,
3275 2468 3319 2512 et
3343 2460 3392 2512 in
3421 2469 3656 2513 sanctua-

2071 2549 2203 2603 rium
2240 2567 2341 2604 non
2379 2551 2645 2608 introibit?
2673 2551 2823 2618 Quod
2867 2552 3222 2606 sanctuarium
3264 2552 3374 2604 vult
3403 2551 3652 2621 intelligi;

2070 2654 2192 2696 cum
2224 2641 2428 2710 legatur
2456 2641 2510 2696 in
2545 2642 2940 2696 tabernaculum
2974 2641 3184 2698 nonnisi
3221 2639 3526 2697 sacerdotes
3565 2657 3655 2696 so-

2073 2731 2184 2788 lere
2221 2733 2458 2803 ingredi,
2488 2745 2541 2789 et
2567 2751 2734 2806 usque
2761 2735 2826 2788 ad
2864 2737 3035 2790 velum
3065 2737 3284 2808 interius
3323 2735 3614 2791 secundum
3635 2776 3649 2797 ,

2071 2823 2209 2878 ultra
2235 2825 2406 2880 velum
2435 2833 2609 2880 autem
2639 2825 2810 2897 ipsum
2839 2827 2926 2881 ubi
2951 2835 3065 2881 erat
3089 2841 3229 2890 arca,
3256 2823 3464 2883 nonnisi
3488 2842 3649 2879 unum

2070 2927 2334 2968 summum
2362 2917 2734 2972 sacerdotem?
2761 2919 2842 2972 An
2868 2927 2921 2972 et
2945 2925 3068 2973 ante
3097 2917 3496 2972 tabernaculum
3514 2959 3528 2982 ,
3561 2918 3650 2972 ubi

2070 3013 2188 3058 erat
2235 3005 2400 3060 altare
2449 3006 2862 3071 sacriﬁciorum,
2903 3007 3258 3062 sanctuarium
3295 3006 3398 3060 diei
3446 3008 3612 3075 potuit
3629 3009 3654 3059 ’ὲ

2069 3094 2201 3149 Nam
2216 3111 2362 3166 stupe
2377 3097 2674 3166 appellatur
2689 3098 2835 3152 locus
2851 3106 3064 3152 sanctus
3079 3098 3236 3153 etiam
3253 3095 3422 3166 ipsum
3434 3096 3650 3163 atrium,

2069 3201 2188 3241 cum
2234 3187 2447 3250 dicitttr,
2467 3187 2530 3242 In
2562 3189 2672 3248 loco
2711 3197 2886 3243 sancto
2930 3189 3076 3242 edent
3119 3203 3176 3242 ea
3198 3186 3380 3261 (Leuit.
3424 3204 3497 3251 γι,
3533 3187 3650 3256 9.6).

2071 3277 2198 3333 Illuc
2228 3277 2466 3333 fortassis
2487 3281 2728 3333 solebant
2752 3280 2947 3334 intrare
2974 3279 3222 3334 mulieres
3242 3321 3256 3345 ,
3287 3278 3498 3348 quando
3517 3277 3649 3334 offe-

2069 3358 2257 3434 rebant
2285 3368 2423 3422 dona
2452 3385 2544 3422 sua
2567 3411 2580 3435 ,
2611 3385 2728 3438 quae
2759 3369 3157 3438 imponerentur
3185 3369 3356 3422 altari.

2139 3458 2250 3513 XL.
2280 3457 2479 3532 [linxu
2499 3501 2513 3524 ,
2544 3457 2686 3531 2—8.]
2723 3458 2860 3529 Quid
2889 3467 2971 3516 est
3004 3459 3143 3530 quod
3170 3457 3331 3525 dicit,
3359 3457 3419 3513 Si
3450 3475 3648 3513 mascu-

2069 3549 2175 3604 lum
2205 3552 2449 3620 pepererit
2478 3551 2678 3616 mulier,
2705 3549 2965 3604 immunda
2984 3550 3074 3603 erit
3093 3558 3278 3619 septem
3309 3549 3448 3614 dies;
3475 3566 3653 3604 secun-

2068 3641 2190 3696 dum
2217 3645 2321 3698 dies
2347 3644 2634 3698 secessionis
2660 3644 2973 3715 purgationis
3011 3645 3121 3716 ejus
3147 3643 3406 3697 immunda
3431 3643 3522 3695 erit
3545 3656 3564 3694 :
3603 3649 3651 3695 et

2066 3731 2120 3787 in
2150 3733 2238 3810 die
2256 3743 2428 3788 octavo
2469 3735 2787 3788 circumcidet
2813 3751 3014 3789 carnem
3041 3735 3277 3805 prtepntii
3303 3735 3449 3803 ejus;
3475 3742 3520 3786 et
3557 3732 3649 3785 tri-

2067 3825 2206 3896 ginta
2233 3835 2280 3879 et
2309 3835 2406 3878 tres
2431 3824 2536 3879 dies
2564 3824 2750 3880 sedebit
2774 3825 2826 3878 in
2859 3826 3105 3896 sanguine
3127 3841 3218 3878 suo
3247 3823 3456 3877 numdo.
3487 3822 3651 3876 Omne

2067 3915 2202 3986 quod
2225 3924 2450 3970 sanctum
2478 3925 2550 3970 est
2577 3932 2675 3970 non
2702 3918 2982 3987 continget,
3014 3927 3059 3971 et
3097 3918 3149 3970 in
3175 3915 3516 3970 sanctuarium
3550 3930 3652 3967 non

2067 4006 2330 4059 introibit?
2356 4006 2486 4073 Qua:
2514 4006 2808 4061 differentia
2849 4016 2932 4063 est
2962 4008 3100 4062 inter
3138 4016 3342 4076 septem
3385 4005 3500 4061 dies
3527 4004 3650 4058 illos

2067 4095 2258 4165 quibus
2288 4096 2415 4150 dicit
2450 4111 2566 4150 eam
2595 4097 2951 4162 immundam,
2985 4107 3040 4152 et
3074 4098 3282 4167 triginta
3325 4105 3430 4151 tres
3457 4095 3650 4166 quibus

2070 4187 2122 4246 in
2147 4188 2400 4258 sanguine
2417 4203 2514 4242 suo
2531 4188 2732 4243 mundo
2745 4189 2987 4244 sedebit?
3016 4188 3071 4244 Si
3089 4190 3230 4243 enim
3251 4189 3358 4257 jam
3378 4186 3648 4242 immunda

2069 4289 2173 4335 non
2204 4284 2285 4328 est
2316 4290 2418 4343 per.
2439 4274 2790 4343 trigintatres
2818 4275 2963 4339 dies,
2997 4289 3161 4344 quare
3189 4290 3290 4327 non
3316 4273 3480 4342 tangit
3505 4273 3649 4341 quod

2069 4375 2307 4419 sanctmn
2332 4365 2550 4419 est?.An
2577 4365 2679 4423 hoc
2698 4365 2870 4420 adhuc
2898 4365 3149 4430 interest,
3170 4365 3291 4433 quia
3313 4365 3365 4417 in
3389 4363 3647 4432 sanguine

2068 4465 2152 4508 est
2173 4494 2188 4519 ,
2222 4455 2345 4509 licet
2370 4454 2604 4509 mundo:
2644 4463 2700 4508 ut
2724 4454 2825 4508 hoc
2854 4454 3047 4520 distet,
3079 4455 3201 4522 quia
3229 4451 3652 4508 cum'immunda

2068 4555 2184 4613 est,
2213 4546 2533 4615 ubicumque
2559 4547 2716 4601 etiam
2745 4545 2961 4610 sederit,
2991 4543 3323 4600 immundum
3350 4543 3502 4608 facit;
3530 4557 3650 4597 cum

2070 4650 2197 4691 vero
2235 4635 2346 4705 jam
2393 4635 2446 4690 in
2499 4636 2754 4705 sanguine
2799 4634 2998 4689 mundo
3039 4633 3218 4698 sedet,
3265 4640 3470 4688 tantum
3511 4630 3655 4702 quod

2069 4736 2309 4792 sanctum
2352 4737 2434 4782 est
2474 4742 2580 4786 non
2610 4728 2658 4783 ei
2689 4727 2812 4782 licet
2842 4737 3090 4797 tangere,
3121 4735 3176 4782 et
3217 4727 3267 4780 in
3293 4725 3653 4782 sanctuarium

2070 4817 2306 4873 intrare?
2333 4817 2444 4876 Hoc
2462 4825 2546 4873 est
2570 4818 2711 4873 enim
2737 4817 2875 4888 quod
2902 4818 2974 4881 ait
2993 4858 3008 4879 ,
3037 4817 3311 4872 secundum
3351 4817 3457 4870 dies
3495 4831 3654 4870 seces-

2068 4911 2222 4965 sionis
2249 4911 2562 4981 purgationis
2599 4927 2739 4976 sua,
2771 4911 2910 4982 quod
2941 4909 3070 4965 dicit
3092 4912 3196 4964 alio
3239 4909 3384 4974 loco,
3420 4909 3654 4962 immun-

2067 5001 2250 5057 ditiam
2283 5002 2492 5058 feminae
2525 5019 2643 5072 qua:
2675 5003 2960 5058 menstruis
2989 5012 3240 5072 purgatur
3262 5042 3278 5068 ,
3304 5008 3508 5069 septem
3535 4998 3654 5054 dic-

2068 5111 2186 5150 rtnn
2216 5110 2336 5151 esse
2354 5136 2369 5160 ,
2396 5095 2609 5164 quando
2635 5110 2795 5150 omne
2821 5110 2980 5164 super
3008 5093 3144 5164 quod
3182 5091 3381 5146 sederit
3415 5091 3653 5144 immun-

2067 5185 2194 5247 dum
2246 5187 2347 5241 erit
2376 5185 2394 5257 (
2422 5185 2507 5241 Id.
2539 5202 2642 5254 xv,
2672 5187 2843 5242 19—25
2871 5185 2915 5258 ).
2946 5185 3253 5241 Secessionis
3281 5191 3457 5238 autem
3484 5181 3647 5249 dicit,

2065 5278 2321 5347 quoniam
2364 5277 2649 5333 secedehat
2688 5277 3015 5347 aliquantum
3038 5317 3054 5343 ,
3086 5291 3153 5331 ne
3192 5275 3370 5330 omnia
3408 5273 3656 5344 coinqui~

2073 5447 2260 5560 Βθὶἓο
2281 5449 2330 5498 in
2352 5447 2494 5498 editis
2511 5448 2672 5510 deest,
2695 5445 2822 5499 intus
2843 5460 2862 5499 :
2881 5447 3008 5512 quod
3031 5448 3078 5496 in
3096 5453 3203 5498 Mss.
3224 5452 3276 5497 et
3291 5445 3416 5509 apud
3438 5452 3550 5496 Lxx
3573 5445 3661 5497 ha-

2109 5521 2238 5558 81111⁵.

2133 5573 2154 5640 _'
2177 5571 2296 5640 εἱᾱὶιί
2313 5604 2328 5629 ,
2350 5577 2632 5640 Instrue._At
2650 5577 2780 5630 Mss,
2806 5576 3044 5640 Instryere
3066 5570 3238 5640 :sieuti
3256 5567 3660 5640 legendumcon-

2065 5632 2261 5694 jiciebat
2303 5631 2512 5682 nobilius
2555 5635 2604 5682 iu
2647 5629 3036 5694 annutationibus
3063 5631 3128 5694 ad
3157 5629 3399 5694 Levit._'2_,
3423 5631 3506 5678 ubi
3529 5629 3660 5694 ἱιιειι-
3717 5667 3721 5670 .

2071 5689 2335 5755 permonet
2350 5695 2499 5743 verba
2512 5694 2678 5743 isthmc
2697 5707 2709 5743 :
2732 5691 2816 5743 Nai
2841 5692 3162 5755 snmbibazein
3179 5699 3281 5742 tous
3303 5691 3472 5742 lmious
3489 5689 3654 5755 Israel,

2070 5752 2182 5818 quae
2202 5756 2401 5818 quidem
2422 5755 2566 5818 hodie
2589 5762 2694 5804 I.xx
2719 5756 2768 5804 in
2793 5757 2990 5818 excusis
3017 5769 3113 5818 non
3134 5754 3344 5818 habent,
3376 5752 3586 5818 reperiri
3611 5752 3658 5818 i_n

2071 5811 2253 5878 aliquot
2287 5816 2535 5881 codicibus
2567 5818 2756 5881 inserta
2783 5815 3024 5868 versiculo
3048 5817 3140 5879 17,
3178 5811 3398 5881 proxim
3430 5811 3490 5865 ad
3519 5811 3658 5874 illud,

2071 5875 2324 5928 andmeson
2344 5878 2422 5928 tan
2444 5875 2812 5932 zdoaonounwn.
