4136 6460
519 411 626 473 695

520 533 703 594 narct,
735 539 855 579 cum
899 531 1179 596 perageret
1205 521 1322 576 illos
1354 520 1493 575 dies.
1522 518 1629 573 llos
1671 517 1787 572 dies
1815 513 2102 569 immundi-

521 620 610 678 tiae
651 617 798 690 ejus,
852 616 897 673 si
938 615 1187 672 feminam
1235 619 1475 684 pareret,
1516 609 1626 666 Lex
1668 605 2002 677 duplicabat,
2047 612 2104 660 et

520 707 924 782 quatubrdecim
962 705 1223 762 faciebat:
1267 703 1501 772 reliquos
1526 708 1703 755 autem
1733 697 1924 768 quibus
1943 694 2102 750 sede-

520 801 614 858 bat
637 801 690 856 in
716 800 969 871 sanguine
995 796 1193 852 mundo
1215 809 1341 859 suo,
1369 795 1527 849 etiam
1555 792 1700 862 ipsos
1729 789 1966 859 duplices
1987 786 2105 858 jus-

519 903 666 950 serat
690 890 993 957 obsonari,
1022 888 1074 945 id
1101 895 1183 944 est
1206 886 1478 956 sexaginta
1499 899 1612 949 sex,
1637 891 1697 940 ut
1714 896 1902 938 omnes
1923 887 2104 936 essent

520 985 578 1040 in
605 992 758 1056 partu
794 981 1014 1047 masculi
1044 978 1429 1051 quadraginta,
1461 976 1516 1037 in
1555 973 1767 1038 femina:
1809 971 2098 1042 octoginta.

522 1077 701 1148 Aliqui
725 1084 903 1132 autem
941 1073 1152 1130 codices
1181 1072 1338 1143 δι’ωεὶ
1369 1086 1473 1125 non
1515 1068 1740 1132 habent,
1766 1066 1820 1128 in
1859 1063 2106 1134 sanguine

519 1167 711 1224 mando
739 1181 864 1231 suo;
892 1165 987 1222 sed
1009 1207 1024 1233 ,
1055 1165 1108 1220 in
1136 1163 1382 1233 sanguine
1406 1159 1668 1217 immundo
1693 1174 1806 1213 suo.

590 1259 659 1314 Et
684 1275 798 1314 cum
827 1256 1089 1329 adimpleti
1115 1256 1301 1326 fuerint
1329 1255 1436 1311 dies
1458 1252 1772 1325 purgationis
1797 1250 1928 1321 ejus,
1949 1263 2106 1316 super

519 1352 630 1421 ﬁlio
652 1361 739 1404 aut
761 1365 914 1420 super
937 1349 1048 1420 [ilia
1063 1347 1233 1415 offeret
1251 1363 1439 1419 agnum
1457 1343 1750 1404 anniculam
1776 1343 1884 1398 sine
1903 1339 2104 1396 macula

518 1445 572 1498 in
603 1443 967 1506 holocaustum,
1000 1449 1048 1494 et
1071 1440 1267 1512 pallam
1295 1436 1636 1510 columbinum
1663 1444 1750 1490 aut
1777 1442 2020 1490 turturem
2051 1431 2100 1497 ι,

521 1551 615 1608 pro
637 1543 838 1605 peccato
857 1573 871 1600 ,
903 1532 972 1592 ad
994 1533 1177 1587 ostium
1203 1527 1511 1590 tabernaculi
1532 1526 1800 1583 testimonii
1827 1525 1897 1578 ad
1933 1539 2104 1582 sacer-

522 1626 690 1680 dotem
713 1639 733 1680 :
757 1634 801 1679 et
827 1621 1001 1691 offeret
1031 1638 1145 1677 eum
1184 1630 1300 1677 ante
1327 1619 1597 1674 Dominam
1618 1659 1634 1685 ,
1670 1625 1718 1671 et
1756 1615 1981 1670 exorabit
2011 1629 2105 1684 pro

519 1734 582 1772 ea
601 1716 856 1781 sacerdos,
884 1723 932 1770 et
959 1713 1192 1787 pargalu't
1210 1729 1321 1768 eam
1341 1729 1373 1765 a
1397 1716 1538 1782 fonte
1561 1707 1820 1780 sanguinis
1845 1707 1972 1778 ejus.
1995 1703 2106 1759 Ista

521 1807 605 1868 lea:
629 1807 736 1879 ejus
772 1821 885 1876 quae
911 1804 1103 1877 peperit
1128 1802 1407 1861 masculum
1436 1810 1522 1855 aut
1548 1799 1806 1870 feminam.
1840 1796 1900 1852 Si
1937 1805 2105 1855 autem

518 1916 624 1954 non
657 1899 898 1954 invenerit
937 1914 1117 1952 manus
1154 1897 1263 1967 ejus
1302 1893 1436 1966 quod
1462 1895 1585 1950 satis
1623 1891 1771 1946 estin
1811 1904 2030 1961 agnam,
2060 1894 2106 1941 et

520 1991 733 2062 accipiet
782 1992 912 2046 duos
949 1998 1202 2055 turtures,
1244 1997 1331 2041 aut
1377 1986 1506 2040 duos
1549 1985 1716 2056 pullos
1759 1980 2107 2042 colambinos;

520 2100 682 2138 unum
707 2083 762 2137 in
790 2083 1167 2147 holocaustum,
1191 2089 1238 2133 et
1265 2095 1422 2134 unum
1451 2094 1544 2148 pro
1574 2083 1774 2147 peccato
1800 2092 1812 2128 :
1845 2082 1897 2128 et
1920 2088 2104 2128 exora-

520 2176 592 2229 bit
612 2191 703 2246 pro
731 2191 788 2230 ea
807 2173 1067 2238 sacerdos,
1099 2181 1145 2227 et
1175 2169 1490 2242 pargabitur.
1519 2169 1682 2224 Recte
1706 2182 1834 2238 ergo
1863 2165 2108 2236 superius

521 2280 628 2320 non
658 2264 934 2336 legendum
962 2271 1069 2329 est,
1106 2261 1294 2329 O/feret
1325 2277 1512 2332 agnum
1541 2259 1832 2313 anniculam
1860 2257 1968 2312 sine
1989 2272 2104 2310 ma-

519 2357 638 2411 cula
663 2355 717 2410 in
745 2355 1092 2418 holocaustum
1115 2394 1130 2419 ,
1153 2361 1244 2416 aut
1274 2351 1472 2423 pullum
1499 2349 1838 2404 columbinum
1875 2358 1962 2403 aut
1992 2357 2104 2402 tur-

522 2455 685 2499 turem
739 2461 830 2515 pro
874 2454 1107 2515 peccato,
1162 2441 1301 2498 sicut
1351 2440 1590 2496 nonnulli
1630 2438 1843 2494 codices
1875 2437 2100 2502 habent;

520 2534 616 2593 sed
642 2535 778 2590 sicut
801 2535 1000 2590 dictum
1031 2543 1144 2599 est,
1183 2542 1235 2587 et.
1259 2532 1454 2602 pullam
1487 2529 1826 2585 columbinum
1865 2537 1954 2582 aut
1998 2537 2108 2582 ture-

518 2637 681 2682 turem
709 2644 801 2698 pro
847 2634 1049 2696 peccato
1077 2641 1096 2680 :
1136 2623 1565 2696 quandoquidem
1612 2631 1798 2694 postea
1837 2620 1996 2690 dicit,
2043 2620 2108 2676 Si

519 2736 622 2782 non
649 2719 890 2774 invenerit
916 2734 1096 2773 manus
1133 2718 1242 2788 ejus
1265 2717 1400 2787 quod
1433 2717 1564 2772 satis.
1579 2724 1651 2769 est
1685 2714 1754 2767 ad
1794 2729 2014 2785 agnum,
2057 2721 2107 2766 et

519 2811 731 2880 accipiet
767 2809 893 2866 duos
921 2817 1136 2863 turtures
1160 2823 1184 2862 :4
1229 2807 1316 2863 ubi
1367 2808 1486 2878 plus
1533 2805 1742 2861 videtur
1778 2803 1976 2861 habere
2011 2812 2059 2857 et
2085 2819 2110 2869 ,-

521 2917 644 2956 nam
671 2916 732 2956 ea
756 2901 1130 2972 conjunctione
1157 2899 1393 2955 detracta
1411 2939 1426 2965 ,
1450 2899 1654 2969 integre
1675 2897 1937 2967 sequitur,
1969 2896 2106 2950 acci-

522 2994 623 3061 piet
657 2993 785 3055 duos
828 3001 1047 3045 turtures
1079 3001 1167 3043 aut
1204 2990 1332 3044 duos
1368 2989 1534 3060 pullos
1563 2988 1904 3053 columbinos,
1944 3000 2106 3040 unam

521 3098 673 3144 avem
717 3083 922 3138 scilicet
945 3082 996 3136 in
1037 3080 1403 3136 holocaustum
1423 3119 1440 3145 ,
1470 3079 1692 3134 alteram
1726 3092 1823 3147 pro
1859 3085 2105 3148 peccato.

592 3173 704 3231 Sed
744 3189 852 3245 quo
901 3174 1158 3245 peccato?
1198 3171 1462 3243 Numquid
1519 3170 1788 3241 peperisse
1831 3177 2106 3239 peccatum

521 3269 640 3325 est?
667 3269 754 3324 An
781 3268 867 3323 hic
909 3267 1206 3323 ostenditur
1235 3266 1322 3320 illa
1351 3279 1584 3335 propago
1617 3279 1683 3318 ex
1728 3263 1927 3327 Adam,
1966 3261 2108 3317 unde

521 3358 812 3433 Apostolus
842 3357 1003 3426 dicit,
1036 3355 1120 3412 Ea:
1152 3373 1252 3410 uno
1282 3356 1335 3410 in
1363 3354 1862 3418 condemnationem;
1891 3361 1944 3407 ct
1985 3351 2109 3422 quia

522 3467 613 3522 per
639 3467 797 3504 unum
847 3449 1097 3503 hominem
1137 3456 1394 3518 peccatum
1431 3447 1631 3500 intravit
1660 3447 1713 3500 in
1746 3443 1991 3500 mundum
2015 3485 2028 3510 ,
2060 3455 2110 3498 et

523 3558 616 3612 per
643 3550 900 3612 peccatum
925 3557 1061 3596 mors
1078 3582 1094 3606 ,
1123 3548 1171 3594 et
1197 3541 1266 3593 ita
1288 3540 1340 3593 in
1367 3555 1539 3596 omnes
1562 3538 1789 3592 homines
1820 3536 2114 3607 pertransiit

522 3632 702 3703 (Rom.
734 3649 803 3708 v,
833 3632 930 3698 16,
961 3632 1092 3703 l2)?
1125 3631 1192 3694 Et
1232 3631 1317 3686 hic
1345 3633 1474 3695 satis
1499 3637 1721 3700 apparet
1757 3626 2110 3699 quemadmoo

522 3725 648 3780 dum
678 3725 874 3782 dictum
915 3724 1020 3789 sit,
1061 3723 1172 3794 Ego
1197 3723 1329 3778 enim
1363 3723 1416 3776 in
1460 3720 1803 3790 iniquitatibus
1837 3728 2114 3792 conceptus

523 3833 670 3883 sum,
715 3827 766 3870 et
810 3817 864 3870 in
928 3817 1142 3887 peccatis
1195 3825 1352 3868 mater
1401 3831 1512 3868 mea
1560 3814 1615 3867 in
1663 3821 1804 3866 utero
1850 3827 1931 3868 me
1983 3810 2112 3864 aluit

525 3905 699 3976 (Psal.
729 3923 787 3974 ι,
815 3907 892 3978 '1).
924 3905 1030 3962 Cur
1053 3921 1182 3977 ergo
1209 3921 1310 3967 non
1338 3905 1462 3960 illud
1499 3903 1644 3972 quod.
1669 3911 1850 3957 natum
1879 3910 1960 3958 est
1983 3917 2112 3972 pur.-

525 3999 638 4070 gari
669 3998 798 4054 dicit
829 3998 1097 4068 Scriptura
1129 4012 1225 4068 per
1254 3997 1372 4052 hoc
1405 3995 1758 4060 sacriﬁcium,
1799 3994 1896 4050 sed
1943 3995 2112 4064 ipsam

525 4104 646 4160 qua:
683 4089 934 4161 peperit?
955 4090 1038 4144 An
1077 4088 1153 4142 ad'
1184 4087 1351 4156 ipsam
1381 4085 1593 4157 quidem
1613 4125 1628 4152 ,
1655 4085 1799 4139 unde
1846 4084 1936 4139 illa
1963 4072 2117 4154 origo

528 4183 857 4248 trahebatur,
886 4183 1045 4238 relata
1076 4182 1315 4252 purgatio
1343 4191 1425 4236 cst
1450 4188 1665 4250 propter
1689 4177 1962 4248 sanguinis
1993 4175 2114 4230 fon-

529 4284 668 4340 tem;
701 4291 805 4330 non
847 4284 1054 4350 poterat
1084 4284 1261 4333 tamen
1292 4274 1408 4329 sine
1439 4269 1605 4342 ipsius
1634 4271 1771 4326 fetus
1801 4270 2117 4342 purgatione

530 4367 644 4422 ﬁeri
661 4409 676 4435 ,
699 4367 789 4436 qui
819 4353 882 4421 ei
916 4366 1032 4438 ipso
1057 4350 1314 4436 sanguine
1339 4375 1558 4420 exortus
1583 4363 1703 4418 est?
1724 4361 1854 4416 Nam
1877 4375 1981 4431 quo
1995 4375 2118 4430 per-

530 4457 666 4513 tinet
683 4457 829 4528 quod
849 4457 1093 4526 superius
1119 4455 1393 4526 ait,Super
1408 4454 1517 4525 ﬁlio
1537 4461 1624 4507 aut
1644 4469 1796 4524 super
1811 4451 1920 4521 [ilia
1941 4449 2118 4519 oﬁ‘eret

529 4543 719 4618 agnam
749 4547 1043 4602 anniculam
1065 4547 1175 4612 sine
1198 4547 1400 4601 macula
1428 4545 1482 4599 in
1511 4544 1892 4608 holocaustum,
1926 4550 1971 4595 et
2001 4541 2120 4612 pul-

531 4643 640 4695 lum
661 4639 999 4694 columbinum
1025 4648 1113 4692 aut
1141 4648 1385 4692 turturem
1411 4652 1504 4708 pro
1531 4645 1767 4707 peccato,
1799 4633 1842 4688 si
1866 4632 1994 4687 nihil
2019 4646 2116 4702 per

529 4732 636 4786 hoc
661 4729 977 4785 sacrilicium
1006 4730 1163 4784 ﬁebat
1192 4743 1287 4798 pro
1314 4729 1391 4783 eis
1412 4727 1499 4796 qui
1527 4724 1922 4780 nascebantur?

600 4823 753 4891 Quod
791 4823 836 4878 si
889 4822 1170 4892 quisquam
1215 4821 1286 4876 ita
1341 4819 1667 4891 distinguere
1703 4811 2009 4883 conabitur,
2057 4823 2120 4870 ut

529 4917 672 4973 dicat
697 4930 802 4971 non
837 4929 956 4970 esse
979 4913 1303 4985 jungendum
1325 4954 1342 4980 ,
1371 4913 1540 4981 Super
1575 4911 1684 4980 ﬁlio
1713 4918 1799 4962 aut
1827 4924 1979 4979 super
2005 4907 2116 4975 ﬁlia

530 5014 725 5070 olferre
749 5027 937 5086 agnam
965 5009 1258 5064 anniculam
1285 5009 1394 5063 sine
1421 5005 1622 5060 macula
1653 5005 1705 5058 in
1727 5002 2075 5057 holocaustum
2095 5041 2116 5067 ,

531 5115 578 5160 et
607 5105 806 5176 pullum
833 5103 1174 5158 columbinum
1213 5119 1303 5172 pro
1333 5109 1535 5172 peccato
1553 5113 1574 5163 ;
1597 5096 1690 5153 sed
1721 5097 1791 5150 ita
1821 5095 1998 5166 potius
2035 5093 2118 5148 ie-

530 5197 796 5269 gendum,
841 5195 910 5250 Et
951 5212 1068 5250 cum
1115 5177 1376 5263 adimpleii
1421 5190 1606 5263 fuerint
1653 5189 1758 5242 dies
1802 5183 2119 5257 purgationis

533 5292 642 5363 ejus
667 5305 821 5359 super
847 5288 954 5357 ﬁlio
982 5295 1068 5341 aut
1091 5302 1243 5357 super
1271 5285 1381 5354 ﬁlia
1401 5326 1416 5351 ,
1449 5283 1498 5336 id
1537 5289 1620 5337 est
1646 5279 1762 5334 dies
1789 5275 2124 5348 purgationis

535 5383 734 5456 impleti
764 5380 960 5436 fuerint
986 5394 1149 5449 super
1181 5379 1270 5433 illo
1301 5387 1388 5430 aut
1421 5389 1583 5445 super
1624 5373 1743 5438 illa,
1777 5370 1887 5426 ﬁlio
1917 5368 2122 5443 scilicet

599 5499 613 5529 ¹
643 5497 756 5547 Editi
780 5495 1046 5559 pluresque
1063 5503 1167 5544 uss.
1186 5494 1264 5543 hic
1281 5499 1333 5543 et
1355 5490 1473 5559 infra
1498 5491 1642 5559 tertio
1662 5487 1782 5559 loco,
1801 5492 1850 5559 et
1867 5487 2123 5559 turturem.

532 5552 841 5608 Corbeiensis
874 5552 1029 5607 codex
1055 5565 1107 5607 et
1127 5570 1254 5605 unus
1279 5567 1310 5604 e
1342 5552 1608 5610 Vaticanis,
1639 5556 1722 5599 aut
1755 5552 2007 5596 turturem.
2039 5552 2122 5610 cui

535 5606 733 5671 lectioni
743 5606 1072 5682 suffragantur
1090 5606 1198 5667 Lxx
1216 5625 1268 5682 et
1285 5616 1444 5682 versio
1456 5606 1654 5676 Vulgata
1672 5625 1683 5659 :
1703 5620 1870 5682 neque
1890 5619 2031 5682 porro

537 5690 762 5732 versatur
780 5671 1089 5744 Anglistinus,
1105 5683 1177 5744 uti
1192 5677 1373 5729 Nobilio
1392 5671 1941 5744 perperaarvidebatur.
1955 5674 2124 5744 Postea

531 5747 716 5808 quippe
750 5737 944 5794 calices
963 5737 1220 5808 nonnullos
1241 5737 1561 5808 reprehendit
1581 5742 1632 5808 8..
1646 5740 1817 5808 metor
1835 5765 1853 5808 ,ν
1866 5737 2123 5808 nonquia,

536 5794 634 5858 ἆμί
651 5794 912 5860 iurturem,
935 5805 1024 5854 sed
1047 5804 1160 5867 quia
1177 5839 1198 5862 ,
1224 5794 1315 5854 aut'
1337 5799 1523 5866 pullum
1558 5794 1901 5857 columbinum,
1940 5805 2054 5855 pro,
2080 5797 2124 5841 et

535 5867 736 5938 pullum,
767 5875 892 5930 cle.,
919 5867 1228 5918 exhiberem.

1311 403 1775 476 QUeES'I‘IONUM
1813 402 1870 458 S.
1913 399 2277 457 AUGUSTINI
2318 399 2383 462 IN
2420 399 2976 460 HEPTATEUCBUM

3690 406 3787 463 696

2212 515 2293 577 vel
2321 515 2460 584 ﬁlia;
2493 524 2554 575 ut
2589 516 2781 574 deinde
2827 518 2896 574 ab
2922 518 3029 574 alio
3057 533 3215 573 sensu
3259 529 3512 590 sequatur
3535 563 3548 587 ,
3599 520 3786 588 onere:

2209 620 2397 676 agnum
2420 609 2710 665 anniculam
2738 609 2846 663 sine
2870 610 3068 664 macula
3105 610 3158 664 in
3185 610 3564 680 holocaustum,
3603 622 3647 667 et
3675 614 3787 684 pal-

2209 697 2313 750 lam
2343 696 2681 760 columbinum
2703 717 2794 771 pro
2819 709 3050 772 peccato,
3080 701 3131 758 id
3156 711 3238 770 est
3255 744 3271 771 ,
3299 719 3396 774 pro
3423 713 3641 775 peccato
3669 721 3784 775 suo,

2207 802 2330 848 eum
2353 791 2602 861 completi
2632 791 2830 848 fuerint
2853 793 2966 849 dies
2997 797 3320 866 purgationis
3348 799 3466 869 ejus
3492 815 3654 870 super
3681 803 3788 858 lilio

2207 889 2301 934 aut
2323 897 2482 952 super
2507 883 2646 937 lilia:
2678 884 2918 954 quisquis
2937 899 3064 956 ergo
3087 886 3160 942 ila
3183 887 3612 959 distinguendum
3639 902 3772 961 puta-

2207 972 2379 1039 verit,
2405 989 2471 1028 ex
2498 973 2785 1044 Evangelio
2809 977 3172 1046 convincetur,
3197 980 3287 1036 ubi
3312 996 3432 1036 cum
3457 983 3560 1039 tale
3582 985 3783 1055 aliquid

2208 1075 2334 1121 nato
2359 1083 2424 1123 ex
2454 1069 2656 1140 virgine
2685 1071 2906 1126 Domino
2928 1071 3190 1140 facerent,
3220 1077 3387 1149 magis
3418 1087 3635 1148 propter
3659 1094 3786 1142 con-

2208 1159 2543 1214 suetudinem
2587 1160 2777 1232 chis,
2818 1179 2975 1233 quam
3021 1174 3240 1236 propter
3280 1169 3650 1224 necessitatem
3687 1170 3783 1224 ali-

2209 1249 2360 1320 cujus
2387 1251 2438 1309 in
2468 1261 2534 1308 eo
2563 1255 2806 1324 expiandi
2831 1257 3194 1329 purgandique
3219 1261 3450 1330 peccati,
3475 1262 3552 1317 sic
3577 1262 3784 1333 legitur,

2215 1340 2282 1395 Et
2310 1358 2424 1400 cum
2442 1344 2732 1406 inducereat
2765 1364 2972 1418 puerum
2998 1349 3173 1412 Iesum
3195 1361 3424 1422 parentes
3452 1354 3593 1423 ejus,
3624 1363 3686 1406 ut
3707 1355 3790 1422 {a-

2216 1444 2380 1496 cet-ent
2431 1436 2703 1490 secundum
2754 1440 3160 1496 consuetudinem
3205 1439 3354 1513 Legis
3397 1460 3489 1513 pro
3544 1460 3602 1498 eo
3638 1443 3787 1516 (Luc.

2210 1541 2269 1592 ιι,
2289 1526 2383 1600 21)
2415 1543 2429 1581 :
2482 1527 2787 1586 nondictum
2817 1538 2898 1588 est
2916 1571 2930 1595 ,
2952 1545 3046 1601 pro
3071 1541 3240 1587 matre
3268 1533 3412 1602 ejus,
3438 1531 3554 1599 sed,
3576 1551 3666 1604 pro
3692 1551 3788 1601 ea;

2208 1618 2450 1686 quamvis
2477 1633 2539 1673 ea
2578 1619 2768 1683 ﬁerent
2802 1637 2921 1692 qua:
2957 1621 3060 1679 hoc
3102 1623 3222 1678 loco
3250 1633 3514 1696 pneccpta
3555 1635 3681 1680 sunt
3722 1627 3793 1681 de

2209 1709 2415 1767 duobus
2440 1712 2734 1772 turturibus
2768 1723 2860 1769 aut
2895 1715 3106 1771 duobus
3134 1717 3290 1787 pullis
3323 1718 3661 1775 columbinis.
3701 1719 3793 1774 Sic

2209 1802 2352 1860 enim
2403 1802 2659 1873 baptizari
2710 1805 2824 1876 ipse
2879 1807 3039 1863 etiam
3095 1807 3347 1880 dignatus,
3393 1821 3475 1866 cst
3526 1811 3792 1882 baptismo

2209 1891 2465 1959 Joannis,
2509 1894 2600 1964 qui
2645 1907 2762 1951 erat
2801 1897 3096 1968 baptismus
3138 1901 3464 1970 pqmitentia:
3499 1901 3551 1956 in
3597 1905 3791 1959 remis-

2207 1985 2412 2041 sionem
2430 1996 2762 2057 peccatorum
2778 1988 2988 2061 (Matth.
3003 2005 3079 2058 ιιι,
3097 1991 3183 2059 i3,
3202 1990 3312 2064 H),
3329 1993 3571 2063 quamvis
3590 1995 3792 2050 nullum

2210 2074 2432 2132 haberet
2461 2078 2550 2132 ille
2581 2089 2874 2149 peccatum.
2904 2080 3090 2137 Merito
3117 2096 3244 2152 ergo
3280 2082 3494 2152 quidam
3524 2085 3692 2140 nostri
3718 2085 3791 2143 ita

2208 2164 2542 2237 interpretati
2580 2178 2705 2225 sunt
2747 2171 2908 2226 etiam
2939 2172 3096 2227 istum
3126 2172 3178 2227 in
3208 2171 3445 2229 Levitico
3474 2174 3648 2232 locum
3672 2217 3688 2243 ,
3731 2185 3793 2244 ut

2209 2273 2315 2314 non
2343 2259 2583 2316 dicerent
2599 2301 2613 2324 ,
2643 2278 2795 2332 super
2819 2263 2930 2330 [ilio
2955 2272 3044 2318 aut
3062 2281 3213 2335 super
3235 2265 3376 2334 ﬁlia;
3407 2265 3502 2321 sed
3523 2309 3536 2333 ,
3566 2284 3658 2338 pro
3679 2269 3792 2337 ﬁlio

2209 2360 2298 2406 aut
2324 2368 2415 2421 pro
2435 2352 2565 2421 ﬁlia.
2595 2352 2742 2407 lianc
2770 2353 2913 2408 enim
2944 2355 3048 2408 vim
3074 2354 3230 2425 hujus
3258 2357 3648 2427 praepositionis
3671 2373 3795 2415 esse

2208 2441 2584 2500 intellexerunt
2609 2444 2711 2500 hoc
2737 2444 2889 2513 loco,
2926 2446 3013 2501 ubi
3038 2462 3240 2516 grzncus
3268 2449 3372 2514 ait,
3419 2449 3494 2520 ἐφ’
3519 2457 3604 2519 υἱῷ
3647 2459 3677 2511 ἥ
3713 2456 3795 2504 ἐπὶ

2207 2540 2418 2605 θυγατρί.
2455 2533 2596 2592 Sane
2621 2533 3003 2591 advertendum
3026 2546 3285 2607 estquam
3312 2553 3514 2608 pauper
3541 2539 3796 2595 Dominus

2209 2624 2355 2685 nasci
2398 2625 2656 2690 voluerit,
2704 2633 2761 2682 ut
2809 2640 2914 2685 non
2946 2641 3045 2696 pro
3075 2627 3164 2682 illo
3207 2627 3490 2682 offerretur
3529 2643 3698 2700 agnus
3737 2639 3795 2684 et

2208 2715 2388 2785 pullus
2423 2715 2755 2780 columbinus
2778 2727 2869 2772 aut
2903 2725 3106 2782 turtur,
3137 2718 3230 2773 sed
3259 2733 3363 2793 par
3397 2727 3660 2774 turturum
3701 2726 3798 2774 aut

2208 2807 2316 2862 duo
2340 2807 2470 2878 pulli
2497 2807 2784 2879 columbini
2805 2847 2822 2874 ,
2849 2809 2988 2870 sicut
3017 2809 3069 2863 in
3100 2809 3388 2880 Evangelio
3419 2811 3610 2881 legitur
3640 2809 3792 2883 (Luc.

2211 2916 2278 2967 ιι,
2309 2901 2433 2970 ἓί);
2462 2901 2603 2971 quod
2629 2901 2900 2972 Scriptura
2931 2901 3148 2967 Levitici
3175 2911 3300 2965 tunc
3321 2903 3481 2974 jussit
3502 2903 3712 2972 offerri,
3744 2905 3795 2968 si

2209 3008 2318 3048 non
2376 2993 2622 3050 habuerit
2677 3009 2864 3050 manus
2913 2993 3187 3052 oll‘crentis
3235 2995 3383 3065 quod
3427 2997 3558 3055 satis
3604 3007 3687 3054 est
3736 2998 3795 3052 in

2208 3098 2424 3156 agmun.
3784 3071 3788 3076 ’

2283 3175 2415 3230 XLI.
2445 3175 2543 3248 [1b.
2572 3192 2697 3244 xm,
2725 3176 2836 3250 20]..
2871 3177 3081 3233 Homini
3103 3178 3147 3233 si
3167 3178 3251 3232 cui
3273 3182 3409 3251 facta
3434 3179 3585 3252 fuerit
3611 3179 3663 3233 in
3684 3187 3803 3232 cute

2209 3269 2436 3340 corporis
2456 3271 2564 3339 ejus
2592 3270 2803 3324 cicatrix
2826 3271 2960 3342 signi
2987 3271 3157 3325 lucida
3176 3313 3190 3337 ,
3228 3280 3275 3325 et
3300 3271 3450 3341 fuerit
3477 3271 3530 3325 in
3554 3279 3664 3326 cute
3701 3287 3795 3328 co:-

2212 3359 2335 3415 loris
2363 3361 2471 3430 ejus
2496 3369 2661 3415 tactus
2692 3360 2864 3432 leprte.
2903 3361 3060 3417 Velut
3085 3362 3401 3432 exponendo
3436 3361 3572 3416 dixit
3612 3371 3796 3433 poste-

2212 3451 2353 3518 rius,
2376 3450 2518 3508 unde
2541 3451 2681 3522 quod
2710 3452 2936 3522 primum
2969 3451 3177 3508 dixerat
3213 3452 3598 3522 intelligeretur
3617 3492 3633 3518 ,
3661 3467 3798 3522 quo-

2211 3543 2353 3596 niam
2403 3541 2652 3611 dixerat,
2702 3541 2913 3596 Homini
2962 3543 3007 3597 si
3056 3543 3138 3598 cui
3186 3547 3321 3614 facta
3373 3543 3522 3612 fuerit
3576 3543 3628 3597 in
3681 3551 3801 3596 cate

2212 3634 2437 3704 corporis
2475 3634 2583 3704 ejus
2624 3634 2835 3694 cicatrix
2861 3633 2994 3704 signi
3017 3634 3222 3701 lucida,
3265 3647 3333 3689 ne
3365 3632 3666 3688 cicatricem
3717 3632 3800 3686 sic

2213 3725 2660 3796 intelligeremus,
2699 3725 2968 3800 quomodo
3006 3725 3143 3779 solet
3169 3739 3290 3779 esse
3316 3723 3596 3794 vestigium
3626 3720 3800 3776 sanati

2215 3816 2482 3883 vulneris,
2517 3817 2723 3887 aperuit
2757 3816 2859 3875 hoc
2897 3831 2958 3871 se
2981 3815 3050 3871 de
3085 3815 3266 3870 colore
3294 3814 3502 3878 dicere,
3532 3829 3654 3868 cum
3696 3813 3798 3867 ad-

2210 3906 2412 3977 junxit,
2457 3908 2522 3971 Et
2561 3908 2713 3977 fuerit
2773 3908 2826 3962 in
2866 3917 2978 3961 cale
3025 3908 3206 3963 coloris
3251 3913 3363 3977 ejus
3407 3917 3570 3960 tactas
3621 3909 3797 3974 lepraz.

2215 4001 2482 4072 Quidquid
2523 4017 2651 4072 ergo
2693 4000 2823 4071 illud
2867 4009 2983 4072 est,
3023 4000 3220 4056 coloris
3269 3999 3456 4054 vitium
3495 4005 3609 4064 est,
3656 3996 3803 4066 quod

2215 4094 2433 4150 nomine
2483 4092 2745 4149 cicatricis
2791 4091 3042 4162 appellat.
3100 4089 3258 4158 Quod
3303 4104 3432 4144 vero
3481 4089 3586 4153 ait,
3638 4096 3804 4140 tactas

2217 4185 2403 4256 lepus,
2445 4200 2557 4245 non
2582 4183 2724 4255 quod
2753 4193 2897 4240 tactu
2933 4183 3083 4241 color
3109 4183 3401 4247 sentiatur;
3439 4181 3534 4238 sed
3563 4180 3634 4234 ita
3672 4178 3807 4234 dicit

2217 4285 2414 4332 tactum
2443 4276 2638 4346 lepraz,
2689 4286 2939 4347 tanqan
2968 4274 3084 4344 ipse
3122 4275 3284 4329 homo
3318 4273 3401 4328 vel
3447 4286 3646 4342 corpus
3685 4270 3807 4339 ejus

2216 4367 2364 4438 lepra
2389 4367 2458 4431 sit
2485 4375 2710 4431 tactum,
2742 4366 2844 4420 hoc
2873 4373 2956 4421 est
2983 4364 3300 4420 maculatum
3329 4371 3489 4434 atque
3514 4362 3754 4416 vitiatum
3785 4378 3803 4414 :

2217 4459 2355 4514 sicut
2379 4458 2481 4519 dici
2510 4457 2676 4524 solet,
2725 4456 2917 4526 Tetigit
2964 4470 3120 4521 eum,
3151 4455 3236 4510 vel
3263 4469 3368 4508 non
3408 4453 3579 4522 tetigit
3615 4451 3800 4507 febris.

2218 4550 2458 4620 Denique
2474 4549 2640 4618 ipsam
2660 4549 2942 4612 maculam,
2969 4555 3165 4601 tactum
3182 4555 3355 4609 vocat,
3377 4552 3436 4600 .et
3454 4559 3572 4600 eam
3589 4557 3808 4611 semper

2219 4642 2320 4698 ista
2346 4639 2822 4710 nomineappellat.
2847 4637 2997 4694 Unde
3014 4635 3253 4694 nonnulli
3275 4635 3441 4690 nostri
3461 4649 3567 4688 non
3593 4641 3801 4696 tactum,

2220 4734 2314 4791 sed
2340 4733 2596 4790 maculam
2623 4732 2956 4804 interpretati
2982 4739 3146 4786 sunt:
3186 4744 3294 4800 quo
3331 4728 3548 4782 nomine
3589 4723 3805 4795 quidem

2220 4829 2433 4899 planius
2459 4827 2731 4882 videretur
2758 4841 2951 4882 sonare
2989 4823 3130 4894 quod
3160 4823 3388 4893 legitur;
3419 4819 3515 4876 sed
3553 4818 3727 4890 potuit
3752 4825 3811 4872 et

2225 4935 2434 4992 graecus
2459 4936 2564 4975 non
2593 4919 2772 4974 dicere
2795 4923 2945 4989 ἁφὴν,
2975 4916 3026 4970 id
3053 4923 3135 4972 est
3161 4923 3375 4979 lactant,
3407 4911 3498 4966 sed
3528 4921 3722 4979 μῶμσν,
3753 4909 3807 4964 id

2227 5023 2310 5069 est
2332 5011 2584 5066 maculam
2601 5051 2618 5078 ,
2644 5008 2785 5065 unde
2812 5014 3006 5077 ἄμωμον
3025 5006 3153 5061 dicit
3182 5004 3607 5059 immaculatum:
3640 5016 3809 5072 quan-

2223 5119 2380 5176 quam
2408 5119 2515 5159 non
2543 5103 2612 5158 ab
2648 5102 2740 5157 illo
2771 5101 2888 5156 solo
2913 5098 3056 5170 quod
3082 5099 3135 5152 in
3162 5097 3341 5153 colore
3376 5095 3668 5168 contingit,
3711 5093 3809 5150 sed

2222 5195 2292 5249 ab
2318 5193 2463 5251 omni
2504 5192 2634 5248 vitio
2671 5206 2860 5262 purum
2886 5190 3023 5246 solet
3053 5189 3326 5258 Scriptura
3353 5193 3550 5256 ἄμωμα»
3587 5185 3806 5250 dicere;

2225 5286 2368 5344 unde
2389 5300 2493 5340 non
2536 5285 2796 5340 maculam
2839 5281 3071 5346 coloris,
3121 5280 3216 5336 sed
3255 5279 3429 5334 omnis
3472 5277 3584 5332 vitii
3629 5285 3810 5332 notam

2225 5379 2339 5436 vult
2369 5377 2624 5447 intelligi,
2654 5373 2795 5446 quod
2824 5385 2986 5442 papa»
3010 5372 3260 5442 appellat.
3293 5371 3482 5425 Posset
3517 5383 3646 5440 ergo
3670 5367 3810 5438 quod

2226 5471 2291 5527 ad
2334 5469 2506 5524 solum
2551 5467 2786 5522 colorem
2825 5466 3014 5528 attinet
3045 5473 3208 5518 σπίλον
3240 5461 3454 5529 dicere;
3499 5474 3608 5529 quo
3650 5459 3811 5512 verbo

2229 5575 2356 5617 usus
2379 5567 2464 5614 est
2492 5557 2810 5627 Apostolus,
2839 5555 2928 5610 ubi
2955 5555 3028 5608 ait
3060 5553 3128 5608 de
3164 5551 3400 5608 Ecclesia
3421 5593 3436 5615 ,
3473 5549 3595 5604 Non
3628 5547 3812 5602 haben-

2228 5665 2324 5708 tem
2352 5651 2606 5707 maculam
2645 5661 2734 5704 aut
2758 5665 2937 5718 rugam
2980 5645 3213 5720 (Ephes.
3244 5661 3308 5712 ν,
3337 5644 3465 5713 2⁸⁷).
3509 5642 3618 5698 Nec
3653 5653 3811 5710 μῶμον

2229 5756 2440 5812 autem,
2487 5757 2586 5798 nec
2626 5752 2789 5797 σπῖλον
2828 5740 2989 5807 dixit,
3021 5739 3114 5794 sed
3151 5742 3304 5811 ἁφὴν,
3361 5736 3411 5791 id
3443 5744 3526 5791 ost
3568 5743 3809 5790 tactum:

2231 5839 2373 5910 quod
2399 5837 2522 5895 etin
2542 5851 2714 5907 graeca
2735 5834 3185 5906 lingua-inusitate
3208 5831 3404 5887 dicitur
3425 5830 3476 5885 in
3503 5826 3770 5886 coloribus
3787 5867 3805 5892 ,
