4136 6454
383 539 440 586 ει
457 539 634 585 tamen
659 527 760 582 hoc
779 523 1116 596 Septuaginta
1139 523 1453 592 interpretes
1474 534 1578 575 non
1599 519 1767 592 piguit
1784 531 1958 588 graece

382 623 595 687 dicere;
621 635 718 675 cur
743 633 870 689 ergo
891 618 1079 672 latinos
1103 615 1363 686 piguerit?
1388 613 1538 681 Quod
1566 619 1742 666 autem
1769 611 1964 664 dicitur

383 713 595 768 cicatrix
617 713 766 784 signi,
795 711 878 765 vel
909 709 1026 764 ideo
1049 707 1261 773 dicitur,
1285 704 1425 776 quod
1451 703 1709 774 signiﬁcet
1734 699 1959 771 aliquid;

381 802 468 857 vel
493 802 614 865 ideo
640 802 842 871 potius,
873 798 1014 869 quod
1045 799 1215 867 ipsum
1256 795 1524 849 hominem
1553 793 1703 863 signo
1731 791 1960 862 quodam

381 892 638 950 discernit
664 908 693 946 ιι
723 891 932 946 caeteris
955 931 970 955 ,
999 889 1098 943 hoc
1127 896 1241 954 est,
1274 884 1559 940 notabilem
1588 882 1783 938 reddit.

455 984 615 1040 XLII.
647 982 744 1056 [1b.
771 999 888 1048 xm,
915 981 993 1054 5.]
1022 980 1155 1048 Quid
1185 988 1266 1036 est
1285 978 1424 1049 quod
1454 977 1552 1040 ait,
1584 975 1650 1030 Et
1675 975 1855 1030 videbit
1879 992 1965 1030 sa-

381 1079 557 1135 cerdos
576 1119 590 1144 ,
621 1086 666 1132 et
691 1076 966 1147 inquinabit
993 1075 1147 1130 eum?
1173 1073 1238 1127 ad
1267 1087 1425 1142 quem
1454 1069 1628 1125 veniet
1657 1079 1710 1122 ut
1741 1067 1965 1123 munde-

383 1177 489 1223 tur.
536 1169 642 1226 Sed
685 1167 963 1238 inquinabit
1001 1165 1199 1220 dictum
1230 1171 1345 1229 est,
1379 1161 1704 1230 inquinatum
1738 1175 1968 1230 pronun-

380 1259 566 1326 tiabit,
598 1258 642 1313 si
677 1257 790 1312 haec
830 1257 882 1310 in
923 1271 989 1311 eo
1024 1254 1247 1322 viderit,
1295 1267 1415 1324 quae
1440 1251 1710 1321 Scriptura
1738 1251 1863 1306 dicit
1900 1250 1967 1305 de

380 1349 588 1404 macula
615 1349 797 1416 leprae.

452 1439 636 1495 XLIII.
671 1438 771 1511 [1b.
799 1454 916 1505 xm,
946 1438 1000 1503 4,
1032 1439 1086 1504 7,
1113 1435 1192 1509 2.]
1212 1435 1272 1491 Si
1297 1443 1463 1490 autem
1488 1434 1683 1489 lucidus
1704 1433 1848 1488 albus
1875 1431 1968 1487 erit

380 1533 433 1586 in
459 1541 568 1587 cute
590 1533 771 1587 coloris
798 1533 907 1603 ejus
933 1533 972 1599 ¹,
1004 1540 1048 1585 et
1077 1531 1280 1584 Immitis
1305 1546 1406 1584 non
1431 1528 1582 1601 fuerit
1605 1536 1833 1597 aspectus
1857 1527 1967 1597 ejus

379 1644 413 1679 a
439 1635 566 1681 cute.
607 1625 829 1680 Lucidus
855 1624 997 1679 albus
1025 1623 1339 1680 subauditur
1381 1631 1586 1687 tactus,
1633 1621 1682 1674 id
1724 1629 1806 1674 est
1827 1662 1842 1686 ,
1876 1619 1963 1673 illa

381 1719 588 1774 macula
608 1718 823 1784 coloris,
849 1733 952 1771 non
977 1717 1130 1786 pilus.
1161 1715 1311 1783 Quod
1337 1723 1521 1785 postea
1547 1712 1693 1777 dicit,
1720 1711 1781 1766 Si
1800 1721 1964 1764 autent

378 1827 616 1869 conversa
640 1819 832 1864 mutata
871 1809 1021 1881 fuerit
1060 1808 1361 1879 signiﬁcatio
1399 1807 1452 1860 in
1485 1813 1630 1869 cute;
1676 1803 1812 1856 hanc
1839 1801 1967 1855 dicit

379 1901 818 1972 signiﬁcationem
836 1942 850 1964 ,
879 1893 1018 1970 quod
1048 1886 1291 1969 superius
1317 1897 1516 1976 signant
1545 1895 1597 1949 in
1636 1893 1799 1948 latino
1835 1892 1968 1961 legi-

379 2003 486 2048 tur.
515 1993 646 2048 Nam
672 2008 878 2065 graecus
904 2004 957 2047 et
980 2007 1141 2063 supra
1167 2001 1221 2048 et
1244 1991 1330 2046 hic
1357 2006 1461 2046 uno
1482 1989 1776 2059 eodemque
1800 1988 1964 2044 verbo

379 2100 510 2141 usus
536 2093 639 2152 est,
666 2097 901 2154 σημκσίαν
927 2085 1129 2139 dicens.

451 2175 633 2231 XLIV.
666 2176 763 2248 [11).
789 2191 914 2243 xm,
944 2177 1038 2231 ὕει
1063 2174 1140 2247 6.]
1172 2174 1238 2228 Et
1266 2172 1539 2244 segregabit
1560 2172 1702 2226 illum
1733 2170 1968 2225 sacerdos

377 2277 568 2339 septem
594 2268 764 2322 diebus
791 2269 844 2322 in
872 2265 1088 2322 secundo
1104 2284 1124 2332 ;
1152 2276 1198 2320 et
1237 2265 1417 2318 videbit
1453 2265 1599 2318 illum
1627 2263 1858 2318 sacerdos
1887 2264 1973 2316 die

377 2359 591 2429 septimo
615 2359 667 2413 in
690 2358 908 2414 secundo
934 2373 953 2413 :
979 2365 1025 2412 et
1049 2373 1160 2412 ecce
1183 2355 1418 2411 obscurus
1440 2365 1601 2408 tactus
1623 2371 1719 2407 non
1749 2363 1821 2408 est
1846 2370 1966 2407 con-

377 2464 549 2505 versus
573 2457 734 2503 tactus
759 2450 810 2503 in
837 2456 986 2516 cute;
1014 2457 1060 2501 et
1087 2448 1316 2519 purgavit
1338 2463 1449 2501 eum
1471 2446 1702 2499 sacerdos
1727 2459 1744 2497 :
1765 2445 1964 2515 signum

377 2541 510 2593 enim
536 2549 609 2594 est
633 2556 651 2594 :
671 2539 771 2595 hoc
797 2549 907 2606 est,
938 2548 1214 2609 purgatum
1243 2553 1364 2594 eum
1383 2577 1398 2605 ,
1431 2536 1824 2608 pronuntiabit;
1856 2550 1964 2600 non

377 2630 522 2685 enim
550 2639 630 2686 est
658 2631 800 2701 lepra
823 2672 835 2694 ,
869 2630 960 2684 sed
987 2631 1217 2700 signum.

450 2720 606 2774 XLV.
631 2719 731 2793 [lb.
761 2737 874 2786 xm,
900 2720 1042 2792 4-7.]
1075 2721 1135 2776 Si
1153 2730 1317 2774 autem
1337 2736 1572 2774 conversa
1599 2729 1789 2774 mutata
1814 2719 1968 2790 fuerit

376 2811 681 2882 significatio
719 2812 771 2865 in
809 2821 949 2878 cute,
985 2821 1308 2884 posteaquam
1337 2813 1456 2866 vidit
1480 2811 1625 2864 ill-um
1651 2812 1886 2866 sacerdos
1915 2819 1968 2865 ut

377 2913 557 2973 purget
585 2918 603 2956 :
627 2912 674 2956 et
715 2904 849 2956 visus
883 2905 1033 2975 fuerit
1073 2903 1235 2957 denuo
1269 2903 1549 2969 sacerdoti,
1583 2912 1626 2956 et
1651 2903 1827 2956 viderit
1855 2919 1969 2957 eum

376 2993 641 3060 sacerdos,
673 3003 720 3047 et
747 3010 856 3047 ecce
883 3002 1190 3048 commutata
1226 2995 1526 3065 signiﬁcatio
1550 2978 1608 3047 in
1636 3003 1748 3047 cute
1763 3009 1784 3057 ;
1809 3005 1853 3047 et
1884 2995 1967 3047 in-

375 3083 606 3151 quinabit
631 3100 746 3138 eum
769 3085 1002 3139 sacerdos
1034 3100 1052 3138 :
1079 3085 1217 3155 lepra
1243 3094 1334 3138 est.
1370 3083 1540 3138 Etiam
1571 3083 1660 3138 hic
1687 3083 1968 3154 inquinabit

375 3174 530 3241 dixit,
561 3175 889 3245 inquinatum
919 3174 1286 3245 pronuntiabit
1312 3192 1323 3228 :
1357 3183 1402 3229 et
1429 3184 1607 3229 autem
1638 3175 1756 3244 plus
1785 3175 1963 3240 habet,

377 3280 445 3319 ex
488 3280 638 3320 more
686 3265 1316 3337 locutionisScripturm.
1367 3266 1478 3321 lloc
1528 3267 1706 3336 itaque
1757 3267 1968 3322 videtur

380 3356 724 3413 admonuisse
744 3400 758 3423 ,
791 3367 848 3412 ut
871 3373 991 3413 cum
1022 3359 1166 3413 visus
1196 3358 1351 3414 fuerit
1379 3358 1522 3413 solus
1551 3357 1698 3412 color
1737 3359 1885 3412 albus
1913 3365 1968 3413 et

379 3448 607 3514 lucidus,
637 3448 868 3504 discolor
892 3464 1024 3504 sano
1049 3449 1233 3513 colori,
1261 3449 1437 3504 adhuc
1463 3449 1712 3518 probetur
1733 3463 1763 3502 a
1789 3464 1968 3503 sacer-

375 3539 526 3606 dote,
557 3549 616 3594 ut
639 3541 684 3595 si
711 3541 902 3595 viderit
930 3541 1087 3595 etiam
1116 3541 1276 3611 pilum
1303 3548 1562 3594 mutatum
1594 3541 1644 3594 in
1671 3541 1849 3595 album
1877 3557 1966 3596 co-

376 3632 570 3697 lorem,
599 3641 650 3698 et
681 3632 1017 3687 humiliorem
1049 3633 1242 3688 factum
1271 3632 1409 3687 cutis
1432 3632 1603 3686 laeum
1626 3675 1638 3697 ,
1673 3632 1723 3686 in
1753 3648 1856 3703 quo
1885 3642 1966 3688 est

376 3721 531 3777 albus
559 3723 728 3790 color,
761 3732 886 3777 tunc
915 3723 1218 3792 pronuntiet
1244 3723 1444 3793 lepram
1463 3764 1477 3787 ,
1511 3722 1561 3777 id
1587 3732 1695 3787 est,
1728 3724 1966 3793 inquinet

376 3813 650 3869 hominem
682 3815 1072 3884 pronuntiando
1103 3815 1393 3885 leprosum.
1437 3816 1498 3870 Si
1540 3824 1739 3883 autem,
1773 3817 1961 3888 inquit,

376 3906 576 3963 lucidus
598 3906 742 3961 albas
768 3908 918 3977 fuerit
949 3909 1001 3961 in
1025 3917 1136 3962 cute
1158 3907 1342 3962 coloris
1369 3908 1508 3978 ejus,
1539 3908 1588 3963 id
1616 3917 1731 3976 est,
1758 3910 1965 3966 lucidus

373 3996 528 4049 albus
550 3995 708 4050 fuerit
731 3998 820 4052 ille
845 4007 1043 4064 tactus;
1071 4013 1177 4068 quo
1198 3999 1412 4053 nomine
1433 3999 1674 4054 eamdem
1697 4001 1961 4055 maculam

374 4085 606 4154 appellat
635 4104 649 4141 :
676 4097 722 4141 et
751 4088 954 4142 humilis
981 4105 1082 4143 non
1107 4089 1256 4159 fuerit
1285 4099 1515 4160 aspectus
1543 4093 1652 4161 ejus
1679 4108 1712 4144 a
1739 4102 1886 4157 cute;
1915 4101 1962 4146 et

375 4178 512 4248 pilus
540 4196 638 4234 non
671 4181 762 4234 erit
790 4197 1052 4236 conversus
1083 4182 1138 4235 in
1167 4181 1364 4248 album,
1411 4183 1520 4252 ipse
1561 4192 1728 4237 autem
1768 4194 1838 4238 est
1875 4184 1963 4238 ob-

374 4287 574 4338 scarus,
602 4272 653 4332 id
682 4283 764 4328 est
791 4275 904 4344 ipse
928 4274 1083 4344 pilus,
1112 4275 1234 4345 quia
1260 4291 1365 4328 non
1391 4285 1473 4329 est
1497 4275 1650 4330 albus
1677 4293 1690 4328 :
1720 4286 1766 4329 et
1790 4293 1960 4346 segre-

373 4365 512 4434 gabit
549 4365 780 4420 sacerdos
809 4375 994 4421 tactum
1023 4377 1210 4436 septem
1237 4367 1380 4433 dies;
1421 4376 1469 4420 et
1508 4367 1687 4420 videbit
1729 4368 1962 4424 sacerdos

375 4461 563 4522 tactum
587 4455 668 4517 die
684 4455 914 4524 septimo,
943 4455 996 4510 id
1017 4465 1097 4511 est
1119 4457 1263 4512 illam
1285 4457 1544 4512 maculam
1569 4475 1582 4510 :
1609 4467 1654 4511 et
1673 4474 1781 4512 ecce
1801 4468 1960 4514 tactus

373 4556 541 4608 nsanet
569 4556 682 4600 ante
702 4563 852 4613 eum;
882 4564 982 4603 non
1015 4558 1349 4622 commutatus
1377 4559 1449 4604 est
1474 4559 1635 4604 tactus
1658 4551 1711 4604 in
1736 4561 1877 4616 cute,
1907 4551 1959 4606 id

373 4643 490 4700 est,
527 4651 632 4690 non
673 4646 758 4692 est
798 4638 1027 4694 discolor
1067 4647 1123 4694 et
1159 4639 1432 4695 dissimilis
1476 4641 1718 4695 inventus
1755 4656 1785 4695 a
1815 4650 1955 4698 cute.

373 4724 784 4793 Ergosanatum
819 4738 902 4783 est
927 4729 1068 4800 quod
1098 4731 1344 4785 vitiosum
1374 4741 1489 4785 erat
1518 4749 1530 4784 :
1559 4733 1650 4784 sed
1677 4731 1848 4787 adhuc
1874 4736 1960 4799 ju-

372 4813 466 4868 bet
493 4818 704 4886 probari
730 4820 970 4881 eamdem
1005 4822 1284 4886 sanitatem
1313 4837 1408 4892 per
1431 4823 1564 4878 alios
1589 4835 1790 4893 septem
1818 4825 1953 4893 dies,

372 4914 535 4974 atque
560 4907 682 4963 ideo
707 4911 945 4980 sequitur
973 4921 1027 4966 et
1051 4911 1198 4978 dicit,
1227 4911 1294 4966 Et
1314 4914 1588 4984 segregabit
1618 4914 1764 4968 illum
1789 4932 1957 4969 sacer—

371 4997 466 5051 dos
491 5008 678 5068 septem
717 5002 822 5054 dies
864 5003 918 5056 in
953 5002 1202 5070 secundo,
1231 5003 1281 5058 id
1309 5013 1390 5060 est
1419 5012 1620 5073 septem
1648 5006 1783 5062 alios
1804 5007 1952 5074 dies;

372 5099 420 5141 et
445 5090 623 5144 videbit
646 5092 789 5146 illum
815 5093 1046 5152 sacerdos
1071 5095 1154 5148 die
1178 5097 1389 5167 septimo
1415 5097 1466 5150 in
1493 5097 1710 5151 secundo
1734 5113 1752 5151 :
1778 5107 1824 5153 et
1845 5116 1957 5154 ecce

369 5180 611 5236 obscurus
638 5191 798 5238 lactus
818 5225 833 5251 ,
869 5185 920 5240 id
946 5195 1028 5242 est
1045 5228 1060 5254 ,
1087 5189 1209 5258 quia
1238 5204 1342 5242 non
1371 5188 1524 5244 albus
1548 5198 1602 5244 et
1627 5191 1831 5247 lucidus
1850 5234 1865 5259 ,
1891 5207 1954 5247 ac

369 5285 470 5340 per
498 5271 600 5327 hoc
622 5275 872 5333 concolor
907 5290 1039 5331 sano
1063 5277 1261 5345 colori;
1288 5294 1388 5334 nan
1423 5288 1495 5333 est
1525 5289 1742 5335 mutatus
1768 5290 1950 5347 tactus,

369 5363 426 5437 in
452 5373 607 5440 cute,
638 5366 774 5440 sicut
817 5376 869 5422 et
911 5368 1070 5438 paulo
1109 5377 1234 5423 ante
1276 5369 1440 5436 dixit,
1471 5370 1572 5426 hoc
1614 5380 1697 5428 est
1737 5388 1842 5428 non
1872 5383 1954 5429 est

368 5454 644 5513 dissimilis
671 5473 701 5512 a
726 5465 924 5526 cratera
945 5471 1066 5523 cute
1093 5479 1105 5514 :
1135 5471 1181 5516 et
1205 5462 1437 5534 purgabit
1461 5479 1573 5517 eum
1601 5467 1833 5520 sacerdos
1852 5507 1867 5532 ,
1898 5466 1951 5521 id

368 5560 482 5616 est,
517 5560 791 5621 purgatum
826 5555 1188 5623 pronuntiabit
1214 5571 1242 5608 a
1273 5556 1574 5624 suspicione
1611 5557 1804 5626 leprae;
1843 5573 1949 5628 non

367 5641 512 5710 quod
539 5641 780 5699 habuerit
809 5645 1029 5714 lepram,
1058 5663 1214 5716 quam
1237 5647 1347 5716 jam
1369 5662 1476 5702 non
1503 5647 1681 5715 habet,
1706 5647 1799 5704 sed
1820 5665 1952 5719 quo-

434 5776 448 5848 }
477 5781 676 5848 Aom._F.r.
701 5782 755 5825 et
777 5783 908 5848 l.ov..
932 5777 983 5848 in
1020 5782 1124 5848 cute
1161 5777 1291 5828 color
1312 5779 1432 5840 ejus.
1470 5787 1567 5833 Rat.
1596 5796 1714 5835 vero
1750 5790 1949 5848 etMss.,

279 5895 282 5898 ,
366 5834 558 5890 caloris.
585 5844 631 5886 In
655 5850 814 5902 grteco
837 5847 932 5894 est.
957 5845 1035 5890 tau
1057 5839 1242 5891 chrotos
1263 5834 1421 5892 animi.

1751 400 1951 461 LIBER
1988 395 2300 459 TEIlTiUS.

3547 400 3652 458 698

2071 514 2212 569 niam
2240 515 2382 587 lepra
2411 530 2514 572 non
2540 516 2656 585 fuit,
2685 516 2824 588 quod
2849 516 2900 571 in
2925 515 3016 570 illo
3040 513 3217 570 lucido
3246 520 3300 570 et
3324 514 3443 570 albo
3469 513 3651 570 colore

2073 615 2262 674 tactus,
2293 607 2343 662 id
2370 617 2451 663 est
2479 609 2699 664 macula:
2729 610 2866 665 illius
2894 623 3012 678 quze
3037 616 3381 678 apparuerat,
3410 622 3532 662 cum
3561 622 3655 662 ex-

2072 709 2400 770 spectaretur
2423 708 2597 756 utrum
2629 702 2876 776 humilior
2901 700 3049 756 fieret
3084 701 3229 756 locus
3252 743 3266 766 ,
3298 709 3352 756 et
3380 700 3517 771 pilus
3545 698 3654 757 illic

2074 790 2127 844 in
2153 790 2329 844 album
2361 799 2756 847 converteretur
2776 833 2790 856 ,
2823 807 2926 846 non
2957 791 3176 861 centigit
3196 833 3210 856 ,
3244 790 3337 846 sed
3366 791 3540 860 potius
3565 789 3654 847 ille

2075 887 2247 934 tactus
2268 880 2356 950 qui
2382 881 2479 935 fuit
2498 891 2621 937 ante
2646 883 2849 937 lucidus
2869 892 2922 937 et
2941 883 3108 948 albus,
3133 883 3388 938 obscurus
3409 883 3656 939 inventus

2074 981 2174 1037 est,
2205 972 2257 1026 id
2283 982 2365 1028 est
2387 973 2572 1028 similis
2587 983 2779 1029 caztero
2795 974 2978 1039 colori,
3012 990 3114 1029 non
3142 974 3345 1030 lucidus
3370 993 3384 1030 :
3411 990 3516 1030 non
3541 984 3657 1031 erat

2072 1078 2201 1135 ergo
2220 1065 2386 1135 lepra,
2415 1065 2613 1135 signum
2633 1075 2706 1119 est
2726 1066 2877 1130 enim,
2908 1081 3011 1120 non
3038 1065 3204 1135 lepra,
3232 1066 3370 1135 quod
3392 1066 3469 1122 sic
3487 1081 3654 1137 appa-

2072 1156 2238 1210 ruerit
2261 1173 2274 1209 :
2301 1165 2474 1209 tamen
2495 1156 2652 1211 etiam
2674 1165 2892 1227 propter
2914 1156 3012 1211 hoc
3035 1165 3280 1227 purgatus
3302 1173 3330 1211 a
3352 1159 3653 1227 suspicione

2072 1246 2254 1316 lepra-3,
2290 1246 2472 1300 lavabit
2502 1247 2788 1301 vestimenta
2808 1263 2936 1312 sua;
2962 1247 3084 1318 quia
3111 1259 3162 1301 et
3188 1249 3238 1302 in
3268 1248 3357 1302 illo
3387 1249 3536 1319 signo
3558 1249 3654 1304 ali-

2071 1338 2197 1408 quid
2223 1337 2354 1404 fuit,
2387 1348 2603 1409 propter
2638 1339 2777 1410 quod
2813 1339 3035 1394 lavanda
3065 1338 3272 1394 fuerant
3299 1342 3649 1409 vestimenta;

2071 1439 2118 1484 et
2146 1431 2359 1484 mundus
2384 1431 2494 1484 erit.

2143 1520 2324 1576 XLVI.
2359 1520 2459 1594 [Ih.
2487 1537 2614 1588 xm,
2644 1522 2710 1590 7,
2739 1520 2819 1594 8.]
2862 1521 3059 1578 Deinde
3080 1524 3350 1594 sequitur,
3393 1524 3454 1579 Si
3488 1535 3654 1579 autem

2069 1628 2304 1668 conversa
2330 1623 2523 1668 mutata
2559 1614 2709 1684 fuerit
2748 1615 3049 1686 signiﬁcatio
3085 1616 3138 1670 in
3162 1624 3300 1681 cute,
3331 1627 3654 1687 posteaquam

2069 1706 2193 1760 vidit
2221 1706 2366 1760 illam
2389 1707 2623 1762 sacerdos
2661 1717 2717 1762 ut
2748 1716 2984 1779 purgaret
3013 1708 3159 1762 illum
3176 1723 3196 1772 ;
3225 1707 3277 1762 id
3303 1717 3416 1773 est,
3446 1717 3656 1778 postca-

2069 1811 2226 1865 quam
2257 1796 2388 1851 vidit
2421 1812 2546 1852 eum
2589 1797 2838 1853 sacerdos
2867 1799 3091 1869 septimo
3129 1798 3215 1854 die
3257 1799 3403 1869 prius
3440 1814 3651 1865 sanum,

2070 1895 2127 1942 ut
2154 1897 2403 1958 purgaret
2429 1889 2574 1943 illum
2595 1929 2611 1955 ,
2655 1898 2854 1945 mutata
2883 1899 2966 1945 est
2991 1891 3078 1946 illa
3107 1891 3423 1961 signiﬁcatio
3442 1933 3457 1960 ,
3491 1891 3543 1946 id
3573 1899 3658 1946 est

2069 1978 2198 2033 illud
2229 1980 2436 2050 signum
2466 1980 2518 2034 in
2545 1989 2667 2036 cute
2697 1999 2710 2035 :
2741 1991 2788 2035 et
2821 1983 2954 2036 visus
2988 1983 3135 2054 fuerit
3162 1983 3215 2035 in
3239 1981 3456 2036 secundo
3484 1998 3655 2036 sacer-

2069 2071 2175 2124 doti
2193 2113 2207 2138 ,
2240 2071 2293 2125 id
2329 2079 2411 2126 est
2437 2080 2555 2141 post
2581 2071 2714 2127 alios
2739 2080 2943 2143 septem
2971 2071 3084 2127 dies
3113 2090 3126 2127 :
3155 2081 3199 2126 et
3227 2072 3405 2126 viderit
3435 2089 3548 2126 eum
3573 2089 3659 2127 sa-

2069 2163 2263 2230 cerdos,
2296 2173 2342 2216 et
2369 2179 2478 2217 ecce
2498 2173 2802 2218 commutata
2829 2174 2900 2217 est
2923 2164 3223 2235 signiﬁcatio
3248 2164 3299 2217 in
3325 2173 3454 2228 cute,
3479 2163 3654 2230 idest,

2068 2271 2176 2309 non
2220 2255 2366 2310 stetit
2411 2256 2466 2309 in
2508 2255 2596 2309 illa
2635 2255 2894 2321 sanitate,
2929 2255 2982 2309 in
3011 2269 3112 2325 qua
3154 2270 3274 2309 cum
3306 2254 3510 2309 viderat
3539 2264 3659 2324 post

2068 2347 2268 2417 primos
2312 2356 2516 2418 septem
2560 2348 2691 2404 dies.
2746 2348 2811 2402 Et
2857 2347 3136 2419 inquinabit
3188 2347 3333 2402 illum
3384 2347 3660 2403 sacerdos:

2071 2439 2212 2508 lepra
2239 2449 2332 2493 est.
2375 2439 2491 2494 Iam
2523 2439 2608 2494 hic
2648 2439 2895 2510 quoniam
2934 2439 3061 2494 illud
3097 2439 3237 2509 quod
3275 2440 3444 2494 visum
3486 2439 3660 2495 fuerat

2074 2539 2193 2599 post
2221 2531 2420 2600 primos
2446 2541 2649 2601 septem
2677 2532 2788 2586 dies
2816 2547 3024 2599 sanum,
3052 2547 3156 2585 non
3179 2532 3323 2586 stetit
3347 2531 3398 2586 in
3421 2546 3538 2598 suo,
3563 2531 3657 2586 sed

2069 2629 2327 2675 mutatum
2355 2629 2437 2677 est
2463 2623 2515 2676 in
2541 2621 2820 2692 pristinum
2849 2621 3052 2689 vitium,
3087 2621 3230 2690 lepra
3258 2621 3656 2690 pronuntiatur;

2073 2711 2146 2766 ita
2177 2721 2233 2766 ut
2270 2727 2376 2767 non
2423 2712 2529 2767 illic
2570 2721 2908 2782 exspectetur
2948 2712 3030 2767 vel
3074 2713 3222 2766 locus
3260 2712 3538 2777 humilior,
3572 2712 3657 2766 vel

2073 2804 2208 2874 pilus
2247 2803 2301 2858 in
2341 2803 2520 2858 album
2564 2819 2874 2860 conversus.
2921 2804 3050 2860 Cum
3095 2795 3241 2859 enim.
3276 2805 3420 2872 lepra
3451 2820 3556 2859 non
3590 2805 3662 2860 sit

2070 2896 2319 2950 notabilis
2346 2905 2506 2966 atque
2543 2897 2729 2952 vitiosa
2753 2939 2765 2961 ,
2800 2897 2898 2950 nisi
2940 2896 3204 2962 varietas;
3249 2897 3349 2951 hoc
3392 2895 3566 2966 ipsum
3594 2897 3660 2951 de

2071 2985 2264 3041 vitioso
2289 2988 2468 3042 colore
2497 2987 2670 3043 redire
2709 2988 2772 3041 ad
2806 3003 3024 3051 sanum,
3061 2996 3114 3042 ct
3139 2987 3204 3042 de
3233 3002 3363 3042 sano
3394 2986 3568 3042 redire
3593 2987 3660 3040 ad

2070 3079 2340 3146 vitiosum,
2369 3079 2441 3132 ita
2468 3081 2699 3134 notabile
2725 3089 2826 3145 est,
2857 3088 2913 3133 ut
2941 3094 3044 3134 non
3074 3079 3144 3134 ibi
3173 3078 3326 3133 fuerit
3349 3086 3661 3148 exspectan-

2071 3169 2217 3232 dum,
2248 3169 2388 3239 quod
2415 3171 2466 3224 in
2495 3172 2664 3241 primo
2695 3170 2991 3241 exsttectari
3020 3179 3363 3241 praeceperat,
3395 3171 3461 3225 de
3490 3171 3659 3224 humi-

2070 3262 2187 3316 liori
2217 3263 2335 3317 loco
2363 3271 2417 3318 et
2443 3263 2532 3333 pili
2558 3263 2811 3331 candore,
2838 3263 2932 3319 sed
2958 3263 3068 3339 jam
3093 3264 3252 3319 etiam
3280 3264 3378 3319 ista
3403 3263 3660 3319 varietate

2069 3355 2193 3410 sine
2213 3354 2540 3411 dubitatione
2571 3357 2638 3411 sit
2670 3357 2832 3427 lepra.

2141 3436 2348 3501 XLVIII
2377 3446 2476 3519 [lb.
2508 3464 2634 3512 xm,
2662 3446 2840 3519 9-l7.]
2873 3447 3070 3503 Deinde
3099 3448 3334 3518 sequitur
3361 3466 3375 3503 :
3404 3447 3470 3501 Et
3498 3455 3659 3503 tactas

2069 3537 2224 3608 lepra,
2268 3541 2312 3593 si
2355 3541 2506 3610 fuerit
2551 3542 2601 3594 in
2649 3541 2880 3605 lioniine,
2920 3541 3077 3594 veniet
3119 3540 3187 3593 ad
3229 3541 3535 3596 sacerdotem
3564 3556 3582 3594 :
3610 3550 3658 3595 et

2068 3633 2251 3687 videbit
2265 3634 2535 3697 sacerdos;
2557 3643 2602 3687 et
2623 3650 2732 3687 ecce
2753 3633 2962 3687 cicatrix
2981 3633 3094 3687 alba
3115 3633 3167 3686 in
3187 3644 3298 3686 cute
3316 3649 3334 3697 ;
3355 3643 3399 3686 et
3421 3634 3526 3688 liam
3548 3649 3667 3686 ητα--

2068 3726 2186 3777 tavit
2215 3725 2454 3794 capillum
2482 3725 2672 3792 album,
2700 3736 2747 3778 et
2777 3741 2806 3778 a
2833 3742 2958 3779 sano
2984 3727 3149 3780 carnis
3175 3727 3298 3780 viva:
3323 3727 3374 3779 in
3400 3725 3651 3779 cicatrice.

2069 3815 2203 3872 Hinc
2229 3816 2274 3870 si
2303 3817 2678 3872 subtrahamus
2707 3826 2786 3882 et,
2831 3832 2980 3872 more
3021 3818 3160 3873 enim
3199 3818 3482 3872 locutionis
3506 3818 3653 3873 Scri—

2067 3916 2341 3977 pturarum
2378 3909 2606 3978 positum
2637 3917 2750 3977 est,
2801 3909 2902 3965 iste
2945 3910 3275 3966 eritsensus
3315 3928 3327 3964 :
3369 3909 3436 3964 Et
3473 3909 3657 3964 videbit

2066 3998 2334 4066 sacerdos;
2365 4009 2410 4054 et
2448 4016 2559 4054 ecce
2595 4001 2803 4054 cicatrix
2831 4000 2946 4055 alba
2974 4001 3026 4055 in
3055 4010 3194 4066 cute;
3220 4012 3264 4054 ct
3303 4001 3410 4055 hcce
3445 4001 3654 4054 mutavit

2065 4091 2310 4160 capillum
2338 4091 2508 4145 album
2547 4109 2580 4146 α
2619 4109 2743 4147 sano
2780 4094 2947 4146 carnis
2988 4093 3110 4146 vivw
3144 4092 3196 4146 in
3233 4092 3480 4152 cicatrice.
3509 4089 3653 4148 Ordo

2065 4192 2147 4236 est
2177 4200 2190 4236 :
2219 4181 2434 4236 Mutavit
2470 4183 2714 4256 capillum
2739 4184 2906 4238 album
2933 4184 2983 4238 in
3013 4185 3242 4238 cicatrice
3266 4201 3297 4235 a
3324 4199 3447 4237 sano
3484 4186 3654 4239 carnis

2064 4271 2222 4338 victe;
2249 4273 2299 4327 id
2329 4283 2436 4339 est,
2465 4290 2586 4329 cum
2621 4290 2749 4330 caro
2788 4275 2906 4328 viva
2937 4283 2990 4330 et
3018 4289 3144 4328 sana
3177 4273 3366 4328 habeat
3401 4274 3648 4343 capillum

2064 4364 2346 4420 obscurum
2371 4408 2385 4433 ,
2431 4367 2515 4422 vel
2562 4367 2802 4437 nigrum,
2848 4367 2961 4422 lucc
3001 4368 3221 4421 cicatrix
3259 4367 3433 4420 album
3465 4366 3647 4421 habet.

2063 4458 2230 4527 Lepra
2256 4468 2564 4512 veterascens
2603 4468 2673 4510 est
2697 4457 2750 4511 in
2775 4467 2886 4510 cute
2909 4458 3092 4511 coloris
3120 4459 3229 4529 ejus
3253 4473 3271 4510 :
3296 4468 3340 4510 et
3369 4458 3648 4527 inquinabit

2063 4565 2174 4604 eum
2212 4549 2474 4612 sacerdos,
2509 4547 2560 4601 id
2598 4555 2714 4614 est,
2746 4547 3071 4617 inquinatum
3103 4548 3479 4616 pronuntiabit.
3525 4546 3646 4603 Non

2061 4641 2333 4711 segregabit
2354 4656 2486 4706 eum,
2510 4642 2628 4711 quia
2649 4641 2938 4694 immundus
2958 4650 3030 4695 est
3054 4657 3072 4694 :
3095 4640 3195 4694 hoc
3219 4641 3426 4695 videtur
3443 4639 3641 4706 dicere,

2062 4734 2180 4802 quia
2215 4732 2300 4788 ubi
2329 4733 2572 4786 inventus
2603 4732 2762 4787 fuerit
2789 4732 2924 4802 pilus
2956 4733 3005 4786 in
3046 4733 3223 4787 album
3259 4741 3490 4787 mutatus
3517 4748 3643 4787 con-

2060 4825 2209 4880 color
2233 4825 2355 4879 albo
2383 4826 2511 4879 vitio
2536 4825 2671 4879 culis
2692 4869 2704 4889 ,
2734 4825 2840 4896 jam
2873 4841 2975 4878 non
3006 4836 3328 4894 segregatur,
3360 4835 3418 4879 ut
3449 4823 3641 4894 probe-

2061 4927 2180 4983 tur;
2211 4933 2311 4975 nec
2336 4927 2672 4988 exspectatur
2699 4927 2872 4971 utrum
2897 4917 3054 4971 etiam
3083 4917 3328 4971 humilior
3350 4916 3437 4969 fiat
3459 4915 3638 4981 locus;

2058 5014 2150 5069 sed
2180 5027 2246 5068 ex
2286 5015 2386 5068 hoc
2417 5022 2618 5067 tantum
2649 5011 2788 5083 quod
2830 5011 2947 5065 alba
2982 5019 3062 5064 est
3090 5011 3224 5064 cutis
3262 5009 3494 5064 discolor
3530 5024 3639 5062 ea:-

2060 5114 2219 5172 ιρι-ξε,
2261 5114 2316 5160 ει
2357 5105 2533 5159 album
2571 5105 2728 5159 habet
2769 5104 2930 5174 pilum
2967 5103 3279 5157 discolorem
3312 5101 3518 5155 cmteris
3547 5101 3636 5170 qui

2057 5206 2181 5251 sunt
2209 5197 2260 5250 in
2292 5211 2449 5251 carne
2477 5197 2597 5250 viva
2625 5205 2675 5249 et
2698 5210 2846 5259 sana,
2881 5195 3023 5263 lepra
3047 5202 3382 5246 veterascens
3404 5206 3637 5261 pronun-

2057 5290 2217 5343 tiatur
2245 5306 2257 5342 :
2287 5289 2406 5344 ideo
2439 5297 2808 5350 veterascens,
2841 5287 2958 5357 quia
2981 5285 3089 5355 jam
3117 5300 3221 5339 non
3249 5292 3330 5339 est
3365 5283 3647 5353 probanda
3683 5289 3686 5294 ’

2055 5382 2159 5436 illis
2183 5381 2264 5436 bis
2288 5391 2490 5450 septem
2519 5380 2723 5435 diebus.
2759 5380 2820 5434 Si
2847 5388 3013 5432 autem
3041 5377 3296 5430 restitutus
3323 5377 3476 5448 fuerit
3497 5377 3637 5430 color
3722 5393 3725 5396 ·

2054 5489 2228 5538 sanus,
2251 5481 2295 5526 et
2315 5488 2580 5537 conversus
2601 5472 2752 5540 fuerit
2771 5469 2913 5524 albus
2938 5468 3219 5540 :quoniam
3243 5467 3448 5523 dixerat
3470 5464 3636 5524 totum

2055 5567 2231 5622 album
2258 5566 2450 5621 factum
2483 5581 2577 5635 per
2606 5574 2766 5620 totam
2792 5573 2986 5630 cutem,
3015 5578 3080 5618 co
3107 5563 3221 5632 ipso
3240 5561 3348 5632 jam
3377 5561 3634 5616 mundum

2053 5673 2207 5724 esse;
2239 5658 2358 5728 quia
2388 5657 2616 5711 varietas
2645 5655 2715 5711 ibi
2740 5655 2850 5726 jam
2880 5671 2983 5708 non
3010 5661 3169 5708 esset.
3199 5651 3399 5707 Deinde
3422 5652 3526 5718 ait,
3572 5651 3636 5704 Et

2053 5751 2367 5820 quacumque
2395 5747 2476 5802 die
2514 5749 2646 5802 visus
2675 5747 2821 5818 fuerit
2852 5747 2904 5799 in
2943 5762 2999 5799 eo
3034 5744 3174 5798 color
3202 5745 3364 5809 vivus,
3397 5743 3633 5813 inquina-

2011 5907 2013 5909 ι
2057 5841 2188 5895 bitur
2217 5854 2234 5894 :
2261 5839 2345 5894 ubi
2372 5842 2498 5894 satis
2524 5837 2755 5893 ostendit
2775 5837 3082 5894 varietatem
3107 5834 3416 5908 improbari.
3442 5839 3517 5889 Ac
3540 5847 3636 5903 per
