4136 6486
473 402 580 462 699

475 512 580 574 hoc
606 511 756 584 quod
779 511 937 571 modo
966 510 1133 579 dixit,
1173 510 1234 566 Si
1271 509 1720 564 autemcrestitutus
1747 507 1899 578 fuerit
1925 511 2064 561 color

473 621 652 671 sanus,
675 615 720 658 et
745 619 1012 659 conversus
1031 602 1182 676 fuerit
1202 602 1362 666 albus,
1390 609 1437 659 et
1462 601 1616 660 ueniet
1639 599 1708 652 ad
1725 598 2064 662 sacerdotem;

477 706 524 754 et
552 696 732 753 videbit
761 696 994 752 sacerdos
1025 711 1045 751 :
1072 705 1116 750 et
1154 712 1264 750 ecce
1290 711 1553 749 conversus
1582 702 1748 751 tactus
1776 693 1828 746 in
1855 691 2064 758 album;

474 798 524 852 et
564 788 795 862 purgabit
833 788 1067 844 sacerdos
1098 796 1282 842 tactum
1302 802 1322 852 ,°
1350 785 1566 841 mundus
1608 794 1698 841 est.
1743 785 2063 840 Restitutum

477 881 710 938 colorem
737 896 924 937 sanum
951 897 1056 936 non
1081 880 1335 936 debemus
1365 879 1627 949 accipere,
1657 885 1722 937 ut,
1736 879 1884 932 color
1903 891 2066 932 sanus

439 954 443 960 ’
476 981 654 1038 εεεει;
687 972 882 1028 ctenim
914 972 1026 1042 ipse
1065 980 1180 1026 erat
1218 986 1313 1040 per
1346 986 1503 1041 quem
1550 980 1724 1025 tamen
1765 968 1924 1024 ﬁebat
1962 969 2064 1022 im-

478 1064 712 1119 mundus
758 1071 974 1133 propter
1019 1062 1351 1117 varietatem.
1395 1060 1716 1128 Rcstitutum
1760 1075 1889 1130 ergo
1933 1058 2067 1114 dixit

479 1153 714 1209 colorem
739 1168 957 1219 sanum,
989 1159 1049 1208 ut
1073 1152 1200 1207 illud
1231 1161 1372 1207 esset
1399 1151 1541 1222 quod
1566 1151 1764 1216 fuerat,
1795 1148 1850 1204 id
1875 1157 1958 1205 est
1983 1149 2064 1203 al-

481 1242 584 1301 bus
607 1258 739 1300 sano
767 1253 1044 1316 pereunte.
1083 1243 1235 1299 'I‘une
1271 1243 1414 1298 enim
1455 1257 1638 1298 rursus
1677 1239 1904 1296 mundus
1941 1239 2063 1306 erit,

477 1347 600 1388 cum
641 1341 784 1389 totus
827 1334 979 1390 albus
1022 1334 1211 1399 fuerit,
1242 1333 1362 1404 quia
1399 1333 1539 1388 nulla
1580 1333 1648 1386 ibi
1687 1332 1913 1387 varietas
1942 1330 2064 1388 erit.

481 1424 586 1482 Sed
614 1427 915 1483 restitutum
943 1441 1038 1496 pro
1062 1435 1316 1496 pereunte
1339 1418 1611 1497 accipere,
1642 1425 1798 1480 nimis
1821 1425 2066 1480 inusitata

479 1517 675 1574 locutio
703 1526 806 1574 est.
848 1518 1014 1590 Magis
1052 1518 1195 1575 enim
1233 1517 1440 1576 videtur
1477 1517 1654 1572 dicere
1691 1515 1971 1580 debuisse,
2011 1513 2067 1570 Si

481 1617 659 1663 autem
700 1610 978 1666 rcSIitutus
1018 1607 1176 1664 fuerit
1217 1609 1366 1664 color
1393 1609 1546 1664 albus
1579 1626 1592 1662 :
1637 1622 1776 1663 nunc
1809 1621 1936 1662 vero
1970 1607 2064 1674 ait,

480 1699 741 1754 restitutus
783 1718 968 1767 sanus,
1001 1710 1049 1754 et
1089 1717 1355 1756 conversus
1398 1701 1549 1772 fuerit
1591 1701 1771 1766 albus;
1819 1709 2067 1768 tanquam

481 1789 704 1857 diceret,
738 1792 910 1848 Sanus
939 1792 1088 1848 color
1116 1792 1160 1846 si
1191 1792 1466 1848 restitutus
1495 1790 1653 1846 fuerit
1680 1790 1730 1844 in
1757 1789 1958 1846 album.

553 1881 780 1938 XLVIII.
813 1882 910 1957 [lb.
931 1900 1048 1950 xm,
1078 1881 1196 1956 50.]
1224 1883 1360 1950 Quid
1386 1893 1486 1950 est,
1513 1882 1654 1953 quod
1677 1898 1796 1937 cum
1825 1881 1893 1937 de
1922 1882 2079 1952 lepra,

480 1974 669 2046 capitis
708 1975 1031 2048 loqueretur,
1051 1992 1167 2032 eam
1190 1977 1349 2030 etiam
1372 1976 1762 2045 quassationem
1786 1972 1866 2046 (a)
1889 1973 2070 2043 appel-

481 2065 643 2133 lavit,
671 2081 790 2121 cum
821 2067 874 2122 in
902 2067 1016 2122 solo
1045 2068 1223 2122 colore
1275 2066 1363 2120 ﬁat
1383 2107 1396 2131 ,
1429 2065 1512 2120 vel
1561 2064 1696 2120 cutis
1727 2064 1812 2119 vel
1848 2064 2068 2134 capillo-

481 2173 634 2224 rum,
676 2167 732 2214 et
772 2158 912 2229 quod
958 2158 1208 2223 humilior
1247 2166 1491 2226 aspecms
1519 2155 1636 2226 ejus
1662 2171 1693 2210 a
1719 2163 1910 2211 caetera
1948 2163 2070 2223 cute

482 2259 757 2322 appareat,
777 2253 892 2308 sine
914 2251 1100 2307 dolore
1128 2259 1304 2308 tamen
1321 2259 1375 2306 et
1405 2249 1518 2304 sine
1537 2250 1641 2304 ulla
1660 2248 1969 2304 vexatione?
1985 2248 2066 2302 At:

482 2343 584 2399 hoc
630 2345 771 2415 quod
821 2343 1149 2400 immundum
1194 2351 1277 2398 est
1318 2343 1709 2414 quassationem
1760 2329 1928 2396 voluit
1971 2355 2070 2411 ap-

484 2435 685 2507 pellare
715 2451 810 2506 pro
847 2436 994 2508 plaga
1016 2478 1032 2504 ,
1076 2435 1218 2491 velut
1248 2437 1346 2490 hac
1381 2432 1714 2489 inununditia
1749 2431 1910 2494 homo
1950 2446 2072 2503 per-

481 2541 670 2582 cussus
700 2527 805 2582 sit?

552 2616 738 2672 XLIX.
769 2616 868 2691 [lb.
895 2633 1016 2683 xm,
1035 2617 1104 2672 «17
1121 2613 1297 2690 ει48.]
1325 2615 1461 2684 Quid
1488 2615 1586 2670 sibi
1615 2614 1756 2681 vult,
1780 2613 1919 2685 quod
1947 2628 2070 2670 cum

480 2707 680 2763 diceret
707 2709 773 2764 de
798 2709 943 2779 lepra
973 2709 1410 2764 vestimentorum
1445 2707 1772 2778 aliarumque
1801 2723 1974 2763 rerum
2003 2707 2070 2762 ad

481 2814 611 2856 usus
656 2800 928 2855 hominum
973 2801 1386 2871 pertinentium,
1429 2801 1530 2866 ait,
1573 2799 1676 2853 Aut
1705 2800 1757 2853 in
1784 2800 2070 2854 vestimento

481 2894 658 2956 laneo,
690 2903 778 2948 aut
816 2895 868 2947 in
902 2895 1188 2948 vestimento
1222 2901 1466 2964 stuppeo,
1497 2903 1586 2946 aut
1623 2893 1676 2946 in
1713 2891 1956 2956 stamine,
1984 2898 2072 2945 aut

479 2985 534 3038 in
560 2986 713 3050 lana,
743 2995 830 3039 aut
859 2985 912 3039 in
939 2986 1118 3052 lineis,
1157 2994 1246 3039 aut
1284 2985 1335 3038 in
1376 2984 1571 3049 laneis;
1609 2999 1728 3040 cum
1763 2982 1872 3053 jam
1913 2997 2071 3052 supra

483 3077 723 3143 dixisset,
746 3061 798 3131 in
818 3077 1104 3132 vestimento
1133 3078 1297 3144 laneo,
1328 3086 1413 3130 aut
1439 3077 1489 3130 in
1517 3075 1802 3130 vestimento
1823 3075 2072 3146 stuppeo?

484 3169 616 3225 Nam
644 3179 925 3242 stuppeum
951 3178 1034 3226 est
1059 3169 1240 3240 utique
1267 3170 1486 3224 lineum.
1519 3169 1601 3223 Au
1627 3167 1735 3223 illic
1757 3167 2072 3224 vestimenta

481 3260 703 3334 intelligi
733 3262 934 3328 voluit;
966 3260 1053 3318 hic
1077 3271 1255 3316 autem
1283 3259 1557 3332 quodlibet
1583 3260 1792 3314 laneum
1823 3266 1878 3314 et
1905 3260 2072 3329 quod-

479 3353 613 3409 libet
657 3354 896 3410 lineum?
935 3352 1049 3408 Non
1092 3353 1232 3407 enim
1281 3351 1598 3406 vestimenta
1647 3359 1770 3405 sunt
1813 3351 2071 3405 stramina

473 3443 874 3516 iumentorum,
916 3460 1037 3500 cum
1077 3446 1184 3500 sint
1229 3443 1414 3510 lanea;
1458 3451 1550 3497 aut
1589 3442 1904 3496 vestimenta
1947 3448 2072 3495 sunt

477 3537 633 3601 retia,
665 3551 784 3591 cum
819 3537 926 3590 sint
958 3535 1119 3591 linea.
1155 3535 1307 3590 Prius
1341 3548 1469 3604 ergo
1497 3532 1802 3602 specialiter
1820 3531 1887 3587 de
1907 3532 2072 3587 vesti-

479 3629 693 3695 mentis,
720 3627 914 3683 deinde
937 3627 1257 3698 generaliter
1279 3625 1348 3682 de
1371 3625 1618 3681 omnibus
1643 3624 1803 3698 rebus
1825 3624 1993 3680 laneis
2017 3631 2070 3680 et

479 3719 636 3776 lineis
661 3720 840 3776 dicere
864 3722 1046 3776 voluit.

548 3813 610 3870 L.
642 3813 747 3888 [lb.
769 3831 888 3883 xm,
910 3814 1024 3888 48.]
1041 3814 1306 3882 Quaeritur
1321 3814 1446 3884 quid
1470 3813 1682 3881 dixerit,
1706 3811 1772 3867 In
1795 3813 1933 3868 omni
1951 3830 2072 3883 ope-

479 3904 617 3959 raria
645 3905 812 3976 pelle;
841 3905 980 3975 quod
1009 3905 1246 3960 nonnulli
1275 3904 1602 3974 interpretati
1630 3912 1754 3958 sunt
1772 3945 1787 3970 ,
1833 3902 1899 3959 In
1933 3904 2070 3959 omni

480 3998 707 4066 confecta
738 3994 890 4065 pelle.
931 3994 1036 4050 Sed
1067 4010 1174 4049 non
1201 3995 1274 4049 ait
1301 4009 1508 4064 grzecus
1531 3999 1792 4065 δργασμένῳ
1823 3998 2021 4066 δέρματι
2048 4010 2064 4027 '

479 4087 554 4140 ait
580 4095 756 4140 autem
784 4091 1037 4157 ἐργασίμῳ,
1070 4085 1212 4155 quod
1241 4085 1460 4140 verbum
1486 4084 1648 4140 etiam
1679 4085 1730 4138 in
1760 4085 2068 4155 Regnorum

477 4176 619 4232 libro
637 4177 864 4247 positum
882 4186 980 4242 est,
1002 4177 1091 4232 ubi
1111 4176 1375 4232 Jonathan
1399 4177 1631 4248 loquitur
1651 4176 1716 4231 ad
1742 4177 1927 4246 David,
1947 4178 2069 4234 Esto

477 4269 530 4323 in
559 4286 683 4341 agro
711 4269 762 4323 in
792 4269 872 4323 die
900 4268 1132 4338 operaria
1160 4267 1200 4339 (l
1231 4268 1362 4339 Reg.
1395 4284 1489 4334 xx,
1523 4267 1613 4338 l9)
1635 4310 1648 4333 ,
1679 4267 1731 4323 id
1760 4276 1869 4334 est,
1901 4269 1953 4324 in
1983 4267 2070 4325 die

477 4376 581 4431 qua
608 4360 668 4415 tit
694 4375 850 4430 opus.
888 4361 968 4416 Ac
996 4376 1089 4430 per
1115 4359 1218 4416 hoc
1245 4361 1406 4415 etiam
1437 4359 1521 4414 hic
1548 4360 1740 4430 pellem
1771 4360 2068 4430 operariam

478 4450 531 4505 in
562 4466 663 4522 qua
692 4450 752 4505 Iit
779 4466 914 4521 opus
938 4450 1196 4507 debemus
1225 4451 1498 4521 accipere,
1540 4451 1591 4505 id
1622 4458 1706 4506 est
1733 4452 1887 4507 alicui
1918 4455 2067 4523 operi

477 4543 955 4599 accommodatam.
996 4543 1132 4600 Sunt
1161 4541 1304 4624 enim
1340 4542 1506 4613 pelles
1543 4558 1663 4614 qua:
1701 4544 2068 4600 tantummodo

477 4635 546 4691 ad
571 4644 941 4693 ornamentum
964 4636 1246 4702 habentur,
1275 4650 1380 4690 non
1408 4634 1476 4690 ad
1500 4649 1656 4706 opus.

548 4725 635 4782 LI.
668 4725 766 4800 [1b.
795 4743 918 4793 xm,
951 4726 1063 4798 18.|
1090 4727 1224 4795 Quid
1261 4735 1346 4783 est
1381 4725 1522 4797 quod
1555 4725 1662 4793 ait,
1695 4723 1761 4780 In
1794 4727 1931 4781 omni
1956 4743 2066 4782 vase

477 4818 714 4895 aperui-io.
735 4817 917 4889 pellis;
945 4818 1046 4873 nisi
1070 4818 1210 4888 quod
1238 4829 1320 4874 est
1345 4832 1409 4873 ex
1437 4817 1576 4888 pelle
1595 4817 1791 4873 factum
1812 4859 1828 4884 ,
1861 4819 1961 4875 hoc
1987 4830 2069 4875 est

477 4910 530 4966 in
556 4909 702 4966 omni
730 4923 854 4966 vase
879 4910 1139 4981 pellicco?
1169 4910 1280 4966 IIoc
1305 4919 1481 4966 autem
1514 4910 1617 4966 isto
1641 4910 1762 4967 loco
1793 4926 1889 4967 vas
1915 4910 2064 4980 dicit,

475 5000 619 5073 quod
641 5001 811 5058 Graeci
832 5001 1100 5073 appellant
1116 5012 1273 5064 σκεῦος
1295 5019 1309 5032 ο
1329 5001 1431 5058 hoc
1447 5001 1588 5058 enim
1607 5017 1800 5058 nomen
1817 5004 2067 5073 generale

475 5101 559 5148 est
583 5094 818 5149 omnium
845 5094 1168 5149 utensilium.
1198 5093 1351 5149 Aliud
1374 5103 1453 5149 est
1474 5102 1652 5148 autem
1672 5093 1814 5165 quod
1834 5096 2068 5166 appella-

477 5190 563 5240 t'ur
580 5189 762 5254 ἀγγεῖον
790 5203 805 5218 ·
840 5199 964 5241 nam
994 5194 1049 5242 et
1074 5184 1176 5240 hoc
1200 5185 1358 5240 latina
1387 5185 1561 5257 lingua
1588 5201 1681 5241 vas
1701 5186 1893 5242 dicitur
1924 5203 1939 5241 :
1972 5188 2067 5243 sed

474 5279 676 5346 ἀγγιῖον,
697 5277 823 5333 illud
841 5277 1008 5348 magis
1026 5277 1338 5350 intelligitur
1355 5292 1448 5333 vas
1465 5277 1604 5349 quod
1626 5276 1886 5349 liquorem
1902 5278 2063 5349 capit.

547 5367 657 5423 LII.
689 5367 789 5443 [11).
810 5385 901 5434 xv,
937 5367 1050 5442 IL]
1078 5368 1216 5438 Quid
1231 5377 1314 5424 est
1340 5368 1481 5440 quod
1501 5370 1595 5437 ait,
1618 5368 1686 5423 Et
1705 5385 2068 5442 quemcumque

475 5460 722 5532 tetigerit‘
745 5462 834 5533 qui
851 5463 1065 5532 ﬂuorem
1085 5463 1290 5517 seminis
1311 5463 1522 5534 patitur,
1548 5471 1593 5517 et
1620 5480 1800 5519 manus
1820 5480 1939 5519 suas
1964 5482 2066 5522 non

475 5549 595 5605 lavit
625 5568 791 5622 aqua,
825 5553 1007 5608 lavabit
1035 5553 1360 5624 vestimenta,
1397 5562 1443 5611 et
1481 5553 1666 5610 lavabit
1699 5572 1884 5628 corpus
1917 5573 2067 5614 suum

539 5730 560 5802 ξ
585 5736 639 5802 In_
657 5731 818 5802 editis,
843 5731 1129 5796 quicmnane
1151 5731 1265 5799 tetig
1281 5733 1355 5784 ’rit
1381 5747 1399 5785 :
1423 5742 1476 5786 et
1498 5734 1639 5796 inira,
1661 5735 1947 5802 quicumque
1975 5751 2069 5802 non

471 5787 600 5844 lctis.
626 5799 674 5842 ιιι
694 5787 1130 5859 ιιεε.ἐὶηιειειιιει·,
1150 5787 1510 5862 quemcumque.
1544 5787 1688 5852 νοιιὸ
1716 5787 1843 5864 apud
1866 5787 2070 5854 Ie:

537 5871 613 5934 (a)
642 5873 919 5928 Thrausma.

1273 394 1734 466 QU.-ESTIO.\'U5I
1773 395 1830 451 S.
1874 392 2237 456 AUGUSTI!“
2279 390 2346 449 ΙΝ
2380 395 2939 456 HEPTATEUCIIUM

3652 403 3751 462 τεο

2168 521 2336 576 aqua,
2376 516 2423 561 et
2456 506 2744 564 immundus
2777 512 2866 565 erit
2899 527 3049 582 usque
3085 509 3137 564 in
3174 512 3463 580 vesperam?
3493 513 3746 584 Ambigua

2161 596 2364 668 quippe
2403 598 2632 667 positum
2673 608 2755 654 est
2791 600 2933 671 quod
2971 602 3078 668 ait,
3122 617 3302 658 manus
3337 619 3457 657 suas
3494 620 3596 657 non
3631 604 3749 658 tavit

2168 701 2332 755 aqua,
2369 687 2511 742 velut
2540 698 2881 760 posteaquam
2925 691 3175 762 tetigerit.
3213 690 3318 748 Sed
3352 692 3749 763 intelligendum

2169 786 2286 842 est,
2331 791 2718 858 quemcumque
2755 794 2861 834 non
2903 781 3026 836 lotis
3063 782 3306 838 manibus
3341 783 3604 856 tetigerit,
3641 785 3752 856 ipse

2170 883 2327 939 quem
2361 869 2611 940 tetigerit,
2641 865 2836 927 lat-abit
2862 872 3194 941 vestimenta,
3225 883 3332 932 etc.

2241 958 2370 1032 LlIl.
2405 958 2503 1033 [lb.
2547 977 2634 1037 xvi
2654 1004 2667 1027 ,
2703 962 2789 1028 I6.
2823 962 2934 1040 19.]
2960 965 3095 1034 Quid
3120 975 3220 1033 est,
3250 965 3540 1037 quod-cum
3567 968 3756 1037 praci-

2171 1060 2322 1130 perct
2354 1052 2622 1122 quomodo
2655 1053 2852 1110 intrare
2889 1055 3112 1112 deberet
3143 1056 3396 1114 sacerdos
3431 1072 3672 1113 summus
3702 1059 3756 1114 in

2171 1151 2441 1209 sanctum,
2472 1143 2611 1215 quod
2642 1154 2725 1202 est
2753 1147 2890 1202 intra
2919 1148 3092 1204 velum
3115 1191 3130 1217 ,
3162 1149 3236 1204 ait
3263 1149 3403 1206 inter
3429 1160 3620 1206 cmtera
3641 1192 3655 1216 ,
3691 1150 3757 1204 Et

2171 1234 2395 1287 exorabit
2421 1251 2513 1306 pro
2547 1237 2734 1308 sanctis
2762 1236 2825 1292 ab
2852 1238 3186 1297 immunditiis
3219 1234 3451 1311 filiorum
3481 1239 3678 1309 Israel,
3711 1251 3758 1297 et

2171 1324 2234 1396 ab
2254 1327 2514 1397 injustitiis
2537 1345 2728 1395 eorum,
2752 1338 2796 1384 et
2817 1330 2880 1386 de
2897 1332 3126 1387 omnibus
3147 1333 3366 1404 peccatis
3387 1335 3598 1391 eorum?
3616 1333 3763 1401 Quo-

2171 1419 2332 1474 modo
2375 1435 2500 1491 ergo
2540 1437 2634 1491 pro
2677 1423 2912 1489 sanctis,
2958 1424 3003 1480 si
3039 1425 3106 1480 ab
3142 1425 3489 1482 immunditiis
3529 1426 3761 1481 ﬁliorum

2173 1510 2334 1567 Israel
2359 1523 2411 1566 et
2436 1513 2505 1568 ab
2533 1513 3017 1584 injustitiiseorum
3040 1517 3108 1574 de
3133 1518 3380 1575 omnibus
3411 1522 3638 1590 peccatis
3663 1536 3762 1576 eo-

2175 1603 2329 1656 rum?
2350 1602 2429 1658 An
2451 1605 2576 1674 quia
2597 1620 2702 1660 non
2727 1607 2819 1675 ait,
2842 1622 2937 1677 pro
2956 1607 3306 1681 immunditiis
3327 1610 3554 1668 ﬁliorum
3577 1611 3762 1677 Israel.

2171 1692 2267 1748 sed
2285 1694 2346 1748 ab
2383 1696 2732 1765 immunditiis,
2756 1697 2856 1754 hoc
2873 1699 3266 1771 intelligendum
3284 1702 3650 1772 est,Ea:orabit
3667 1722 3765 1773 pro

2172 1784 2357 1837 sanctis
2378 1784 2438 1838 ab
2461 1786 2789 1848 immunditiis
2813 1790 3036 1859 ﬁliorum
3059 1789 3325 1868 Israel,_id
3352 1802 3433 1848 est
3459 1809 3554 1864 pro
3573 1796 3652 1857 eis
3669 1795 3766 1866 qui

2173 1874 2342 1928 Sancti
2373 1883 2495 1930 sunt
2521 1876 2588 1931 ab
2617 1877 2964 1934 immunditiis
2987 1879 3211 1936 ﬁliorum
3243 1881 3442 1948 Israel,
3483 1899 3590 1940 non
3630 1901 3766 1940 con-

2175 1965 2476 2035 sentientes
2507 1968 2855 2026 immunditiis
2895 1986 3080 2026 eorum
3126 1990 3139 2026 :
3181 1988 3285 2028 non
3327 1974 3450 2044 quia
3492 1990 3590 2046 pro
3631 1975 3772 2046 ipsis.

2177 2065 2377 2112 tantum
2406 2060 2730 2114 exorandum
2759 2071 2901 2128 erat,
2930 2062 3023 2116 sed
3048 2064 3362 2133 quiactiam
3387 2079 3484 2134 pro
3507 2065 3665 2136 ipsis,
3691 2081 3766 2122 ne

2173 2148 2454 2220 quisquam
2496 2159 2704 2220 putaret
2744 2151 2816 2208 ita
2857 2153 3019 2208 fuisse
3055 2163 3302 2220 sanctos,
3345 2165 3403 2210 ut
3443 2155 3577 2211 nihil
3619 2163 3770 2212 esset

2176 2239 2317 2294 unde
2344 2255 2442 2309 pro
2469 2241 2547 2296 eis
2575 2253 2904 2308 exoraretur,
2942 2245 3183 2315 quamvis
3217 2253 3399 2310 essent
3425 2247 3494 2302 ab
3528 2247 3766 2302 immun-

2174 2331 2322 2386 ditiis
2343 2333 2573 2388 iiliorum
2605 2334 2768 2390 Israel
2792 2344 2845 2390 et
2871 2335 2938 2391 ab
2966 2337 3234 2407 injustitiis
3255 2353 3441 2394 eorum
3466 2338 3658 2395 alieni?
3683 2340 3769 2396 Dc

2175 2423 2406 2479 omnibus
2430 2426 2647 2496 peccatis
2676 2441 2848 2480 eorum
2866 2470 2882 2493 ,
2916 2428 2967 2484 id
2996 2438 3107 2496 est,
3137 2444 3256 2507 qua:
3282 2429 3552 2500 iniustitia:
3578 2431 3733 2493 venie
3753 2460 3772 2475 ‹

2177 2513 2305 2568 bant
2331 2514 2397 2570 de
2422 2517 2671 2572 omnibus
2698 2519 2930 2587 peccatis
2952 2534 3176 2599 eorum.

2247 2607 2431 2664 I’utest
2459 2617 2511 2664 et
2542 2609 2640 2664 iste
2670 2626 2790 2666 esse
2817 2626 3007 2667 sensus
3027 2653 3042 2677 ,
3081 2613 3328 2675 Exorabit
3362 2631 3454 2685 pro
3485 2615 3670 2672 sanctis
3698 2617 3770 2671 ab

2175 2699 2506 2754 immunditiis
2535 2701 2759 2770 ﬁliorum
2804 2701 3008 2771 Israel;
3035 2704 3099 2760 id
3139 2716 3255 2773 est,
3302 2715 3361 2762 ut
3393 2707 3497 2764 hoc
3533 2724 3630 2778 pro
3659 2710 3770 2764 illis

2175 2793 2383 2847 exorari
2413 2791 2756 2864 intelligatur,
2790 2804 2849 2850 ut
2875 2796 2944 2852 ab
2972 2796 3319 2855 immunditiis
3343 2799 3574 2856 ﬁliorum
3603 2801 3768 2858 Israel

2177 2885 2270 2939 tuti
2299 2894 2500 2942 essent.
2533 2886 2636 2942 Sed
2667 2889 2890 2943 exorabit
2918 2905 3022 2945 non
3053 2900 3225 2961 potest
3251 2893 3456 2963 accipi,
3489 2895 3588 2948 nisi
3618 2895 3766 2965 quod

2176 2978 2280 3032 alio
2310 2980 2474 3035 verbo
2494 2979 2708 3048 dicitur,
2739 2982 3064 3052 prepitiabit.
3089 2983 3242 3042 Unde
3264 2993 3320 3041 et
3341 2987 3768 3057 propitiatorium

2177 3079 2418 3137 vocatur,
2438 3072 2581 3142 quod
2597 3073 2686 3128 alii
2705 3076 3061 3130 exoratorium
3078 3075 3409 3147 interpretati
3423 3087 3545 3134 sunt
3560 3096 3574 3132 :
3591 3080 3772 3149 graece

2176 3170 2350 3218 autem
2378 3163 2570 3219 dicitur
2587 3173 2878 3236 ιλοςστήριον.
2905 3168 2970 3222 Ει
2997 3168 3139 3238 quod
3167 3168 3268 3224 hoc
3293 3169 3413 3226 loco
3440 3169 3633 3226 latinus
3658 3171 3766 3236 ait,

2177 3254 2425 3314 Exorabit
2471 3274 2565 3328 pro
2610 3260 2828 3329 sanctis,
2857 3275 3065 3330 grtecus
3107 3261 3266 3317 habet
3303 3268 3598 3329 ἐξιλάσιται,
3623 3263 3769 3333 quod

2177 3361 2282 3401 non
2298 3347 2608 3419 intelligitur
2629 3349 2732 3404 nisi
2753 3365 2850 3419 pro
2871 3352 3120 3420 peccatis.
3154 3351 3303 3408 Unde
3327 3353 3582 3424 scriptum
3603 3362 3686 3409 est
3709 3355 3767 3409 iu

2180 3437 2424 3505 Psalmo,
2472 3437 2574 3504 Qui
2612 3441 2860 3511 propitius
2900 3442 2960 3510 [it
3001 3441 3232 3498 omnibus
3271 3443 3618 3514 iniquitatibus
3664 3447 3770 3499 tuis

2177 3527 2350 3598 (Psal.
2378 3546 2466 3597 cu,
2501 3528 2577 3603 '5).
2613 3532 2710 3587 llic
2734 3548 2862 3602 ergo
2885 3534 3058 3603 aptior
3076 3549 3266 3591 sensus
3290 3545 3393 3602 est,
3418 3545 3479 3606 ut
3503 3536 3772 3607 intelliga-

2177 3629 2262 3674 tur
2281 3622 2531 3676 sacerdos
2550 3622 2710 3677 etiam
2733 3639 2828 3693 pro
2851 3623 2932 3678 his
2954 3626 3242 3697 propitiare
3267 3627 3455 3692 Deum,
3478 3628 3566 3698 qui
3591 3629 3767 3682 sancti

2175 3719 2300 3768 sunt
2326 3712 2394 3768 ab
2424 3713 2773 3769 immunditiis
2805 3713 3031 3771 ﬁliorum
3069 3717 3260 3783 Israel;
3299 3728 3354 3774 et
3388 3719 3512 3790 quia
3541 3720 3665 3775 licet
3693 3721 3767 3774 ita

2175 3807 2344 3862 sancti
2375 3810 2482 3863 sint
2506 3817 2566 3864 ut
2593 3808 2941 3866 immunditiis
2971 3811 3197 3867 ﬁliorum
3227 3812 3389 3870 Israel
3413 3821 3468 3869 et
3495 3813 3769 3883 injustitiis

2175 3913 2283 3953 non
2311 3900 2686 3964 consentiant,
2718 3899 2918 3956 habent
2947 3909 3124 3958 tamen
3153 3903 3352 3974 aliquid
3380 3912 3596 3975 propter
3619 3903 3765 3975 quod

2175 3995 2254 4047 eis
2283 3993 2581 4048 necessaria
2609 3995 2678 4049 sit
2703 3995 3006 4065 propitiatio
3039 3981 3154 4052 Dei.

2244 4083 2384 4140 Sane
2407 4084 2460 4139 in
2491 4085 2718 4156 quodam
2750 4102 2927 4156 graeco
2954 4088 3270 4156 invenimus,
3301 4089 3370 4144 Et
3391 4089 3614 4146 exorabit
3639 4107 3764 4145 sant-

2173 4186 2341 4242 clum;
2367 4193 2471 4233 non
2493 4221 2506 4244 ,
2538 4197 2629 4249 pro
2653 4181 2840 4234 sanctis
2867 4196 2886 4235 :
2909 4189 2964 4236 et
2990 4181 3116 4236 illud
3145 4183 3357 4253 quidem
3381 4193 3643 4251 sanctum,
3671 4199 3768 4256 ge-

2174 4288 2306 4328 nere
2327 4283 2538 4338 neutro,
2570 4272 2621 4328 id
2653 4283 2736 4328 est
2756 4283 2808 4330 τὸ
2835 4277 2989 4342 ἅγιον.
3017 4275 3149 4330 Nam
3180 4285 3360 4347 posset
3389 4277 3631 4349 intelligi,
3663 4293 3762 4332 ex-

2173 4365 2348 4420 orabit
2372 4374 2614 4422 sanctum
2643 4366 2810 4421 Deum
2832 4407 2849 4433 ,
2889 4375 2944 4422 et
2977 4367 3121 4422 nulla
3160 4376 3306 4423 esset
3329 4368 3554 4439 quaestio
3582 4387 3596 4424 :
3625 4384 3762 4438 quo-

2172 4456 2333 4512 modo
2369 4464 2545 4512 autem
2589 4457 2756 4526 possit
2794 4457 3055 4529 intelligi,
3097 4458 3324 4515 exorabit
3363 4460 3460 4516 hoc
3495 4469 3759 4525 sanctum,

2172 4547 2388 4605 difﬁcile
2414 4557 2498 4605 est
2523 4548 2704 4605 dicere
2723 4589 2741 4615 ,
2783 4549 2885 4605 nisi
2915 4549 3051 4607 forte
3080 4550 3208 4606 illud
3237 4559 3478 4607 sanctum
3507 4551 3762 4622 quidquid

2172 4650 2256 4698 est
2302 4641 2444 4712 quod
2495 4641 2637 4697 Deus
2670 4651 2788 4708 est;
2833 4641 2954 4711 quia
2991 4650 3048 4698 et
3089 4642 3321 4712 Spiritus
3366 4651 3619 4706 sanctus,
3670 4644 3760 4713 qui

2173 4735 2354 4805 utique
2403 4733 2544 4789 Deus
2589 4741 2706 4800 est,
2759 4743 2950 4788 neutro
2999 4749 3196 4805 genere
3241 4749 3417 4806 graece
3463 4734 3658 4789 dicitur
3707 4740 3763 4789 τδ

2172 4834 2361 4894 Πνεῦμα
2389 4833 2444 4881 τὸ
2471 4828 2626 4890 ἅγιον.
2658 4825 2726 4880 Ει
2753 4824 2892 4880 forte
2919 4825 3019 4880 hoc
3040 4833 3157 4894 est,
3195 4826 3240 4881 si
3271 4834 3447 4882 tamen
3478 4826 3568 4882 ille
3590 4825 3764 4881 codex

2171 4918 2349 4974 verior
2385 4925 2503 4986 est,
2545 4917 2635 4988 qui
2677 4916 3014 4974 emendatior
3055 4918 3350 4985 videbatur,
3395 4924 3666 4986 ιειλάσηαι
3707 4927 3765 4975 τὸ

2171 5011 2326 5076 ἅγιον,
2356 5008 2460 5064 hoc
2486 5017 2598 5076 est,
2638 5013 2693 5064 τὸ
2720 5017 2912 5078 uuam
2936 5018 2991 5065 τὸ
3014 5011 3178 5077 ἄνων,
3216 5009 3357 5080 quod
3383 5010 3546 5066 latine
3567 5025 3762 5082 genere

2173 5111 2362 5157 neutro
2380 5099 2486 5156 dici
2507 5116 2617 5156 non
2638 5108 2833 5171 potest.
2860 5100 3115 5168 Quamvis
3134 5109 3188 5157 et
3209 5102 3264 5156 in
3289 5102 3458 5158 tribus
3478 5102 3595 5158 aliis
3615 5101 3738 5157 cedi

2171 5193 2343 5260 cibus,
2373 5208 2482 5248 uno
2505 5208 2680 5264 graeco
2702 5201 2757 5250 et
2779 5193 2988 5250 duobus
3013 5195 3211 5261 latinis,
3242 5209 3347 5250 non
3373 5195 3759 5261 invenerimus,

2172 5284 2274 5340 nisi
2302 5283 2443 5355 quod
2471 5298 2630 5355 supra
2658 5283 2892 5342 diximus
2909 5326 2925 5354 ,
2964 5285 3208 5342 Exorabit
3236 5303 3329 5358 pro
3355 5287 3564 5342 sanctis.
3607 5285 3760 5356 Quod

2172 5385 2350 5449 potest
2367 5387 2423 5434 et
2447 5377 2524 5433 sic
2542 5376 2738 5450 accipi,
2763 5387 2822 5434 ut
2841 5394 2946 5434 non
2974 5394 3070 5450 pro
3089 5380 3288 5436 sanctis
3313 5377 3640 5447 hominibus,
3664 5379 3760 5436 sed

2172 5483 2271 5541 pro
2295 5470 2360 5526 iis
2380 5485 2501 5541 qua:
2519 5479 2703 5526 saneta
2727 5479 2853 5526 sunt
2873 5469 3217 5542 intelligatur,
3243 5470 3294 5526 id
3315 5479 3398 5527 est
3416 5470 3762 5529 tabernaculo

2171 5561 2308 5632 ipso,
2334 5570 2388 5617 et
2406 5575 2754 5633 quaecumque
2776 5562 2829 5617 in
2847 5562 2929 5619 eis
2948 5570 3130 5618 essent
3153 5559 3477 5618 sanctiﬁcata
3497 5562 3724 5618 Domino
3749 5578 3764 5616 :

2171 5663 2232 5710 ut
2254 5655 2358 5710 hoc
2381 5655 2471 5722 sit,
2499 5652 2746 5710 Exorabit
2771 5671 2864 5725 pro
2889 5655 3075 5710 sanctis
3097 5653 3159 5709 ab
3184 5655 3511 5710 immunditiis
3535 5654 3757 5725 ﬁliorum

2174 5765 2323 5874 gitur,
2345 5764 2489 5816 hostia
2511 5778 2602 5815 ean
2624 5764 2858 5829 hapsétai,
2871 5779 3182 5840 qnwcnmque
3205 5763 3434 5839 tetigerit;
3451 5766 3574 5817 forte
3598 5780 3686 5829 per
3709 5765 3740 5817 li

2209 5839 2360 5874 ranos
2382 5826 2527 5874 hosou
2550 5834 2784 5874 mutatum
2808 5836 2947 5874 estin
2970 5827 3131 5874 hosm.
3162 5837 3348 5874 OmDDe
3379 5827 3580 5874 vulgata
3603 5841 3740 5874 versa

2209 5827 2360 5892 rarios
2382 5826 2527 5892 hosou
2550 5826 2784 5892 mutatum
2808 5826 2948 5892 estin
2970 5826 3131 5890 ltoséri.
3162 5826 3348 5892 Quippe
3379 5827 3580 5892 Vulgata
3601 5826 3763 5882 verso

2175 5887 2342 5939 habet.
2364 5887 2526 5941 (mutis
2545 5901 2688 5940 auem
2702 5887 2922 5942 tetiaerit.
