4136 6464
351 397 449 457 7οΞ

352 510 551 580 Israel,
582 508 886 582 propitiabit
910 507 1075 563 Deum
1103 520 1199 578 pro
1225 505 1288 561 iis
1315 520 1433 576 qua:
1459 503 1784 561 sanctiﬁcata
1810 512 1938 559 sunt

353 601 585 658 Domino
603 643 618 668 ,
653 603 719 657 ah
747 598 1097 656 immunditiis
1121 597 1349 653 ﬁliorum
1377 594 1568 662 Israel;
1599 595 1722 666 quia
1752 599 1804 651 lu
1832 611 1947 653 me-

352 694 443 749 dio
489 709 676 749 eorum
711 700 826 748 erat
867 688 1286 746 tabernaculum.
1332 688 1422 744 Sic
1467 687 1610 743 enim
1659 685 1943 758 sequitur:

352 800 477 841 nam
503 800 624 858 cum
645 783 888 847 dixisset,
917 779 1163 848 Exorabit
1190 795 1281 852 pro
1316 778 1504 835 sanctis
1521 777 1585 833 ab
1611 775 1945 832 immunditiis

351 880 577 950 ﬁliorum
603 875 790 944 Israel,
817 884 865 930 et
889 873 952 929 ab
977 872 1236 944 injustitiis
1264 887 1458 938 eorum,
1487 869 1552 925 de
1573 869 1802 924 omnibus
1829 884 1946 938 pec-

348 975 478 1026 catis
504 987 676 1026 eorum
696 985 716 1034 ;
740 967 996 1024 continuo
1014 965 1260 1036 subjecit,
1281 963 1345 1018 Et
1367 964 1438 1018 ita
1455 962 1605 1035 faciet
1621 958 1943 1016 tabernaculo

348 1063 620 1118 testimonii
642 1061 778 1134 quod
801 1069 1022 1116 creatum
1041 1068 1115 1113 est
1139 1058 1192 1113 in
1216 1057 1287 1112 eis
1305 1096 1320 1124 ,
1342 1056 1396 1110 in
1418 1055 1581 1118 medio
1609 1053 1944 1121 immunditiis:

347 1173 522 1211 eorum
550 1171 570 1211 :
599 1164 658 1210 ut
691 1154 757 1209 ad
788 1153 890 1208 hoc
917 1149 1220 1208 necessaria
1247 1147 1488 1204 videatur
1515 1145 1606 1201 illa
1635 1143 1941 1216 prOpitiatio

347 1263 447 1319 pro
467 1247 686 1312 sanctis,
715 1245 766 1299 id
797 1253 878 1300 est
904 1258 1002 1315 pro
1027 1238 1372 1297 tabernaculo
1399 1245 1453 1293 et
1471 1236 1722 1292 omnibus
1746 1249 1863 1304 quae
1884 1234 1939 1288 in

347 1353 414 1395 eo
449 1346 630 1394 saneta
672 1337 939 1398 dicuntur.
974 1333 1108 1391 Nam
1144 1341 1199 1386 et
1238 1330 1395 1400 paulo
1433 1336 1555 1398 post
1587 1326 1688 1380 hoc
1716 1324 1847 1386 dicit
1873 1324 1940 1380 de

349 1429 538 1493 altari,
560 1409 722 1498 quod
749 1425 1056 1496 aSpersione
1084 1420 1356 1492 sanguinis
1384 1417 1665 1474 mundaret
1692 1415 1817 1470 illud
1847 1430 1936 1470 sa-

348 1519 561 1579 cerdos.
583 1526 639 1574 et
658 1516 1016 1580 sanctiﬁcaret
1037 1514 1104 1568 ab
1129 1510 1479 1574 immunditiis
1502 1509 1728 1567 filiorum
1751 1505 1935 1561 Israel.

411 1613 475 1669 Ll
484 1612 542 1667 ν.
563 1611 663 1684 [lb.
684 1627 790 1676 xvn,
807 1607 924 1682 20.]
940 1607 1002 1661 Et
1019 1606 1242 1678 perﬁciet
1258 1620 1472 1660 exorans
1487 1612 1731 1665 sanctum.
1749 1599 1935 1659 Utrum

346 1704 591 1776 perﬁciet
619 1700 894 1780 sanctum?
921 1716 987 1753 an
1018 1712 1248 1754 exorans
1274 1704 1538 1760 sanctum,
1562 1692 1852 1748 secundum
1884 1689 1935 1744 id

345 1795 490 1866 quod
514 1809 674 1864 supra
699 1790 972 1846 diximus?
999 1804 1119 1844 nam
1139 1798 1195 1843 et
1222 1787 1310 1842 hic
1333 1796 1523 1842 neutro
1547 1798 1742 1855 genere
1763 1796 1936 1850 grmce

343 1888 544 1957 dictum
585 1893 668 1939 est
705 1892 759 1940 τὸ
793 1885 951 1954 ἄνων.
987 1879 1177 1956 Utrum
1213 1892 1342 1949 ergo
1382 1892 1608 1932 exorans
1652 1873 1935 1929 Dominum

343 1977 586 2050 perﬁciet
606 1984 870 2043 sanctum,
896 1973 946 2028 id
967 1980 1050 2027 est
1076 1969 1311 2042 perfecte
1330 1967 1623 2039 sanctiﬁcat
1644 1965 1785 2036 quod
1810 1979 1936 2022 san-

342 2068 581 2125 ctiﬁcat?
603 2084 670 2122 an
698 2065 942 2137 perﬁciet,
963 2064 1104 2138 quod
1129 2065 1222 2129 ait,
1245 2077 1460 2116 exorans
1480 2067 1729 2126 sanctum,
1754 2055 1805 2112 id
1827 2064 1929 2136 est,

341 2161 472 2239 illud
498 2169 740 2234 sanctum
765 2159 905 2229 quod
935 2168 1015 2213 est
1040 2166 1092 2213 τὸ
1119 2165 1306 2222 Πνεῦμα
1331 2163 1384 2208 τὸ
1409 2156 1577 2219 ἅγιον;

413 2253 524 2308 LV.
557 2251 660 2326 [lb.
685 2268 797 2319 XVI,
823 2250 913 2315 20,
939 2249 1031 2317 27,
1061 2247 1368 2320 29,35.]De
1392 2245 1598 2300 duobus
1625 2242 1805 2308 hircis,
1826 2257 1933 2298 uno

343 2343 705 2409 immolando,
747 2351 802 2412 et
837 2341 942 2396 alio
977 2341 1028 2396 in
1066 2339 1335 2396 desertum
1379 2334 1729 2398 dimittenda,
1771 2348 1930 2404 quem

338 2437 679 2508 ᾇπσπομπᾳῖον
715 2440 908 2498 vocant
943 2431 1018 2509 (a)
1040 2474 1056 2498 ,
1103 2430 1241 2499 solet
1278 2443 1398 2484 esse
1433 2425 1745 2496 disceptatio
1778 2443 1790 2478 :
1823 2433 1878 2479 et
1900 2440 1930 2479 a

339 2525 653 2600 quibusdam
682 2525 772 2579 ille
799 2521 1151 2587 immolandos
1178 2523 1231 2575 in
1253 2519 1395 2574 bono
1419 2517 1696 2587 accipitur,
1726 2515 1815 2571 ille
1835 2530 1932 2570 au.—

339 2612 448 2677 tem
473 2617 820 2674 dimittendus
842 2618 892 2672 in
920 2615 1080 2670 malo.
1113 2613 1228 2672 Non
1257 2622 1436 2667 tamen
1465 2611 1564 2666 iste
1592 2623 1784 2664 sensus
1810 2607 1930 2662 ideo

339 2707 739 2763 conﬁrmandus
756 2716 858 2774 est,
876 2705 996 2776 quia
1015 2704 1177 2760 homo
1194 2704 1246 2758 in
1267 2701 1417 2772 cujus
1436 2717 1595 2757 manu
1615 2699 1667 2772 in
1690 2713 1928 2754 eremum

335 2803 519 2860 hircus
543 2801 842 2867 dimittitur,
876 2782 998 2854 eum
1028 2797 1245 2857 redierit
1263 2837 1278 2862 ,
1316 2795 1495 2850 lavare
1523 2793 1702 2864 jussus
1729 2801 1812 2857 est
1836 2806 1928 2846 ve-

335 2896 588 2951 stimenta
617 2908 712 2947 sua
742 2900 796 2946 et
819 2905 1013 2961 corpus
1047 2904 1200 2944 suum
1227 2901 1358 2958 aqua
1382 2927 1397 2953 ,
1439 2893 1494 2940 et
1526 2885 1605 2940 sic
1639 2882 1842 2954 ingredi
1873 2883 1926 2936 in

334 2997 548 3050 castra;
585 2993 834 3052 tanquam
865 2991 918 3036 et
947 2980 1050 3035 hoe
1083 2979 1154 3035 sit
1189 2976 1440 3034 indicium
1477 2991 1573 3030 cur
1608 2974 1660 3028 in
1690 2973 1829 3027 malo
1859 2972 1928 3027 sit

334 3077 426 3132 ille
454 3076 637 3130 hircus
666 3071 1036 3142 accipiendus,
1065 3085 1094 3123 a
1125 3069 1276 3139 cujus
1300 3067 1613 3136 contagione
1644 3065 1803 3118 homo
1828 3062 1925 3121 ab-

335 3165 564 3221 luendus
595 3172 695 3218 est.
726 3163 814 3217 Sic
839 3161 980 3218 enim
1008 3159 1136 3214 dicit
1159 3156 1480 3214 abluendum
1509 3164 1563 3212 et
1589 3155 1678 3226 qui
1704 3153 1925 3208 alterius

335 3239 469 3332 hirci
500 3256 756 3324 vitulique
782 3253 1048 3323 acceperit
1073 3265 1282 3317 carnes,
1315 3258 1368 3304 et
1393 3257 1542 3318 extra
1572 3254 1744 3303 castra
1771 3261 1925 3301 eom-

334 3349 602 3414 busscrit;
639 3348 761 3418 quia
795 3346 866 3400 ita
905 3344 972 3402 de
1012 3343 1104 3398 illo
1131 3350 1185 3398 et
1211 3341 1278 3397 de
1312 3341 1476 3395 vitulo
1505 3339 1616 3394 ﬁeri
1641 3339 1824 3409 jubet,
1857 3338 1924 3394 de

333 3457 561 3514 quorum
603 3439 998 3511 immolatorum
1037 3435 1293 3506 sanguine
1321 3435 1377 3489 lit
1405 3433 1677 3504 aSpersio,
1717 3441 1772 3487 et
1799 3439 1924 3486 sunt

335 3549 432 3602 pro
452 3532 684 3602 peccatis
710 3549 722 3585 :
746 3545 810 3585 ac
831 3545 924 3599 per
944 3528 1045 3582 hoc
1066 3543 1171 3582 non
1194 3527 1523 3597 negligenter
1545 3525 1764 3579 istorum
1790 3524 1924 3579 duo—

333 3639 450 3678 rum
494 3622 764 3676 hircorum
801 3620 1072 3674 distinctio
1116 3617 1167 3672 in
1209 3617 1492 3687 allegorica
1535 3615 1922 3686 signiﬁcatione

336 3712 610 3768 tractanda
639 3720 740 3767 est.
782 3710 912 3772 Item
943 3725 1062 3764 cum
1093 3708 1457 3762 constituisset
1485 3705 1624 3761 diem
1655 3705 1920 3761 decimum

332 3807 543 3876 septimi
575 3805 777 3865 mensis
807 3803 826 3836 ι
855 3803 1074 3858 sabbato
1104 3801 1443 3856 sabbatorum
1465 3841 1481 3866 ,
1519 3814 1626 3870 quo
1655 3797 1805 3853 ﬁeret
1834 3814 1923 3853 su-

332 3898 569 3968 pradicta
609 3896 852 3966 purgatio
881 3910 910 3947 a
942 3892 1220 3948 sacerdote
1251 3892 1340 3946 illo
1371 3906 1476 3945 uno
1504 3891 1591 3960 qui
1627 3891 1761 3959 patri
1796 3906 1921 3945 suc-

333 3991 496 4057 cedit,
528 3991 752 4060 ioquens
779 3988 846 4042 de
872 3986 1060 4042 eodem
1091 3983 1369 4039 sacerdote
1399 3983 1491 4045 ait,
1521 3981 1769 4036 Exorabit
1797 3998 1921 4035 san-

333 4093 468 4136 ctum
495 4082 657 4136 sancti
685 4097 703 4135 :
727 4079 869 4151 quod
895 4079 1005 4149 jam
1033 4077 1213 4131 nescio
1248 4085 1424 4149 utrum
1462 4074 1616 4129 aliter
1657 4074 1922 4144 accipien-

334 4174 458 4230 dum
498 4173 604 4239 sit,
647 4188 825 4242 quam,
850 4169 1102 4225 Exorabit
1137 4167 1187 4222 in
1225 4175 1409 4221 saneto
1445 4165 1649 4233 sancti,
1690 4164 1920 4235 quodam

333 4281 531 4336 genere
552 4263 863 4328 locutionis;
893 4261 946 4314 in
969 4260 1057 4314 illo
1079 4259 1280 4313 scilicet
1304 4266 1487 4311 sancto
1510 4271 1615 4326 quo
1641 4255 1786 4309 solus
1808 4255 1923 4326 ipse

333 4369 578 4412 summus
607 4353 858 4409 sacerdos
887 4350 1135 4415 intrabat,
1167 4348 1310 4420 quod
1337 4357 1420 4404 est
1449 4348 1585 4402 intra
1607 4347 1803 4412 velum,
1833 4346 1921 4401 ubi

333 4460 456 4500 arca
487 4451 604 4499 erat
630 4441 916 4498 testimonii
943 4449 998 4495 et
1019 4441 1186 4494 altare
1213 4438 1434 4493 incensi.
1463 4437 1576 4491 Non
1604 4436 1745 4491 enim
1773 4451 1923 4491 eum-

333 4537 457 4593 dem
488 4537 666 4592 locum
697 4543 942 4603 tanquam
969 4533 1136 4587 Deum
1164 4530 1423 4594 exorabit,
1444 4528 1548 4590 ,sed
1575 4529 1698 4598 quia
1724 4527 1806 4583 ibi
1825 4543 1920 4580 cx-

333 4627 508 4684 orabit
530 4627 715 4690 Deum,
740 4625 810 4678 ita
834 4623 1062 4694 positum
1088 4631 1191 4686 est,
1219 4619 1465 4674 Exorabit
1485 4627 1715 4672 sanctum
1737 4617 1918 4670 sancti.

333 4720 465 4775 Nam
497 4727 550 4774 et
580 4718 683 4773 hoc
715 4731 910 4788 genere
943 4725 1134 4770 neutro
1163 4713 1214 4767 in
1243 4727 1417 4784 grteco
1445 4711 1676 4782 positum
1712 4718 1827 4774 est,
1869 4719 1922 4765 τὸ

333 4817 468 4881 ἅγιον
493 4823 578 4868 τοῦ
601 4815 757 4876 ἁγίου.
786 4811 866 4864 An
890 4809 1024 4863 forte
1044 4807 1298 4877 Spiritum
1327 4814 1568 4859 sanctum
1609 4803 1774 4857 sancti
1805 4803 1919 4870 Dei,

332 4905 435 4958 hoc
461 4912 564 4968 est,
592 4911 646 4956 τὸ
670 4904 805 4968 ἅγιον
829 4908 1018 4962 Πνεῦμα
1049 4909 1134 4954 τοῦ
1159 4903 1294 4964 ἁγίου
1321 4893 1468 4961 Θεσῦ;
1499 4896 1578 4949 An
1612 4896 1785 4964 potius
1809 4894 1922 4950 Ex-

334 4993 496 5048 orabit
520 4992 718 5048 dictum
741 5001 842 5056 est,
879 4989 1163 5044 Exorando
1193 4986 1468 5058 purgabit?
1498 4985 1626 5040 Nam
1656 4985 1733 5040 sic
1761 4987 1923 5041 verba

331 5090 574 5145 contexit
601 5106 614 5140 :
644 5088 709 5142 Et
738 5087 962 5142 exorabit
989 5095 1220 5140 sanctum
1247 5083 1442 5149 sancti,
1471 5091 1516 5135 et
1546 5081 1923 5136 tabernaculum

333 5179 659 5245 testimonii‘,
684 5187 730 5232 et
755 5177 918 5232 altare
942 5176 1186 5242 exorabit,
1218 5185 1264 5229 et
1292 5191 1383 5246 pro
1409 5173 1748 5226 sacerdotibus
1767 5183 1810 5227 et
1833 5190 1924 5243 pro

397 5296 414 5328 ι
439 5295 578 5355 editi,
603 5293 734 5345 diem
756 5289 996 5343 decimum
1017 5287 1268 5355 septimum
1289 5285 1480 5355 mensis:
1509 5294 1565 5338 At
1585 5294 1713 5348 Mss.,
1735 5284 1927 5353 septimi

329 5355 508 5408 Mensis
536 5349 761 5414 (verius,
783 5362 839 5404 ut
861 5360 996 5417 patet
1018 5349 1079 5402 ex'
1105 5359 1214 5417 I_.xx
1237 5359 1288 5417 et
1308 5365 1368 5400 ex
1396 5349 1530 5412 \‘ulg.

393 5419 586 5490 1mm,
621 5411 977 5468 tabernaculum
1015 5411 1405 5466 testinwaiorum.
1442 5411 1550 5460 Mss.
1575 5424 1685 5461 eum
1728 5423 1889 5475 graeco
1906 5445 1922 5473 ,

329 5483 661 5606 “milia
697 5540 976 5606 emissi-ius
1007 5549 1176 5606 mea
1206 5531 1570 5606 ανοιξίξηιραξοει
1605 5533 1923 5606 dicti-taline

329 5595 464 5666 Lx‘x;
494 5604 644 5653 Levit.
667 5615 773 5666 cap.
799 5601 876 5661 16,
900 5616 981 5666 vv.
1004 5595 1037 5649 8
1051 5608 1102 5650 et
1124 5601 1214 5660 lO;
1237 5595 1438 5666 '_scilicet
1469 5597 1608 5658 juxta
1635 5595 1925 5665 Theodoreti

334 5659 738 5728 observationem
763 5665 814 5713 in
831 5659 1010 5728 Levita
1032 5659 1208 5728 quaest.
1229 5661 1312 5728 ea,
1344 5659 1395 5709 (is
1416 5669 1836 5728 apopempomenos
1857 5659 1926 5707 eis

330 5726 644 5787 tén-erémon,
673 5732 729 5777 ut
761 5727 845 5787 qui
870 5719 1116 5776 emittatur
1141 5723 1190 5772 in
1211 5719 1464 5787 desertum
1488 5719 1515 5768 :'
1542 5719 1809 5787 hinc‘enim
1844 5730 1872 5787 a

333 5779 706 5853 pellatumesse
729 5779 913 5853 colligit
934 5787 994 5836 iis
1027 5799 1088 5834 ex
1125 5785 1292 5853 verbis
1325 5783 1496 5845 Levit.,
1520 5792 1627 5844 cap.
1654 5779 1730 5842 16,
1756 5794 1804 5831 v.
1848 5779 1924 5841 10,

334 5845 580 5916 ἱιροειεὶιίᾰ
603 5860 746 5902 auten
768 5845 937 5901 eis'ten
959 5845 1269 5914 apopompe'u.

1697 389 1898 466 unus
1936 386 2246 446 manus.

3535 396 3637 453 709

2057 505 2204 579 cauti
2218 521 2475 578 synagoga
2494 507 2734 564 exorabit.
2758 507 3035 576 Quomodo
3055 525 3180 579 ergo
3199 511 3440 568 exorabit
3463 513 3636 571 taber-

2051 596 2298 651 naculum
2325 607 2379 652 et
2403 599 2568 655 altare
2588 642 2602 666 ,
2636 601 2732 656 nisi
2756 642 2772 670 ,
2799 613 2863 658 'ut
2881 603 3079 658 dictum
3103 612 3214 671 est,
3240 604 3632 676 intelligamus,

2050 688 2324 743 exorando
2356 690 2638 761 purgabit'l

2120 779 2251 836 LVI.
2284 779 2385 855 [lb.
2405 798 2538 851 xvu,
2557 784 2609 850 5,
2633 781 2713 858 4.]
2737 783 2865 840 Illud
2885 784 3025 856 quod
3045 783 3194 852 dicit,
3219 784 3530 860 Quicumque
3549 804 3636 842 oc-

2045 871 2220 927 ciderit
2241 873 2471 941 vitulum,
2498 885 2588 930 aut
2612 892 2771 942 ouem,
2800 886 2887 931 aut
2914 894 3122 948 capram
3147 878 3200 931 in
3223 879 3419 943 castris,
3451 888 3496 933 et
3519 881 3636 948 qui-

2047 981 2260 1036 cumque
2282 967 2517 1022 occiderit
2541 977 2682 1023 extra
2707 977 2874 1024 castra
2889 1009 2908 1034 ,
2947 979 2992 1023 et
3028 969 3097 1024 ad
3117 970 3300 1025 ostium
3324 970 3634 1026 tabernaculi

2048 1058 2315 1112 testimonii
2342 1075 2442 1112 non
2467 1060 2712 1127 attulerit,
2740 1068 2795 1115 et
2823 1061 2874 1115 in
2907 1061 3006 1115 hoc
3029 1061 3303 1116 constituit
3331 1071 3628 1132 peccatum,

2045 1155 2100 1202 et
2124 1148 2480 1204 comminatur
2503 1147 2751 1217 facienti;
2778 1167 2885 1206 non
2909 1151 2977 1206 de
3005 1152 3068 1207 iis
3088 1152 3214 1206 dicit
3237 1167 3354 1222 qum
3381 1153 3633 1209 occidun-

2050 1243 2135 1291 tur
2160 1237 2226 1292 ad
2251 1253 2405 1294 usum
2435 1240 2706 1308 vescendi,
2732 1241 2820 1296 vel
2845 1241 2890 1296 si
2915 1241 3039 1312 quid
3061 1241 3221 1308 aliud,
3252 1243 3344 1298 sed
3365 1242 3434 1299 de
3459 1244 3630 1299 sacri-

2044 1327 2199 1384 ﬁciis.
2225 1329 2502 1384 Prohibuit
2526 1329 2669 1387 enim
2701 1332 2902 1401 privata
2931 1334 3188 1388 saerilicia
3208 1375 3224 1398 ,
3255 1350 3322 1390 ne
3350 1335 3450 1390 sibi
3480 1337 3630 1406 quis-

2043 1436 2146 1491 que
2171 1422 2563 1492 quodammodo
2589 1426 2838 1482 sacerdos
2867 1441 2986 1482 esse
3010 1427 3234 1494 audeat;
3267 1429 3361 1485 sed
3397 1430 3521 1486 illuc
3547 1431 3632 1485 af-

2043 1511 2211 1579 ferat,
2248 1514 2336 1574 ubi
2380 1530 2474 1584 per
2506 1516 2837 1572 sacerdotem
2873 1517 3164 1573 olferantur
3197 1520 3326 1575 Deo.
3369 1521 3443 1576 Ita
3487 1523 3630 1579 enim

2042 1618 2142 1657 nec
2169 1606 2316 1658 vanis
2345 1605 2722 1662 sacriﬁcabunt
2751 1625 2764 1660 :
2797 1624 2920 1664 nam
2949 1617 3002 1665 et
3031 1609 3132 1665 hoc
3163 1610 3215 1664 in
3246 1627 3307 1666 ca
3336 1622 3630 1669 consuetu-

2040 1693 2165 1750 dine
2193 1697 2486 1752 cavendum
2519 1700 2856 1768 praemonuit.
2887 1701 3021 1756 Cum
3047 1717 3176 1772 ergo
3202 1717 3308 1758 non
3335 1703 3521 1761 liceret
3545 1705 3629 1760 of-

2040 1783 2168 1840 ferri
2188 1787 2445 1844 sacriﬁcia
2473 1789 2572 1844 nisi
2598 1789 2652 1844 in
2677 1791 3035 1859 tabernaculo,
3057 1794 3142 1850 cui
3165 1795 3416 1864 templum
3441 1806 3630 1867 postea

2039 1880 2328 1946 successit;
2371 1881 2512 1936 unde
2540 1889 2595 1936 et
2619 1895 2710 1937 rex
2739 1882 2899 1939 Israel
2927 1883 3211 1940 Jeroboam
3240 1901 3427 1943 vaccas
3454 1888 3630 1946 facere

2038 1981 2203 2026 ausus
2226 1977 2310 2024 est
2326 2011 2339 2034 ,
2368 1970 2560 2040 quibus
2592 1974 2816 2042 populus
2840 1974 3164 2030 sacriﬁcaret
3182 2017 3197 2044 ,
3221 1992 3289 2032 ne
3318 1977 3473 2048 hujus
3495 1979 3629 2051 legis

2037 2060 2356 2114 necessitate
2395 2061 2779 2120 seducercntur
2819 2065 2887 2120 ab
2927 2081 2993 2120 eo
3033 2067 3123 2136 qui
3164 2068 3266 2123 sub
3305 2083 3473 2140 regno
3513 2072 3630 2141 ejus

2037 2160 2226 2219 erant,
2275 2153 2403 2208 dum
2444 2155 2729 2225 pergerent
2760 2156 3056 2212 Jerusalem
3103 2167 3160 2212 ut
3199 2159 3250 2214 in
3295 2160 3492 2230 templo
3533 2163 3628 2218 Dei

2037 2242 2292 2299 offerrent
2317 2247 2578 2302 sacriﬁcia
2605 2263 2719 2313 sua,
2749 2249 2800 2303 in
2832 2266 2936 2318 quo
2960 2250 3101 2305 facto
3123 2267 3152 2306 a
3180 2251 3404 2308 Domino
3427 2253 3626 2310 conde-

2037 2343 2249 2391 Innatus
2266 2345 2347 2390 est
2365 2335 2454 2408 (III
2484 2336 2610 2409 Reg.
2636 2355 2725 2402 xu,
2741 2339 2936 2411 28-50)
2967 2359 2980 2395 :
3005 2341 3196 2396 merito
3215 2341 3470 2412 qumrilur
3493 2360 3626 2414 quo-

2034 2427 2198 2484 modo
2229 2429 2371 2484 lieite
2405 2431 2787 2487 sacriﬁcaverit
2829 2433 2974 2489 Elias
3012 2443 3161 2489 extra
3202 2436 3455 2506 templum
3499 2437 3624 2506 Dei,

2035 2518 2248 2587 quando
2286 2529 2340 2575 et
2378 2520 2552 2590 ignem
2591 2521 2659 2577 de
2696 2521 2833 2578 casio
2871 2523 3209 2593 impetravit,
3247 2533 3300 2580 et
3339 2525 3627 2596 prophetas
3697 2555 3706 2562 κ

2033 2611 2418 2668 daemoniorum
2445 2615 2674 2669 convicit
2709 2613 2822 2687 (Id.
2847 2631 3013 2683 xvm,
3049 2616 3119 2673 ’56
3147 2617 3262 2688 '59).
3301 2617 3454 2685 Quod
3493 2619 3625 2674 mihi

2032 2719 2140 2762 non
2170 2704 2378 2760 videtur
2410 2705 2514 2760 alia
2552 2706 2757 2762 ratione
2781 2704 3035 2772 defendi,
3072 2723 3230 2778 quam
3261 2708 3351 2763 illa
3389 2725 3491 2779 qua
3520 2709 3621 2764 de-

2031 2794 2268 2851 fenditur
2294 2805 2349 2852 et
2377 2797 2605 2853 Abraha:
2637 2797 2872 2868 factum,
2913 2799 3054 2868 quod.
3094 2799 3263 2856 ﬁlium
3306 2801 3418 2856 Deo
3441 2801 3624 2872 jussus

2030 2887 2196 2941 voluit
2223 2887 2500 2944 immolare
2537 2887 2690 2962 (Gen.
2728 2905 2876 2957 xxn,
2914 2888 3091 2963 5-10).
3124 2890 3255 2946 Cum
3294 2891 3437 2947 enim
3473 2891 3625 2961 jubet

2031 2980 2120 3036 iile
2157 2983 2246 3050 qui
2282 2980 2454 3052 legem
2491 2982 2801 3049 constituit,
2837 2983 3038 3054 aliquid
3075 2983 3189 3039 ﬁeri
3228 2983 3371 3054 quod
3411 2984 3464 3039 in
3505 2984 3624 3055 lege

2030 3071 2334 3142 prohibuit,
2361 3073 2531 3142 jussio
2558 3074 2670 3144 ipsa
2701 3090 2798 3145 pro
2827 3075 2945 3146 lege
2975 3075 3219 3140 habetur,
3248 3076 3500 3146 quoniam
3526 3091 3624 3131 au-

2028 3174 2146 3222 ctor
2173 3175 2255 3221 est
2282 3166 2432 3237 legis.
2463 3165 2581 3222 Non
2605 3167 2748 3223 enim
2776 3167 2965 3224 deesse
2994 3177 3212 3238 possent
3237 3168 3488 3224 miracula
3514 3169 3620 3223 alia

2028 3266 2226 3326 prteter
2256 3258 2574 3312 sacriﬁcium
2597 3301 2612 3326 ,
2652 3259 2844 3328 quibus
2867 3268 3244 3329 superarentur
3262 3267 3316 3314 et
3338 3259 3622 3314 convince-

2026 3355 2214 3402 rentur
2239 3348 2516 3417 pr0phetae
2541 3349 2782 3404 lucorum
2809 3367 2822 3404 :
2851 3349 2945 3404 sed
2965 3349 3192 3419 Spiritus
3220 3350 3310 3404 Dei
3337 3349 3424 3420 qui
3452 3349 3621 3405 fuerat

2027 3438 2081 3493 in
2113 3440 2258 3506 Elia,
2300 3439 2558 3510 quidquid
2590 3441 2640 3494 in
2669 3440 2768 3494 hac
2795 3456 2854 3495 re
2880 3439 3042 3506 fecit,
3081 3448 3266 3495 contra
3298 3440 3466 3511 legem
3497 3455 3620 3496 esse

2027 3546 2134 3586 non
2157 3538 2361 3600 potest,
2392 3532 2516 3602 quia
2541 3531 2697 3586 dator
2726 3541 2808 3586 est
2833 3531 2984 3600 legis.

2097 3621 2253 3676 LV'll.
2300 3620 2399 3694 [lb.
2430 3637 2570 3689 xvn,
2615 3620 2822 3695 10-12.]
2861 3621 2996 3688 Quid
3037 3629 3120 3678 est
3147 3620 3288 3692 quod
3331 3621 3620 3693 prohibens

2025 3713 2291 3770 edendum
2321 3715 2634 3783 sanguinem
2661 3713 2817 3779 dicit,
2846 3714 3030 3768 Anima
3058 3715 3220 3769 omnis
3253 3715 3450 3781 carnis,
3492 3731 3618 3769 san-

2024 3805 2139 3876 guis
2184 3806 2294 3875 ejus
2340 3806 2453 3860 est?
2491 3804 2660 3872 Quem
2690 3812 2857 3859 totum
2901 3803 3075 3860 locum
3114 3804 3194 3860 sic
3230 3805 3459 3874 explicat
3495 3821 3508 3858 :
3548 3802 3619 3859 Et

2027 3897 2196 3964 Ιιοιιιο,
2228 3898 2378 3950 homo
2406 3895 2628 3965 ﬁliorum
2654 3894 2840 3962 Israel,
2861 3904 2948 3949 aut
2973 3895 3036 3950 de
3063 3896 3328 3966 proselytis
3349 3895 3437 3966 qui
3460 3912 3620 3966 appo-

2024 3990 2110 4044 siti
2133 3998 2247 4044 sunt
2271 3990 2322 4043 in
2343 3990 2477 4043 vobis
2495 4029 2512 4055 ,
2545 3990 2840 4060 quicumque
2867 3988 3027 4044 ederit
3051 4005 3248 4043 omnem
3279 3989 3614 4060 sanguinem;

2025 4091 2073 4135 et
2112 4089 2332 4135 statuam
2373 4081 2553 4152 faciem
2590 4097 2752 4135 meam
2789 4097 2942 4151 super
2966 4081 3188 4135 animam
3212 4097 3325 4150 qua?
3349 4081 3620 4134 manducat

2023 4172 2340 4244 sanguinem,
2372 4182 2417 4226 et
2443 4171 2652 4242 perdam
2675 4172 2816 4228 illaut
2837 4170 2901 4226 de
2921 4171 3108 4242 papula
3133 4188 3246 4224 suo.
3279 4171 3461 4224 Anima
3486 4172 3620 4226 enim

2025 4265 2188 4319 omnis
2213 4264 2381 4319 carnis
2401 4305 2430 4331 ,.
2447 4264 2652 4334 sanguis
2687 4265 2800 4334 ejus
2824 4271 2915 4317 est.
2968 4262 3034 4316 Et
3073 4278 3163 4333 ego
3188 4262 3304 4316 dedi
3331 4262 3461 4316 illud
3485 4264 3619 4316 vol-is

2025 4372 2235 4411 exorare
2279 4372 2371 4427 pro
2407 4355 2676 4410 animabus
2716 4355 2889 4409 vestris
2921 4370 2940 4409 :
2963 4355 3168 4423 sanguis
3195 4356 3327 4407 enim
3369 4355 3478 4424 ejus
3523 4371 3616 4424 pro

2024 4447 2195 4500 anima
2242 4445 2486 4501 exorabit.
2537 4444 2818 4517 Propterea
2861 4446 2967 4499 dixi
3013 4446 3135 4515 [iliis
3190 4443 3391 4512 Israel,
3440 4444 3618 4500 Omnis

2025 4539 2194 4592 anima
2213 4553 2277 4592 ea:
2300 4537 2435 4592 vobis
2450 4554 2552 4591 non
2571 4537 2680 4591 edet
2703 4536 2999 4606 sanguinem
3018 4553 3036 4600 ;
3054 4544 3099 4591 et
3120 4537 3400 4607 proselytus
3419 4537 3506 4604 qui
3525 4553 3620 4608 ap-

2027 4629 2218 4699 positus
2241 4638 2314 4683 est
2337 4629 2390 4682 in
2415 4627 2551 4682 vobis
2569 4669 2583 4694 ,
2610 4644 2712 4682 non
2730 4627 2840 4681 edet
2867 4628 3184 4699 sanguinem.
3215 4627 3608 4700 Numquidnam

2026 4721 2072 4775 si
2095 4720 2325 4774 animam
2357 4719 2565 4789 pecoris
2607 4718 2920 4790 sanguinem
2966 4719 3225 4783 dicimus,
3255 4720 3414 4774 etiam
3441 4721 3617 4776 anima

2029 4810 2260 4866 hominis
2288 4809 2502 4880 sanguis
2546 4809 2772 4880 putanda
2800 4809 2925 4866 est?
2967 4810 3141 4864 Absit.
3181 4810 3460 4878 Quomodo
3488 4827 3618 4882 ergo

2027 4918 2134 4958 non
2178 4902 2288 4970 ait,
2339 4901 2531 4956 Anima
2579 4902 2755 4958 omnis
2794 4901 2970 4957 carnis
3012 4901 3220 4972 pecoris
3257 4902 3471 4976 sanguis
3500 4902 3617 4970 ejus

2028 5003 2143 5059 est;
2173 4994 2289 5061 sed,
2319 4993 2522 5059 Anima,
2553 4991 2742 5065 inquit,
2771 4994 2933 5048 omnis
2953 5000 3120 5050 carnis
3137 4996 3343 5064 sanguis
3366 4996 3478 5066 ejus
3503 4996 3620 5050 est?

2030 5084 2086 5140 In
2115 5086 2259 5140 omni
2287 5086 2468 5156 utique
2495 5100 2684 5150 carne,
2717 5085 2876 5140 etiam
2901 5084 3132 5140 hominis
3156 5101 3283 5140 caro
3306 5085 3612 5155 deputatur.

2028 5177 2110 5230 An
2154 5177 2275 5246 quia
2313 5176 2474 5231 vitale
2517 5175 2716 5245 aliquid
2747 5177 2764 5209 ⁸
2796 5185 2880 5232 εει
2927 5176 2981 5230 in
3029 5171 3320 5246 sanguﬂie,
3367 5176 3489 5246 quia
3521 5191 3615 5246 per

2030 5268 2200 5337 ipsum
2240 5267 2473 5323 maxime
2508 5267 2559 5321 in
2590 5266 2690 5322 hac
2715 5281 2879 5322 carne
2903 5265 3120 5330 vivitur,
3163 5266 3252 5336 qui
3292 5266 3345 5320 in
3369 5266 3614 5322 omnibus

2029 5359 2180 5434 venis
2225 5375 2320 5428 per
2365 5358 2604 5428 corporis
2643 5368 2832 5414 cuncta
2877 5356 3208 5422 diffunditur,
3255 5357 3422 5426 ipsam
3451 5358 3615 5413 vitam

2030 5450 2270 5520 corporis
2299 5448 2510 5505 vocavit
2550 5451 2815 5515 animam,
2855 5463 2961 5502 non
2991 5449 3151 5502 vitam
3177 5439 3297 5518 qua:
3336 5447 3618 5521 migrate:

2030 5555 2286 5611 corpore,
2322 5539 2416 5594 sed
2442 5555 2560 5609 qua:
2598 5549 2771 5594 morte
2800 5537 3019 5593 ﬁnitur?
3047 5537 3162 5606 Qua
3187 5537 3455 5594 locutione
3489 5535 3620 5593 dici-

2094 5717 2112 5748 ί
2137 5714 2276 5778 fruiti,
2302 5725 2374 5778 .m_
2393 5710 2508 5778 quia
2537 5716 2584 5762 et
2604 5710 2699 5778 tale
2720 5709 2922 5775 aliquid.
2946 5718 3002 5765 Et
3036 5710 3232 5778 paulum
3268 5710 3411 5774 infra,
3449 5709 3534 5776 qui
3569 5710 3618 5762 in

2030 5775 2248 5829 erratibus
2270 5773 2476 5838 ueni-{et
2503 5773 2719 5838 corporis
2740 5773 2989 5837 junctum.
3030 5773 3317 5838 lieponimus
3354 5773 3416 5826 ex
3443 5773 3619 5827 novem

2033 5848 2138 5890 Mss.
2165 5855 2178 5891 :
2206 5849 2275 5889 Αη
2296 5837 2411 5900 quia
2431 5833 2598 5896 uitale,
2615 5833 2771 5888 etcul.
2797 5850 2881 5894 per
2906 5833 3119 5892 certioris
3141 5842 3328 5888 cuncta.
