4136 6468
524 393 633 454 105

522 525 641 566 mus
687 509 848 566 istam
877 512 1039 567 vitam
1080 512 1430 582 temporalem
1476 526 1626 579 esse,
1675 527 1780 567 non
1830 520 2116 579 azternam;

521 602 836 670 mortalem,
866 618 972 657 non
1001 603 1354 659 immortalem
1384 622 1397 658 :
1425 617 1546 657 cum
1576 603 1645 657 sit
1670 602 1985 657 immortalis
2007 602 2122 657 aui-

520 707 623 747 mac
654 702 859 757 natura,
883 708 999 763 quae
1023 692 1193 747 ablata
1219 701 1301 747 est
1328 692 1396 748 ab
1425 692 1641 762 Angelis
1666 692 1717 746 in
1743 691 1866 748 sinu
1890 690 2119 748 Abrahze

524 781 678 853 (Luc.
705 798 812 848 xvi,
839 781 965 853 2‘2);
996 790 1050 838 et
1069 782 1153 838 cui
1181 782 1395 848 dicitur,
1420 781 1590 838 Hodie
1613 798 1807 838 mecum
1830 784 1929 839 erit:
1946 783 1999 837 in
2027 799 2121 854 pa-

518 876 693 929 radiso
725 874 833 949 (Id.
867 890 1027 941 χχιιι,
1058 873 1186 947 45);
1229 882 1285 931 et
1321 891 1440 946 quae
1483 876 1535 931 in
1580 877 1859 932 tormentis
1898 875 2119 931 ardebat

527 964 721 1020 inferni
756 964 866 1038 (Id.
897 981 1001 1031 xvr,
1031 965 1147 1036 25).
1179 966 1480 1021 Secundum
1511 968 1665 1021 istam
1691 982 1820 1038 ergo
1846 968 2115 1038 signiﬁca-

530 1054 729 1111 tionem
749 1097 765 1124 ,
805 1071 907 1126 qua
951 1055 1259 1125 perhibetur
1281 1056 1456 1111 anima
1483 1057 1641 1111 etiam
1672 1056 1789 1112 haec
1810 1057 2117 1127 temporalis

516 1147 624 1202 vita
649 1187 666 1214 ,
696 1147 830 1201 dixit
853 1146 1129 1217 apostolus
1160 1147 1353 1202 Paulus
1377 1188 1391 1212 ,
1426 1145 1548 1201 Non
1570 1147 1702 1201 enim
1728 1148 1863 1218 facio
1891 1148 2117 1202 animam

517 1255 680 1294 nteant
720 1240 1064 1311 pretiosiorem
1105 1256 1257 1311 quam
1302 1257 1382 1296 me
1412 1242 1429 1273 ί
1478 1239 1612 1312 (Act.
1645 1256 1742 1307 xx,
1767 1240 1896 1313 24);
1937 1241 2025 1297 ubi
2056 1256 2116 1298 se

516 1328 800 1386 ostendere
829 1330 1069 1386 voluitet
1091 1331 1225 1386 mori
1247 1338 1487 1401 paratum
1509 1345 1608 1401 pro
1634 1331 1944 1401 Evangelio.
1980 1330 2116 1386 Nam

516 1422 811 1481 secundum
837 1423 1281 1495 signiﬁcationem
1314 1439 1419 1495 qua
1448 1424 1623 1478 anima
1658 1423 1854 1479 dicitur
1875 1423 1965 1478 illa
1995 1437 2114 1491 qua:

515 1514 709 1586 migrat
749 1529 817 1570 ex
859 1528 1115 1584 corpore,
1159 1514 1326 1585 magis
1363 1530 1484 1569 eam
1523 1515 1811 1585 pretiosam
1859 1514 2111 1583 faciebat,

514 1605 601 1662 cui
635 1601 836 1660 tantum
867 1605 1117 1661 meritum
1144 1604 1511 1676 conquirebat.
1542 1605 1680 1661 Sunt
1703 1613 1757 1660 et
1779 1604 1898 1659 alia:
1927 1603 2116 1673 hujus-

514 1696 659 1752 modi
687 1696 1003 1753 locutiones.
1028 1695 1149 1751 Vita
1192 1697 1371 1767 itaque
1408 1696 1506 1751 ista
1544 1693 1851 1766 temporalis
1880 1695 2115 1751 maxime

514 1788 773 1858 sanguine
808 1787 1111 1843 continetur
1139 1788 1194 1843 in
1238 1801 1484 1857 corpore.
1529 1785 1636 1842 Sed
1680 1784 1809 1857 quid
1847 1793 1932 1841 est
1971 1786 2112 1856 quod

513 1880 610 1947 ait,
638 1877 769 1933 Dedi
796 1878 935 1934 vobis
962 1895 1074 1932 eum
1098 1880 1168 1932 ad
1193 1878 1355 1932 altare
1395 1876 1495 1931 Dei
1515 1917 1531 1943 ,
1560 1880 1770 1931 exorare
1808 1892 1902 1946 pro
1938 1876 2113 1931 anima

512 1978 710 2037 uestra;
749 1979 998 2041 tanquam
1026 1970 1204 2025 anima
1253 1984 1350 2039 pro
1388 1968 1566 2024 anima
1592 1968 1813 2024 exoret?
1844 1967 2111 2039 Numquid

513 2061 729 2131 sanguis
754 2075 850 2131 pro
875 2060 1133 2131 sanguine
1151 2102 1166 2128 ,
1194 2059 1346 2130 quasi
1378 2058 1446 2114 de
1481 2066 1665 2113 nostro
1689 2058 1947 2129 sanguine
1972 2057 2112 2113 solli-

514 2152 605 2208 citi
629 2152 832 2220 simus,
860 2166 983 2207 cum
1025 2166 1122 2221 pro
1162 2151 1338 2205 anima
1381 2160 1563 2206 nostra
1593 2149 1839 2205 volumus
1862 2149 2111 2205 exorari?

515 2244 817 2301 Absurdum
842 2252 929 2300 est.
954 2242 1077 2299 hoc.

583 2337 689 2393 Sed
716 2337 887 2393 multo
913 2346 995 2393 est
1022 2334 1308 2392 absurdius
1330 2343 1389 2390 ut
1414 2334 1631 2406 sanguis
1675 2334 1883 2404 pecoris
1925 2338 2112 2389 exoret

514 2443 612 2498 pro
631 2430 807 2484 anima
827 2428 1093 2495 hominis,
1120 2443 1239 2499 qua:
1265 2426 1402 2482 mori
1424 2442 1528 2482 non
1562 2434 1738 2497 potest
1760 2443 1772 2479 :
1794 2441 1915 2481 eum
1940 2424 2112 2480 mani-

511 2520 649 2576 feste
666 2520 937 2591 Scriptura
965 2528 1187 2575 testetur
1209 2518 1262 2573 in
1292 2518 1524 2588 Epistula
1545 2517 1613 2572 ad
1638 2517 1891 2573 Hebraeos
1910 2557 1924 2583 ,
1957 2517 2108 2571 illum

511 2612 823 2683 sanguinem
851 2611 1185 2668 victimarum
1224 2610 1357 2666 nihil
1386 2610 1652 2681 profuisse
1678 2610 1747 2665 ad
1774 2609 2106 2665 exorandum

512 2702 680 2758 Deum
709 2717 807 2773 pro
835 2702 1068 2773 peccatis
1095 2702 1406 2766 hominum;
1431 2701 1524 2756 sed
1551 2702 1882 2773 signiﬁcasse
1909 2701 2109 2771 aliquid

511 2797 654 2868 quod
683 2795 979 2866 prodesset.
1006 2793 1329 2867 Impossibile
1353 2804 1427 2850 est
1452 2795 1619 2860 enim,
1656 2794 1856 2864 inquit,
1893 2794 2106 2866 sangui-

511 2904 626 2941 nem
662 2887 917 2941 hircorum
959 2894 1005 2941 et
1046 2895 1307 2940 taurorum
1343 2885 1543 2954 auferre
1572 2894 1777 2956 peccata
1819 2884 2001 2955 (Hebr.
2030 2900 2064 2939 Χ
2087 2925 2103 2952 ,

510 2978 588 3049 4).
620 2977 804 3033 Restat
832 2979 1009 3048 itaque
1033 2985 1093 3031 ut
1112 2975 1363 3047 quoniam
1393 2990 1490 3044 pro
1508 2975 1684 3030 anima
1717 2982 1898 3029 nostra
1917 2981 2109 3030 exorat

511 3068 770 3126 Mediator
814 3069 937 3137 ille,
983 3069 1074 3139 qui
1126 3068 1373 3123 omnibus
1410 3068 1514 3123 illis
1550 3066 1823 3122 sacriﬁciis
1849 3081 1970 3137 qua:
2009 3081 2107 3136 pro

511 3160 744 3231 peccatis
770 3159 1130 3215 offerebantur
1154 3158 1612 3229 prmﬁgurabatur,
1657 3156 1787 3214 illud
1811 3158 2108 3230 appelletur

508 3254 685 3308 anima
706 3251 847 3324 quod
874 3253 1138 3324 signiﬁcat
1165 3252 1419 3307 animam.

580 3345 729 3402 Solet
769 3355 945 3401 autem
990 3359 1079 3400 res
1121 3359 1240 3415 qua:
1282 3344 1543 3415 signiﬁcat
1589 3344 1707 3415 ejus
1759 3343 1839 3400 rei
1889 3345 2106 3402 nomine

507 3453 668 3508 quam
714 3436 976 3508 signiﬁcat
1017 3435 1345 3506 nuncupari;
1384 3436 1522 3491 sicut
1564 3435 1823 3506 scriptum
1849 3444 1963 3505 est,
1997 3436 2101 3492 Se-

510 3539 645 3601 ptent
672 3530 825 3601 spica:
842 3570 857 3596 ,
885 3538 1074 3600 septem
1100 3527 1223 3582 anui
1248 3537 1396 3593 sunt;
1427 3542 1534 3582 non
1560 3529 1703 3584 enim
1724 3528 1877 3595 dixit,
1900 3539 2104 3601 septem

508 3637 679 3679 annos
706 3623 1041 3694 signiﬁcant:
1069 3631 1150 3688 et,
1181 3621 1385 3692 Septem
1426 3622 1590 3691 boves,
1612 3632 1801 3694 septem
1841 3625 1965 3678 anni
1982 3634 2107 3679 sunt

511 3714 661 3783 (Gen.
691 3729 775 3769 xu
803 3754 818 3779 ,
840 3699 963 3783 9.6):
986 3723 1039 3770 et
1058 3714 1220 3768 multa
1251 3713 1573 3784 huiusmodi.
1599 3714 1733 3770 lliuc
1759 3723 1842 3770 est
1864 3716 2005 3787 quod
2025 3715 2109 3772 di-

509 3816 656 3861 ctum
682 3814 763 3861 est
783 3848 797 3872 ,
828 3804 985 3860 Petro
1010 3817 1115 3861 erat
1140 3806 1370 3861 Christus
1399 3806 1439 3876 (Ι
1457 3805 1577 3862 Cor.
1609 3822 1672 3873 ς,
1701 3806 1756 3877 4)
1784 3824 1798 3862 :
1828 3822 1929 3863 non
1960 3808 2105 3864 enim

510 3899 671 3966 dixit,
696 3900 848 3955 Petra
873 3898 1137 3970 signiﬁcat
1163 3899 1435 3956 Christum
1453 3941 1467 3965 ,
1496 3899 1589 3955 sed
1614 3910 1863 3970 tanquam
1885 3901 1988 3957 hoc
2015 3916 2103 3957 cs-

510 4003 619 4058 sct,
648 3991 789 4063 quod
831 3992 1012 4062 utique
1040 4006 1132 4062 per
1160 3999 1508 4048 substantiam
1554 4006 1658 4047 unu
1691 3991 1791 4049 hoc
1831 4002 1945 4048 erat
1964 4036 1979 4060 ,
2008 3993 2104 4049 scd

511 4098 609 4154 per
640 4082 1100 4154 signiﬁcationem.
1132 4082 1218 4137 S.c
1259 4094 1312 4139 et
1350 4096 1566 4155 sanguis
1607 4085 1857 4152 quoniam
1887 4094 2104 4154 propter

506 4175 558 4229 vs'
565 4174 723 4231 talem
750 4173 1034 4244 quanulnn
1064 4181 1447 4241 corpntcnttatn
1475 4187 1706 4229 annnam
1732 4174 2023 4246 signiﬁcat,
2047 4176 2101 4231 iu

507 4265 854 4339 sacramentis
875 4281 1048 4322 annua
1070 4270 1241 4322 dctus
1267 4279 1368 4322 cst.
1401 4268 1592 4322 \‘ermn
1618 4269 1661 4324 si
1686 4268 1965 4340 quisquam
2005 4284 2102 4339 pu-

511 4369 587 4415 tat.
623 4360 855 4414 animam
901 4371 1109 4430 pecoris
1140 4372 1258 4415 esse
1288 4372 1632 4429 sanguinem,
1662 4372 1766 4413 non
1795 4367 1878 4414 est
1904 4358 1956 4414 in
2001 4359 2101 4416 ista

506 4453 799 4525 quzestionc
837 4451 1203 4507 laborandum.
1231 4450 1460 4507 lautum
1503 4465 1571 4508 ne
1610 4450 1787 4506 anima
1835 4451 2098 4520 hominis,

507 4560 627 4616 qua:
672 4559 887 4600 carnem
933 4544 1217 4599 humanam
1264 4543 1527 4609 milicat,
1567 4552 1622 4600 ct
1667 4551 1751 4600 est
1788 4542 2096 4612 rationalis,

509 4635 725 4708 sanguis
771 4645 1002 4705 putetur,
1033 4637 1189 4691 \alde
1230 4635 1526 4692 cavendum
1570 4644 1683 4704 cst,
1730 4644 1784 4692 et
1822 4635 1909 4691 hic
1950 4650 2103 4693 error

506 4726 682 4785 modis
709 4727 958 4783 omnibus
985 4726 1309 4783 refutandus.
1340 4725 1651 4795 Qumrcnda:
1680 4726 1841 4782 etiam
1868 4726 2099 4783 locutio-

507 4833 641 4887 nes,
686 4818 879 4889 quibus
926 4834 1020 4888 pcr
1070 4818 1119 4872 id
1167 4817 1308 4887 quod
1352 4818 1629 4885 continet,
1675 4818 2004 4889 signiﬁcetur
2045 4819 2097 4875 id

506 4910 649 4984 quod
678 4910 996 4977 continetur,
1031 4920 1088 4965 ut
1115 4908 1366 4981 quoniam
1396 4909 1573 4965 anima
1599 4910 1857 4981 sanguine
1886 4916 2099 4966 tenetur

508 5004 560 5059 in
587 5018 814 5074 corpore
841 5002 986 5075 (nam
1017 5002 1061 5058 si
1091 5001 1247 5058 fuerit
1268 5002 1469 5059 effusus
1493 5002 1773 5073 abscedit),
1806 5018 1901 5075 per
1924 5004 2096 5075 ipsum

505 5100 681 5169 aptius
701 5097 991 5186 signiﬁcata
1016 5096 1085 5152 sit
1103 5095 1277 5152 anima
1299 5138 1313 5163 ,
1337 5105 1393 5152 et
1418 5096 1533 5167 ejus
1557 5111 1752 5153 nomen
1774 5097 1990 5168 sanguis
2009 5112 2098 5153 ac-

505 5190 725 5262 ceperit.
751 5188 897 5246 Sicut
916 5185 1147 5244 ecclesia
1175 5186 1369 5242 dicitur
1394 5185 1545 5242 locus
1562 5201 1669 5257 quo
1693 5185 1933 5242 Ecclesia
1961 5200 2095 5242 con-

504 5290 772 5354 gregatur.
802 5278 935 5335 Nam
963 5278 1199 5335 Ecclesia
1227 5278 1471 5335 homines
1491 5285 1612 5333 sunt
1628 5319 1643 5345 ,
1665 5276 1733 5333 de
1752 5276 1945 5348 quibus
1964 5276 2097 5333 dici-

408 5376 411 5379 λ
508 5385 595 5431 tur
625 5393 637 5429 :
679 5373 747 5431 Ut
774 5374 1025 5430 exhiberet
1051 5373 1143 5427 stbt
1171 5371 1444 5444 gloriosam
1476 5370 1752 5425 Ecclesium
1777 5368 1995 5440 (Ephes.
2034 5383 2091 5434 ν,

503 5466 622 5537 27).
675 5466 787 5522 Hoc
824 5474 999 5521 tamen
1037 5463 1217 5519 vocari
1244 5463 1404 5518 etiam
1442 5462 1614 5533 ipsam
1653 5459 1870 5516 domum
1898 5458 2096 5514 oratio-

506 5573 633 5614 num
650 5599 667 5626 ,
694 5556 834 5613 idem
864 5553 1136 5628 apostolus
1163 5553 1314 5610 testis
1338 5560 1440 5621 est,
1465 5552 1554 5608 ubi
1574 5552 1648 5606 ait
1673 5567 1686 5604 :
1718 5548 1982 5620 Numquid
2001 5549 2096 5604 do-

575 5666 761 5717 ‘Editio
796 5673 915 5724 κει,
956 5664 1211 5729 pretiosam
1240 5660 1376 5713 mihi.
1402 5662 1504 5729 sic
1540 5662 1685 5711 etiam
1706 5667 1815 5729 ius?
1877 5656 2094 5729 melioris

505 5736 651 5789 notae,
674 5729 772 5777 imo
790 5717 979 5785 omnes,
999 5733 1205 5788 excepto
1222 5739 1317 5774 uno
1332 5724 1412 5788 qui
1430 5724 1595 5781 habet,
1610 5719 1937 5831 pretiosiorem
1953 5717 2089 5791 mihi.

505 5798 554 5831 In
590 5803 751 5831 arma
788 5796 929 5831 textu
958 5795 1178 5831 Acilium.
1219 5800 1322 5831 mn.
1365 5786 1444 5831 20.
1484 5800 1528 5831 ν.
1569 5784 1601 5831 ‘2
1634 5819 1650 5831 .
1693 5782 1904 5831 lauimus
1926 5787 2089 5831 timum

503 5782 554 5840 In
590 5782 751 5847 grteco
788 5796 930 5839 textu
958 5782 1178 5846 actuum,
1219 5800 1322 5848 cap.
1350 5782 1444 5846 '20,
1484 5800 1528 5836 γ.
1569 5782 1650 5848 ει,
1693 5782 1904 5847 legimus
1926 5782 2093 5833 timith

504 5851 693 5905 errando
719 5864 736 5901 :
758 5851 888 5916 quod
912 5857 1017 5901 Mss.
1043 5849 1139 5899 illis
1160 5850 1466 5912 suifragatur.

1302 396 1761 468 QU.£STlONUM
1799 398 1856 456 S.
1897 396 2262 457 AGGUSTlNl
2302 401 2371 459 lN
2406 402 2962 468 HEPTATEUCIIUM

3710 422 3820 481 τοι

2228 531 2338 572 mos
2377 534 2476 573 non
2508 519 2700 577 habetis
2749 523 2819 577 ad
2869 524 3277 583 manducandum
3319 539 3365 585 et
3408 531 3718 594 bibendum?
3749 555 3818 594 an

2226 610 2484 665 ecclesiam
2509 612 2607 668 Dei
2634 617 2950 671 contemnitis
2978 615 3033 691 (Ι
3055 615 3173 674 Cor.
3196 636 3278 689 xt,
3300 621 3431 694 θεν
3456 625 3521 681 Ει
3551 627 3652 683 hoc
3679 645 3821 699 quo-

2225 699 2456 757 tidianus
2495 702 2747 789 loquendi
2774 722 2903 763 usus
2928 710 3276 783 obtinuit,‘ut
3298 712 3350 767 in
3380 715 3660 773 ecclesiam
3692 733 3820 789 pro-

2222 789 2369 881 dire,
2397 802 2488 847 aut
2508 794 2575 850 ad
2593 786 2882 865 ecclesiam
2903 799 3189 874 confugere
3208 819 3314 859 non
3341 805 3567 873 dicatur,
3595 786 3816 881 uisiqui

2223 879 2290 935 ad
2328 882 2501 938 locum
2529 884 2700 954 ipsum
2728 888 3065 961 parietesque
3095 893 3349 962 prodierit
3374 896 3458 951 vel
3480 879 3814 970 confugerit,

2224 973 2415 1043 quibus
2442 974 2699 1033 Ecclesiae
2725 983 3064 1053 congregatio
3087 985 3408 1041 continetur.
3433 986 3701 1059 Scriptum
3730 999 3817 1048 est

2222 1066 2381 1122 etiam
2401 1107 2416 1130 ,
2444 1067 2515 1123 Et
2540 1068 2803 1138 e/j'undcns
2832 1076 3129 1146 sanguinem
3148 1117 3163 1143 ,
3189 1078 3276 1149 qui
3307 1077 3514 1147 fraudat
3536 1082 3818 1137 mercedem

2221 1161 2515 1243 mercenarii
2554 1160 2740 1231 (Eccti.
2787 1180 2954 1219 xxxw
2976 1208 2992 1233 ,
3021 1165 3135 1239 27).
3176 1153 3474 1226 Mercedem
3502 1173 3815 1243 sanguinem

2220 1242 2387 1317 dixit,
2420 1252 2669 1323 quoniam
2696 1270 2758 1311 ea
2778 1264 3111 1314 sustentatur
3134 1259 3270 1327 vita,
3297 1275 3417 1332 qua:
3438 1242 3654 1320 nomine
3689 1276 3819 1319 san-

2220 1342 2395 1413 guinis
2421 1346 2738 1416 appellatur.

2292 1434 2396 1490 Scd
2419 1452 2538 1491 cum
2562 1439 2816 1496 Dominus
2842 1440 3001 1508 dicat,
3026 1441 3147 1498 Nisi
3169 1444 3587 1502 manducaueritis
3610 1464 3816 1503 carnem

2218 1540 2417 1593 meam,
2462 1538 2509 1582 et
2546 1528 2763 1586 biberitis
2795 1548 2963 1587 meum
2999 1535 3314 1605 sanguinem,
3342 1554 3443 1592 non
3474 1538 3719 1594 habebitis
3759 1540 3817 1595 in

2218 1618 2355 1675 vobis
2383 1623 2533 1677 vitam
2564 1620 2740 1695 (Joan.
2769 1641 2843 1694 vr,
2863 1625 2990 1698 54);
3017 1627 3143 1698 quid
3173 1629 3274 1684 sibi
3310 1630 3426 1685 vult
3452 1630 3595 1701 quod
3627 1646 3659 1686 a
3683 1647 3814 1688 san-

2216 1712 2377 1783 guine
2408 1714 2826 1786 sacriﬁciorum,
2863 1734 2984 1794 qua:
3023 1734 3120 1790 pro
3160 1720 3390 1789 peccatis
3431 1720 3811 1789 offerebantur,

2221 1815 2497 1876 tantopere
2527 1809 2752 1878 populus
2781 1810 3110 1883 prohibetur,
3135 1812 3180 1877 si
3213 1812 3327 1877 illis
3344 1813 3618 1868 sacriﬁciis
3647 1829 3810 1869 unum

2217 1895 2319 1952 hoc
2353 1899 2671 1954 sacriﬁcium
2710 1899 3129 1971 signiﬁcabatur,
3162 1902 3214 1957 in
3244 1917 3351 1973 quo
3377 1918 3499 1958 vera
3529 1902 3587 1958 ﬁt
3612 1905 3813 1961 remis-

2216 1990 2297 2045 sio
2321 1999 2662 2061 peccatorum
2698 2010 2711 2046 :
2742 2009 2774 2049 a
2807 1995 2959 2065 cujus
2989 2004 3163 2050 tamen
3196 1995 3442 2052 sacriﬁcii
3473 1997 3730 2069 sanguine
3757 1998 3811 2054 in

2216 2079 2527 2136 alimentum
2557 2083 2849 2151 sumendo,
2896 2099 3003 2140 non
3051 2085 3225 2141 solum
3270 2101 3429 2141 nemo
3474 2086 3809 2161 prohibetur,

2217 2172 2314 2228 sed
2340 2172 2405 2228 ad
2434 2173 2721 2231 bibendum
2763 2176 2939 2246 potius
2974 2191 3161 2233 omnes
3195 2168 3564 2243 exhortantur,
3597 2178 3687 2248 qui
3716 2193 3814 2235 vo—

2215 2261 2331 2319 lunt
2356 2264 2553 2321 habere
2575 2267 2773 2322 vitam?
2799 2267 3154 2336 Quaerendum
3184 2269 3345 2340 igitur
3363 2269 3499 2341 quid
3519 2270 3805 2345 signiﬁcet,

2214 2355 2357 2427 quod
2382 2355 2545 2413 homo
2565 2357 2875 2428 prohibetur
2891 2359 2943 2414 in
2967 2358 3110 2432 Lege
3129 2362 3440 2432 sanguinem
3465 2360 3809 2430 manducare,

2215 2462 2446 2519 eumque
2465 2448 2577 2505 Deo
2604 2449 2827 2506 fundere
2847 2449 3084 2521 jubetur.
3109 2450 3242 2507 Nam
3272 2451 3340 2508 de
3367 2452 3560 2511 animm
3585 2462 3770 2507 natura
3789 2493 3811 2520 ,

2212 2554 2310 2599 cur
2329 2554 2424 2609 per
2448 2542 2759 2612 sanguinem
2773 2541 3078 2618 signiﬁcata
3105 2543 3195 2612 sit,
3222 2552 3478 2615 quantum
3502 2543 3555 2599 in
3575 2557 3811 2614 prasen-

2214 2632 2284 2687 tia
2307 2632 2436 2687 satis
2459 2634 2631 2689 visum
2661 2643 2776 2704 est,
2807 2634 3060 2691 diximus.

2283 2721 2460 2777 LVIII.
2510 2722 2608 2798 [Ib.
2640 2740 2800 2794 xvm,
2831 2726 2883 2791 7,
2925 2724 3003 2799 8.]
3040 2725 3433 2798 Turpitudinem
3470 2727 3626 2798 patris
3651 2727 3725 2782 lui
3762 2737 3809 2783 et

2212 2814 2574 2883 turpitudinem
2606 2816 2783 2870 matris
2817 2825 2919 2872 tua:
2959 2834 3060 2872 non
3085 2818 3358 2885 reuelabis;
3386 2816 3646 2890 turpitudo
3670 2818 3809 2873 enirn

2212 2922 2384 2961 eorum
2409 2916 2482 2962 est
2511 2908 2550 2964 ί.
2583 2908 2836 2966 Prohibet
2861 2926 2981 2966 cum
3015 2921 3185 2968 matre
3209 2911 3595 2969 concumbere:
3621 2912 3694 2969 ibi
3720 2919 3809 2969 est

2211 3003 2354 3058 enim
2386 3004 2655 3076 turpitudo
2679 3006 2846 3074 patris
2875 3013 2930 3063 et
2955 3007 3162 3063 matris.
3195 3006 3326 3062 Nam
3350 3015 3535 3079 postea
3561 3005 3807 3077 prohibet

2211 3102 2267 3150 et
2301 3109 2548 3151 noverca:
2566 3139 2581 3164 ,
2609 3096 2697 3152 ubi
2723 3095 2888 3165 dicit,
2928 3097 3314 3170 Turpitudinem
3339 3100 3515 3154 uxoris
3540 3098 3698 3171 patris
3729 3089 3805 3167 tui

2210 3204 2313 3243 non
2337 3188 2614 3256 reuelabis;
2645 3190 2907 3262 turpitudo
2930 3192 3062 3246 enim
3087 3192 3246 3262 patris
3274 3192 3349 3246 tui
3376 3201 3449 3247 est
3474 3206 3494 3247 :
3521 3191 3609 3247 ubi
3635 3206 3802 3261 expo-

2210 3279 2320 3336 suit
2356 3281 2622 3351 quomodo
2665 3281 2718 3336 in
2756 3292 2929 3339 matre
2970 3283 3246 3355 utriusque
3288 3283 3358 3340 sit
3397 3282 3701 3353 turpitudo,
3750 3268 3825 3354 id

2211 3378 2293 3424 est
2325 3370 2487 3440 patris
2511 3378 2565 3426 et
2592 3371 2804 3438 matris;
2837 3372 2892 3427 in
2920 3386 3146 3427 noverca
3174 3373 3316 3428 enim
3348 3379 3555 3437 tantum
3577 3371 3765 3444 patris.

2282 3460 2418 3516 LIX.
2446 3461 2546 3541 [Ib.
2570 3479 2697 3528 xvut
2717 3506 2732 3532 ,
2759 3464 2811 3531 9,
2849 3461 2960 3537 11.]
2987 3462 3375 3537 Turpitudinem
3394 3465 3582 3536 sororis
3614 3474 3714 3519 tute
3741 3480 3805 3519 ea:

2210 3564 2353 3627 patre
2379 3565 2464 3610 tuo
2483 3597 2498 3624 ,
2527 3565 2616 3613 aut
2644 3573 2706 3611 ex
2723 3565 2885 3619 matre
2909 3566 2995 3611 tua
3013 3599 3028 3623 ,
3049 3573 3163 3629 qua:
3186 3557 3323 3611 domi
3343 3565 3416 3612 est
3436 3565 3575 3625 nata,
3592 3556 3804 3631 relqui;

2210 3647 2335 3718 foris
2358 3657 2477 3702 nata
2501 3657 2601 3716 est,
2632 3664 2733 3705 non
2752 3646 2990 3703 reuelabis
3021 3632 3380 3725 turpitudinem
3403 3664 3579 3703 earum
3599 3649 3642 3703 ⁸.
3675 3646 3803 3714 Qua:

2210 3737 2349 3791 domi
2390 3747 2512 3793 nata
2555 3748 2655 3803 est,
2703 3737 3014 3810 intelligitur
3046 3753 3111 3794 ex
3151 3747 3347 3810 patre:
3388 3753 3501 3810 qua:
3528 3737 3653 3810 foris
3680 3746 3802 3791 nata

2208 3840 2309 3898 est,
2338 3832 2650 3903 intelligitur
2676 3846 2745 3887 ex
2777 3841 2980 3899 matre,
3011 3832 3056 3888 si
3081 3830 3217 3888 forte
3242 3831 3308 3888 de
3336 3832 3514 3910 priore
3537 3816 3652 3889 viro
3679 3844 3801 3887 eam

2208 3933 2381 3979 mater
2417 3932 2753 3993 susceperat,
2802 3931 2856 3979 et
2896 3938 3017 3978 cum
3057 3923 3146 3979 illa
3190 3923 3246 3979 in
3287 3922 3505 3979 domum
3547 3930 3797 3990 venerat,

2207 4012 2420 4084 quando
2461 4014 2597 4084 patri
2641 4013 2758 4083 ejus
2794 4014 3002 4084 nupsit,
3031 4028 3187 4085 quem
3226 4020 3409 4069 monet
3435 4011 3706 4084 Scriptura
3731 4027 3801 4068 ne

2207 4106 2407 4163 revelet
2428 4105 2809 4176 turpitudinem
2828 4105 3030 4161 sororis
3068 4121 3198 4162 sure.
3216 4105 3315 4161 Hie
3328 4104 3540 4162 videtur
3561 4092 3663 4160 non
3683 4119 3801 4175 pro-

2207 4197 2445 4254 hibuisse
2466 4240 2483 4266 ,
2510 4208 2565 4253 et
2592 4199 2744 4269 quasi
2772 4197 3178 4269 praetermisisse
3205 4197 3545 4254 concubitum
3566 4212 3688 4252 cum
3717 4210 3799 4252 so-

2206 4303 2330 4345 rore
2352 4288 2421 4347 de
2445 4298 2670 4360 utroque
2700 4298 2923 4360 parente
2958 4297 3081 4345 nata
3112 4306 3128 4343 :
3158 4303 3264 4344 non
3294 4289 3437 4345 enim
3467 4288 3626 4357 dicit,
3656 4287 3797 4343 Tur-

2206 4383 2500 4455 pitudinem
2522 4399 2628 4440 non
2649 4383 2911 4440 revelabis
2931 4382 3130 4439 sororis
3151 4390 3256 4438 tua:
3275 4398 3340 4438 ex
3357 4389 3509 4453 patre
3528 4391 3581 4438 et
3601 4389 3794 4447 matre,

2206 4475 2336 4544 scd,
2376 4492 2442 4531 ea:
2484 4484 2630 4548 patre
2670 4482 2758 4529 aut
2793 4491 2859 4531 ea:
2894 4483 3072 4531 matre.
3102 4473 3301 4531 Verum
3329 4475 3449 4545 quis
3474 4486 3580 4529 non
3620 4472 3799 4528 videat

2207 4566 2366 4622 etiam
2396 4565 2526 4622 illud
2553 4581 2674 4622 esse
2710 4566 3035 4637 prohibitum
3064 4565 3231 4621 multo
3270 4565 3540 4633 maxime?
3567 4565 3624 4623 Si
3650 4564 3797 4620 enim

2204 4675 2312 4725 non
2358 4659 2484 4721 licet
2527 4658 2728 4715 sororis
2755 4657 3134 4730 turpitudinem
3174 4656 3413 4725 revelare
3451 4672 3519 4713 ex
3556 4654 3799 4727 quolibet

2203 4761 2425 4824 parente
2447 4759 2605 4821 natat,
2633 4759 2832 4822 quanto
2857 4750 3025 4821 magis
3047 4765 3112 4805 ex
3141 4750 3398 4820 utroque?
3423 4746 3560 4816 Quid
3588 4756 3669 4802 est
3695 4762 3796 4806 au-

2204 4855 2312 4903 tem
2340 4844 2480 4925 quod
2509 4842 2823 4914 interposita
2855 4826 3214 4913 prohibitione
3251 4839 3599 4911 concubitus,
3630 4838 3799 4903 etiam,

2202 4953 2326 4995 cum
2355 4938 2465 4993 suis
2494 4936 2742 5007 neptibus
2760 4977 2776 5003 ,
2808 4935 2922 4991 sive
2945 4933 3013 4990 de
3032 4933 3150 4989 ﬁlio
3168 4975 3184 5001 ,
3215 4932 3328 4989 sive
3346 4931 3414 4988 de
3443 4932 3550 4986 ﬁlia
3571 4974 3586 5000 ,
3610 4931 3794 5012 sequi-

2202 5037 2288 5084 tur
2322 5036 2377 5084 et
2400 5027 2561 5095 dicit,
2594 5026 2981 5098 Turpitudinem
3016 5024 3141 5095 ﬁlia:
3182 5022 3354 5083 uxoris
3392 5023 3552 5095 patris
3579 5023 3653 5076 tui
3690 5039 3795 5078 non

2201 5105 2483 5183 reuelabis?
2508 5118 2563 5175 Si
2593 5118 2737 5174 enim
2760 5117 2867 5173 huc
2896 5132 3064 5195 usque
3085 5116 3345 5183 dixisset,
3371 5116 3794 5187 intelligeremus

2201 5213 2363 5270 etiam
2392 5227 2513 5267 cum
2546 5210 2651 5266 ﬁlia
2691 5224 2939 5265 noverca:
2980 5207 3303 5279 prohibitum
3343 5207 3508 5263 tuisse
3534 5207 3796 5263 concubi-

2201 5315 2348 5374 tum,
2375 5320 2534 5377 quam
2561 5319 2627 5360 ex
2667 5302 2845 5375 priore
2888 5305 3007 5359 viro
3046 5316 3277 5358 noverca
3323 5300 3647 5371 peperisset,
3691 5314 3795 5355 nec

2202 5396 2359 5467 hujus
2378 5395 2466 5467 qui
2496 5394 2806 5467 prohibetur
2831 5407 2986 5450 soror
3009 5401 3187 5459 esset,
3211 5391 3295 5448 vel
3316 5406 3380 5447 ex
3408 5399 3590 5461 patre,
3616 5389 3700 5446 vel
3720 5405 3787 5446 ex

2265 5531 2281 5564 ι
2308 5539 2435 5590 Mss,
2459 5508 2803 5593 turpitudinem
2826 5539 3007 5593 conon.
3032 5526 3170 5593 aditi,
3201 5522 3447 5593 turpitudo
3465 5522 3595 5593 enim
3622 5534 3789 5593 eorum:

2198 5599 2285 5645 est.
2305 5586 2470 5643 Neutra
2502 5586 2651 5641 le'ctio
2669 5590 2898 5642 convenit
2918 5602 3027 5639 cum
3049 5586 3302 5649 scriptureZ
3322 5592 3483 5645 textu,
3497 5586 3549 5635 in
3562 5598 3660 5648 quo
3682 5590 3793 5646 post

2198 5669 2297 5726 non
2307 5652 2556 5726 reuelabis,
2567 5654 2793 5726 proxime
2814 5652 3146 5714 subsequitur,
3164 5654 3316 5699 mater
3332 5653 3416 5699 tua
3433 5653 3522 5709 est,
3541 5658 3637 5698 non
3658 5658 3793 5696 rew-

2199 5716 2320 5768 ιαίνί3
2340 5716 2687 5779 turpitudinen
2704 5716 2826 5779 dm.-

2262 5782 2283 5810 ι
2308 5767 2443 5837 aditi,
2467 5767 2860 5842 turpitudo'enim
2882 5786 3048 5842 egrum
3069 5777 3155 5823 est.
3180 5779 3311 5830 Mss,
3333 5767 3680 5837 turpitudinem
3701 5781 3793 5827 ea.

2200 5853 2310 5892 rum
2339 5842 2498 5893 :hanc
2521 5836 2783 5892 lectionem
2801 5836 3046 5888 eonﬁth
3066 5846 3213 5900 περ.
3238 5841 3366 5886 LXX.
