4136 6474
512 374 614 433 ’111⁸1

511 492 821 554 admonens,
853 485 977 559 quia
1005 484 1082 541 illi
1103 482 1202 541 soli
1225 481 1449 538 debetur
1470 489 1683 551 λατριίὰ,
1711 475 1763 530 id
1789 482 1871 529 est
1890 487 1952 528 ea
1981 484 2096 526 ser-

513 592 653 639 vrtus
675 596 779 652 qua
807 578 1037 635 servitur
1058 576 1188 631 Deo.
1402 650 1403 653 η

582 670 788 728 LXVII.
817 668 917 742 [11).
948 681 1096 731 xvm,
1263 656 1413 729 Quod
1436 654 1584 724 dicit,
1602 655 1670 710 Et
1689 653 1944 710 achorruit
1962 660 2098 706 terra

513 780 598 819 eos
624 763 709 834 qui
732 760 948 816 insident
974 773 1127 828 super
1149 770 1280 819 eant,
1309 761 1524 822 propter
1554 748 1691 804 mala
1725 746 1861 801 facta
1887 757 2093 808 eorum,

513 873 634 930 quae
662 854 906 925 superius
930 846 1382 909 commemoravit,
1406 858 1512 899 non
1539 842 1657 896 ideo
1680 838 1877 930 dictum
1909 844 2098 930 putan-

513 926 641 1004 dum
669 953 771 1011 est,
802 942 944 1014 quod
976 941 1166 996 habeat
1206 945 1347 993 terra
1383 940 1599 990 senSum
1633 946 1739 1003 quo
1781 929 1879 983 ista
1905 926 2098 982 sentiat

518 1047 575 1094 et
613 1036 930 1097 exhorreat;
961 1030 1056 1088 sed
1096 1028 1312 1085 nomine
1340 1034 1497 1082 terra:
1534 1022 1777 1077 homines
1814 1016 2094 1090 significat,

514 1127 604 1197 qui
630 1132 755 1181 sunt
772 1138 931 1193 super
951 1131 1165 1176 terram.
1190 1115 1419 1173 Proinde
1445 1126 1567 1169 cum
1599 1113 1714 1167 tunc
1734 1109 1870 1164 mala
1899 1107 2099 1163 faciunt

514 1219 781 1284 homines,
821 1214 1100 1286 inquinant
1142 1219 1360 1272 terram,
1400 1208 1521 1278 quia
1556 1203 1895 1274 inquinantur
1920 1198 2095 1254 homi-

516 1326 612 1366 nes
657 1309 746 1379 qui
777 1308 891 1363 haec
919 1304 1221 1369 imitantur;
1263 1306 1320 1358 et
1351 1298 1601 1356 exhorret
1644 1305 1805 1358 terra,
1849 1292 1971 1362 quia
1998 1305 2097 1347 ex-

514 1402 736 1459 horrent
760 1399 1004 1454 homines
1027 1396 1116 1465 qui
1141 1409 1240 1450 nec
1262 1392 1461 1448 faciunt
1488 1404 1587 1444 nec
1613 1387 1902 1442 imitantur.

591 1491 822 1548 LXVIII.
854 1488 953 1562 [lb.
994 1503 1104 1550 xtx,
1155 1482 1270 1558 IL]
1322 1481 1444 1538 Non
1481 1480 1671 1551 furtum
1709 1476 1903 1547 facietis
1941 1489 2099 1544 neque

514 1581 840 1648 mentiemini,
876 1594 1033 1647 neque
1058 1576 1361 1636 calumniam
1382 1572 1532 1645 faciet
1562 1568 1898 1640 unusquisque
1920 1564 2095 1637 proxi-

514 1689 615 1727 mo.
643 1671 775 1726 Illud
798 1670 865 1726 de
886 1668 1025 1723 furto
1056 1667 1283 1737 positum
1315 1674 1398 1719 est
1426 1664 1479 1717 in
1513 1660 1794 1730 Decalogo.
1827 1657 1977 1725 Quod
2002 1672 2098 1710 au-

516 1773 624 1819 tem
652 1762 801 1828 dicit,
845 1759 1020 1828 Neque
1050 1756 1376 1821 mentiemini,
1419 1768 1575 1821 neque
1607 1750 1912 1804 calumniam
1949 1747 2099 1817 faciet

514 1853 854 1924 unusquisque
878 1851 1128 1921 proximo,
1157 1848 1347 1902 mirum
1376 1845 1421 1900 si
1452 1860 1559 1898 non
1585 1858 1648 1897 eo
1680 1850 1943 1911 prmceplo
1966 1854 2097 1893 con-

516 1947 733 2009 tinetur,
762 1941 903 2013 quod
943 1941 1011 1997 ibi
1044 1939 1271 2010 positum
1298 1944 1399 2000 est,
1430 1932 1609 2005 Neque
1646 1932 1832 2002 falsum
1871 1929 2096 1983 testimo-

514 2037 655 2090 nium
687 2035 820 2087 diccs
859 2032 1124 2086 adversum
1161 2029 1449 2101 proximum
1483 2034 1624 2079 tuum
1653 2023 1848 2095 (Exod.
1884 2038 1972 2085 xx,
2008 2020 2093 2087 15,

517 2126 638 2197 16);
665 2125 913 2196 quoniam
943 2138 1112 2193 neque
1132 2120 1393 2175 calumnia
1414 2118 1532 2174 sine
1555 2115 1832 2171 mendacio
1858 2113 1971 2168 fieri
2001 2126 2096 2181 po-

517 2228 644 2283 test,
688 2216 830 2288 quod
877 2216 996 2272 falsi
1041 2212 1331 2269 testimonii
1369 2209 1714 2281 generalitate
1745 2205 2095 2261 concluditur.

514 2308 622 2365 Sed
647 2318 821 2362 utrum
839 2307 953 2361 haec
972 2306 1146 2375 aliqua
1172 2300 1603 2371 compensatione
1622 2296 1947 2353 admittenda
1968 2297 2095 2359 sint,

515 2415 706 2470 magna
732 2397 955 2469 qttmslio
984 2404 1067 2450 est
1094 2412 1107 2448 :
1140 2394 1276 2449 sicut
1305 2392 1371 2447 de
1401 2390 1676 2445 mendacio
1698 2403 1833 2460 pene
1853 2386 2098 2442 omnibus

513 2490 737 2553 videtur,
772 2486 914 2558 quod
943 2485 1031 2540 ubi
1058 2499 1215 2539 nemo
1239 2482 1465 2548 lmditur,
1499 2496 1593 2551 pro
1624 2480 1793 2535 salute
1833 2478 2098 2533 mentien-

512 2579 637 2636 dum
668 2588 767 2633 est.
792 2577 979 2632 Utrum
1007 2591 1133 2644 ergo
1159 2575 1228 2627 ita
1258 2582 1311 2628 et
1345 2572 1411 2627 de
1447 2570 1625 2625 furto?
1650 2586 1716 2625 an
1756 2568 1951 2623 furtum
1984 2567 2097 2621 fieri

512 2686 620 2726 non
651 2676 840 2739 potest,
879 2667 969 2722 ubi
1002 2664 1177 2721 nullus
1203 2663 1450 2719 laeditur?
1478 2662 1730 2730 Quinimo
1762 2661 1872 2716 fieri
1902 2668 2096 2730 potest,

512 2762 672 2817 etiam
715 2758 923 2829 quando
953 2757 1003 2813 ci
1035 2757 1119 2811 cui
1150 2758 1209 2811 fit
1249 2755 1561 2818 consulitur,
1600 2762 1848 2823 tanquam
1879 2753 1920 2806 si
1948 2753 2097 2821 quis-

512 2865 669 2922 quam
707 2848 906 2902 homini
944 2846 1140 2901 volenti
1180 2860 1239 2900 se
1274 2844 1551 2909 occidere,
1599 2842 1829 2913 gladium
1858 2840 2094 2896 .furctur.

512 2941 646 2997 Nam
668 2940 932 2995 calumnia
960 2938 1141 2993 nescio
1172 2948 1346 2991 utrum
1378 2937 1623 3004 cuiquam
1651 2933 1717 2987 ad
1754 2933 1868 3003 ejus
1899 2932 2096 2985 utilita-

512 3040 620 3087 tem
649 3030 760 3085 fteri
788 3029 953 3099 possit
978 3046 990 3081 :
1015 3028 1115 3081 nisi
1152 3026 1291 3082 forte
1334 3025 1474 3096 quod
1523 3024 1589 3078 ad
1638 3023 1806 3092 majus
1847 3023 2096 3093 gaudium

513 3120 703 3186 flebat,
732 3135 836 3190 quo
865 3126 1045 3187 postea
1077 3115 1400 3183 fruerentur,
1424 3114 1562 3185 quod
1584 3112 1780 3184 Joseph
1805 3114 1872 3168 de
1894 3115 2096 3185 scypho

512 3212 931 3268 calumniabatur
973 3210 1221 3264 fratribus
1250 3209 1388 3273 suis,
1441 3207 1632 3278 quibus
1654 3207 1810 3261 etiam
1850 3207 2095 3276 explora-

513 3305 671 3361 tionis
689 3305 876 3358 falsum
903 3303 1106 3358 crimen
1132 3302 1430 3356 intenderat
1464 3298 1614 3370 (Gen.
1637 3315 1778 3365 xuv,
1804 3300 1857 3364 ὅ,
1898 3309 1940 3352 ct
1965 3315 2093 3364 xui,

510 3399 566 3465 9,
599 3398 707 3468 14).
744 3397 1055 3466 Quanquam
1096 3396 1139 3450 si
1182 3393 1579 3449 definitionibus
1611 3393 1707 3446 ista
1736 3392 2096 3447 determinare

513 3499 802 3553 tentcmus,
831 3486 1057 3542 fortasse
1085 3487 1281 3540 furtum
1311 3500 1413 3539 non
1438 3492 1539 3549 est,
1565 3481 1665 3537 nisi
1688 3481 1901 3552 quando
1918 3482 2094 3536 alieno

508 3584 714 3638 occulte
743 3582 919 3636 ablato
963 3581 1238 3650 proximus
1280 3578 1523 3642 lmditur;
1580 3585 1636 3631 et
1673 3574 1938 3630 calumnia
1986 3590 2093 3628 non

507 3684 611 3741 est,
653 3675 755 3729 nisi
794 3672 1006 3743 quando
1051 3671 1165 3725 falsi
1208 3670 1445 3725 criminis
1484 3667 1784 3738 objectione
1822 3667 2093 3734 proximus

514 3766 760 3821 luditur:
786 3764 1117 3819 mendacium
1146 3771 1322 3817 autem
1351 3776 1454 3815 non
1479 3773 1759 3829 possumus
1774 3757 1950 3811 dicere
1969 3766 2094 3811 tunc

507 3856 876 3913 tantummodo
921 3871 1071 3923 esse,
1121 3853 1332 3925 quando
1381 3854 1653 3923 proximus
1689 3851 1927 3916 heditur;
1969 3868 2091 3905 cum

506 3938 873 4005 enim-falsum
904 3948 971 4003 ab
1004 3949 1205 4003 sciente
1234 3946 1448 4012 dicitur,
1480 3946 1657 4015 procul
1684 3945 1844 4000 dubio
1872 3946 2091 4000 menda-

505 4041 646 4097 cium
691 4049 794 4105 est,
838 4038 951 4094 sive
995 4038 1086 4093 illo
1138 4039 1436 4108 quisquam,
1486 4037 1603 4091 sive
1643 4051 1804 4091 nemo
1845 4035 2087 4091 laedatur.

505 4131 735 4187 Proinde
770 4144 956 4201 magna
994 4130 1215 4200 quarstin
1258 4129 1324 4183 de
1378 4127 1675 4192 mendacio,
1709 4135 1885 4181 utrum
1925 4129 2092 4196 possit

504 4223 788 4294 aliquando
820 4222 1022 4293 justum
1050 4236 1169 4278 esse
1212 4219 1565 4283 mendacium,
1602 4218 1754 4273 facile
1786 4219 2091 4273 solveretur

504 4313 751 4383 fortasse,
789 4314 833 4369 si
863 4315 975 4369 sola
1016 4322 1275 4384 praecepta
1308 4312 1655 4378 intueremur,
1688 4326 1793 4364 non
1825 4319 1878 4364 ct
1906 4326 2089 4365 exem-

503 4407 609 4478 pla.
638 4406 770 4461 Nam
800 4406 923 4476 quid
955 4406 1055 4461 isto
1090 4411 1355 4474 praecepto
1384 4401 1701 4468 absolutius,
1740 4399 1862 4457 Non
1884 4402 2091 4454 mentie-

502 4500 662 4555 mini?
688 4498 777 4555 Sic
805 4500 946 4555 enim
985 4498 1189 4569 dictum
1211 4507 1312 4563 est,
1342 4495 1632 4567 quomodo,
1672 4493 1794 4552 Non
1827 4495 1981 4566 facies
2003 4494 2090 4553 tibi

502 4591 696 4646 idolum
712 4591 898 4661 ;quod
945 4590 1139 4645 factum
1187 4605 1289 4644 non
1336 4597 1511 4660 potest
1554 4588 1841 4660 aliquando
1881 4589 2087 4658 justum

505 4697 654 4748 esse;
691 4690 745 4736 et
782 4681 1048 4753 quomodo
1074 4681 1270 4736 dictum
1300 4690 1400 4747 est,
1433 4678 1553 4734 Non
1583 4680 1905 4735 maechaberis
1924 4695 1943 4734 :
1968 4680 2088 4750 quis

502 4782 679 4828 autem
715 4772 856 4827 dicat
882 4773 1166 4843 aliquando
1193 4772 1474 4827 mmchiam
1499 4773 1696 4841 justam
1738 4788 1857 4828 esse
1896 4774 2087 4842 posse?

501 4864 592 4931 Et,
619 4864 739 4919 Non
762 4865 1009 4937 fui-uberis
1033 4881 1051 4918 :
1072 4863 1363 4919 secundum
1392 4864 1534 4918 cnim
1552 4864 1915 4920 definitionem
1946 4866 2087 4921 illam

500 4957 650 5024 furti,
694 4958 895 5028 justum
936 4971 1053 5012 esse
1079 4956 1274 5012 furtum
1316 4972 1581 5028 utinquam
1617 4968 1806 5028 potest.
1836 4959 1923 5023 Et,
1967 4957 2087 5012 Non

502 5049 699 5105 occides
728 5048 916 5122 (Exod.
945 5034 1109 5115 xx,4,
1137 5050 1218 5115 I-l,
1247 5049 1333 5116 l5,
1364 5050 1485 5119 l5);
1515 5051 1762 5119 quoniam
1779 5066 1898 5105 cum
1927 5049 2088 5105 homo

497 5142 644 5213 iuste
678 5144 958 5209 occiditur,
990 5144 1073 5197 lex
1094 5158 1215 5197 eum
1244 5142 1458 5204 Occidit.
1490 5159 1593 5196 non
1620 5151 1670 5196 lu
1696 5160 1708 5196 :
1738 5142 1992 5212 numquid
2016 5142 2085 5196 ita

501 5233 605 5289 dici
638 5243 831 5305 potest,
856 5232 986 5288 Cum
1024 5234 1184 5288 homo
1222 5234 1364 5303 juste
1394 5235 1666 5299 mentitur,
1690 5233 1773 5289 lex
1799 5233 2087 5289 mentignr?

500 5325 608 5381 Sed
634 5325 877 5396 exempla
905 5324 1100 5380 faciunt
1133 5323 1499 5379 difficillimam
1531 5326 1901 5396 quaestionem.
1934 5325 2085 5378 Men-

504 5417 615 5473 titas
639 5426 765 5473 sunt
790 5416 1101 5473 obstetrices
1126 5416 1411 5489 Aigyptim,
1440 5427 1494 5472 et
1529 5418 1665 5472 bona
1704 5416 1805 5471 illis
1831 5418 1969 5470 Πριιε
1994 5432 2085 5471 re—

503 5509 689 5565 tribuit
713 5508 821 5581 (ld.
854 5525 893 5574 t,
920 5511 1003 5572 I9,
1031 5510 1122 5578 20)
1150 5526 1164 5563 :
1197 5509 1414 5562 mentita
1438 5518 1519 5562 est
1547 5508 1694 5562 Raab
1726 5524 1821 5578 pro
1843 5509 2085 5576 explora-

502 5599 709 5655 toribus
738 5608 911 5665 terrzc,
945 5608 999 5654 et
1033 5599 1152 5654 ideo
1175 5599 1397 5655 liberata
1427 5607 1508 5653 est
1548 5599 1727 5669 (Josue
1760 5615 1818 5666 ιι,
1858 5600 1911 5666 ι1,
1939 5609 1984 5654 et
2011 5616 2081 5665 τι,

500 5688 616 5762 25).
648 5691 732 5745 An
770 5702 834 5745 ex
860 5707 964 5762 quo
997 5691 1193 5746 dictum
1217 5701 1298 5748 est
1326 5694 1381 5749 in
1407 5691 1567 5763 Lege,
1601 5690 1721 5746 Non
1756 5692 2081 5762 mentientini,

501 5794 567 5836 ex
590 5779 681 5837 illo
710 5780 1107 5855 intelligendum
1136 5795 1221 5843 est
1243 5800 1343 5842 nec
1371 5784 1425 5841 in
1457 5785 1546 5842 tali
1571 5799 1726 5841 causa
1751 5783 1913 5841 licere
1932 5801 2085 5842 men-

1318 358 1787 436 QU/ESTIONUM
1820 353 1883 414 3.
1922 350 2285 412 AUGUSTI.“
2325 351 2392 410 IN
2432 353 2983 415 IIEI’TATEL'CIIUM

3686 361 3785 421 ’³⁸18

2200 468 2435 538 «latim,
2466 470 2517 527 in
2538 469 2681 543 quali
2706 486 2865 528 causa
2892 472 3081 545 legitur
3096 472 3243 530 Raab
3260 489 3381 531 esse
3403 476 3662 541 mentita?
3681 478 3785 536 Sed

2201 564 2372 632 magis
2407 564 2665 622 credibile
2688 570 2790 630 est,
2828 565 2950 636 quia
2991 565 3240 635 injustam
3270 576 3386 623 erat
3421 553 3779 639 mendacium,

2202 654 2323 710 ideo
2362 656 2715 726 prohibitum;
2744 672 2853 712 non
2882 658 3007 730 quia
3044 658 3387 728 prohibitum,
3422 661 3545 718 ideo
3584 661 3782 719 factum

2200 745 2475 816 injustam.
2507 745 2771 805 Fortassis
2806 763 2964 819 ergo,
2991 750 3131 804 sicut
3155 748 3223 806 de
3246 751 3619 808 obstetricibus
3644 753 3752 808 dixi
3768 783 3785 795 -

2201 851 2342 903 mus,
2391 852 2498 892 non
2544 837 2650 893 hoc
2692 838 2745 892 in
2789 839 2866 894 eis
2909 847 3312 896 remuneratur:
3353 842 3492 913 quod
3544 845 3784 899 mentita:

2202 936 2347 994 sunt,
2396 926 2492 982 sed
2539 928 2682 999 quod
2724 928 2953 985 iufanles
2995 930 3247 988 lIebrteos
3298 933 3683 1004 liberaret-ut,
3729 941 3789 991 ut

2200 1026 2419 1088 prepter
2443 1018 2578 1073 hanc
2595 1018 3012 1076 misericordiam
3035 1021 3162 1076 illud
3189 1032 3460 1092 peccatum
3486 1025 3693 1081 reniale
3718 1026 3793 1084 sit

2203 1109 2424 1175 factum,
2458 1125 2563 1165 non
2597 1120 2776 1166 tamen
2799 1112 3139 1168 existimetur
3158 1129 3264 1168 non
3290 1113 3452 1171 fuisse
3479 1125 3783 1186 peccatum:

2201 1200 2281 1257 sic
2307 1203 2469 1258 etiam
2496 1203 2564 1259 de
2590 1204 2738 1261 Raab
2765 1204 3165 1277 intelligendum
3187 1214 3288 1273 est,
3317 1212 3705 1264 remuneratam
3734 1212 3787 1265 in

2201 1291 2289 1347 illa
2323 1293 2689 1351 liberationem
2720 1296 3141 1367 exploratorum,
3187 1304 3244 1354 ut
3285 1308 3504 1369 propter
3542 1301 3789 1357 eamdem

2201 1381 2570 1442 liberationem
2595 1389 2750 1443 venia
2788 1390 2858 1445 sit
2891 1389 3014 1446 data
3035 1390 3332 1446 mendacio.
3358 1390 3461 1448 Ubi
3487 1401 3666 1448 autem
3694 1409 3792 1449 ve-

2204 1477 2290 1531 nia
2319 1476 2495 1544 datur,
2523 1479 2862 1537 manifestum
2900 1490 2984 1537 est
3017 1497 3139 1538 esse
3187 1490 3483 1553 peccatum.
3510 1482 3616 1539 Sed
3653 1483 3787 1539 illud

2201 1570 2494 1624 cavendum
2523 1578 2625 1634 est,
2652 1587 2720 1627 ne
2752 1572 2821 1626 ita
2854 1573 3078 1644 quisque
3104 1572 3371 1629 existimet
3394 1575 3554 1630 etiam
3582 1575 3795 1631 ceteris

2202 1663 2433 1730 peccatis
2454 1702 2470 1731 ,
2500 1663 2547 1719 si
2579 1674 2797 1734 propter
2838 1664 3180 1720 liberationes
3213 1665 3487 1721 hominum
3530 1666 3677 1734 fiant,
3718 1669 3794 1722 ita

2200 1753 2410 1808 veniam
2477 1769 2636 1824 posse
2693 1754 2935 1811 concedi.
2994 1757 3159 1812 Multa
3208 1758 3351 1813 enim
3405 1758 3545 1813 mala
3596 1759 3795 1813 intole-

2201 1845 2386 1899 rabilia
2434 1855 2488 1902 et
2528 1847 2750 1902 nimium
2800 1846 3111 1903 detestanda
3162 1847 3337 1903 istum
3370 1856 3662 1921 sequuntur
3704 1865 3796 1904 cr-

2201 1949 2398 1989 rorem.

2274 2027 2459 2083 LXIX.
2492 2026 2592 2101 [lb.
2625 2045 2711 2084 xix
2736 2069 2751 2095 ,
2784 2028 2898 2103 15.]
2929 2029 3047 2085 Non
3070 2030 3267 2085 nocebis
3300 2033 3547 2100 proximo.
3571 2032 3625 2088 Si
3664 2034 3794 2104 quid

2208 2119 2276 2172 sit
2301 2134 2494 2174 nocere
2521 2127 2573 2173 et
2598 2135 2704 2173 non
2733 2135 2947 2184 nocere.
2981 2130 3188 2191 pateret
3216 2122 3537 2188 hominibus,
3572 2123 3672 2177 hoc
3695 2139 3795 2194 ge-

2204 2210 2388 2265 nerale
2433 2220 2756 2282 pneceptum
2799 2211 2866 2266 ad
2906 2212 3264 2268 innocentiam
3305 2212 3634 2268 retinendam
3679 2214 3796 2269 for-

2204 2309 2347 2358 tasse
2375 2301 2660 2357 sufficeret.
2691 2301 2879 2358 Omnia
2922 2304 3064 2360 enim
3114 2320 3232 2375 quae
3274 2304 3619 2373 prohibentur
3643 2320 3796 2360 com-

2203 2391 2340 2446 mitti
2381 2392 2433 2446 in
2485 2394 2807 2461 proximum,
2860 2394 2926 2448 ad
2985 2395 3086 2449 hoc
3127 2410 3288 2448 unum
3319 2392 3597 2450 referenda
3641 2403 3791 2462 sunt,

2202 2482 2342 2552 quod
2367 2482 2569 2538 dictum
2596 2494 2700 2550 est,
2734 2484 2855 2540 Non
2872 2486 3069 2540 nocebis
3093 2487 3343 2558 proximo.
3382 2486 3513 2541 Nam
3543 2488 3681 2558 quod
3703 2502 3798 2543 se-

2202 2574 2399 2644 quitur,
2430 2573 2549 2630 Non
2571 2577 2759 2646 rapies,
2785 2577 2884 2631 nisi
2910 2577 2975 2631 ad
3009 2577 3109 2632 hoc
3135 2577 3414 2645 referatur,
3439 2594 3506 2633 ne
3533 2579 3797 2649 rapiendo

2203 2675 2476 2734 noceatur,
2515 2669 2797 2739 aliquando
2836 2670 3034 2735 evenit,
3065 2678 3251 2723 utnon
3284 2669 3535 2740 rapiendo
3563 2672 3794 2740 quisque

2202 2767 2411 2812 noceat.
2443 2758 2577 2813 Nam
2621 2760 2826 2829 gladius
2873 2760 3158 2816 insanienti
3190 2761 3476 2831 rapicndus
3520 2771 3622 2827 εει,
3648 2771 3702 2817 et
3736 2762 3791 2818 si

2203 2862 2309 2901 non
2339 2846 2524 2903 fecerit
2543 2850 2663 2917 quis
2692 2859 2748 2902 ut
2775 2850 3140 2917 oportuerit.‘,
3170 2851 3334 2921 magis
3363 2850 3623 2907 nocuerit.

2273 2937 2436 2993 LXX.
2469 2937 2570 3011 [lb.
2605 2956 2716 3006 xix,
2750 2940 2877 2994 I7et
2909 2938 3019 3012 I8.]
3047 2940 3183 3007 Quid
3210 2951 3291 2995 est
3312 2938 3453 3011 quod
3482 2956 3603 2995 cum
3628 2954 3797 3011 supra

2200 3028 2447 3097 dixisset,
2480 3031 2600 3086 Non
2621 3032 2737 3086 odio
2763 3033 2962 3087 habebis
2983 3037 3191 3104 fratrem
3213 3043 3352 3088 tuum
3379 3034 3431 3087 in
3465 3035 3633 3087 animo
3654 3044 3737 3087 tuo
3764 3041 3792 3095 ξ

2202 3123 2457 3192 arguendo
2478 3140 2657 3194 argues
2700 3125 2987 3192 proximum
3025 3134 3187 3189 tuum,
3220 3133 3268 3179 et
3298 3142 3398 3179 non
3424 3126 3637 3195 accipies
3671 3143 3797 3197 pro-

2204 3220 2313 3280 pter
2339 3212 2507 3282 ipsum
2537 3224 2817 3285 peccatum,
2853 3224 3245 3285 consequenter
3280 3215 3540 3285 adjunxit,
3576 3214 3643 3269 Et
3683 3204 3795 3271 non

2201 3301 2485 3357 vindicatur
2528 3321 2708 3359 manus
2751 3306 2880 3360 tua?
2910 3316 3084 3360 utrum
3132 3321 3229 3375 pro
3272 3322 3339 3362 eo
3367 3306 3509 3378 quod
3545 3316 3645 3371 est,
3680 3320 3798 3364 non

2204 3392 2449 3462 pnnitur?
2476 3395 2669 3449 Animo
2714 3398 2854 3450 enim
2905 3396 3046 3451 bono
3076 3394 3225 3460 facis,
3274 3412 3396 3452 cum
3444 3397 3783 3467 disciplinam

2200 3484 2435 3554 peccanti
2464 3486 2703 3554 proximo
2726 3486 2974 3557 imponis,
3008 3501 3074 3541 ne
3112 3487 3341 3557 accipias
3369 3497 3639 3557 peccatum
3669 3488 3793 3556 ejus

2199 3576 2535 3647 negligenda.
2583 3578 2664 3633 Ad
2696 3577 2796 3634 hoc
2821 3578 2963 3633 enim
2993 3580 3223 3649 pertinet
3247 3579 3387 3651 quod
3424 3589 3548 3635 ante
3591 3581 3789 3650 posuit,

2200 3666 2323 3723 Non
2347 3669 2464 3723 odia
2484 3668 2686 3724 habebis
2715 3672 2999 3741 proximum
3025 3680 3166 3727 tuum
3193 3673 3246 3727 in
3273 3673 3442 3727 animo
3472 3683 3577 3727 tuo.
3610 3672 3794 3729 Viderl

2198 3760 2339 3814 enim
2391 3770 2563 3829 potest
2589 3762 2637 3815 ei
2683 3762 2772 3831 qui
2822 3763 3080 3833 arguitur,
3120 3763 3261 3835 quod
3283 3764 3461 3819 oderis
3494 3779 3637 3832 cum,
3664 3779 3797 3821 cum

2199 3866 2303 3904 non
2334 3852 2402 3906 sit
2453 3853 2503 3906 in
2552 3853 2731 3906 animo
2751 3863 2859 3908 tuo.
2890 3856 2992 3920 An,
3025 3870 3125 3909 non
3146 3856 3429 3910 vindicatur
3469 3874 3649 3911 manus
3680 3866 3793 3923 tua,

2197 3938 2301 3994 hoc
2352 3942 2528 4010 potius
2573 3940 2864 4009 admonet,
2911 3959 2978 3998 ne
3016 3960 3224 4014 quaeras
3275 3944 3528 4000 vindicari
3572 3960 3797 4002 manum

2200 4038 2363 4099 tuam,
2389 4046 2491 4086 nec
2517 4030 2807 4089 ulciscendi
2853 4032 3069 4090 libidine
3110 4034 3370 4106 rapiaris?
3395 4035 3527 4091 Nam
3553 4035 3679 4107 quid
3706 4045 3797 4092 est

2196 4124 2360 4188 aliud.
2389 4124 2645 4180 vindicari
2670 4126 2825 4190 velle,
2854 4126 2954 4181 nisi
2981 4128 3149 4182 laetari
3177 4129 3262 4184 vel
3285 4129 3551 4184 consolari
3580 4129 3647 4184 de
3666 4129 3796 4184 alie-

2198 4229 2268 4269 no
2297 4215 2471 4270 mulo?
2500 4215 2568 4270 Et
2597 4216 2716 4271 ideo
2745 4216 2942 4272 dictum
2968 4227 3070 4285 est,
3110 4216 3231 4272 Non
3259 4219 3491 4274 irasceris
3526 4219 3648 4288 filiis
3692 4235 3794 4289 μοι

2198 4308 2304 4376 puli
2325 4307 2416 4362 tui.
2440 4306 2530 4363 Sic
2558 4309 2697 4363 enim
2730 4318 2874 4366 recte
2904 4310 2980 4364 ira
3009 4309 3225 4365 definita
3246 4321 3349 4378 est,
3397 4312 3538 4382 quod
3557 4313 3626 4367 sit
3652 4312 3792 4367 ulci-

2196 4400 2376 4455 scendi
2403 4400 2585 4457 libido.
2616 4400 2839 4469 Quidam
2871 4417 2998 4457 vero
3041 4403 3254 4458 codices
3293 4402 3527 4468 habent,
3571 4403 3637 4457 Et
3686 4420 3794 4460 non

2194 4493 2527 4548 vindicabitur
2555 4510 2734 4549 manus
2765 4504 2849 4548 tua
2874 4510 2892 4548 :
2917 4493 2971 4550 id
2996 4503 3098 4561 est,
3125 4511 3193 4551 ne
3218 4495 3489 4565 arguendo
3520 4494 3792 4553 vindicare

2198 4594 2248 4641 te
2276 4586 2427 4651 velis,
2446 4584 2542 4642 sed
2570 4588 2741 4656 potius
2770 4588 3048 4642 consulere
3084 4589 3156 4643 illi
3187 4606 3342 4660 quem
3372 4590 3570 4660 arguis.

2267 4675 2450 4730 LXXI.
2481 4675 2578 4748 [lb.
2609 4676 2852 4750 xtx,28.]
2884 4676 2947 4731 Et
2974 4678 3243 4733 inrisiones
3261 4693 3412 4751 super
3438 4682 3660 4735 animant
3686 4697 3789 4736 non

2194 4767 2389 4839 facietis
2427 4767 2479 4821 in
2512 4784 2720 4839 corpore
2752 4778 2932 4823 vestro.
2975 4768 3144 4841 Super
3182 4771 3405 4825 animam
3433 4772 3583 4838 dixit,
3626 4784 3792 4842 super

2194 4856 2352 4913 funus
2368 4859 2561 4913 mortui
2594 4876 2608 4912 :
2639 4858 2706 4914 de
2734 4860 2907 4913 anima
2938 4861 3134 4931 quippe
3160 4861 3316 4916 dolor
3343 4870 3425 4916 est
3462 4879 3578 4930 qtae
3606 4878 3788 4919 reces-

2194 4952 2282 5006 sit.
2324 4949 2407 5005 Ad
2458 4950 2600 5005 hunc
2636 4960 2813 5007 autem
2853 4951 3090 5008 dolorem
3128 4952 3355 5022 pertinet
3381 4954 3573 5019 luctus,
3606 4955 3784 5025 inquo

2202 5039 2347 5096 luctu
2376 5042 2645 5097 nonnulla:
2674 5051 2857 5113 gentes
2879 5041 3077 5099 bab‘cnt
3117 5045 3556 5100 consuetudinem
3601 5060 3791 5104 secare

2194 5147 2418 5201 corpora
2439 5146 2554 5186 sua.
2587 5132 2699 5186 Hoc
2724 5131 2877 5186 fieri’
2912 5132 3047 5187 Deus
3075 5134 3340 5204 prohibet.

2264 5224 2476 5280 LXXII.
2508 5224 2607 5297 [lb.
2636 5240 2704 5279 xx
2725 5266 2743 5292 ,
2780 5224 2861 5297 5.]
2882 5223 2967 5278 Ita
2993 5235 3047 5280 ut
3070 5226 3380 5296 fornirentur
3408 5228 3461 5282 in
3486 5228 3740 5300 principes
3767 5228 3788 5260 ³

2255 5425 2274 5458 ⁸
2298 5430 2405 5474 Mss.
2428 5420 2738 5487 Michaeliuus
2755 5429 2807 5487 et
2829 5421 3189 5487 Beecensis,iuti
3211 5428 3431 5487 petatem.

2255 5488 2276 5518 ⁸
2300 5487 2435 5541 Edili.
2460 5484 2569 5542 ﬁeri
2588 5500 2619 5535 α
2639 5484 2839 5535 Juda’is.
2865 5491 2971 5532 Mss.
2990 5498 3083 5545 non
3101 5484 3297 5545 habent,
3322 5501 3352 5534 a
3374 5485 3579 5537 Judaris.

2256 5549 2278 5581 ³
2299 5553 2349 5597 In
2374 5547 2517 5597 editis
2542 5546 2791 5609 exciderat
2814 5544 3061 5609 particula,
3080 5546 3148 5605 in,
3173 5544 3289 5609 quze
3304 5549 3578 5599 restituitur
3598 5560 3661 5609 ex
3679 5554 3778 5599 uss.

2192 5617 2245 5662 et
2267 5624 2330 5661 ex
2356 5617 2495 5660 textu
2518 5616 2645 5668 cxx,
2667 5610 2750 5671 qui
2767 5608 2824 5671 ⁸ἱιι
2848 5608 3042 5671 excusis
3063 5608 3261 5671 quidem
3276 5609 3441 5671 habet,
3463 5609 3593 5671 nam
3614 5608 3785 5671 etpor.

2190 5671 2361 5734 περιείη
2382 5677 2543 5734 auton,
2568 5677 2616 5734 ut
2651 5668 2910 5734 foniicetur
2930 5681 2948 5729 ;
2970 5668 3096 5734 sive,
3119 5676 3168 5719 ut
3203 5668 3525 5734 fonticarctur
3552 5670 3652 5734 ipse
3674 5668 3698 5719 ‘:
3737 5671 3784 5719 in

2189 5733 2295 5784 aliis
2319 5742 2478 5782 tamen
2504 5730 2806 5793 Iibris’(quos
2826 5730 2905 5795 hic
2923 5731 3146 5795 sequitur
3169 5730 3503 5795 Augustinus),
3517 5730 3601 5795 pro
3620 5737 3781 5795 auten,

2191 5796 2373 5861 legitur
2396 5802 2583 5858 autous,
2607 5792 2737 5846 teste
2759 5792 2939 5844 Nobilio
2970 5792 3021 5843 in
3042 5799 3145 5843 Not.
3182 5792 3438 5857 ad‘Levit.,
3464 5792 3577 5856 'ca'p.
3610 5793 3673 5863 20
3713 5794 3786 5845 Sic
