4136 6464
3531 381 3634 438 τιο

2049 481 2338 537 secundum
2389 483 2531 554 ipsos
2573 485 2808 554 dictum,
2864 487 3176 560 Quicumque
3216 487 3470 546 dortttiérit
3510 497 3628 552 cum

2046 581 2260 642 cognata
2289 590 2383 627 sua
2414 591 2434 629 :
2458 577 2546 631 ubi
2590 586 2644 632 et
2679 578 2882 649 aliquas
2917 595 3022 634 non
3067 593 3511 640 commemoratas
3538 586 3625 639 in-

354 369 460 428 ’ΜΘ
1709 366 1913 422 LIBER
1954 365 2269 426 TER’I'IUS.

354 493 422 539 de
443 483 632 556 populo
655 499 769 539 suo.
817 481 932 539 Non
960 480 1029 538 de
1065 480 1258 552 populo
1291 495 1390 537 suo
1417 480 1684 552 principes
1703 522 1718 548 ,
1748 479 1841 534 sed
1873 477 1943 534 de

354 578 553 649 populo
581 591 680 632 suo
708 573 1056 630 fornicentur.
1085 575 1189 628 Eos
1209 576 1404 644 quippe
1421 574 1693 645 principes
1721 573 1832 628 vult
1855 572 1943 629 hic

354 669 616 741 intelligi,
664 669 753 740 qui
797 682 896 738 pro
937 667 1038 722 diis
1083 667 1439 723 colebantur:
1473 668 1604 721 sicut
1649 667 1940 738 Apostoius

351 761 513 825 dicit,
558 759 850 816 Secundum
879 759 1153 831 principem
1183 760 1440 830 potestatis
1475 759 1607 813 aeris
1639 757 1852 830 (Ep/tes.
1877 771 1936 825 ll,

349 853 444 925 2);
492 862 546 909 et
588 854 640 908 in
676 852 962 923 Evangelio
996 852 1279 920 Dominus,
1316 850 1471 906 Nunc
1508 853 1738 924 princeps
1779 852 1934 922 hujus

349 946 526 1000 mundi
563 944 744 999 missus
772 954 844 999 est
879 947 1017 1016 foras
1043 942 1222 1015 (Joan.
1255 959 1330 999 xu
1351 986 1364 1008 ,
1396 942 1523 1016 3i);
1554 955 1637 1010 et,
1679 943 1816 998 'Ecce
1846 959 1934 996 ve-

348 1039 421 1092 nit
451 1038 682 1108 princeps
708 1037 903 1103 mundi,
928 1046 974 1091 et
993 1037 1045 1091 in
1070 1053 1150 1091 me
1165 1035 1295 1091 nihil
1317 1037 1528 1091 inveniet
1557 1037 1664 1107 (Id.
1687 1053 1796 1102 xw,
1817 1033 1931 1107 50).

425 1127 654 1183 LXXIII.
686 1127 785 1200 [11).
811 1144 900 1192 xx,
933 1125 1047 1200 40.]
1077 1126 1262 1193 Homo,
1293 1127 1441 1181 homo
1466 1129 1760 1197 quicumque
1786 1127 1936 1182 adul-

347 1223 578 1276 teraverit
595 1238 802 1276 uxorem
816 1221 928 1286 viri,
948 1230 1032 1274 aut
1044 1222 1342 1291 quicumque
1357 1221 1708 1274 adulter-atterit
1727 1234 1933 1274 uxorem

269 1353 273 1366 ;
346 1313 566 1384 proximi
591 1312 701 1378 sui,
733 1321 892 1366 morte
919 1314 1200 1365 moriantur
1231 1328 1250 1367 :
1283 1313 1556 1381 pluraliter
1584 1313 1747 1380 dixit,
1775 1323 1934 1368 morte

346 1405 630 1458 moriantur
653 1445 669 1470 ,
700 1403 802 1459 hoc
827 1412 908 1458 est
933 1404 1020 1473 qui
1050 1403 1383 1470 adulteravit,
1417 1414 1469 1459 et
1496 1420 1614 1475 qum
1639 1405 1932 1460 adulterata

342 1505 444 1550 est.
489 1496 586 1551 Hic
614 1495 811 1566 aliquid
841 1495 1040 1550 distare
1065 1496 1228 1556 voluit
1268 1497 1404 1552 inter
1433 1498 1724 1568 quemlibet
1759 1499 1929 1552 virum

342 1594 398 1640 et
443 1585 783 1656 proximum,
831 1587 1071 1656 quamvis
1117 1587 1296 1642 multis
1343 1589 1473 1642 locis
1512 1589 1806 1658 proximum
1834 1600 1932 1658 pro

342 1678 489 1732 omni
516 1678 730 1732 homine
754 1687 934 1747 ponat.
977 1676 1082 1734 Sed
1104 1695 1222 1749 qum
1248 1689 1328 1734 est
1357 1680 1454 1735 ista
1479 1680 1695 1746 locutio,
1725 1690 1781 1735 ut
1809 1696 1929 1736 cum

341 1769 452 1839 jam
479 1769 704 1825 dixisset
723 1769 789 1826 de
812 1771 947 1837 viro,
977 1769 1080 1826 hoc
1118 1771 1256 1825 idem
1285 1771 1556 1841 repetierit
1578 1772 1643 1826 de
1666 1773 1926 1842 proximo,

341 1874 462 1914 cum
492 1860 560 1915 sit
585 1875 940 1930 consequens,
968 1868 1026 1914 ut
1047 1861 1213 1915 multo
1238 1861 1406 1932 magis
1429 1861 1495 1914 ab
1519 1867 1682 1915 uxore
1704 1863 1928 1931 proximi

341 1950 716 2005 abstinendum
741 1951 830 2016 sit,
863 1950 907 2004 si
937 1950 1004 2004 ab
1031 1965 1194 2005 uxore
1223 1951 1508 2020 cujuslibet
1538 1953 1632 2006 viri
1659 1954 1930 2007 abstinen-

339 2043 467 2097 dum
498 2042 623 2097 est?
659 2041 790 2097 Nam
819 2043 861 2098 si
900 2042 1048 2114 prius
1073 2043 1139 2097 de
1175 2043 1420 2113 proximo
1445 2043 1704 2111 dixisset,
1735 2061 1801 2098 ne
1828 2060 1928 2114 pu-

341 2143 546 2188 tacetur
569 2149 788 2189 uxorem
815 2133 975 2189 licere
995 2133 1294 2189 adulterare
1318 2149 1422 2189 non
1449 2136 1696 2206 proximi,
1728 2135 1928 2190 adden-

339 2225 466 2280 dum
516 2225 703 2280 fuisset
746 2225 814 2280 de
859 2225 1093 2295 quolibet
1133 2226 1248 2280 viro
1277 2243 1290 2280 :
1316 2241 1457 2281 nunc
1494 2216 1664 2294 vero,
1705 2227 1748 2281 si
1785 2226 1926 2297 quod

338 2316 516 2371 minus
541 2325 624 2371 est
652 2331 756 2371 non
785 2316 940 2384 licet;
988 2326 1186 2386 quanto
1216 2317 1392 2371 minus
1420 2318 1540 2373 licet
1578 2318 1719 2388 quod
1755 2318 1926 2389 majus

337 2408 534 2462 malum
561 2407 674 2462 est?
723 2407 853 2461 Nam
879 2407 924 2462 si
954 2421 1060 2462 non
1102 2408 1224 2463 licet
1252 2408 1555 2464 adulterare
1581 2426 1798 2465 uxorem
1826 2426 1924 2466 cu-

333 2500 554 2570 juslibet
593 2500 726 2566 viri,
775 2508 973 2570 quanto
1001 2501 1167 2571 magis
1209 2501 1470 2571 proximi?
1515 2503 1597 2556 An
1643 2499 1778 2556 forte
1824 2502 1924 2558 ista

338 2591 588 2661 repetitio
635 2601 884 2662 tanquam
923 2592 1140 2662 exponit
1181 2592 1306 2662 quid
1339 2593 1484 2662 prius
1508 2590 1707 2648 dictum
1738 2593 1837 2658 sit,
1866 2603 1927 2648 ut

339 2682 460 2738 ideo
503 2683 756 2752 intelligat
805 2683 964 2738 homo
1008 2693 1264 2754 quantum
1294 2685 1488 2739 malum
1516 2686 1588 2739 sit
1627 2685 1925 2742 adulterare

337 2789 563 2828 uxorem
604 2775 742 2840 viri,
786 2775 907 2845 quia
937 2775 982 2829 si
1022 2774 1124 2830 hoc
1171 2774 1357 2831 fecerit
1381 2817 1396 2840 ,
1441 2791 1660 2832 uxorem
1698 2777 1924 2847 proximi

337 2865 648 2921 adulterat?
688 2866 968 2921 Proximus
993 2874 1074 2921 est
1101 2868 1242 2922 enim
1273 2867 1448 2922 omnis
1480 2867 1637 2922 homo
1663 2867 1884 2922 homini.

410 2956 646 3012 LXXIV.
689 2957 787 3030 [lb.
815 2973 883 3012 xx
904 2995 918 3021 ,
952 2956 1063 3030 16.]
1105 2957 1174 3011 Et
1202 2960 1384 3013 mulier
1411 2973 1524 3032 quia
1563 2960 1824 3014 accesserit
1856 2958 1926 3013 ad

338 3063 488 3102 omne
524 3064 712 3117 pecus,
754 3049 960 3102 ascendi
987 3049 1050 3102 ab
1089 3065 1184 3117 eo,
1225 3050 1535 3120 interﬁcietis
1577 3053 1837 3107 mulierem
1877 3061 1925 3106 et

343 3154 499 3209 pecus
531 3155 550 3192 :
580 3149 738 3193 morte
756 3141 1074 3205 moriantur;
1105 3141 1178 3194 rei
1206 3151 1337 3194 sunt.
1369 3142 1631 3208 Quairitur
1657 3143 1925 3214 quomodo

338 3229 409 3283 sit
434 3243 585 3282 reum
613 3243 773 3299 pecus
796 3271 810 3296 ,
857 3244 976 3284 cum
1003 3230 1072 3285 sit
1110 3230 1449 3300 irrationale,
1493 3247 1592 3287 nec
1629 3233 1738 3287 ullo
1767 3233 1926 3289 modo

339 3317 472 3388 legis
513 3333 698 3389 capax.
748 3320 829 3373 Au
860 3320 1306 3389 quemadmodum
1348 3322 1737 3379 transferuntur
1765 3327 1926 3382 verba

338 3409 500 3463 modo
524 3409 806 3464 locutionis
825 3451 840 3478 ,
867 3426 984 3480 qua-
1010 3425 1182 3480 gratce
1215 3412 1514 3482 appellatur
1536 3423 1777 3486 μεταφςρά
1800 3455 1814 3481 ,
1859 3416 1926 3472 ab

338 3500 555 3556 animal:
585 3501 648 3555 ad
680 3501 964 3556 inanimale
988 3545 1003 3567 ,
1033 3504 1168 3557 sicut.
1193 3503 1386 3558 dicitur
1415 3505 1687 3575 improbus
1713 3518 1922 3578 ventus,

338 3593 421 3647 vel
469 3593 673 3653 iratum.
692 3607 881 3659 mare;
929 3593 999 3647 ita
1029 3603 1084 3648 ct
1121 3593 1208 3648 hic
1235 3595 1546 3651 translatum
1589 3606 1670 3652 est
1698 3615 1725 3652 a
1759 3601 1924 3654 ratio-

338 3682 444 3738 nali
471 3683 538 3738 ad
567 3683 913 3740 irrationale?
953 3684 1085 3740 Nam
1126 3701 1318 3755 pecora
1345 3688 1467 3745 inde
1491 3683 1813 3745 credendum
1844 3700 1928 3746 est

333 3773 481 3844 jussa
506 3774 748 3841 interﬁci,
768 3776 891 3846 quia
921 3777 1009 3831 tali
1033 3776 1232 3848 ﬂagitio
1253 3781 1629 3849 contaminata,
1658 3782 1924 3853 indignam

337 3863 591 3921 refricant
619 3864 740 3922 facti
772 3868 1105 3923 memoriam.

409 3957 620 4012 LXXV.
651 3957 750 4031 [lb.
780 3976 844 4014 xx
869 4001 882 4024 ,
917 3959 1030 4034 17.]
1076 3961 1385 4036 Quicumque
1420 3971 1668 4036 acceperit
1703 3986 1926 4026 sororem

337 4064 483 4103 suam
512 4065 575 4102 ea:
595 4059 737 4120 patre
760 4067 874 4118 suo,
897 4061 986 4106 aut
1016 4070 1078 4108 ea:
1106 4064 1268 4110 matre
1291 4074 1402 4120 sua,
1433 4068 1480 4112 ct
1508 4059 1681 4114 viderit
1709 4063 1926 4133 turpitu-

336 4141 507 4194 dinem
534 4141 677 4212 ejus;
703 4143 1063 4214 impropcrium
1091 4156 1165 4201 est
1194 4162 1214 4201 :
1235 4149 1698 4205 exterminabuntur
1724 4153 1775 4206 in
1801 4169 1926 4208 con-

336 4243 512 4301 spectu
539 4235 735 4302 generis
757 4238 856 4292 sui.
902 4237 1285 4308 Turpitudinem
1314 4242 1502 4297 sororis
1528 4261 1635 4299 sum
1670 4247 1924 4314 reuelauit,

339 4334 603 4393 peccatum
630 4343 778 4380 suum
811 4328 826 4359 ι
858 4329 1124 4399 accipient.
1151 4330 1288 4398 Quid
1304 4332 1379 4386 ait
1409 4333 1462 4387 in
1493 4333 1596 4389 hoc
1620 4335 1758 4399 loco,
1791 4338 1926 4392 ride-

337 4415 424 4481 rit,
451 4415 554 4471 nisi
583 4417 986 4474 concumbeudo
1013 4421 1364 4490 cognoverit?
1388 4424 1528 4479 sicut
1552 4426 1604 4480 in
1632 4425 1774 4496 Lege
1797 4428 1929 4483 dici-

338 4515 443 4573 tur,
475 4507 717 4579 Cognovit
743 4527 950 4566 uxorem
970 4529 1114 4567 suam
1139 4511 1287 4584 (Gen.
1317 4530 1372 4570 IV
1395 4556 1410 4582 ,
1442 4517 1496 4586 I,
1526 4518 1654 4573 I7et
1673 4518 1764 4589 25)
1786 4562 1801 4587 ,
1831 4535 1928 4590 pro

338 4615 404 4656 eo
431 4603 571 4672 quod
601 4610 717 4668 est,
761 4603 958 4660 mixtus
1000 4613 1084 4660 est
1121 4606 1192 4661 ei.
1247 4608 1311 4662 Et
1350 4609 1474 4679 quid
1520 4611 1626 4678 ait,
1669 4625 1927 4683 peccatum

338 4709 485 4747 suum
528 4696 812 4767 accipient,
862 4711 982 4752 cum
1034 4697 1102 4753 de
1149 4714 1305 4769 paena
1349 4717 1534 4756 eorum
1584 4705 1924 4775 loqueretur,

339 4787 438 4841 nisi
479 4789 599 4857 quia
626 4797 681 4843 et
707 4789 875 4859 ipsam
914 4804 1128 4860 ptenam
1171 4794 1414 4862 peccati,
1463 4806 1733 4864 peccatum
1761 4799 1930 4854 voluit

338 4878 639 4948 appellare?

411 4968 646 5023 LXXVI.
681 4967 780 5042 [lb.
809 4987 898 5037 xx,
923 4970 1016 5037 20,
1045 4971 1166 5048 25.]
1198 4973 1512 5045 Quicumque
1538 4978 1928 5038 dormieritcum

339 5071 555 5131 cognata
592 5079 718 5127 sua,
748 5065 1114 5134 turpitudinem
1155 5069 1468 5139 cognationis
1511 5088 1618 5126 sua:
1653 5077 1884 5130 revelavit
1907 5091 1928 5132 :

337 5153 446 5206 sine
461 5154 583 5224 ﬁliis
603 5155 900 5212 morientur.
922 5157 1189 5225 Quieritur
1200 5175 1475 5230 quousque
1495 5163 1563 5218 sit
1588 5162 1926 5238 intelligentia

338 5246 437 5299 Ista
465 5248 732 5316 cognatio,
762 5263 882 5302 cum
910 5265 976 5304 ex.
1012 5250 1173 5321 longo
1199 5252 1364 5322 gradu
1395 5254 1550 5310 liceat
1574 5259 1753 5329 utique
1782 5261 1926 5316 acci-

339 5354 466 5410 pere
492 5356 714 5397 uxorem
741 5386 756 5410 ,
784 5357 1100 5416 semperque
1131 5346 1359 5402 licuerit.
1391 5347 1495 5404 Sed
1527 5351 1924 5423 intelligendum

337 5441 424 5489 est
449 5449 515 5490 ex
562 5435 646 5490 his
673 5437 926 5507 gradibus
956 5453 1091 5509 quos
1132 5439 1442 5510 prohibuit,
1487 5458 1592 5498 non
1632 5445 1832 5514 licere,
1873 5457 1930 5504 et

335 5584 586 5659 vulgatam
618 5589 934 5659 observamus
977 5591 1026 5640 in
1060 5597 1167 5642 Mss.
1210 5594 1373 5659 nihliis
1407 5601 1829 5659 Germanensil-us,
1877 5611 1930 5655 et

333 5650 470 5758 gora.
498 5650 703 5760 inlabere,
728 5659 778 5702 ut
797 5653 1153 5716 fornicarentur
1181 5655 1339 5708 :lieet
1362 5658 1412 5707 in
1436 5660 1580 5710 editis
1601 5650 1930 5728 [emunt/'01:;

386 5724 497 5760 σαι-ρ
535 5726 596 5761 ιν.

401 5772 415 5803 ¹
446 5777 511 5823 ita
535 5775 671 5824 editi.
699 5783 753 5826 Αῑ
773 5782 881 5826 uss.
909 5776 999 5827 hoc
1031 5777 1153 5836 loco.
1177 5792 1336 5840 suum,
1355 5781 1494 5846 juxta
1517 5789 1626 5834 LXX
1651 5789 1892 5843 omittunt.

2049 663 2362 734 telligendas
2387 665 2606 734 dimisit,
2629 670 2764 725 sicut
2788 685 3026 727 sororem
3045 671 3114 729 de
3135 681 3358 744 utroque
3378 687 3626 748 parente,

2045 753 2184 808 sicut
2207 770 2428 812 uxorem
2456 757 2635 815 fratris
2663 763 2848 817 matris
2867 802 2884 830 ,
2926 763 2976 818 id
3004 770 3085 820 est.
3105 767 3370 821 avunculi.
3398 765 3531 822 Nam
3558 768 3626 826 de

2045 861 2212 902 uxore
2262 851 2434 919 patrui
2480 853 2708 922 primum
2756 844 3062 926 prohibuit,
3105 860 3347 928 quamvis
3374 860 3489 915 haec
3517 878 3620 917 non

2042 939 2285 1006 cognatio
2304 981 2317 1005 ,
2349 942 2442 996 scd
2471 943 2699 1000 afﬁnitas
2729 947 3054 1016 perhibetur.
3097 948 3202 1004 Sed
3226 951 3349 1021 quid
3378 960 3487 1017 est,
3519 954 3628 1007 sine

2043 1027 2164 1098 ﬁliis
2188 1031 2503 1099 morientur;
2532 1050 2651 1091 cum
2682 1037 2773 1092 lilii
2799 1053 2864 1093 ex
2895 1039 3195 1109 hujusmodi
3234 1041 3625 1113 conjunctioni-

2040 1117 2139 1174 bus
2166 1130 2220 1176 et
2249 1133 2372 1178 ante
2397 1126 2507 1180 nati
2538 1128 2679 1195 sint,
2719 1136 2774 1184 et
2801 1130 2817 1161 ¹
2860 1130 3122 1202 hodieque
3165 1136 3497 1190 nascantur?
3541 1138 3623 1193 An

2047 1208 2152 1266 hoc
2186 1213 2584 1284 intelligendum
2614 1227 2698 1273 est
2728 1220 2867 1292 Lege
2894 1223 2985 1277 Dei
3015 1227 3388 1291 constitutum,
3423 1235 3480 1281 ut
3505 1227 3625 1298 qui-

2040 1317 2266 1374 cumque
2295 1324 2358 1362 cx
2387 1308 2464 1363 eis
2493 1311 2600 1364 nati
2643 1310 2838 1367 fuerint
2858 1357 2874 1380 ,
2917 1330 3023 1368 non
3050 1315 3371 1386 deputentur
3407 1318 3499 1372 lilii
3526 1361 3542 1388 ,
3572 1319 3624 1374 id

2037 1394 2119 1450 est
2140 1397 2283 1450 nullo
2304 1401 2612 1468 parentibus
2631 1401 2749 1471 jure
2778 1403 3110 1459 succedant?

2111 1485 2178 1539 Et
2212 1505 2312 1542 non
2355 1493 2681 1548 exsecrabiles
2719 1495 2914 1566 facietis
2951 1497 3148 1551 animas
3173 1506 3220 1552 et
3247 1497 3298 1552 in
3339 1499 3620 1569 pecoribus,

2038 1587 2086 1631 et
2115 1578 2165 1632 in
2188 1581 2504 1649 volucribus,
2537 1593 2582 1637 ct
2608 1585 2659 1639 in
2697 1587 2926 1641 omnibus
2958 1589 3268 1658 serpentibus
3303 1599 3479 1658 teme,
3511 1607 3625 1661 qua:

2041 1677 2131 1738 ego
2159 1671 2412 1741 segregari
2442 1673 2577 1726 vobis
2597 1675 2650 1728 in
2679 1675 3069 1731 immunditiam.
3104 1677 3323 1734 Videtur
3347 1680 3432 1735 hic
3461 1681 3625 1752 signi-

2038 1761 2196 1815 ticare
2223 1778 2327 1816 non
2355 1762 2469 1818 haec
2498 1775 2682 1820 natura
2715 1768 2985 1824 immunda
3013 1785 3163 1837 esse,
3195 1771 3289 1827 sed
3320 1773 3498 1843 aliquo
3524 1787 3615 1827 sa-

2034 1854 2288 1906 cramenti
2321 1854 2473 1924 signo
2497 1873 2512 1922 ;
2551 1859 2978 1929 quandoquidem
3005 1861 3166 1928 dicit,
3193 1879 3308 1932 qua:
3330 1881 3419 1935 ego
3438 1881 3609 1937 segre-

2034 1944 2148 2014 gavi
2170 1945 2306 1998 vobis
2334 1946 2384 1999 in
2405 1947 2797 2015 immunditiam,
2833 1960 3079 2022 tanquam
3107 1953 3378 2011 immunda
3405 1957 3483 2013 eis
3512 1974 3617 2013 non

2035 2043 2211 2087 essent
2233 2076 2247 2098 ,
2280 2035 2323 2088 si
2351 2037 2431 2090 eis
2460 2049 2736 2108 segregata
2768 2057 2870 2095 non
2900 2052 3098 2099 essent.

2103 2123 2359 2180 LXXVII.
2387 2125 2488 2200 [11).
2518 2145 2613 2195 xx,
2645 2125 2759 2204 27.]
2807 2131 2874 2185 Et
2912 2135 2986 2187 vir
3025 2144 3113 2188 aut
3157 2137 3368 2203 mulier,
3411 2139 3456 2193 si
3492 2143 3621 2209 forte

2034 2217 2187 2286 fuerit
2213 2218 2288 2270 illi
2315 2219 2680 2292 ventriloquus,
2711 2232 2798 2275 aut
2824 2224 3126 2289 incantatur,
3149 2236 3306 2281 morte
3334 2229 3615 2284 moriuntur

2033 2310 2178 2362 ambo
2211 2310 2507 2380 :lapidibus
2531 2311 2822 2383 lapidubitis
2850 2298 2968 2381 eos;
3011 2317 3083 2370 rei
3120 2326 3254 2372 sunt.
3306 2315 3490 2374 Utrum
3535 2322 3616 2376 \‘ir

2031 2405 2085 2451 et
2115 2397 2324 2466 mulier,
2355 2416 2420 2455 an
2447 2404 2527 2456 vir
2552 2412 2607 2457 et
2640 2405 3008 2476 ventriloquus
3031 2447 3045 2472 ,
3078 2417 3168 2461 aut
3189 2408 3390 2468 mulier
3404 2421 3460 2465 et
3486 2427 3618 2466 ven-

2032 2489 2290 2560 triloquus
2322 2492 2434 2546 sive
2472 2493 2794 2550 incautator.
2837 2495 2943 2552 Sed
2969 2496 3070 2552 hoc
3097 2499 3292 2569 magis,
3321 2509 3375 2554 et
3401 2502 3488 2571 qui
3520 2501 3614 2556 ha-

2030 2578 2119 2634 bet
2142 2621 2157 2646 ,
2188 2591 2241 2635 et
2264 2597 2420 2650 quem
2449 2583 2608 2640 habet
2632 2584 2674 2640 ⁸.

2103 2669 2380 2728 LXXVIII.
2414 2673 2514 2747 [lb.
2543 2691 2632 2730 xxr
2654 2717 2670 2745 ,
2703 2677 2735 2731 7
2757 2718 2772 2742 ,
2801 2675 2880 2751 8.]
2910 2676 3174 2735 Mulierem
3211 2683 3534 2752 fornicariam
3569 2695 3614 2740 et

2031 2765 2299 2834 profanam
2329 2783 2430 2821 non
2449 2769 2714 2839 accipient,
2746 2780 2791 2824 et
2812 2772 3067 2826 mulierem
3090 2774 3297 2843 ejectum
3317 2792 3346 2828 a
3367 2778 3470 2831 viro
3485 2793 3614 2843 suo;

2029 2856 2266 2925 quoniam
2303 2867 2508 2914 sanctus
2543 2870 2615 2914 est
2645 2860 2864 2916 Domino
2892 2861 3002 2917 Deo
3027 2879 3140 2917 suo.
3185 2865 3469 2934 Superius,
3515 2882 3615 2923 non

2028 2949 2274 3018 accipient
2299 2949 2544 3019 dixerat;
2591 2969 2731 3010 nunc
2758 2963 2975 3021 autem,
3007 2957 3245 3027 quoniam
3280 2969 3482 3014 sanctus
3521 2970 3610 3026 est,

2029 3053 2134 3092 non
2158 3080 2172 3103 ,
2201 3042 2451 3110 quoniam
2479 3043 2649 3098 sancti
2676 3053 2801 3098 sunt
2829 3061 2843 3098 :
2873 3044 2940 3100 de
2972 3047 3208 3116 pluribus
3241 3049 3329 3118 qui
3361 3065 3466 3104 uno
3492 3061 3617 3106 sunt

2031 3136 2272 3200 tempore
2310 3133 2675 3189 sacerdotibus
2715 3135 3057 3205 loquebatur,
3098 3147 3152 3193 et
3193 3138 3260 3194 de
3297 3155 3616 3214 unoquoque

2029 3232 2219 3274 eorum
2248 3221 2400 3287 dixit,
2428 3224 2667 3294 quoniam
2694 3235 2897 3281 sanctus
2925 3237 3032 3295 est;
3060 3229 3323 3286 locutione
3351 3249 3450 3302 qua
3482 3234 3619 3288 solet

2030 3310 2107 3365 uti
2133 3312 2426 3383 Scriptura.
2454 3314 2590 3370 Nam
2618 3332 2778 3370 unum
2802 3318 2946 3371 illum
2976 3335 3238 3374 summum
3262 3332 3442 3392 postea
3472 3339 3619 3380 com-

2033 3413 2316 3470 memorat,
2344 3405 2434 3475 qui
2466 3406 2697 3462 intrabat
2723 3408 2788 3462 ad
2819 3419 3002 3464 sancta
3031 3421 3356 3467 sanctorum.
3401 3413 3534 3469 Nam
3563 3425 3618 3470 ct

2031 3492 2308 3560 pluraliter
2321 3496 2604 3564 conclusit,
2630 3497 2834 3562 dicens,
2868 3497 2936 3552 Et
2954 3502 3289 3570 sanctificabis
3309 3520 3420 3557 eum
3444 3520 3462 3558 :
3482 3505 3618 3560 dona

2031 3583 2240 3640 Domini
2282 3585 2380 3640 Dei
2423 3589 2572 3642 restri
2614 3590 2708 3644 iste
2746 3590 2964 3657 offeret;
3013 3603 3219 3648 sanctus
3267 3605 3356 3660 est,
3378 3599 3616 3667 quoniam

2029 3686 2232 3732 sanctus
2251 3695 2340 3749 ego
2358 3677 2622 3745 Dominus,
2637 3681 2723 3753 qui
2740 3684 2998 3753 sancti/ica
3020 3701 3123 3741 eos.
3139 3686 3400 3754 Quantum
3429 3701 3607 3746 autem

2030 3767 2259 3838 pertinet
2285 3769 2350 3823 ad
2395 3770 2531 3825 dona
2555 3812 2570 3838 ,
2612 3774 2862 3842 quoniam
2898 3775 3064 3842 dixit,
3113 3777 3247 3832 dona
3279 3777 3485 3834 Domini
3512 3781 3607 3836 Dei

2030 3861 2178 3914 vestri
2219 3861 2327 3930 ipse
2357 3860 2534 3928 o/j'cret
2559 3905 2574 3929 ,
2621 3880 2726 3918 non
2755 3866 2929 3921 solum
2957 3882 3196 3924 summus
3227 3871 3312 3925 ille
3342 3871 3614 3938 oll'erebat,

2030 3951 2124 4005 sed
2164 3953 2324 4006 etiam
2367 3955 2585 4008 secundi
2615 3957 2945 4014 sacerdotes.
2997 3965 3075 4015 Ac
3101 3976 3196 4031 per
3225 3961 3326 4016 hoc
3354 3963 3494 4034 quod
3522 3963 3616 4032 ait,

2031 4041 2298 4097 Mulierem
2318 4045 2644 4116 fornicariam
2665 4058 2710 4102 et
2735 4053 3003 4122 profanam
3025 4061 3073 4106 et
3097 4054 3307 4124 ejectum
3334 4071 3365 4107 a
3391 4056 3495 4110 viro
3517 4072 3610 4110 suo

2030 4151 2130 4189 non
2157 4137 2423 4206 accipient,
2447 4139 2548 4194 hoc
2563 4149 2615 4196 et
2635 4143 2854 4196 secundi
2872 4145 3173 4201 sacerdotes
3193 4147 3442 4218 prohibiti
3461 4155 3584 4204 sunt
3602 4165 3617 4204 ε

2031 4243 2153 4282 nam
2183 4229 2252 4284 de
2280 4245 2492 4286 summo
2518 4243 2698 4302 postea
2727 4234 2874 4305 dicit,
2912 4238 3002 4308 qui
3027 4239 3185 4294 etiam
3219 4241 3428 4295 nonnisi
3457 4243 3619 4313 virgio

2032 4334 2153 4374 nem
2181 4322 2424 4390 accipere
2448 4322 2630 4391 jussus
2660 4333 2761 4380 est.
3090 4327 3092 4330 ’

2102 4410 2337 4465 LXXIX.
2373 4410 2472 4483 [lb.
2506 4430 2620 4481 xxI,
2654 4413 2767 4487 10.]
2788 4413 2854 4468 Et
2881 4417 3116 4472 sacerdos
3145 4435 3358 4490 magnus
3385 4437 3416 4474 a
3441 4423 3619 4494 fratri-

2031 4499 2124 4554 bus
2151 4502 2257 4555 suis
2287 4502 2309 4534 ³
2338 4517 2357 4556 :
2380 4503 2429 4557 id
2459 4513 2568 4568 est,
2614 4505 2702 4575 qui
2731 4506 2870 4559 inter
2894 4505 3088 4562 fratres
3113 4524 3240 4563 suos
3265 4526 3487 4582 magnus
3511 4523 3615 4581 est,

2031 4591 2123 4646 ille
2148 4592 2350 4647 scilicet
2376 4609 2511 4649 unus
2537 4610 2758 4663 magnus
2784 4595 3058 4651 sacerdos.
3111 4597 3204 4652 Cui
3233 4601 3404 4672 [usum
3433 4612 3505 4657 est
3527 4618 3616 4658 su-

2033 4701 2122 4754 per
2145 4694 2298 4754 caput
2325 4701 2388 4740 ea:
2406 4685 2516 4740 oleo
2547 4686 2734 4742 clirista
2764 4701 2783 4742 :
2811 4687 2983 4758 ipsum
3012 4689 3187 4744 oleum
3210 4693 3442 4764 appellat
3470 4693 3619 4752 Scri-

2033 4783 2182 4844 ptura
2211 4774 2490 4830 Christum.
2841 4787 2850 4793 ‘

2102 4865 2313 4922 LXXX.
2347 4865 2447 4940 [lb.
2466 4884 2574 4932 χχι,
2606 4867 2715 4942 I0]
2731 4868 2794 4923 Et
2819 4884 3193 4930 consummatus
3214 4877 3390 4932 manus
3414 4880 3619 4936 induere

2031 4958 2322 5011 vestimenta
2355 4974 2373 5012 :
2401 4958 2487 5012 illa
2519 4961 2717 5030 utique,
2751 4977 2870 5032 qua:
2897 4962 2948 5018 in
2975 4973 3122 5021 reste
3147 4967 3463 5024 sacerdotali
3491 4985 3620 5040 ope-

2031 5051 2305 5106 rosissime
2330 5050 2722 5108 describuntur.

2102 5140 2340 5196 LXXXI.
2370 5141 2469 5217 [lb.
2501 5160 2609 5209 xxi,
2643 5143 2806 5200 IOetI
2826 5145 2896 5220 I.]
2921 5145 3082 5217 Caput
3104 5167 3203 5204 non
3229 5162 3410 5224 releget
3432 5154 3613 5222 cidaii,

2032 5243 2078 5288 et
2105 5235 2394 5289 vestimenta
2425 5252 2520 5290 sua
2549 5252 2648 5290 non
2676 5238 2886 5301 scindet.
2918 5251 2964 5292 et
2993 5258 3146 5312 super
3172 5259 3370 5296 omnem
3389 5247 3613 5300 animam

2032 5334 2282 5380 mortuam
2303 5343 2402 5381 non
2428 5327 2672 5382 introibit.
2716 5330 3026 5400 Intelligitur
3051 5348 3112 5387 ea
3139 5349 3256 5404 qua:
3277 5351 3432 5406 supra
3458 5336 3613 5402 dixit,

2034 5416 2086 5471 ir.
2114 5417 2257 5473 luctu
2286 5417 2460 5475 facere
2487 5435 2607 5475 eum
2641 5421 2985 5491 prohibitum,
3019 5423 3072 5479 id
3097 5435 3200 5494 est,
3229 5438 3388 5498 caput
3412 5429 3618 5487 nudare

2096 5611 2112 5676 ξ
2139 5617 2215 5661 Er.
2247 5611 2392 5675 Lugd.
2429 5619 2546 5662 Ven.
2572 5620 2682 5664 ιον.
2707 5617 2950 5676 omittunt,
2972 5624 3034 5669 et.
3077 5628 3133 5670 Μ.

2095 5674 2118 5741 ξ
2141 5679 2256 5741 ιιιξξι.Δ
2274 5674 2426 5737 prope
2450 5689 2637 5741 omnes,
2662 5684 2708 5727 rt
2728 5691 2838 5741 qua:
2859 5674 3007 5730 habet.

2033 5795 2068 5846 ﬁ
2099 5735 2120 5766 ³
2311 5735 2475 5788 caram
2511 5735 2757 5791 fratribus}
2794 5750 2921 5805 Mss,
2945 5757 2975 5793 ιι
2994 5741 3232 5809 fratribus
3257 5760 3270 5796 :
3306 5746 3382 5797 hs
3412 5761 3612 5800 comen-

2073 5809 2138 5844 un
2293 5831 2307 5844 .

2073 5809 2158 5844 unt
2180 5809 2307 5844 LXX.
