4136 6460
507 342 607 408 ‘ilt

509 462 696 527 cidari,
723 469 778 514 ct
802 455 1114 512 vestimenta
1141 449 1405 507 scindere.
1438 447 1761 504 Vestimenta
1787 443 1925 498 enim
1957 440 2097 494 sciu-

510 557 640 611 dcre
681 550 972 622 lugentium
1002 555 1116 602 erat
1157 545 1494 613 antiquorum
1525 559 1538 593 :
1566 540 1704 594 sicut
1727 538 1794 592 de
1825 535 1924 590 Job
1963 533 2096 588 scri-

512 658 662 718 ptum
692 652 794 710 est,
823 657 942 698 cum
963 639 1009 694 ei
1036 636 1126 691 ﬁlii
1154 636 1270 705 ejus
1298 633 1446 688 ruina
1468 631 1836 686 nuntiarentur
1855 624 2096 696 oppressi

513 735 655 807 (Job.
688 751 740 801 ι,
781 732 894 802 ΞΟ).
941 729 1150 801 Nudarc
1197 736 1378 796 autem
1419 729 1578 792 eaput
1611 720 1777 775 cidari
1816 725 2095 789 propterea

516 827 742 896 lugentis
779 838 896 879 esse
940 819 1140 890 potuit,
1188 817 1310 887 quia
1358 813 1734 882 detractioest
1773 809 2092 864 ornamenti.

512 916 662 983 Quod
696 930 820 968 vero
849 913 940 978 ait,
967 909 1134 980 Super
1150 923 1346 962 onmem
1368 905 1589 958 animum
1614 911 1862 955 mortuam
1887 917 1985 954 non
2011 900 2094 953 in-

513 1008 680 1063 troibit
703 1023 724 1073 ;
750 1002 1016 1075 quomodo
1037 1000 1177 1054 dicat
1206 998 1434 1050 animum
1460 1004 1718 1048 mortuam
1739 1005 1932 1077 corpus
1954 1005 2097 1044 mor-

517 1112 662 1156 tuum
684 1141 698 1166 ,
741 1081 954 1153 difﬁcile
995 1100 1078 1148 cst
1122 1085 1419 1161 intelligere
1447 1104 1459 1140 :
1493 1102 1573 1164 ea“
1587 1097 1760 1140 tamen
1789 1083 2094 1152 Scripturaé

517 1208 633 1249 rum
661 1200 741 1246 est
766 1189 954 1244 usitata
983 1184 1207 1248 locutio,
1237 1198 1356 1252 quae
1385 1171 1538 1234 nobis
1564 1175 1962 1232 inusitatissima
1989 1182 2090 1228 est.

517 1284 721 1338 Nomen
739 1275 875 1350 ergo
904 1277 1143 1333 rectricis
1172 1289 1282 1329 sua:
1309 1271 1466 1350 etiam
1487 1285 1678 1338 corpus
1700 1266 1893 1336 accipit
1919 1264 2094 1319 anima

514 1375 853 1436 destitutum,
900 1369 1149 1441 quoniam
1190 1357 1519 1421 reddendum
1563 1362 1635 1416 illi
1667 1358 1828 1415 estin
1853 1371 2096 1413 resurre-

515 1468 726 1530 ctione;
781 1465 918 1519 sicut
966 1459 1249 1516 aediﬁcium
1292 1456 1432 1527 quod
1486 1453 1784 1525 appellatur
1834 1449 2092 1516 ecclesia,

517 1561 677 1615 etiam
716 1571 837 1612 cum
874 1554 996 1610 inde
1023 1551 1261 1608 Ecclesia
1290 1547 1515 1612 exierit,
1557 1547 1648 1616 qui
1679 1545 1920 1598 homines
1950 1550 2093 1608 sunt,

519 1646 864 1704 nihilominus
913 1645 1137 1700 ecclesia
1183 1642 1394 1696 dicitur.
1445 1637 1550 1693 Sed
1592 1653 1711 1691 cum
1756 1650 1948 1705 corpus
1989 1647 2096 1686 non

517 1739 742 1809 accipiat
779 1737 969 1790 anima:
1001 1749 1194 1788 nomen
1226 1733 1276 1786 in
1306 1729 1520 1784 homine
1556 1728 1764 1781 vivente
1788 1766 1802 1791 ,
1835 1722 2098 1794 quomodo

523 1841 648 1884 tunc
678 1835 898 1883 vocetur
920 1826 1116 1890 anima,
1145 1838 1264 1878 cum
1287 1820 1516 1876 caruerit
1542 1819 1747 1882 anima,
1775 1816 1967 1870 mirum
1994 1823 2095 1869 est.

520 1921 686 1975 Porro
713 1919 756 1972 si
786 1915 1016 1971 animam
1047 1921 1310 1968 mortuam
1353 1908 1769 1965 intellexerimus
1807 1921 1836 1960 a
1875 1918 2100 1974 corpore

520 2017 856 2079 separatam,
903 2015 962 2060 ut
1004 2005 1172 2075 ipsam
1217 2001 1606 2072 separationcm
1649 2007 1874 2052 mortem
1902 1996 2099 2050 dixisse

519 2101 761 2157 videatur
784 2140 799 2166 ,
836 2098 886 2153 id
914 2105 993 2152 est
1023 2105 1079 2151 ut
1099 2095 1274 2149 anima
1306 2101 1514 2147 mortua
1542 2091 1610 2145 sit
1636 2090 1898 2159 dirempta
1927 2103 1956 2141 a
1982 2102 2102 2142 cor—

521 2207 671 2262 pore,
712 2205 816 2246 non
846 2197 1030 2243 natura
1059 2201 1153 2242 sua
1181 2184 1384 2254 perdita
1411 2182 1536 2254 (non
1551 2180 1711 2236 'cnim
1741 2190 1793 2234 et
1823 2194 1944 2233 cum
1972 2177 2102 2232 dici-

521 2299 640 2338 mur
670 2281 862 2337 mortui
891 2287 1112 2350 pcccato
1149 2276 1320 2348 [Rom
1345 2291 1421 2337 vt.
1448 2273 1505 2346 ἢ]
1531 2315 1544 2336 ,
1577 2281 1762 2326 natura
1791 2270 1984 2325 dicitur
2022 2269 2103 2323 in-

521 2375 758 2439 teriisse,
803 2372 894 2428 sed
930 2369 1068 2440 quod
1109 2357 1216 2437 jam
1259 2373 1476 2436 peccato
1517 2379 1620 2417 non
1668 2362 1905 2438 utimur:
1937 2368 1994 2414 ut
2026 2359 2104 2415 sic

521 2465 846 2532 intelligatur
887 2462 1062 2514 anima
1105 2467 1315 2512 mortua
1340 2497 1355 2522 ,
1404 2455 1456 2508 id
1495 2462 1578 2508 est
1620 2452 1832 2521 corpori
1871 2458 2098 2516 mortua,

523 2554 664 2626 qttod
691 2553 764 2607 uti
803 2566 867 2607 eo
896 2549 1149 2612 desierit,
1181 2563 1302 2603 cum
1333 2546 1383 2599 in
1411 2560 1505 2599 sua
1534 2553 1718 2598 natura
1746 2541 1945 2613 vivat);
1972 2555 2106 2611 quo-

524 2646 682 2702 modo
727 2652 902 2714 potest
943 2643 1217 2712 quisquam
1259 2639 1460 2692 intrare
1501 2652 1660 2708 super
1696 2635 1928 2690 animam
1961 2649 2106 2688 mor-

525 2748 669 2793 tuam
691 2779 705 2803 ,
737 2735 878 2807 quod
905 2733 1155 2790 sacerdos
1183 2734 1282 2788 iste
1322 2731 1630 2802 prohibetur
1651 2771 1668 2799 ,
1713 2745 1832 2784 cum
1869 2728 2107 2799 quisquis

525 2830 707 2894 intrat,
737 2843 897 2896 super
925 2836 1191 2880 mortuum
1230 2837 1424 2892 corpus
1453 2821 1646 2888 intret,
1673 2836 1778 2875 non
1807 2835 1966 2889 super
1994 2818 2109 2872 ani-

527 2935 666 2973 mam
694 2932 810 2987 quae
834 2914 1081 2970 discessit
1115 2929 1142 2967 a
1171 2912 1434 2982 corpore?
1478 2911 1559 2965 An
1591 2910 1756 2980 ipsam
1783 2907 1942 2962 vitam
1975 2918 2109 2963 tem-

528 3008 762 3078 poralem
788 3007 980 3059 animm
1005 3003 1265 3058 vocabulo
1294 3000 1599 3072 appellavit,
1621 3015 1739 3070 quae
1767 3000 1945 3069 utique
1968 3013 2111 3054 mor-

530 3107 617 3153 tua
662 3104 746 3152 est
784 3097 836 3150 in
877 3093 1127 3150 defuncto
1160 3108 1417 3164 corpore,
1461 3091 1638 3146 anima
1679 3090 1765 3144 illa
1796 3091 2108 3161 emigrante,

530 3198 648 3260 qlia:
676 3176 809 3241 mori
838 3201 941 3241 non
968 3185 1184 3256 potest?
1205 3184 1320 3239 Non
1346 3183 1487 3254 quod
1517 3184 1630 3254 ipsa
1660 3184 1762 3238 vita
1792 3183 1966 3236 anima
1996 3182 2112 3236 lue-

532 3283 602 3336 rit
627 3299 642 3346 ;
674 3281 765 3335 sed
795 3278 934 3350 quod
963 3293 1059 3348 per
1097 3277 1287 3332 anima:
1325 3277 1659 3345 prazsentiam
1681 3315 1696 3339 ,
1725 3289 1828 3344 qua
1858 3273 2114 3328 subsiste-

532 3365 642 3439 bat,
676 3386 866 3425 nomen
897 3371 1010 3439 ejus
1030 3368 1294 3436 acceperit
1324 3374 1337 3421 :‘
1366 3366 1504 3421 sicut
1523 3365 1879 3430 distinximus,
1905 3380 2023 3419 cum
2045 3364 2114 3419 de

531 3462 788 3532 sanguine
815 3461 1153 3530 loqueremur
1175 3499 1188 3521 ,
1217 3457 1342 3526 quid
1373 3457 1572 3511 dictum
1598 3456 1704 3520 sit,
1745 3454 1926 3508 Anima
1955 3455 2114 3510 omnis

532 3554 700 3608 carnis
721 3593 736 3618 ,
772 3552 975 3622 sanguis
1000 3551 1106 3621 ejus
1133 3559 1204 3604 est
1239 3550 1431 3621 (Supra
1450 3584 1466 3616 ,
1494 3558 1668 3618 quwst.
1695 3547 1814 3621 57).
1847 3548 1942 3603 Est
1971 3548 2114 3603 enim

533 3655 587 3699 et
611 3645 722 3716 ipse
743 3644 956 3713 sanguis
987 3651 1227 3697 mortuus
1249 3642 1301 3696 in
1321 3656 1546 3711 corpore
1570 3641 1764 3696 mortui
1799 3658 1812 3694 :
1845 3656 1951 3696 non
1972 3641 2114 3697 enim

538 3752 658 3790 cum
699 3733 1017 3789 abscedente
1055 3734 1227 3788 anima
1272 3733 1550 3787 abscessit.
1607 3733 1782 3787 Vetuit
1822 3748 1948 3803 ergo
1973 3733 2116 3788 Scri-

540 3836 692 3895 ptura
735 3839 998 3878 summum
1045 3809 1390 3877 sacerdotem.
1422 3823 1580 3876 etiam
1625 3838 1786 3892 super
1824 3823 1986 3892 patris
2033 3823 2117 3878 vel

539 3915 722 3970 matris
752 3913 909 3968 funus
938 3913 1136 3968 intrare
1160 3929 1174 3979 ;
1203 3912 1348 3983 quod
1373 3912 1661 3967 secundum
1694 3927 1796 3966 non
1827 3913 2112 3982 prohibuit.

536 4003 783 4074 Sequitur
809 4004 949 4058 enim
972 4043 989 4070 ,
1036 3992 1203 4073 Super
1239 4013 1431 4074 patrem
1465 4020 1610 4057 suum
1635 4013 1679 4056 et
1713 4019 1864 4074 super
1907 4015 2117 4060 matrem

535 4114 682 4150 suam
728 4113 826 4150 non
867 4095 1227 4166 inquinabitur.
1275 4087 1419 4150 Ordo
1460 4102 1542 4148 est
1583 4104 1761 4152 autem
1807 4097 2113 4166 verborum,

539 4186 706 4257 Super
743 4196 936 4256 patrem
973 4201 1116 4239 suum
1157 4184 1663 4255 non'inquinabitur,
1701 4202 1799 4242 nec
1827 4203 1978 4259 super
2003 4206 2116 4242 ma-

527 4288 662 4352 trem
689 4294 851 4331 suam.

607 4367 864 4423 LXXXII.
895 4367 973 4439 [in
1005 4383 1122 4435 xxx,
1158 4365 1266 4440 η]
1309 4366 1374 4420 Et
1401 4367 1464 4421 de
1489 4369 1673 4422 sanctis
1703 4385 1802 4421 non
1829 4369 1977 4423 exibit
2009 4385 2116 4427 :eo

537 4458 721 4529 procul
751 4457 912 4512 dubio
952 4466 1191 4528 tempore
1226 4457 1366 4525 quod
1414 4472 1631 4511 suorum
1660 4456 1843 4512 futtera
1878 4460 2116 4515 celebra-

537 4551 749 4618 bantur,
776 4550 911 4604 sicut
939 4558 992 4604 et
1015 4557 1215 4618 septem
1245 4549 1430 4604 diebus
1456 4549 1648 4619 quibus
1669 4550 2112 4619 sanctiﬁcabatur,

539 4638 604 4696 dc
635 4641 830 4696 sanctis
851 4649 931 4695 est
952 4641 1098 4695 exire
1129 4640 1424 4710 prohibitus
1453 4640 1637 4711 (Levit.
1669 4658 1759 4696 vm
1781 4683 1796 4708 ,
1827 4643 1916 4714 55)
1945 4661 1958 4707 ;
2009 4661 2115 4700 non

538 4732 716 4787 autem
743 4747 973 4800 semper.
1019 4731 1157 4786 Sane
1183 4730 1226 4784 si
1256 4746 1446 4794 uxores
1482 4732 1676 4786 ducere
1699 4775 1713 4795 ,
1757 4736 1840 4789 vel
1871 4735 2006 4789 ﬁlios
2034 4736 2116 4805 gi-

537 4840 700 4893 gnere
729 4839 832 4877 non
861 4823 1172 4878 vetabantur
1195 4823 1387 4876 summi
1416 4832 1538 4878 tunc
1572 4824 1898 4892 sacerdotes,
1927 4843 2116 4894 magna

537 4918 705 4984 oritur
737 4906 975 4985 qurestio.
1025 4917 1155 4970 Cum
1186 4905 1294 4970 Lex
1335 4917 1493 4970 etiam
1537 4917 1799 4987 coniugali
1833 4919 2114 4973 concubitu

541 5009 865 5064 immundum
898 5008 1165 5063 hominem
1193 5008 1331 5062 dica‘t
1357 5023 1520 5077 usque
1543 5008 1609 5063 ad
1637 5024 1934 5079 vesperam,
1958 5011 2114 5066 etiam

537 5116 656 5155 cum
702 5100 928 5154 abluerit
955 5115 1146 5170 corpus
1181 5114 1332 5153 suum
1361 5115 1494 5169 aqua
1521 5097 1630 5172 (Id.
1663 5117 1751 5165 xv,
1784 5100 1871 5171 I6)
1900 5118 1914 5165 ;
1950 5110 2003 5156 et
2031 5101 2116 5172 ju-

537 5191 723 5245 beatur
748 5207 984 5245 summus
1023 5191 1272 5246 sacerdos
1299 5201 1512 5260 propter
1541 5191 1813 5247 incensum
1836 5194 2115 5249 continua-

539 5283 697 5337 tionis
722 5283 804 5337 bis
830 5283 881 5336 in
908 5281 996 5336 die
1034 5282 1269 5351 quotidie
1308 5280 1507 5338 intrare
1551 5283 1686 5338 intra
1717 5284 1888 5339 velum
1921 5285 2111 5356 (Exod.

536 5381 646 5429 xx:
670 5416 683 5441 ,
713 5375 766 5440 7,
798 5373 890 5446 8),
940 5375 1025 5428 ubi
1052 5383 1167 5429 erat
1208 5375 1372 5429 altare
1402 5375 1624 5442 incensi,
1661 5391 1760 5432 nec
1797 5391 2112 5448 quemquam

536 5463 865 5521 immundum
893 5466 957 5520 ad
999 5475 1181 5521 sancta
1225 5465 1302 5521 fas
1339 5475 1480 5520 esset
1523 5466 1774 5522 accedere
1804 5485 1816 5521 :
1847 5468 2112 5538 quomodo

536 5557 588 5612 id
619 5558 851 5630 quotidie
877 5573 1115 5612 summus
1143 5557 1392 5612 sacerdos
1423 5557 1672 5627 implebat
1697 5599 1712 5626 ,
1744 5560 1786 5613 si
1820 5559 1955 5614 ﬁlios
1985 5576 2110 5630 pro-

535 5649 783 5704 creabat?
828 5649 958 5704 Nam
988 5649 1032 5702 si
1077 5649 1331 5719 aegritudo
1377 5649 1448 5702 illi
1491 5649 1820 5716 accidisset,
1853 5653 1971 5722 quis
1995 5653 2110 5709 loco

539 5742 649 5810 ejus
685 5743 1008 5811 fungeretur,
1060 5741 1102 5795 si
1145 5742 1261 5811 quis
1288 5740 1548 5812 inquirat;
1594 5744 1903 5812 responderi
1937 5757 2109 5817 potest

1329 323 1789 405 QUESTIONUM
1828 329 1885 384 S.
1928 321 2287 382 AUGUSTINI
2326 323 2392 379 ΙΝ
2432 321 2988 380 ΙΙΕΡΤΛΤΕΕΟΙΙΗΜ

3679 323 3788 382 m

2203 437 2343 506 quod
2385 439 2551 507 gratia
2579 439 2672 494 Dei
2705 454 2811 492 non
2846 436 3133 508 rcgrotabat
3167 454 3179 492 :
3215 440 3466 511 numquid
3507 441 3585 497 sic
3617 444 3781 498 etiam

2204 530 2273 584 de
2313 530 2542 585 ﬁliorum
2591 531 2958 600 procreatione
3006 530 3315 600 responderi
3357 529 3573 603 potest?
3630 533 3784 592 Unde

2205 621 2264 676 ﬁt
2297 635 2629 691 consequens
2657 635 2712 675 ut
2747 629 2836 675 aut
2861 621 3139 677 continens
3164 629 3326 690 esset,
3358 632 3451 678 aut
3478 623 3665 680 diebus
3689 628 3788 680 ali-

2202 715 2391 785 quibus
2420 700 2859 770 intermitteretur
2894 713 3167 792 inccnsum
3197 711 3306 788 (a);
3350 723 3442 770 aut
3469 716 3514 771 si
3545 716 3674 771 illud
3705 719 3790 771 in-

2204 805 2418 860 termitti
2441 821 2544 859 non
2572 812 2773 874 posset,
2791 797 2934 875 quod
2964 805 3176 882 nonnisi
3201 820 3296 876 per
3323 820 3589 862 summum
3604 823 3788 863 sacer-

2201 897 2381 952 dotem
2412 913 2627 974 necesse
2675 907 2820 953 esset
2860 897 3101 968 imponi,
3141 915 3245 953 non
3285 899 3437 975 ﬁeret
3481 900 3789 958 immundus

2200 989 2342 1042 coitu
2368 988 2663 1066 coniugali,
2679 989 2869 1045 merito
2891 984 3170 1059 prmtiipua:
3195 990 3630 1068 sanctificationis
3649 1007 3784 1048 sum.

2201 1081 2307 1154 Aut
2334 1081 2375 1135 si
2403 1081 2561 1137 etiam
2603 1081 2670 1136 ad
2721 1082 2893 1152 ipsum
2943 1083 3210 1154 pertinet,
3252 1082 3395 1154 quod
3435 1082 3503 1138 de
3539 1083 3788 1138 omnibus

2202 1172 2324 1228 ﬁliis
2349 1174 2524 1228 Aaron
2557 1173 2608 1228 in
2637 1173 3089 1244 consequentibus
3119 1172 3281 1239 dicit,
3311 1183 3370 1228 ut
3395 1170 3570 1229 nullus
3597 1189 3784 1240 eorum

2200 1263 2418 1341 accedat
2455 1264 2521 1319 ad
2561 1273 2772 1330 sancta,
2821 1265 2866 1319 si
2907 1265 2992 1320 cui
3030 1263 3227 1336 aliquid
3264 1265 3517 1320 acciderit
3555 1265 3785 1341 immun-

2200 1355 2344 1433 ditia:
2368 1373 2383 1420 ;
2415 1356 2541 1410 illud
2568 1357 2803 1426 profecto
2825 1363 2990 1410 restat
3014 1356 3255 1425 accipere
3281 1357 3321 1423 ',
3353 1355 3494 1427 quod
3513 1352 3787 1411 nonnullis

2199 1446 2388 1502 diebus
2417 1462 2521 1523 non
2552 1433 2921 1517 imponebatur
2945 1447 3241 1502 incensum.

2272 1537 2554 1592 LXXXIII.
2588 1537 2665 1611 [In
2693 1537 2937 1612 111.11.]
2957 1537 3106 1605 Quod
3130 1547 3306 1592 autem
3325 1552 3486 1608 super
3510 1536 3668 1593 funus
3692 1551 3789 1608 pa-

2205 1617 2300 1682 tris
2328 1629 2406 1683 sui
2439 1643 2677 1684 summus
2703 1615 2954 1685 saCerdos
2998 1628 3314 1700 prohibetur
3363 1630 3560 1685 intrare
3580 1672 3594 1695 ,
3621 1633 3790 1701 qumri

2205 1729 2375 1789 potest
2404 1721 2668 1790 quomodo
2701 1707 2812 1792 jam
2838 1737 2958 1777 esse
2987 1728 3197 1792 poterat
3235 1736 3476 1778 summus
3514 1723 3786 1788 sacerdos,

2204 1810 2438 1867 nondum
2482 1822 2692 1868 mortuo
2733 1821 2884 1884 patre
2907 1829 3005 1869 suo
3024 1854 3038 1879 ,
3067 1829 3186 1868 cum
3216 1829 3312 1868 eos
3341 1814 3576 1884 patribus
3601 1829 3789 1870 succe-

2203 1904 2331 1959 dere
2345 1904 2544 1974 jubeat.
2570 1904 2692 1960 Ideo
2713 1919 2932 1960 necesse
2952 1913 3069 1960 erat
3091 1904 3326 1960 nondum
3347 1904 3560 1975 sepulto
3580 1918 3792 1960 summo

2205 1995 2501 2059 sacerdote,
2521 1995 2771 2050 continuo
2795 1995 3042 2050 substitui
3068 1995 3401 2051 sacerdotem
3426 2004 3643 2066 propter
3661 2011 3794 2051 cons

2206 2074 2512 2140 tinuationis
2539 2086 2843 2152 incensum,
2876 2086 3018 2157 quod
3041 2103 3135 2156 per
3163 2102 3429 2142 summum
3458 2087 3792 2143 sacerdotem

2208 2177 2444 2246 quotidie
2469 2178 2744 2248 oportebat
2774 2179 2973 2248 imponi
3006 2178 3098 2252 (ὁ).
3125 2178 3435 2250 Quanquam
3463 2188 3517 2234 et
3541 2179 3628 2234 illa
3649 2195 3793 2249 qua:-

2207 2257 2310 2322 stio
2347 2267 2415 2323 de”
2461 2261 2772 2340 a-gritudine
2811 2272 3004 2325 summi
3044 2271 3336 2328 sacerdotis
3378 2280 3586 2338 manet,
3619 2273 3662 2328 si
3705 2273 3794 2328 vel

2210 2359 2528 2414 moriturum
2564 2375 2783 2417 necesse
2816 2371 2936 2417 erat
2975 2347 3161 2417 diebus
3198 2362 3462 2432 aliquibus
3489 2372 3790 2433 mgrotare:

2211 2449 2314 2504 nisi
2356 2437 2492 2506 forte
2529 2459 2584 2506 et
2626 2451 2728 2507 hoc
2753 2453 2824 2507 ita
2852 2453 3110 2519 solvatur,
3142 2464 3200 2508 ut
3231 2453 3438 2509 dicatur
3476 2469 3584 2510 non
3619 2455 3798 2510 solere

2209 2556 2448 2599 summos
2477 2544 2805 2614 sacerdotes,
2835 2545 2936 2601 nisi
2962 2547 3133 2602 subito
3153 2547 3310 2612 mori,
3330 2562 3436 2602 non
3458 2546 3797 2618 prmcedente

2210 2637 2556 2706 aegritudine;
2602 2639 2742 2694 sicut
2786 2639 2854 2695 de
2901 2639 3014 2710 ipso
3042 2639 3222 2696 Aaron
3263 2640 3534 2711 Scriptura
3578 2648 3799 2696 testatur

2216 2727 2400 2802 (Num.
2430 2747 2524 2794 xx.
2548 2730 2759 2802 26-29).

2282 2821 2567 2878 LXXXIV.
2597 2821 2674 2897 [In
2717 2840 2845 2890 ιιι,
2879 2823 2991 2896 15.]
3030 2824 3428 2881 Advertendum
3470 2835 3554 2881 est
3589 2826 3796 2896 quoties

2213 2912 2370 2978 dicit,
2403 2913 2515 2984 Ego
2544 2914 2792 2969 Dominus
2815 2956 2828 2980 ,
2865 2917 2951 2986 qui
2996 2917 3268 2986 sancti/Fce~
3289 2933 3402 2970 eum
3423 2957 3438 2984 ,
3462 2917 3686 2987 loquens
3728 2917 3797 2972 de

2214 3004 2524 3070 Sacerdote;
2553 3021 2675 3060 cum
2706 3007 2808 3061 hoc
2833 3007 2993 3061 etiam
3023 3006 3190 3078 Moysi
3216 3007 3442 3074 dixerit,
3474 3005 3541 3060 Et
3567 3008 3799 3077 sanctiﬁ-

2213 3097 2349 3150 cabis
2388 3113 2500 3149 eum
2528 3095 2720 3168 (Exod.
2749 3101 2910 3163 xitx,
2938 3081 3050 3170 24).
3083 3098 3358 3166 Quomodo
3378 3114 3505 3170 ergo
3524 3109 3578 3156 et
3594 3081 3800 3172 Moyses

2215 3188 2508 3244 sanctiﬁcat
2532 3199 2586 3244 et
2611 3174 2902 3245 Dominus?
2926 3191 3042 3247 Non
3069 3192 3211 3246 enim
3238 3190 3448 3263 Moyses
3482 3207 3582 3262 pro
3615 3190 3799 3247 Domi-

2215 3293 2286 3332 no
2316 3295 2328 3330 :
2352 3279 2446 3333 sed
2483 3279 2693 3351 Moyses
2732 3281 3029 3336 visibilibus
3055 3280 3413 3337 Sacramentis
3442 3298 3535 3352 per
3561 3283 3802 3338 ministea

2218 3369 2353 3424 rium
2378 3384 2564 3437 suum;
2589 3371 2841 3427 Dominus
2877 3381 3056 3428 autem
3087 3373 3336 3428 invisibili
3360 3373 3527 3443 gratia
3558 3389 3652 3444 per
3677 3373 3801 3443 Spi-

2219 3462 2375 3516 ritum
2405 3471 2668 3526 sanctum,
2698 3465 2784 3518 ubi
2815 3473 2899 3519 est
2927 3472 3068 3520 totus
3095 3464 3299 3521 fructus
3325 3467 3486 3520 etiam
3511 3467 3798 3522 visibilium

2219 3545 2703 3610 Sacramentorum.
2735 3555 2866 3609 Nam
2893 3557 3012 3612 sine
3040 3557 3138 3611 ista
3169 3555 3587 3613 sanctiﬁcatione
3612 3557 3799 3614 invisi-

2219 3643 2340 3698 bilis
2363 3645 2546 3716 gratia:
2565 3687 2581 3714 ,
2607 3646 2830 3701 visibilia
2858 3646 3201 3704 Sacramenta
3231 3649 3356 3718 quid
3398 3650 3657 3719 prosunt?
3684 3650 3799 3706 Me-

2220 3725 2322 3790 rito
2347 3744 2526 3791 autem
2556 3738 2831 3808 quaaritur,
2856 3747 3032 3794 utrum
3063 3739 3222 3794 etiam
3245 3740 3342 3794 ista
3370 3739 3653 3796 invisibilis
3671 3757 3800 3797 san-

2221 3827 2472 3881 ctiﬁcatio
2493 3827 2607 3882 sine
2628 3829 2926 3883 visibilibus
2953 3829 3331 3898 Sacramentis,
3362 3831 3557 3901 quibus
3587 3832 3805 3888 visibili-

2223 3924 2302 3972 ter
2331 3916 2492 3973 homo
2515 3918 2892 3987 sanctiﬁcatur,
2923 3919 3120 3989 pariter
3142 3920 3274 3976 nihil
3301 3923 3504 3992 prosit:
3533 3923 3672 3994 quod
3697 3924 3802 3978 uti-

2222 4024 2326 4078 que
2345 3995 2630 4064 absurdum
2658 4019 2759 4066 est.
2783 3998 3134 4066 Tolerabilius
3161 4011 3303 4066 enim
3333 4013 3558 4084 quisque
3585 4013 3798 4081 dixerit,

2222 4100 2338 4156 sine
2364 4100 2469 4156 illis
2491 4101 2644 4156 istam
2674 4118 2778 4157 non
2801 4117 2941 4168 esse,
2963 4118 3119 4173 quam
3145 4103 3189 4157 si
3216 4102 3374 4159 fuerit
3392 4121 3496 4160 non
3516 4105 3799 4176 prodesse;

2221 4209 2341 4249 cum
2371 4193 2422 4248 in
2447 4195 2543 4248 ista
2571 4195 2640 4251 sit
2662 4194 2836 4251 omnis
2858 4195 3051 4250 utilitas
3082 4195 3314 4252 illorum.
3342 4196 3446 4253 Sed
3476 4199 3634 4254 etiam
3677 4198 3801 4266 hoc,

2221 4285 2362 4355 quod
2411 4285 2525 4340 sine
2564 4286 2669 4339 illis
2696 4286 2795 4340 ista
2837 4300 2957 4341 esse
2987 4301 3091 4340 non
3131 4286 3331 4356 possit,
3360 4287 3628 4358 quomodo
3656 4297 3804 4344 recte

2223 4379 2446 4445 dicatur,
2493 4378 2801 4434 intuendum
2836 4387 2936 4433 est.
2969 4379 3110 4433 Nihil
3147 4379 3342 4450 quippe
3373 4380 3570 4450 proluit
3596 4379 3803 4436 Simoni

2222 4483 2377 4535 mago
2400 4467 2620 4522 visibilis
2655 4467 2988 4538 Baptismus,
3017 4468 3101 4522 cui
3129 4467 3476 4524 sanctiﬁcatio
3519 4469 3804 4525 invisibilis

2222 4557 2387 4613 deluit
2417 4576 2429 4612 :
2453 4556 2548 4613 sed
2570 4557 2757 4627 quibus
2787 4557 2885 4611 ista
2912 4557 3210 4622 invisibilis,
3234 4559 3482 4628 quoniam
3505 4559 3654 4615 atl‘uit
3680 4575 3806 4630 pro-

2222 4650 2338 4715 l‘uit,
2367 4651 2526 4706 etiam
2550 4650 2775 4705 visibilia
2803 4650 3143 4706 Sacramenta
3161 4654 3542 4722 perceperant’
3559 4652 3805 4708 similiter

2221 4736 2490 4810 baptizati.
2519 4741 2625 4796 Nec
2648 4749 2822 4794 tamen
2849 4740 3076 4811 Moyses,
3094 4741 3189 4810 qni
3206 4741 3480 4798 visibiliter
3497 4741 3805 4798 sacerdotes

2221 4834 2576 4888 sanctiﬁcabat
2599 4875 2614 4900 ,
2654 4833 2740 4887 ubi
2773 4833 2927 4887 fuerit
2959 4833 3072 4902 ipse
3115 4833 3243 4902 ipsis
3271 4834 3543 4889 sacriﬁciis
3572 4825 3654 4889 vel
3681 4835 3804 4890 oleo

2221 4925 2596 4990 sanctiﬁcatus,
2629 4925 2958 4980 ostenditur:
2985 4925 3316 4982 invisibiliter
3344 4943 3471 4983 vero
3499 4929 3804 4984 sanctiﬁca-

2220 5014 2331 5070 tum
2363 5030 2557 5084 negare
2583 5016 2700 5083 quis
2729 5014 3100 5084 audeat,cujns
3125 5025 3265 5070 tanta
3293 5019 3459 5088 gratia
3479 5020 3798 5088 praeemine-

2221 5103 2348 5159 bat?
2385 5099 2496 5159 lloc
2529 5113 2586 5158 et
2627 5103 2694 5158 de
2737 5093 2941 5160 JOanne
2988 5105 3220 5175 Baptista
3256 5107 3359 5163 dici
3409 5118 3584 5178 potest
3614 5127 3626 5162 :
3656 5113 3806 5180 prius

2220 5187 2360 5250 enim
2389 5190 2699 5264 baptizator,
2718 5211 2874 5267 quam
2900 5196 3194 5266 baptizatus
3220 5200 3464 5269 apparuit
3483 5200 3692 5274 (Matth.
3723 5221 3802 5268 Ill,

2221 5285 2309 5352 Η,
2338 5286 2446 5355 14).
2477 5284 2626 5340 Unde
2651 5301 2771 5340 eum
2800 5288 3181 5342 sanctiﬁcatum
3227 5305 3560 5361 nequaquam
3608 5309 3807 5364 negare

2219 5391 2503 5452 possumus
2533 5396 2546 5432 :
2575 5377 2628 5433 id
2653 5386 2830 5433 tamen
2858 5379 2910 5434 in
2934 5395 2998 5435 eo
3028 5381 3222 5435 factum
3252 5382 3554 5463 visibiliter,
3573 5400 3677 5439 non
3724 5386 3807 5440 in-

2281 5516 2396 5587 {Sic
2418 5522 2521 5566 Mss.
2549 5521 2604 5564 Αι
2623 5513 2758 5574 Editi,
2782 5512 3102 5565 inmunditia:
3134 5527 3224 5580 pro
3260 5521 3472 5580 peccato,
3496 5517 3619 5570 illud
3658 5525 3812 5573 radat

2215 5589 2706 5704 degliies’sf'seccensis
2733 5641 2785 5686 et
2803 5636 3122 5704 Michaelinus,
3147 5651 3420 5704 perceperc.

2367 5705 2631 5810 Ιῗήἓθιινειοῑ.
2652 5698 2699 5760 2,
2723 5710 2827 5760 cap.
2852 5700 2932 5759 53,
2957 5712 3002 5747 n.
3030 5701 3078 5753 9.
