4136 6532
356 480 460 534 713

353 589 601 647 venimus
626 596 906 657 antequam
929 583 993 640 ad
1016 583 1362 638 ministerium
1383 580 1677 652 baptizandi
1702 582 1927 634 veniret.

356 679 471 736 Hoc
496 688 551 733 et
579 677 648 733 de
692 678 895 730 latrone
938 675 1050 740 illo,
1100 674 1185 728 cui
1221 688 1400 727 secum
1444 672 1698 725 crucilixo
1749 670 1929 724 Domi-

352 785 455 825 nus
482 769 558 823 ait
574 747 679 837 (a),
704 764 870 819 Hodie
896 779 1090 818 ntecum
1111 762 1208 815 eris
1229 762 1282 814 in
1304 761 1541 829 paradiso
1570 758 1719 829 (Luc.
1755 774 1889 813 xxm
1912 799 1927 819 .

351 860 464 929 43).
491 858 674 927 Neque
699 856 843 911 enim
884 855 999 909 sine
1037 852 1451 909 sanctiﬁcatione
1496 850 1743 903 invisibili
1788 858 1930 902 tanta

351 950 605 1007 felicitate
650 948 878 1003 donatus
908 954 1006 1002 est.
1042 944 1269 999 Proinde
1305 942 1569 1012 colligitur
1612 940 1929 995 invisibilem

349 1044 819 1100 sanctiﬁcationem
863 1037 1178 1109 quibusdam
1218 1034 1432 1089 all‘nisse
1469 1044 1627 1103 atque
1668 1030 1932 1103 profuisse

350 1151 467 1191 stne
484 1132 778 1188 visibilibus
795 1127 1174 1193 Sacramentis,
1189 1142 1307 1196 qua:
1328 1140 1421 1195 pro
1438 1133 1736 1194 temporum
1758 1122 1934 1177 diver-

352 1225 508 1279 sitate
532 1231 733 1276 mutata
764 1230 908 1284 sunt,
942 1228 998 1272 ut
1025 1218 1123 1271 alia
1155 1226 1280 1270 tunc
1305 1214 1529 1277 fuerint,
1560 1221 1613 1267 et
1642 1213 1743 1265 alia
1774 1210 1933 1266 modo

349 1316 499 1370 sint:
534 1312 794 1367 visibilem
828 1325 957 1365 vero
992 1304 1492 1369 sanctiﬁcationem,
1519 1318 1635 1373 quae
1668 1302 1815 1357 fieret
1842 1316 1935 1370 per

351 1403 580 1459 visibilia
604 1401 965 1463 Sacramenta,
985 1397 1101 1452 sine
1130 1396 1228 1450 ista
1258 1394 1506 1448 invisibili
1540 1407 1695 1463 posse
1721 1392 1929 1458 adesse,

352 1508 459 1549 non
504 1506 661 1562 posse
703 1489 977 1560 prodesse.
1021 1485 1131 1541 Nec
1176 1493 1353 1539 tamen
1385 1483 1504 1538 ideo
1532 1483 1932 1538 Sacramentum

351 1584 559 1639 visibile
597 1580 1042 1638 contemnendum
1092 1587 1218 1633 est:
1261 1592 1382 1630 nam
1427 1582 1763 1644 contemptor
1818 1573 1935 1645 ejus

351 1674 690 1729 invisibiliter
725 1670 1045 1736 sanctilicari
1075 1668 1220 1723 nullo
1260 1667 1417 1722 modo
1464 1676 1657 1737 potest.
1681 1667 1814 1720 Hinc
1852 1674 1935 1720 est

360 1766 495 1837 good
539 1762 816 1837 Cornelius
858 1769 912 1817 et
933 1760 1021 1831 qui
1049 1773 1169 1814 cum
1198 1772 1263 1812 eo
1286 1766 1471 1822 erant,
1503 1771 1623 1810 cum
1659 1757 1765 1825 jam
1796 1756 1935 1810 invi-

352 1856 577 1913 sibiliter
604 1853 777 1909 infuso
809 1861 996 1907 sancto
1024 1849 1225 1920 Spiritu
1254 1847 1565 1904 sanetilicati
1595 1857 1931 1919 apparerent,

352 1946 604 2017 baptizati
627 1954 749 2001 sunt
776 1954 950 1999 tamen
983 1942 1120 2013 (Act.
1158 1956 1227 2005 ι,
1267 1940 1454 2012 44-48)
1479 1956 1494 1992 z
1519 1954 1617 1994 nec
1668 1938 1934 2008 superﬂua

347 2038 581 2109 iudicata
610 2045 691 2093 est
718 2036 939 2092 visibilis
960 2033 1325 2099 sanctiﬁcatio,
1340 2047 1496 2102 quam
1522 2031 1800 2087 invisibilis
1822 2030 1934 2101 jam

353 2137 718 2200 prmcesserat.

427 2219 685 2275 LXXXV.
719 2217 819 2292 [lb.
850 2232 982 2283 ml,
1013 2216 1065 2281 1,
1087 2213 1166 2287 2.]
1195 2213 1262 2268 Et
1284 2214 1478 2268 locutus
1502 2220 1572 2266 est
1592 2210 1840 2266 Dominus
1867 2211 1936 2265 ad

355 2313 591 2383 Moysen,
620 2312 808 2374 dicens,
841 2309 935 2363 Dic
962 2310 1130 2362 Aaron
1160 2316 1204 2361 et
1232 2307 1354 2376 ﬁliis
1380 2307 1509 2374 ejus,
1538 2314 1584 2359 et
1613 2304 1875 2359 attendant
1903 2321 1936 2358 a

352 2404 541 2459 sanctis
563 2403 782 2471 ﬁliorum
810 2399 1008 2463 Israel,
1042 2407 1090 2451 et
1116 2414 1215 2451 non
1241 2397 1578 2469 profanabant
1601 2412 1781 2449 nomen
1818 2412 1938 2448 san-

354 2504 492 2547 ctum
519 2508 683 2547 meum
702 2533 717 2557 ,
745 2500 935 2562 quanta
965 2490 982 2521 ⁸
1012 2488 1110 2558 ipsi
1134 2488 1452 2556 sanctiﬁcant
1478 2485 1620 2539 mihi.
1669 2483 1781 2557 Ego
1822 2483 1933 2539 Do-

353 2601 541 2639 minus.
570 2583 637 2638 Et
661 2583 796 2637 dices
818 2580 943 2646 illis,
970 2579 1035 2633 In
1065 2579 1324 2650 progenies
1347 2588 1535 2632 vestras
1581 2579 1742 2632 omnis
1787 2578 1935 2631 homo

353 2676 652 2747 quicumque
695 2672 958 2728 accesserit
982 2671 1042 2724 ab
1068 2670 1204 2725 omni
1245 2668 1433 2723 semine
1459 2678 1620 2723 vestro
1647 2668 1715 2721 ad
1738 2677 1932 2732 sancta,

353 2780 677 2837 quacumque
709 2760 1131 2831 sanctiﬁcaverint
1170 2759 1263 2829 ﬁlii
1302 2756 1467 2812 Israel
1508 2757 1747 2821 Domino,
1774 2766 1821 2812 et
1846 2758 1946 2811 erit-

353 2855 677 2909 immunditia
702 2854 812 2925 ejus
836 2853 890 2906 in
916 2852 1028 2917 illo,
1053 2847 1457 2904 exterminabitur
1480 2849 1649 2902 animo
1670 2849 1761 2904 illa
1785 2864 1817 2901 a
1836 2864 1935 2902 me.

355 2945 473 3016 Ego
498 2943 739 2999 Dominus
764 2942 899 2996 Deus
924 2949 1098 2997 vester.
1126 2940 1313 2995 Abiata
1339 2948 1423 2995 est
1449 2941 1626 2995 omnis
1654 2940 1935 3005 dubitatio,

358 3035 627 3091 neminem
655 3028 990 3089 sacerdotum
1020 3032 1101 3087 vel
1124 3045 1451 3086 summorum
1472 3032 1553 3087 vel
1581 3032 1937 3086 secundorum

357 3125 610 3180 debuisse
630 3122 884 3179 accedere
920 3121 985 3176 ad
1011 3129 1228 3186 sancta,
1274 3120 1318 3175 si
1363 3119 1691 3175 immunditia
1728 3121 1843 3190 ejus
1883 3120 1937 3174 in

359 3216 479 3287 ipso
515 3221 675 3269 esset.
716 3212 845 3267 Erat
872 3227 999 3283 ergo
1022 3226 1357 3282 consequens
1386 3210 1711 3265 continentia
1754 3226 1938 3266 sacer-

359 3308 535 3373 dotis,
565 3322 633 3362 ne
666 3315 884 3377 propter
931 3305 1160 3359 filiorum
1207 3304 1631 3374 procreationem
1675 3304 1940 3374 aliquibus

360 3399 549 3455 diebus
593 3413 699 3453 non
746 3397 1111 3466 imponeretur
1162 3394 1572 3450 continuationis
1622 3394 1937 3459 incensum,

361 3489 505 3559 quod
540 3494 578 3542 'a
618 3488 747 3543 solis
788 3487 1010 3542 summis
1051 3485 1412 3540 sacerdotibus
1440 3485 1517 3540 bis
1546 3485 1597 3539 in
1622 3485 1710 3539 die
1737 3485 1943 3539 solebat

362 3579 585 3649 imponi,
612 3592 771 3633 mane
791 3585 849 3632 et
869 3591 1091 3646 vespera
1116 3574 1313 3646 (Exod.
1342 3591 1479 3640 xxx,
1503 3576 1555 3641 7,
1581 3575 1638 3646 8)
1661 3590 1675 3628 :
1699 3574 1941 3645 quando-

362 3672 578 3742 quidem
618 3679 737 3742 post
772 3670 971 3726 coitum
1002 3669 1333 3740 conjugalem
1362 3669 1524 3724 etiam
1563 3670 1672 3725 loto
1718 3685 1944 3741 corpore

363 3763 669 3819 immundus
709 3771 827 3818 erat
868 3778 1031 3833 usque
1055 3762 1121 3815 ad
1149 3776 1423 3832 vesperam
1442 3761 1624 3832 (Leuit.
1651 3778 1743 3828 sv,
1773 3764 1883 3835 I6),
1914 3778 1943 3818 a

364 3869 471 3923 quo
500 3853 552 3908 id
580 3866 800 3908 necesse
819 3862 934 3907 erat
958 3851 1177 3921 imponi.
1203 3851 1353 3921 Quod
1380 3861 1554 3907 autem
1575 3853 1668 3919 ait,
1691 3848 1804 3924 qua:
1821 3872 1943 3908 san-

364 3943 592 4011 cti/icant
618 3943 713 4011 ﬁlii
736 3941 918 4007 Israel,
935 3942 1329 4012 intelligendum
1346 3951 1445 4005 est,
1468 3941 1742 3998 oli'erendo
1770 3958 1948 3999 sacer-

366 4032 580 4088 dotibus
594 4032 919 4088 oll‘erendum
944 4047 1039 4101 per
1058 4046 1151 4087 eos
1166 4033 1404 4087 Domino.
1425 4032 1489 4086 Et
1516 4033 1802 4088 notandum
1824 4050 1949 4089 san—
1970 4080 1981 4085 _

367 4125 701 4180 etilicationis
723 4139 912 4194 genus,
933 4122 1075 4194 quod
1099 4122 1159 4178 lit
1185 4132 1309 4179 voto
1333 4131 1386 4177 et
1412 4123 1693 4179 devotione
1720 4124 1949 4180 oli‘eren-

370 4215 460 4270 tis.
480 4214 585 4270 Sed
612 4222 787 4268 utrum
824 4214 961 4268 sicut
997 4214 1101 4267 isto
1139 4211 1299 4268 modo
1324 4213 1719 4269 sanctificantur
1742 4229 1803 4269 ea
1829 4230 1949 4285 qute

367 4305 664 4361 offeruntur
701 4305 769 4360 ab
802 4300 1123 4368 hominibus.
1152 4303 1222 4358 ita
1258 4311 1313 4358 et
1349 4303 1449 4373 ipsi
1488 4303 1732 4360 homines
1759 4305 1948 4361 eodem

322 4453 331 4468 ,
369 4395 533 4450 modo
571 4395 777 4464 seipsos
812 4392 1141 4449 sanctiﬁcare
1163 4392 1425 4457 dicantur,
1456 4409 1576 4448 cum
1604 4395 1655 4448 in
1685 4395 1862 4466 aliqua
1891 4411 1951 4452 re

369 4488 580 4559 seipsos
604 4494 817 4550 vovent,
845 4484 1240 4540 observandum
1262 4493 1344 4540 est
1368 4486 1418 4539 in
1435 4485 1740 4556 Scripturis.

443 4575 727 4632 LXXXVI.
759 4575 862 4647 [Ib.
888 4591 1028 4643 χχιι,
1053 4574 1132 4648 4.]
1157 4576 1221 4628 Et
1248 4577 1334 4646 qui
1372 4578 1583 4647 tetigerit
1618 4593 1815 4631 omnem
1853 4579 1953 4631 im-

372 4669 673 4722 munditiam
699 4669 917 4721 animte:
942 4667 993 4720 id
1022 4676 1105 4721 est
1124 4707 1138 4732 ,
1166 4667 1362 4737 aliquid
1405 4669 1769 4733 morticinum,
1803 4668 1955 4739 cujus

370 4759 663 4813 secundum
687 4756 881 4827 Legem
909 4765 1077 4811 tactus
1106 4757 1364 4825 inquinat.

441 4847 750 4903 LXXXVII.
768 4848 867 4920 [lb.
882 4863 1031 4912 xstv,
1050 4846 1249 4918 l5,16.]
1266 4846 1454 4914 Homo,
1469 4850 1616 4903 homo
1632 4851 1676 4904 si
1685 4851 1957 4905 maledice-

371 4924 438 4993 rit
457 4937 623 4992 Deum
641 4955 808 5004 suum,
831 4948 1089 5008 peccatum
1108 4937 1317 5007 accipiet
1340 4954 1357 4991 .°
1380 4939 1643 4993 nominans
1666 4950 1834 4995 autem
1855 4959 1952 4995 no-

372 5045 486 5083 men
506 5027 729 5096 Domini,
749 5038 905 5082 morte
923 5029 1194 5083 moriatur:
1213 5029 1363 5097 quasi
1390 5028 1531 5083 aliud
1551 5030 1620 5083 sit
1642 5031 1956 5089 maledicere

372 5122 542 5177 Deum
568 5136 721 5175 suum
742 5162 758 5185 ,
783 5120 926 5176 aliud
969 5114 1246 5176 noininare
1286 5135 1481 5175 nomen
1526 5123 1764 5189 Domini;
1796 5133 1956 5194 atque

373 5216 503 5270 illud
532 5216 603 5269 sit
628 5224 925 5287 peccatum,
954 5213 1056 5268 hoc
1079 5223 1256 5268 autem
1288 5222 1488 5268 tantum
1517 5213 1686 5280 nefas,
1716 5219 1954 5271 utetiam

374 5314 550 5359 morte
571 5304 639 5358 sit
655 5305 892 5372 dignum.
917 5302 1170 5369 Quamvis
1196 5304 1298 5357 hoc
1324 5303 1440 5357 loco
1466 5304 1535 5357 ita
1558 5305 1953 5375 intelligendum

374 5392 637 5469 sit,.qnod
657 5393 858 5448 dictum
877 5403 980 5458 est,
1002 5408 1185 5445 nomen
1215 5391 1441 5459 Domini,
1461 5403 1518 5447 ut
1536 5409 1656 5448 cum
1679 5396 1957 5453 maledicto

378 5474 583 5552 fiat-,id
612 5495 693 5541 est
721 5484 1089 5542 malediceudo
1140 5486 1396 5539 nominet.
1443 5485 1579 5552 Quid
1626 5501 1753 5555 ergo
1796 5486 1957 5542 distat

379 5579 518 5633 inter
542 5577 673 5633 illud
712 5585 986 5647 peccatum
1010 5583 1065 5630 et
1093 5575 1194 5629 hoc
1218 5573 1350 5628 tanti
1374 5575 1594 5630 sceleris
1616 5577 1851 5630 crimen?
1875 5579 1958 5631 An

381 5667 519 5724 forte
544 5668 645 5723 hoc
675 5668 846 5737 ipsum
879 5664 1170 5735 repetendo
1212 5665 1526 5720 monstravit
1552 5680 1656 5719 non
1686 5665 1801 5722 leve
1832 5667 1956 5724 illud

443 5800 462 5833 ί
486 5799 626 5858 Editl,
650 5795 857 5861 quando.
882 5801 1278 5861 At_uss.,quanta
1294 5808 1313 5858 ;
1328 5795 1469 5859 juxta
1490 5802 1620 5859 Lxx,
1640 5796 1771 5847 Icosa.

442 5860 518 5925 (a)
544 5857 672 5910 Vide
683 5864 886 5909 neu-act.
911 5857 995 5907 lib.
1017 5858 1065 5919 2,
1088 5857 1133 5908 ό.
1167 5859 1246 5908 55.

620 5943 849 6006 ελαςξτ.
900 5942 1181 6004 Aueos'r.
1226 5942 1331 6003 Ill.

1710 465 1911 521 LIBER
1949 463 2264 523 TERTIUS.

3523 475 3623 530 7H

2034 596 2155 636 esse
2183 589 2479 650 peccatum.
2502 580 2593 636 sed
2620 588 2822 634 tantum
2851 580 3023 635 scelus
3048 579 3188 651 quod
3210 590 3383 637 morte
3402 586 3625 652 punien-

2034 671 2160 726 dum
2204 670 2313 725 sit?
2340 671 2432 726 sed
2463 672 2582 740 quia
2615 686 2709 739 per
2736 669 3131 725 distinctionem
3159 671 3260 727 hoc
3282 673 3479 737 intulit,
3510 690 3615 728 non

2036 763 2218 816 dicens
2237 804 2250 824 ,
2282 764 2557 816 nominans
2587 762 2762 823 enim,
2786 760 2879 815 sed
2901 804 2916 826 ,
2962 762 3226 816 nominans
3267 773 3467 825 autem;
3487 765 3616 818 ευβ-

2035 853 2318 907 obscurum
2346 855 2542 906 factum
2563 861 2664 907 est.
2690 852 2756 906 Et
2774 851 2892 906 ideo
2912 852 2956 905 si
2985 853 3085 907 hoc
3114 862 3257 907 recte
3284 853 3614 924 intelligitur,

2036 946 2325 1000 notandum
2354 954 2436 999 est
2461 945 2619 999 etiam
2650 943 2931 997 locutionis
2955 958 3143 1013 genus.

2106 1034 2436 1090 LXXXVIII.
2463 1032 2561 1107 [lb.
2591 1050 2736 1101 xstv,
2769 1033 2881 1106 I7.]
2913 1032 2979 1086 Et
3008 1033 3156 1088 homo
3198 1034 3283 1104 qui
3320 1039 3622 1105 percusserit

2036 1144 2234 1182 omnem
2257 1129 2481 1180 animant
2506 1127 2755 1191 hominis,
2789 1136 2834 1179 et
2859 1135 3082 1180 mortuus
3112 1127 3295 1196 fuerit,
3324 1138 3481 1182 morte
3517 1147 3626 1184 mo~

2036 1220 2218 1273 riatur.
2250 1217 2365 1271 Non
2404 1217 2509 1282 ait,
2541 1216 2870 1285 Quicumque
2896 1216 3218 1285 percusserit
3243 1216 3541 1282 hominem,
3572 1231 3626 1275 ct

2038 1318 2277 1364 mortuus
2304 1309 2478 1371 fuerit,
2507 1307 2623 1373 sed,
2656 1308 2878 1360 animum
2901 1307 3148 1370 hominis;
3174 1322 3292 1362 cum
3318 1319 3491 1377 potius
3516 1326 3626 1365 cor-

2037 1416 2138 1473 pus
2180 1401 2410 1456 hominis
2434 1416 2463 1454 a
2490 1413 2803 1470 percussore
2843 1398 3089 1465 feriatur,
3121 1400 3257 1455 sicut
3284 1410 3338 1456 et
3366 1402 3618 1457 Dominus

2037 1492 2185 1559 dicit,
2216 1491 2391 1547 Nolite
2420 1493 2592 1546 timere
2620 1507 2704 1545 eos
2731 1492 2817 1561 qui
2838 1507 3019 1560 corpus
3045 1492 3281 1546 occidunt
3308 1492 3522 1561 (Matth.
3559 1509 3617 1557 Χ,

2036 1580 2152 1652 28).
2183 1582 2261 1636 Eo
2290 1598 2438 1637 more
2462 1597 2590 1652 ergo
2619 1597 2724 1652 quo
2750 1581 2888 1636 solet
2912 1580 3183 1651 Scriptura
3203 1624 3217 1649 ,
3244 1583 3477 1653 appellat
3501 1583 3623 1637 ani-

2038 1685 2181 1726 mam
2223 1673 2386 1727 vitam
2430 1672 2596 1742 ipsam
2628 1671 2899 1741 corporis,
2930 1686 3047 1741 qua:
3072 1671 3130 1725 lit
3159 1686 3255 1740 per
3278 1672 3537 1737 animam,
3570 1681 3627 1727 et

2042 1762 2165 1817 hinc
2188 1764 2355 1819 voluit
2391 1763 2675 1819 ostendere
2704 1764 3052 1829 homicidam,
3078 1764 3218 1834 quod
3250 1765 3481 1819 hominis
3508 1766 3625 1820 ani-

2038 1867 2179 1907 mam
2206 1853 2485 1923 percutiat,
2516 1853 2567 1907 id
2597 1864 2678 1907 est
2708 1853 3051 1923 percutiendo
3080 1855 3187 1907 vita
3211 1854 3478 1910 hominem
3507 1856 3619 1923 pri-

2038 1954 2145 2000 vet.
2174 1946 2280 2000 Cur
2305 1961 2432 2015 ergo
2458 1945 2690 2012 addidit,
2721 1945 2787 1999 Et
2817 1954 3043 2001 mortuus
3066 1946 3255 2015 fuerit,
3285 1947 3330 2001 si
3366 1946 3476 2016 jam
3524 1947 3627 2002 hoc

2040 2034 2155 2105 ipso
2182 2037 2417 2091 ostendit
2438 2036 2804 2103 homicidium,
2829 2037 2969 2107 quod
2990 2037 3219 2091 animam
3250 2038 3480 2091 hominis
3508 2054 3627 2108 per-

2037 2127 2279 2189 cusserit,
2304 2127 2356 2181 id
2382 2136 2464 2181 est
2497 2128 2604 2181 vita
2635 2128 2794 2182 homo
2820 2143 2851 2182 a
2882 2128 3211 2197 percutiente
3246 2129 3481 2197 privatus
3514 2129 3625 2183 sit?

2037 2218 2119 2271 An
2146 2233 2414 2288 exponere
2451 2218 2617 2273 voluit
2655 2219 2924 2289 quomodo
2955 2219 3320 2289 accipiendum
3350 2221 3450 2286 sit,
3481 2222 3623 2290 quod

2038 2310 2274 2376 dixerat,
2310 2310 2541 2365 hominis
2567 2312 2796 2365 animam
2840 2326 3183 2381 percussam,
3227 2321 3281 2367 et
3320 2314 3397 2367 sic
3436 2313 3541 2378 ait,
3578 2325 3627 2366 et

2037 2410 2261 2456 mortuus
2288 2403 2471 2470 fuerit,
2505 2411 2754 2473 tanquam
2781 2402 3016 2467 diceret,
3048 2403 3099 2457 id
3130 2413 3213 2458 est
3243 2414 3481 2458 mortuus
3512 2404 3626 2459 fue-

2038 2490 2144 2545 rit?
2173 2492 2274 2547 hoc
2315 2502 2397 2548 est
2437 2493 2612 2561 enim,
2650 2493 2883 2547 animam
2924 2492 3154 2549 hominis
3195 2494 3358 2550 fuisse
3401 2510 3623 2564 percus-

2038 2596 2172 2637 sam.

2110 2672 2394 2729 LXXXIX.
2429 2673 2526 2747 [ιδ.
2546 2689 2677 2739 xxv,
2708 2673 2849 2746 2—7.]
2882 2673 3008 2727 Cum
3031 2674 3322 2728 introieritis
3352 2675 3405 2728 in
3436 2685 3620 2729 terram

2038 2780 2189 2835 quam
2215 2781 2305 2835 ego
2330 2764 2395 2817 do
2428 2765 2593 2828 vobis,
2637 2772 2687 2817 et
2732 2764 3021 2833 requieverit
3061 2774 3194 2817 terra
3234 2781 3386 2832 quam
3434 2782 3522 2835 ego
3560 2767 3627 2818 do

2039 2854 2193 2919 vobis,
2213 2854 2420 2909 sabbata
2434 2853 2660 2907 Domini.
2679 2853 2783 2908 Sea:
2802 2855 2948 2908 annis
2968 2856 3232 2909 seminabis
3254 2872 3432 2925 agrum
3460 2865 3624 2919 tuum,

2039 2954 2085 2997 et
2112 2961 2200 2998 sea:
2218 2946 2363 2998 annis
2386 2945 2582 3013 putabis
2606 2945 2802 2998 vineam
2822 2954 2978 3010 luam,
2994 2954 3039 2997 et
3058 2946 3381 3015 congregabis
3407 2949 3628 3015 [ructans

2040 3035 2148 3104 ejus
2175 3022 2344 3087 :anno
2383 3044 2549 3087 autem
2587 3034 2797 3102 septimo
2821 3033 3058 3099 sabbata,
3086 3035 3280 3103 requies
3322 3034 3415 3087 erit
3458 3043 3627 3101 terrae,

2043 3126 2249 3179 sabbata
2270 3124 2510 3178 Domino.
2534 3124 2812 3191 Quomodo
2835 3124 3236 3194 intelligendum
3263 3135 3364 3189 est,
3395 3123 3519 3179 Cum
3548 3126 3630 3177 in-

2040 3217 2273 3269 troieritis
2316 3217 2369 3269 in
2395 3226 2579 3269 terram
2604 3231 2757 3286 quant
2781 3214 2846 3269 do
2874 3214 3031 3278 vobis,
3056 3222 3101 3268 et
3127 3215 3422 3284 requieverit
3450 3225 3624 3279 terra;

2040 3323 2129 3361 sex
2152 3306 2299 3360 annis
2319 3306 2585 3361 seminabis
2610 3323 2789 3376 agrum
2826 3317 2965 3359 tuum
2982 3348 2998 3372 ,
3026 3316 3154 3372 etc.,
3177 3308 3327 3375 quasi
3363 3317 3486 3361 tunc
3516 3308 3612 3362 fier

2044 3406 2367 3467 praeceptum
2409 3396 2480 3452 sit
2501 3438 2515 3463 ,
2545 3397 2757 3466 quando
2787 3404 2924 3451 terra
2956 3397 3303 3466 requieverit;
3335 3413 3454 3451 cum
3500 3414 3628 3467 pro-

2044 3497 2225 3557 pterea
2265 3496 2405 3543 terra
2447 3488 2776 3557 requiescat,
2822 3488 3073 3558 quoniam
3114 3487 3214 3541 hoc
3252 3488 3327 3542 lit.
3372 3488 3626 3558 Requietn

2045 3576 2185 3630 enim
2228 3585 2384 3631 terrae
2413 3576 2639 3646 septimo
2670 3576 2852 3646 utique
2899 3593 3039 3632 anno
3085 3577 3194 3630 vult
3240 3578 3494 3646 intelligi,
3521 3595 3631 3648 quo

2042 3666 2201 3736 jussit
2227 3667 2357 3720 nihil
2385 3667 2437 3720 in
2462 3682 2524 3720 ea
2549 3682 2865 3735 quemquam
2896 3668 3104 3736 operari
3125 3682 3217 3735 per
3233 3667 3630 3736 agriculturam.

2046 3757 2151 3814 Sed
2188 3758 2438 3811 nimirum
2482 3757 2696 3827 longum
2747 3758 3075 3828 hyperbaton
3106 3759 3229 3814 facit
3254 3760 3633 3817 obscuritatem

2050 3849 2173 3903 huic
2206 3848 2407 3903 sensui.
2454 3847 2676 3902 Videtur
2713 3864 2839 3917 ergo
2866 3848 2952 3902 hic
2976 3863 3094 3903 esse
3136 3850 3268 3903 ordo
3307 3851 3586 3905 verborum
3617 3869 3633 3907 :

2050 3939 2176 3993 Cum
2194 3939 2483 3992 introieritis
2508 3939 2560 3991 in
2589 3948 2772 3991 terram
2793 3956 2945 4007 quam
2973 3954 3063 4009 ego
3091 3939 3157 3992 do
3187 3941 3344 4002 vobis,
3370 3950 3415 3994 et
3443 3942 3639 4013 requie-

2050 4031 2171 4085 verit
2200 4040 2333 4084 terra
2353 4047 2502 4100 quant
2520 4046 2612 4102 ego
2638 4032 2701 4083 do
2723 4030 2877 4095 vobis,
2904 4030 3111 4084 sabbata
3137 4030 3359 4085 Domimi
3383 4047 3402 4086 :
3428 4048 3544 4101 qua?
3564 4032 3626 4086 ab

2050 4138 2104 4176 se
2129 4132 2339 4193 surgunt
2362 4139 2539 4191 agrum
2567 4130 2706 4175 luunt
2732 4138 2832 4175 non
2862 4131 3046 4189 metes,
3083 4131 3132 4176 et
3170 4139 3315 4177 uvam
3344 4126 3635 4194 sanctiﬁca-

2053 4215 2203 4269 tionis
2220 4224 2318 4269 tum
2333 4231 2433 4268 non.
2451 4214 2776 4267 vindemiabis
2795 4230 2813 4267 :
2828 4230 2989 4267 annus
3001 4214 3337 4285 requiescendi
3355 4216 3446 4269 erit
3468 4226 3633 4271 terrea.

2054 4303 2121 4360 Et
2147 4316 2291 4360 erunt
2309 4305 2515 4359 sabbata
2543 4314 2687 4359 terra:
2706 4320 2817 4357 esca
2842 4302 2949 4368 tibi,
2978 4313 3025 4357 et
3051 4321 3206 4374 puero
3232 4314 3338 4368 tuo,
3367 4314 3414 4359 et
3453 4308 3637 4376 puellas

2056 4407 2175 4462 tum,
2202 4406 2248 4451 et
2274 4396 2580 4450 mercenaria
2606 4404 2724 4457 tuo,
2768 4402 2812 4447 et
2848 4395 3095 4457 inquilino
3133 4396 3219 4465 qui
3257 4394 3527 4463 applicitus
3565 4408 3639 4451 est
3725 4443 3732 4452 .

2054 4488 2122 4541 ad
2148 4495 2214 4553 te,
2242 4495 2288 4540 et
2315 4484 2571 4555 pecoribus
2601 4485 2716 4547 tuis,
2743 4493 2789 4536 et
2812 4483 2976 4538 bestiis
3002 4500 3113 4549 qua:
3131 4494 3245 4537 sunt
3269 4485 3322 4537 in
3357 4494 3489 4538 terra
3525 4496 3613 4539 tua

2055 4592 2201 4631 omne
2218 4575 2352 4645 quod
2378 4584 2609 4627 nascetur
2632 4588 2694 4625 ea:
2718 4588 2774 4625 eo
2796 4572 2849 4624 in
2877 4587 3062 4625 escam.
3108 4572 3424 4640 lnterposuit
3451 4583 3633 4630 autem

2056 4667 2370 4737 exponendo
2416 4664 2682 4735 quomodo
2726 4664 2864 4718 terra
2910 4664 3201 4733 requiesco
3227 4706 3241 4729 ,
3292 4673 3347 4719 et
3391 4667 3501 4720 ait:
3534 4666 3639 4721 Sex

2057 4760 2205 4815 annis
2225 4756 2490 4812 scminabis
2516 4772 2694 4826 agrum
2715 4764 2876 4819 tuum,
2909 4764 2955 4808 et
2983 4770 3072 4809 sec
3095 4757 3241 4809 annis
3266 4759 3465 4823 putabis
3491 4759 3639 4813 vitem

2058 4858 2218 4914 tuam,
2244 4855 2290 4899 et
2316 4845 2637 4915 congregabis
2667 4846 2888 4915 fructum
2910 4844 3018 4914 ejus
3041 4860 3059 4898 :
3083 4858 3216 4897 anno
3243 4857 3409 4899 autem
3429 4850 3640 4915 septimo

2058 4937 2262 4993 sabbata
2282 4977 2298 5003 ,
2349 4936 2540 5005 requies
2583 4936 2674 4988 erit
2716 4944 2891 5001 terrae,
2935 4932 3142 4987 sabbata
3186 4934 3406 4990 Domini.
3447 4938 3639 5007 Agrum

2059 5038 2199 5084 tuum
2239 5046 2340 5082 non
2377 5028 2668 5091 seminabis,
2718 5037 2764 5079 et
2807 5027 3001 5080 vineam
3032 5037 3169 5080 tuam
3198 5045 3297 5081 non
3329 5029 3543 5099 putabis.
3578 5032 3641 5085 Et

2060 5136 2154 5192 per
2192 5120 2293 5175 hoc
2319 5118 2458 5189 quod
2499 5120 2604 5184 ait,
2645 5134 2745 5171 non
2776 5118 3004 5187 putabis,
3032 5135 3242 5174 omnem
3283 5120 3543 5177 culturam
3576 5139 3639 5176 eo

2060 5228 2200 5268 anno
2242 5210 2557 5281 prohibitam
2599 5209 2853 5263 debemus
2881 5212 3140 5278 accipere.
3184 5210 3367 5279 Neque
3407 5212 3549 5267 enim
3594 5215 3639 5266 si

2062 5304 2290 5376 putanda
2321 5319 2423 5358 non
2447 5312 2548 5368 est,
2580 5302 2775 5356 aranda
2803 5312 2883 5355 est
2905 5344 2920 5368 ,
2944 5312 3034 5357 aut
3058 5303 3392 5358 adminiculis
3415 5320 3641 5375 suspen-

2061 5396 2233 5452 denda
2252 5438 2267 5462 ,
2296 5395 2379 5449 vel
2426 5394 2699 5465 quodlibet
2726 5393 2866 5447 aliud
2885 5435 2898 5459 ,
2927 5393 3069 5462 quod
3111 5393 3177 5447 ad
3220 5394 3482 5448 culturam
3526 5397 3641 5465 ejus

2061 5486 2353 5556 pertineat,
2391 5484 2747 5539 adhibendum
2774 5501 2786 5536 :
2810 5482 2905 5537 sed
2945 5482 3211 5551 quomodo
3252 5484 3390 5538 solet
3425 5499 3453 5537 a
3495 5495 3641 5554 parte

2065 5586 2229 5632 totum
2268 5576 2486 5646 intelligi
2509 5616 2524 5638 ,
2557 5580 2626 5628 tta
2656 5589 2746 5643 per
2778 5574 3098 5643 putationem
3140 5573 3312 5626 omnis
3337 5574 3541 5629 cultura
3566 5577 3637 5629 si»

2062 5670 2309 5736 gnificata
2339 5682 2439 5724 est.
2471 5669 2539 5722 Et
2573 5684 2665 5738 per
2706 5682 2885 5737 agrum
2931 5674 3087 5735 atque
3131 5666 3373 5734 vineam,
3421 5682 3542 5722 cmn
3588 5678 3642 5728 et

2063 5758 2211 5813 illum
2249 5760 2497 5814 seminari
2519 5800 2533 5824 ,
2562 5767 2615 5814 et
2644 5760 2778 5811 hanc
2807 5756 2978 5826 putari
3014 5755 3320 5826 prohibuit,
3343 5772 3502 5814 omne
3529 5762 3645 5830 agri

2059 5866 2230 5925 genus
2273 5849 2668 5920 intelligendum
2716 5860 2818 5904 est.
2864 5848 3044 5917 Neque
3064 5850 3204 5902 enim
3230 5848 3281 5902 in
3306 5848 3525 5919 oliveto,
3559 5854 3645 5911 vet

2843 5941 3337 6023 {Viam-troas.)
