4136 6460
527 399 630 456 715

528 511 768 582 quolibet
793 509 1010 567 alterius
1037 508 1249 581 generis
1277 523 1406 578 agro
1429 505 1626 576 aliquid
1650 501 1977 574 operandum
2003 509 2107 568 est,

529 605 598 660 de
637 604 831 674 quibus
872 602 1054 657 tacuit.
1098 599 1250 668 Quod
1280 613 1408 654 vero
1451 597 1564 664 ait,
1613 594 1678 649 Et
1723 603 1870 648 erunt
1904 592 2110 647 sabbata

530 708 675 750 teme
712 710 826 749 esca
853 693 973 757 tibi,
994 701 1048 768 et
1078 706 1232 761 puero
1260 698 1373 753 tuo,
1406 696 1453 741 et
1479 686 1660 756 puella:
1689 695 1808 749 tum,
1828 692 1957 750 etc.,
1983 683 2112 737 satis

531 785 744 856 aperuit
766 799 865 840 nec
884 782 1158 838 dominum
1183 780 1292 850 agri
1319 777 1642 850 prohibitum
1684 775 1827 830 vesci
1867 775 1968 840 eis,
1991 787 2113 844 quae

529 893 636 933 non
661 875 897 931 adhibita
923 874 1123 928 cultura
1167 872 1256 926 illo
1299 885 1440 925 anno
1465 877 1654 938 sponte
1679 875 1984 932 nascantur,
2017 863 2112 918 sed

527 968 731 1022 fruetus
754 964 994 1036 redigere
1021 961 1366 1032 prohibitum.
1412 959 1500 1016 Sic
1544 973 1672 1028 ergo
1712 956 2002 1027 permissus
2029 963 2113 1010 est

530 1058 728 1129 aliquid
759 1055 882 1112 inde
929 1056 984 1110 in
1024 1069 1200 1109 escam
1245 1067 1481 1117 sumere,
1511 1049 1778 1121 quomodo
1825 1047 2109 1114 transiens,

529 1160 586 1205 ut
611 1150 714 1205 hoc
732 1147 906 1203 solum
932 1152 1147 1216 caperet
1173 1143 1312 1214 quod
1339 1142 1518 1196 statim
1549 1139 1812 1196 vescendo
1838 1151 2114 1194 consume-

529 1251 629 1307 ret,
651 1255 756 1295 non
784 1237 925 1308 quod
957 1237 1010 1291 in
1036 1251 1163 1290 usus
1182 1241 1482 1303 reponeret.

599 1331 712 1388 XC.
740 1329 840 1404 [lb.
871 1344 1002 1396 xxv,
1019 1326 1134 1401 23.]
1159 1325 1226 1380 Et
1247 1335 1377 1378 terra
1400 1339 1502 1377 non
1519 1317 1899 1376 venumdabitur
1920 1318 1972 1370 in
1994 1331 2113 1386 pro-

529 1423 840 1496 fanationem
877 1435 896 1475 :
923 1419 1010 1474 alii
1049 1417 1261 1473 codices
1291 1414 1518 1480 habent,
1549 1413 1603 1466 in
1640 1409 2112 1480 conﬁrmationem;

529 1530 688 1584 quam
716 1511 1121 1569 mendositatem
1152 1509 1204 1562 in
1233 1504 1500 1561 alterutris
1521 1503 1666 1572 prius
1691 1502 1742 1554 in
1772 1513 1947 1570 grzeco
1974 1497 2116 1552 acci-

529 1607 674 1663 disse
695 1605 944 1668 arbitror,
973 1611 1188 1674 propter
1208 1598 1353 1653 verbi
1383 1595 1612 1652 similem
1634 1606 1824 1648 sonum
1859 1607 1873 1644 :
1897 1597 2114 1661 βεϐήλω-

529 1723 599 1759 σις
629 1697 772 1751 enim
812 1693 1109 1765 profanatio
1141 1689 1367 1753 dicitur;
1394 1695 1643 1758 βεϐαιωσις
1673 1690 1850 1736 autem
1873 1722 1886 1745 ,
1914 1678 2113 1734 conﬁr-

530 1791 712 1845 matio.
767 1785 874 1845 Sed
928 1785 1016 1840 ille
1066 1796 1258 1838 sensus
1306 1786 1520 1848 apertus
1563 1783 1683 1840 est,
1726 1773 1793 1828 Et
1838 1782 1970 1826 terra
2011 1786 2114 1824 non

529 1878 912 1936 venumdabitur
931 1876 985 1929 in
1003 1871 1409 1942 profanationem
1433 1882 1451 1921 :
1473 1866 1525 1920 id
1549 1873 1650 1931 cst,
1672 1879 1739 1919 ne
1759 1863 1876 1931 quis
1896 1861 2114 1914 auderet

531 1981 750 2036 terram,
781 1983 940 2038 quam
969 1964 1172 2033 accepit
1201 1977 1229 2014 a
1264 1962 1391 2021 Deo,
1414 1955 1646 2013 vendere
1664 1953 1918 2025 profanis,
1937 1950 2026 2020 qui
2047 1963 2112 2003 ea

529 2071 745 2119 utantur
756 2061 822 2116 ad
836 2059 1158 2129 impietatem
1175 2053 1479 2121 cuitumque
1495 2049 1716 2103 deorum
1738 2045 2027 2099 alienorum
2043 2048 2117 2094 at-

510 2169 635 2226 que
667 2153 941 2208 falsorum.
978 2146 1112 2202 illud
1149 2154 1326 2198 autem
1349 2141 1734 2195 subobscurum
1761 2143 1863 2200 est,
1889 2131 2008 2186 Non
2036 2146 2116 2184 ve-

530 2220 853 2298 numdabitur
873 2249 1004 2294 terra
1019 2237 1071 2290 in
1097 2231 1526 2303 conﬁrmationem
1555 2243 1574 2281 :
1593 2224 1732 2297 quod
1752 2232 1876 2294 puto
1898 2236 2004 2275 non
2030 2220 2115 2274 in-

532 2333 896 2404 telligendum,
927 2330 1029 2384 nisi
1066 2342 1134 2382 ne
1160 2327 1229 2379 ita
1250 2322 1483 2377 venditio
1514 2319 1878 2381 conﬁrmetur,
1903 2323 1961 2367 ut
1997 2328 2115 2367 eam

534 2441 640 2480 non
667 2423 888 2493 recipiat
916 2419 1159 2475 venditor
1185 2426 1421 2483 tempore
1444 2408 1794 2469 remissionis,
1822 2405 1958 2460 sicut
1982 2419 2120 2474 pra:-

531 2525 745 2586 ccptnm
775 2522 875 2569 est.
907 2510 1060 2578 Quod
1089 2521 1218 2562 vero
1255 2503 1526 2573 sequitur,
1567 2499 1774 2567 utrique
1803 2494 1980 2550 sensui
2023 2508 2116 2562 po-

534 2617 639 2664 test
665 2619 956 2676 congruere
976 2643 992 2668 ,
1025 2602 1138 2655 sive
1175 2599 1406 2668 legatur,
1438 2592 1503 2646 Et
1543 2601 1678 2645 terra
1705 2606 1806 2643 non
1843 2586 2119 2641 venumda-

529 2700 666 2754 bitur
720 2699 777 2752 in
827 2693 1266 2768 profanationem;
1333 2685 1446 2739 sive
1475 2724 1489 2748 ,
1551 2682 1606 2735 in
1657 2679 2115 2748 conﬁrmationem.

531 2794 756 2848 Secutus
783 2789 975 2860 quippe
999 2781 1270 2853 adjunxit,
1300 2776 1417 2831 Mea
1455 2775 1586 2829 enim
1615 2779 1686 2826 est
1717 2781 1850 2823 terra
1870 2810 1885 2836 ,
1915 2775 2118 2839 prapter

514 2883 668 2955 quod
700 2880 937 2952 proselyti
965 2886 1010 2931 et
1039 2874 1219 2928 incola:
1242 2887 1326 2926 vos
1355 2868 1472 2924 estis
1497 2873 1615 2919 ante
1639 2879 1737 2917 me.

604 2947 740 3031 XCI.
769 2947 1025 3046 [lb.—xxv,
1048 2964 1164 3037 ῆι]
1188 2962 1252 3017 Et
1267 2977 1354 3033 per
1374 2974 1570 3014 omnem
1591 2965 1773 3009 terram
1796 2947 2120 3046 possessionis

516 3077 709 3122 vestrm
737 3038 1012 3118 mercedem
1041 3055 1223 3109 dabitis
1250 3063 1393 3105 terra
1421 3064 1438 3103 :
1464 3047 1553 3103 alii
1582 3054 1757 3099 autem
1785 3041 1998 3096 codices
2025 3038 2120 3092 ha-

533 3158 696 3222 bent,
741 3150 1135 3220 redemptionem
1178 3143 1360 3197 dabitis
1403 3149 1568 3193 terrw.
1612 3135 1814 3190 Sensus
1858 3147 1985 3201 ergo
2031 3128 2120 3184 hic

515 3257 618 3305 «est
647 3220 814 3300 :iNon
833 3236 1212 3296 venumdabitur
1239 3242 1371 3286 terra
1393 3230 1445 3283 in
1474 3224 1898 3298 profanationem,
1914 3220 1964 3275 id
2000 3227 2118 3286 cst,

479 3336 484 3342 ’
517 3340 639 3395 illis
661 3337 750 3408 qui
775 3349 838 3390 ea
866 3339 1082 3387 utantur
1103 3328 1155 3381 in
1187 3323 1432 3394 injuriam
1461 3317 1766 3382 Creatoris;
1800 3322 1890 3368 aut
1917 3313 1970 3366 in
1992 3327 2118 3408 con-

537 3400 915 3501 ﬁrmationem,
945 3420 996 3475 id
1023 3426 1106 3473 est
1129 3458 1142 3480 ,
1172 3424 1229 3470 ut
1262 3427 1378 3466 eam
1418 3417 1628 3478 emptor
1654 3411 1908 3506 perpetuo
1942 3400 2119 3506 possi-

536 3561 797 3672 anooi'um
823 3607 1067 3664 restituat
1103 3596 1387 3655 venditori.
1419 3592 1539 3648 Mea
1581 3598 1653 3645 est
1695 3587 1827 3641 enim
1851 3626 1867 3653 ,
1913 3583 2116 3654 inquit,

524 3719 669 3762 terra
692 3719 711 3759 :
731 3701 870 3757 unde
895 3694 1186 3754 secundum
1212 3704 1388 3745 meum
1414 3691 1737 3756 praeceptum
1763 3695 1826 3736 ea
1856 3678 1931 3732 uti
1960 3675 2124 3732 debe-

523 3801 628 3855 ‘tis.
669 3798 842 3866 Atque
884 3801 946 3846 ut
981 3785 1287 3843 ostenderet
1318 3795 1466 3836 suam
1509 3790 1667 3842 esse,
1709 3787 1812 3827 non
1852 3770 2118 3866 ipsorum,

540 3889 667 3960 quid
699 3859 799 3956 ipsi
829 3885 881 3939 in
906 3895 969 3938 ea
990 3888 1191 3939 essent,
1215 3877 1605 3941 consequenter
1628 3861 1886 3935 adjunxit,
1915 3859 2119 3923 dicens,

542 3955 762 4052 Propter
796 3975 932 4049 quod
973 3968 1211 4044 proseiyti
1251 3975 1298 4020 et
1339 3962 1521 4018 incola
1560 3974 1647 4052 vos
1682 3955 1802 4012 estis
1845 3961 1960 4052 ante
2102 3966 2124 4006 :

483 4057 494 4075 ’
542 4041 771 4134 1ιοέθει,
799 4041 1050 4134 Quamvis
1079 4055 1354 4130 proselyti,
1387 4053 1438 4107 id
1467 4058 1547 4106 est
1574 4047 1791 4102 advenae
1818 4044 1925 4099 sint
1946 4041 2120 4109 vobis,

538 4166 628 4236 qui
657 4179 722 4218 ex
747 4153 1057 4227 alienigenis
1085 4149 1446 4221 adjunguntur
1465 4140 1611 4214 genti
1639 4146 1868 4202 vestrae;
1895 4143 1950 4190 et
1973 4134 2122 4188 inco-

443 4277 446 4282 ·
529 4233 605 4314 lie
629 4297 645 4323 ,
689 4254 740 4309 id
785 4260 870 4308 est
907 4263 1013 4304 non
1052 4245 1105 4300 iu
1148 4251 1288 4297 terra
1327 4235 1539 4308 propria
1581 4238 1858 4287 manentes
1894 4244 1908 4281 :
1944 4233 2124 4280 tamen

451 4385 464 4391 -
539 4317 701 4405 etiam
731 4359 828 4399 vos
852 4352 1040 4396 omnes
1063 4344 1187 4392 ante
1206 4346 1292 4387 me
1317 4328 1540 4385 advena:
1557 4323 1689 4378 estis
1706 4329 1760 4376 et
1786 4318 1990 4375 incolae.
2011 4317 2126 4372 lloc

539 4443 682 4497 Deus
707 4436 859 4502 dicit,
885 4433 996 4488 sive
1020 4425 1292 4488 lsraelitis,
1323 4417 1465 4491 quod
1494 4416 1718 4470 aliarum
1743 4411 1978 4502 gentium
2010 4419 2120 4463 ter-

537 4545 677 4593 ram,
699 4541 832 4598 quas
845 4500 1073 4593 expulit,
1095 4519 1174 4573 eis
1189 4511 1428 4570 dederit:
1449 4509 1562 4564 sive
1582 4505 1726 4561 omni
1741 4500 1971 4598 homini,
1989 4512 2125 4598 quo-

543 4591 688 4677 niam
717 4591 841 4673 ante
870 4591 1037 4669 Deum
1063 4609 1153 4680 qui
1183 4619 1396 4675 semper
1437 4605 1615 4656 manet
1643 4598 1660 4629 ⁸
1681 4635 1699 4661 ,
1743 4603 1798 4650 et
1825 4593 1962 4648 sicut
1989 4591 2126 4646 seri-

542 4723 691 4786 ptum
721 4719 824 4774 est,
850 4706 1046 4762 caelum
1066 4679 1119 4757 et
1143 4709 1337 4754 terram
1367 4693 1553 4764 implet
1586 4687 1797 4786 (luem.
1823 4700 1978 4751 mn,
2006 4679 2124 4755 24),

541 4777 726 4872 utique
756 4795 1041 4870 praesentia
1087 4805 1216 4856 sua,
1249 4786 1426 4842 omnis
1476 4782 1639 4837 homo
1674 4777 1877 4833 advena
1911 4784 1994 4830 est
2033 4788 2130 4872 na-

543 4862 775 4958 scendo;
800 4897 855 4945 et
889 4885 1062 4943 incola
1089 4879 1349 4944 vivendo;
1376 4873 1626 4947 quoniam
1665 4866 2001 4938 compellitur
2036 4862 2130 4918 mi-

539 5001 702 5060 grare
731 4978 1032 5038 moriendo.

622 5074 782 5132 XCll.
816 5069 924 5145 [11).
950 5082 1058 5124 xxv
1077 5107 1094 5134 ,
1122 5060 1242 5135 ει]
1269 5057 1470 5116 Deinde
1497 5051 1738 5145 adjungit
1751 5059 1806 5106 et
1830 5047 1988 5145 dicit,
2029 5043 2130 5098 Per

545 5183 745 5224 omnem
773 5138 959 5220 terram
979 5153 1308 5230 possessionis
1327 5159 1504 5205 vestra
1524 5144 1800 5218 mercedem
1828 5138 2010 5194 dabitis
2030 5145 2129 5189 ter-

546 5276 619 5316 re
637 5301 652 5324 ,
684 5267 932 5327 tanquam
962 5226 1202 5321 inquilini
1227 5285 1244 5312 ,
1277 5242 1360 5298 vel
1388 5236 1802 5309 redemptionem.
1828 5227 1960 5285 illud
1980 5268 1994 5293 ,
2030 5226 2132 5280 nisi

651 5436 728 5485 lic
763 5441 864 5482 Mss.
896 5437 947 5481 At
971 5426 1106 5486 editi,
1130 5418 1308 5474 homini
1328 5414 1539 5483 quiante
1563 5421 1716 5463 Deum
1739 5416 1927 5470 semper
1949 5406 2129 5452 manet.

1319 389 1779 463 QUESTIONUM
1815 389 1872 446 S.
1914 387 2283 446 AUGUSTINI
2317 387 2383 444 IN
2421 390 2977 448 HEPTATEUCHUM

3689 398 3794 456 ’116

2212 505 2384 571 fallor,
2401 506 2742 576 vultintelligi
2757 506 2896 576 quod
2917 505 3040 562 inde
3054 506 3345 563 reddebant
3362 509 3590 577 quodam
3608 512 3796 576 modo.

2213 611 2308 665 per
2332 597 2656 651 cessationcs
2683 597 3028 664 septimorum
3054 611 3386 668 quorumque
3409 614 3672 656 annorum
3693 642 3710 667 ,
3737 611 3796 658 et

2211 686 2632 756 quinquagesimi
2660 685 2808 750 anni,
2839 702 2995 756 quem
3022 697 3174 741 vocat
3198 690 3560 755 remissionis;
3592 699 3648 744 ut
3679 693 3796 760 ipsa

2212 779 2416 833 vacatio
2445 787 2600 833 term
2629 779 2774 834 velut
2799 794 3006 834 merces
3033 779 3370 835 habitationis
3389 791 3478 836 aut
3499 783 3797 853 redemptio

2214 878 2358 924 esset
2379 869 2446 923 ab
2477 870 2566 922 illo
2595 869 2744 938 cujus
2771 884 2856 926 εει
2880 911 2894 934 ,
2922 871 3023 924 hoc
3045 878 3126 924 est
3163 871 3230 924 ab
3255 872 3369 939 ejus
3392 882 3634 927 creatore
3665 874 3778 928 Deo

2286 960 2465 1015 XCIII.
2497 958 2596 1032 [lb.
2625 977 2775 1026 xxvr,
2793 959 2907 1034 ll.)
2935 960 3002 1014 Et
3025 977 3213 1031 ponam
3229 962 3606 1016 tabernaculum
3631 979 3798 1017 meum

2214 1051 2267 1114 in
2288 1051 2440 1115 vobis,
2474 1061 2519 1105 et
2544 1069 2646 1106 non
2673 1053 3040 1106 abominabitur
3072 1053 3242 1106 anima
3267 1070 3379 1107 mea
3414 1069 3519 1107 vos.
3551 1055 3796 1109 Animam

2215 1157 2365 1196 suam
2397 1143 2536 1197 Deus
2562 1142 2886 1198 voluntatem
2912 1158 3061 1198 suam
3088 1143 3234 1198 dicit.
3263 1143 3377 1198 Non
3409 1145 3550 1198 enim
3575 1154 3658 1199 est
3682 1161 3798 1198 ani-

2216 1233 2322 1286 mal
2349 1231 2554 1288 habens
2578 1248 2772 1302 corpus
2801 1241 2854 1287 et
2879 1234 3143 1298 animam;
3168 1249 3336 1303 neque
3360 1233 3655 1288 substantia
3681 1235 3800 1302 ejus

2216 1321 2476 1390 ejusmodi
2513 1331 2598 1378 est
2621 1365 2636 1389 ,
2663 1323 2960 1392 cujusmodi
2999 1334 3242 1378 creatura
3281 1323 3428 1394 ejus,
3469 1341 3588 1394 qnze
3619 1326 3800 1382 anima

2215 1411 2427 1476 dicitur,
2459 1428 2614 1482 quam
2645 1411 2791 1477 fecit,
2819 1413 2957 1468 sicut
2986 1429 3082 1483 per
3105 1413 3288 1468 Isaiam
3313 1414 3423 1485 ipse
3443 1423 3685 1480 testatur,
3711 1415 3798 1469 di-

2215 1520 2361 1568 cens,
2387 1504 2452 1558 Et
2471 1521 2666 1560 onmem
2690 1506 2872 1574 ﬂatum
2893 1522 2985 1576 ego
3004 1508 3098 1576 feci
3125 1504 3278 1574 (Isai.
3306 1521 3413 1561 Lvn
3445 1547 3461 1571 ,
3495 1506 3586 1576 16)
3613 1524 3626 1559 :
3653 1504 3799 1576 quod

2216 1613 2336 1650 eum
2375 1596 2442 1651 de
2482 1596 2655 1650 anima
2687 1597 2916 1652 hominis
2943 1596 3123 1652 dicere
3151 1598 3526 1667 consequentia
3572 1595 3799 1652 manife-

2216 1696 2377 1742 stant.
2405 1686 2552 1742 Sicut
2579 1703 2706 1757 ergo
2735 1703 2856 1743 cum
2881 1688 3010 1742 dicit
3036 1688 3218 1742 oculos
3246 1704 3394 1754 suos,
3424 1699 3478 1743 et
3504 1688 3639 1742 labia
3665 1703 3761 1742 sua
3779 1728 3797 1753 ,

2216 1787 2271 1832 et
2309 1787 2504 1833 cetera
2541 1779 2796 1833 vocabula
2843 1779 3206 1833 membrorum
3248 1779 3643 1848 corporalium,
3691 1793 3799 1833 non

2218 1871 2399 1940 utique
2423 1870 2710 1938 accipimus
2735 1886 2856 1924 eum
2883 1870 3051 1924 forma
3077 1871 3318 1939 corporis
3343 1885 3463 1926 esse
3488 1869 3797 1933 deﬁnitum;

2217 1961 2310 2016 sed
2343 1961 2428 2014 illa
2452 1961 2629 2015 omnia
2661 1961 3022 2016 membrorum
3054 1961 3267 2015 nomina
3297 1976 3404 2015 non
3435 1959 3802 2028 intelligimus,

2218 2051 2320 2106 nisi
2362 2051 2584 2106 ell‘ectus
2621 2052 2985 2120 operationum
3033 2060 3192 2121 atque
3237 2051 3492 2104 virtutum
3521 2051 3536 2082 ⁸
3571 2068 3586 2105 :
3632 2051 3700 2104 ita
3744 2059 3801 2104 et

2216 2156 2338 2196 cum
2365 2141 2530 2207 dicit,
2557 2140 2740 2195 Anima
2761 2158 2871 2195 mea
2896 2182 2913 2206 ,
2938 2141 3258 2195 voluntatem
3286 2140 3402 2210 ejus
3427 2140 3679 2195 debemus
3707 2154 3800 2193 ac-

2217 2233 2414 2302 cipere.
2443 2231 2684 2288 Perfecte
2709 2232 2904 2302 quippe
2926 2231 3149 2300 simplex
3178 2231 3265 2285 illa
3294 2239 3480 2284 natura
3509 2245 3629 2299 qua:
3658 2229 3802 2283 Deus

2217 2326 2410 2381 dicitur
2431 2367 2447 2392 ,
2481 2341 2587 2379 non
2623 2333 2832 2380 constat
2858 2339 2927 2378 ex
2954 2338 3177 2392 corpore
3204 2333 3259 2377 et
3285 2323 3508 2392 spiritu;
3555 2335 3656 2376 nec
3683 2321 3800 2389 ipso

2219 2418 2406 2488 spiritu
2432 2417 2703 2471 mutabilis
2728 2423 2831 2482 est,
2858 2415 2995 2470 sicut
3016 2415 3193 2469 anima
3223 2430 3236 2467 :
3268 2414 3363 2468 sed
3393 2423 3447 2468 et
3475 2414 3693 2482 spiritus
3715 2421 3798 2466 est

2221 2510 2382 2576 Deus,
2403 2519 2458 2564 et
2483 2524 2695 2578 semper
2723 2509 2864 2563 idem
2891 2508 3024 2577 ipse,
3056 2505 3194 2576 apud
3223 2522 3378 2576 quem
3410 2488 3624 2560 nonest
3646 2520 3803 2560 com-

2219 2601 2441 2655 mutatio
2466 2598 2666 2672 (Jacobi
2691 2615 2741 2664 ι,
2777 2601 2888 2670 17).
2928 2599 3063 2652 llinc
3086 2606 3263 2652 autem
3287 2605 3610 2666 acceperunt
3633 2594 3802 2665 Apol-

2220 2692 2472 2746 linaristm
2488 2692 2842 2752 occasionem.
2865 2691 2954 2760 qui
2975 2691 3156 2745 dicunt
3177 2691 3408 2744 animam
3430 2704 3535 2743 non
3553 2688 3805 2742 habuisse

2221 2784 2568 2840 mediatorem
2596 2783 2688 2837 Dei
2716 2792 2771 2838 et
2794 2781 3088 2847 hominum,
3121 2781 3390 2836 hominem
3420 2778 3687 2834 Christum
3712 2776 3806 2832 Je-

2220 2892 2338 2932 sum
2370 2876 2412 2948 (l
2439 2876 2571 2930 Tim.
2611 2891 2684 2940 ιι,
2730 2873 2828 2946 5),
2865 2873 2958 2928 sed
2995 2883 3198 2928 tantum
3237 2871 3469 2927 Verbum
3495 2878 3550 2925 et
3585 2883 3804 2924 carnem

2220 2968 2384 3022 tuisse
2405 3009 2419 3032 ,
2464 2983 2586 3020 eum
2615 2967 2848 3032 diceret,
2891 2965 3072 3020 Tristis
3097 2975 3170 3019 est
3194 2959 3364 3018 anima
3393 2980 3505 3017 mea
3541 2979 3699 3032 usque
3733 2961 3807 3016 ad

2221 3071 2431 3114 mortem
2461 3059 2672 3132 (Matth.
2710 3075 2862 3124 χχιιι,
2898 3059 2987 3129 38)
3027 3077 3041 3113 :
3075 3057 3168 3114 sed
3210 3059 3326 3128 ipso
3364 3057 3480 3125 ejus
3520 3067 3671 3119 actu,
3711 3055 3806 3125 qui

2221 3153 2376 3207 nobis
2406 3168 2501 3222 per
2527 3151 2884 3221 evangelicam
2911 3150 3210 3206 declaratur
3251 3149 3525 3204 historiam
3551 3189 3568 3215 ,
3604 3148 3682 3201 sic
3705 3161 3805 3216 ap-

2221 3255 2410 3314 parent
2433 3245 2678 3299 humanae
2719 3245 2913 3299 anima:
2937 3243 3108 3299 cilicia
3129 3284 3145 3310 ,
3191 3251 3250 3297 ut
3287 3242 3412 3297 hinc
3438 3240 3683 3296 dubitare
3709 3238 3807 3293 de-

2221 3337 2416 3392 mentis
2442 3336 2530 3389 sit.

2293 3426 2475 3482 XCIV.
2508 3424 2606 3498 [lb.
2638 3441 2798 3494 xxvi,
2837 3425 2926 3489 55,
2966 3422 3080 3497 '56.]
3109 3422 3244 3490 Quid
3272 3431 3393 3489 est,
3436 3420 3578 3492 quod
3616 3419 3797 3476 inobou

2223 3517 2436 3572 dientiai
2476 3530 2663 3586 pmnas
2690 3531 2813 3570 cum
2839 3514 3130 3569 minaretur
3156 3515 3295 3568 Deus
3315 3554 3330 3578 ,
3371 3512 3508 3568 dixit
3533 3511 3674 3566 inter
3698 3526 3809 3564 cze~

2225 3615 2370 3670 tera,
2417 3605 2487 3658 Et
2524 3614 2781 3659 consumet
2823 3621 2910 3659 vos
2939 3604 3298 3676 perambulans
3332 3601 3565 3673 gladius;
3609 3598 3807 3655 deinde

2223 3697 2319 3761 ait,
2348 3695 2417 3748 Et
2436 3697 2528 3748 erit
2547 3704 2680 3749 terra
2699 3703 2861 3749 uestra
2885 3693 3102 3757 deserta,
3134 3703 3182 3747 et
3210 3693 3435 3747 ciuitates
3457 3701 3634 3746 uestra
3661 3696 3809 3744 erum

2225 3787 2437 3839 desertae
2461 3801 2478 3838 :
2507 3796 2624 3838 tunc
2644 3783 2767 3838 bene
2784 3784 2958 3838 sentiet
2979 3794 3112 3837 terra
3125 3783 3332 3838 sabbata
3359 3799 3470 3847 sua,
3502 3797 3671 3836 omnes
3699 3781 3808 3834 dies

2225 3877 2546 3933 desolationis
2564 3891 2672 3931 sua:
2688 3892 2709 3942 ;
2725 3885 2771 3929 et
2793 3891 2880 3930 vos
2902 3875 3046 3930 eritis
3061 3874 3114 3927 in
3139 3884 3272 3928 terra
3287 3873 3604 3926 inimicorum
3620 3880 3810 3924 uestro-

2225 3969 2380 4024 rum?
2408 3966 2686 4035 Quomodo
2713 3981 2841 4036 ergo
2867 3973 3146 4020 consumet
3181 3979 3275 4018 eos
3299 3962 3505 4033 gladius
3522 4002 3539 4028 ,
3582 3962 3627 4016 si
3651 3967 3811 4014 erunt

2227 4063 2282 4118 in
2323 4071 2462 4117 terra
2493 4060 2830 4115 inimicorum
2870 4057 3130 4114 suorum?
3158 4058 3240 4110 An
3281 4055 3335 4110 in
3364 4055 3480 4124 ipsa
3507 4062 3647 4108 terra
3675 4065 3810 4106 wn-

2227 4161 2436 4220 sumet,
2464 4151 2714 4221 quoniam
2749 4158 2926 4220 strage
2962 4157 3293 4203 mortuorum
3324 4145 3461 4200 facta
3507 4159 3610 4198 non
3650 4150 3812 4197 erunt

2228 4244 2345 4301 ibi?
2369 4245 2450 4300 An
2471 4251 2729 4297 consumet
2753 4257 2861 4308 vos,
2889 4241 2967 4296 sic
2985 4240 3078 4308 ait,
3107 4254 3172 4294 ac
3198 4238 3247 4294 si
3273 4238 3496 4305 diceret,
3529 4236 3812 4291 interticiet

2228 4351 2330 4391 vos
2351 4376 2368 4404 ,
2394 4343 2453 4390 ut
2484 4333 2552 4389 ad
2578 4335 2733 4389 istam
2758 4333 3215 4400 eonsumptionem
3254 4331 3328 4385 illi
3360 4333 3689 4400 pertineant,
3721 4328 3813 4398 qui

2228 4427 2404 4498 gladio
2423 4426 2637 4493 cadent,
2664 4440 2770 4480 non
2793 4440 2982 4480 omnes
3013 4440 3028 4478 :
3057 4421 3486 4494 quandoquidem
3512 4420 3671 4491 paulo
3691 4428 3814 4490 post

2229 4517 2382 4584 dicit,
2414 4515 2482 4570 Et
2510 4517 2582 4572 eis
2608 4516 2693 4587 qui
2722 4516 2916 4570 residui
2944 4524 3062 4570 sunt
3087 4531 3152 4570 ea:
3177 4514 3332 4578 vobis,
3355 4513 3687 4584 superducam
3707 4513 3818 4582 for-

2231 4610 2469 4664 midinem
2490 4609 2545 4662 in
2577 4624 2664 4662 cor
2692 4607 2907 4662 eorum?
2939 4606 3020 4661 An
3050 4604 3344 4660 secundum
3374 4603 3701 4675 hyperbolen
3733 4601 3819 4656 di-

2232 4711 2374 4757 ctum
2417 4709 2500 4754 est
2521 4739 2539 4765 ,
2577 4707 2829 4753 consumet
2861 4714 2950 4752 vos
2978 4713 2998 4752 :
3026 4697 3319 4753 secundum
3361 4711 3519 4766 quem
3564 4695 3820 4765 loquendi

2232 4792 2449 4847 modum
2473 4801 2527 4846 et
2549 4789 2869 4846 abundantia
2893 4804 3078 4844 eorum
3100 4789 3238 4844 dicta
3263 4798 3348 4843 est
3369 4791 3508 4842 sicut
3527 4801 3690 4841 arena
3715 4769 3802 4840 ma

2234 4884 2310 4939 ris
2339 4882 2489 4954 (Gen.
2530 4898 2636 4936 χχιι
2661 4923 2676 4946 ,
2711 4883 2775 4936 17
2797 4922 2812 4949 ,
2862 4891 2909 4935 et
2936 4897 3105 4945 xxxii,
3143 4880 3278 4950 ιαμ
3306 4879 3609 4936 Secundum
3653 4879 3820 4933 istum

2236 4976 2452 5032 modum
2477 4975 2637 5028 etiam
2659 4974 2867 5037 dieitur,
2895 4972 3036 5043 quod
3063 4971 3255 5027 deinde
3289 4971 3529 5042 sequitur
3548 5011 3564 5036 ,
3606 4968 3674 5023 Et
3713 4985 3825 5038 per-

2235 5077 2467 5140 sequetur
2502 5083 2587 5120 eos
2613 5083 2768 5120 sonus
2791 5066 2904 5137 folii
2929 5066 3142 5119 volantis
3167 5080 3186 5118 :
3216 5064 3267 5118 id
3295 5071 3380 5118 est
3400 5105 3415 5130 ,
3453 5064 3574 5133 quia
3617 5061 3820 5118 nimius

2238 5137 2394 5216 in'eis
2418 5159 2576 5213 timor
2600 5156 2722 5224 erit,
2751 5166 2806 5211 ut
2829 5167 2884 5212 et
2906 5156 3171 5212 levissima
3198 5169 3422 5227 quicque
3447 5151 3757 5209 formident.
3852 5137 3869 5149 ⁸

2303 5340 2318 5369 ι
2344 5341 2426 5385 us.
2450 5334 2770 5397 Corbeiensis,
2793 5339 2934 5398 atque
2957 5338 3194 5384 amittens.
