4136 6474
367 400 470 454 717

1721 401 1923 457 LIBER
1959 399 2300 469 QUARTUS.

3526 412 3626 466 7I8

381 525 3628 561 Μὴ...ῄῆ

1317 627 1795 735 LIBER
1826 733 1859 756 ,
1896 626 2677 754 QUARTUS.

1667 810 1966 871 arationes
1986 811 2036 858 in
2065 817 2316 862 Numeros.

1767 933 2139 990 Μ’.)Εο

431 1065 651 1132 ουεετ.
671 1063 1018 1138 l.[Nmi.cap.
1039 1080 1088 1130 ι,
1119 1065 1156 1134 ᾖ
1192 1062 1371 1138 1-44.]
1409 1062 1544 1131 Quid
1569 1071 1652 1119 est
1671 1061 1810 1133 quod
1834 1061 1946 1116 sin-

358 1157 511 1226 gulos
531 1156 600 1211 de
619 1155 839 1226 singulis
861 1156 1101 1212 tribubus
1120 1155 1244 1226 eligi
1260 1156 1410 1224 jubet
1432 1155 1717 1225 principes,
1740 1168 1942 1223 eosque

357 1246 593 1316 appellat
638 1246 956 1316 χιλιάρχουςῖ
993 1261 1128 1317 quos
1169 1247 1384 1316 quidam
1428 1246 1579 1300 latini
1621 1245 1941 1314 interpretes

358 1337 600 1393 tribunos
644 1338 1081 1407 appellaverunt:
1109 1345 1353 1408 χιλίαρχοι
1393 1346 1569 1391 autem
1616 1335 1864 1390 videntur
1909 1349 1938 1388 a

358 1427 506 1482 mille
529 1426 907 1497 cognominati.
953 1427 1058 1482 Sed
1094 1442 1213 1482 cum
1252 1428 1530 1481 consilium
1559 1426 1749 1481 Jothor
1786 1440 1941 1480 socer

355 1517 524 1590 Moysi
549 1533 745 1588 genero
787 1533 886 1572 suo
921 1518 1108 1583 daret,
1142 1517 1282 1588 quod
1311 1518 1472 1574 etiam
1503 1518 1644 1574 Deus
1680 1517 1940 1587 approba-

355 1611 454 1674 vit,
501 1609 570 1666 de
609 1609 906 1664 ordinando
955 1609 1146 1678 populo
1187 1608 1286 1664 sub
1336 1608 1680 1679 principibus,
1729 1616 1786 1661 ut
1832 1622 1936 1661 non

356 1716 545 1756 omnes
572 1701 811 1756 omnium
839 1716 1018 1756 causae
1046 1701 1261 1772 Moysen
1292 1702 1426 1755 ultra
1462 1703 1602 1756 vires
1632 1709 1934 1764 onerarent,

357 1797 635 1860 χιλιάρχους
660 1791 947 1862 appellavit
965 1791 1364 1847 constituendos
1385 1807 1544 1862 super
1570 1791 1817 1846 millenos
1841 1791 1937 1845 ho-

355 1883 551 1949 mines,
591 1890 956 1954 ἑκατοντάρχους
997 1899 1158 1952 super
1194 1891 1447 1938 centenos
1471 1923 1486 1947 ,
1517 1892 1572 1938 et
1597 1889 1937 1951 πεντκκοντάρ-

355 1998 498 2043 κους,
529 1989 692 2046 super
731 1976 1160 2046 quinquagenos,
1205 1984 1259 2029 ct
1297 1979 1610 2042 δεκαδάρχους
1647 1988 1808 2043 super
1842 1973 1937 2027 de—

355 2080 458 2120 nos
479 2081 494 2123 :
515 2063 586 2119 ab
613 2065 742 2136 ipsis
767 2065 1021 2128 numeris,
1051 2065 1240 2132 quibus
1261 2074 1571 2134 praeessent,
1595 2063 1938 2134 cognomina-

352 2162 440 2210 tos
482 2154 677 2226 (Extd.
728 2170 894 2221 xvm,
943 2153 1155 2226 14-25).
1199 2154 1589 2224 Numquidnam
1637 2164 1692 2208 et
1731 2154 1815 2207 hic
1857 2154 1934 2208 sic

351 2245 646 2314 accipiendi
676 2253 800 2299 sunt
827 2253 1103 2315 χιλίαρχοι,
1145 2244 1283 2314 quod
1320 2244 1512 2314 singuli
1553 2252 1732 2299 essent
1775 2258 1935 2312 super

352 2337 600 2392 millenos
619 2337 642 2390 ?
661 2336 777 2391 Non
796 2336 979 2406 utique
1002 2353 1016 2388 :
1039 2350 1210 2405 neque
1229 2335 1370 2390 enim
1395 2335 1675 2390 universus
1697 2335 1932 2390 omnium

353 2429 582 2498 populus
599 2427 759 2484 Israel
779 2427 1058 2484 duodecim
1080 2427 1354 2482 hominum
1371 2428 1532 2482 millia
1556 2435 1678 2482 tunc
1699 2427 1929 2498 fuerunt.

350 2519 600 2589 Singulos
637 2519 779 2576 enim
806 2519 964 2588 elegit
993 2518 1060 2573 de
1088 2518 1307 2588 singulis
1335 2518 1610 2583 tribubus,
1653 2534 1775 2588 qua:
1801 2518 1934 2574 duo-

350 2609 526 2665 decim
552 2610 720 2665 tribus
747 2610 931 2680 procul
956 2609 1116 2665 dubio
1145 2625 1251 2664 non
1279 2609 1523 2665 millenos
1545 2610 1809 2678 homines,
1835 2610 1930 2665 sed

348 2700 518 2757 multa
556 2701 718 2756 millia
761 2701 1122 2756 continebant.
1153 2700 1354 2755 Nomen
1384 2715 1510 2771 ergo
1537 2716 1820 2757 commune
1849 2710 1933 2756 est

345 2803 470 2846 cum
496 2790 635 2853 illis,
675 2790 767 2860 qui
804 2790 856 2844 in
899 2789 1084 2846 Exodo
1121 2789 1454 2860 appellantur
1477 2798 1754 2862 χιλίαρχοι,
1786 2791 1927 2860 quod

346 2881 711 2951 unusquisque
739 2879 947 2935 illorum
977 2888 1122 2935 esset
1151 2880 1294 2934 mille
1323 2878 1596 2935 hominum
1629 2882 1876 2951 princeps
1907 2899 1924 2936 :

345 2972 572 3027 istorum
611 2981 790 3032 autem
828 2973 1192 3042 unusquisque
1216 2972 1436 3026 millium
1469 2973 1718 3044 princeps
1740 3015 1754 3039 ,
1786 2989 1922 3043 quo-

344 3065 489 3119 niam
517 3065 630 3120 sive
657 3081 688 3118 a
716 3065 894 3131 mille,
920 3065 1040 3120 sive
1059 3078 1090 3118 a
1118 3064 1366 3128 millibus,
1397 3064 1582 3120 eadem
1611 3065 1925 3135 compositio

344 3142 576 3217 nominis
603 3161 845 3221 resonat,
872 3162 929 3208 ut
947 3153 1284 3223 appellentur
1304 3163 1568 3227 χιλίαρχοι.

415 3265 480 3319 ll.
526 3263 624 3337 [lb.
656 3279 698 3331 ι,
741 3264 954 3338 20-46.]
996 3265 1181 3320 Merito
1205 3267 1464 3336 queritur
1491 3266 1618 3337 quid
1656 3267 1757 3322 sibi
1797 3267 1925 3324 velit

341 3355 484 3424 quod
515 3371 610 3424 per
631 3371 818 3410 omnes
840 3356 1028 3423 tribus,
1059 3355 1147 3410 ubi
1173 3365 1550 3426 computantur
1576 3359 1926 3430 persingulas
1985 3411 1988 3413 ,

341 3461 582 3516 quasque
612 3446 703 3500 lilii
731 3445 890 3501 Israel
918 3445 970 3500 in
996 3455 1153 3501 :ntate
1189 3447 1443 3514 militari,
1475 3448 1700 3514 dicitur,
1741 3465 1927 3504 secun-

343 3538 467 3590 dum
492 3537 884 3606 propinquitates
912 3552 1106 3599 eorum,
1135 3536 1411 3590 secundum
1439 3537 1684 3607 populum
1711 3555 1887 3592 eorum
1905 3579 1921 3606 ,

343 3629 618 3682 secundum
652 3628 827 3682 domos
863 3628 1173 3700 familiam:
1209 3643 1380 3681 eorum
1398 3667 1414 3693 ,
1451 3629 1724 3682 secundum
1752 3645 1928 3684 nume-

342 3737 459 3774 rum
479 3721 739 3774 nominum
766 3735 942 3774 eorum
961 3762 976 3785 ,
1004 3719 1276 3773 secundum
1311 3728 1466 3790 caput
1495 3735 1706 3786 eorum;
1731 3729 1787 3776 et
1810 3721 1926 3778 haec

342 3811 579 3880 quinque
617 3810 863 3865 similiter
902 3809 1123 3865 omnino
1162 3817 1507 3878 repetuntur,
1546 3809 1720 3866 donec
1757 3811 1926 3868 tribus

343 3917 534 3957 omnes
569 3903 938 3971 compleantur
965 3919 980 3955 :
1011 3901 1164 3970 quasi
1187 3901 1328 3955 aliud
1363 3901 1433 3956 sit
1453 3943 1468 3966 ,
1496 3903 1769 3957 secundum
1803 3920 1925 3973 pro-

341 3994 647 4065 pinquitates
672 4008 880 4057 eorum,
905 3992 1049 4048 aliud
1081 3993 1356 4046 secundum
1379 3992 1625 4062 populos,
1665 3993 1809 4048 aliud
1842 4011 1924 4049 se-

339 4085 568 4139 cundum
603 4084 780 4139 domos
805 4084 1119 4155 familiarum
1136 4123 1151 4147 ,
1179 4084 1320 4138 aliud
1349 4084 1626 4139 «cundum
1662 4101 1924 4140 numerum

339 4176 605 4232 nominum
623 4216 640 4242 ,
667 4174 809 4230 aliud
837 4175 1109 4228 secundum
1128 4184 1323 4244 caput;
1349 4190 1472 4229 cum
1497 4175 1676 4245 potius
1701 4176 1922 4232 videan-

339 4277 430 4323 tur
469 4267 589 4324 aliis
614 4268 791 4323 verbis
814 4266 1008 4322 eadem
1039 4267 1338 4337 significare
1379 4267 1478 4322 ista
1510 4267 1709 4324 omnia.
1739 4270 1922 4325 Inten-

338 4360 544 4414 tionem
570 4367 749 4413 autem
776 4366 977 4424 movet,
1003 4358 1124 4427 quia
1154 4365 1262 4412 tam
1301 4356 1582 4426 diligenter
1606 4374 1704 4428 per
1734 4375 1922 4416 omnes

337 4450 511 4504 tribus
533 4450 720 4505 eadem
761 4458 1104 4519 repetuntur,
1134 4459 1192 4503 ut
1235 4464 1340 4502 non
1385 4451 1578 4504 frustra
1610 4451 1722 4506 fieri
1751 4454 1922 4522 quivis

334 4540 574 4610 judicet;
597 4539 804 4594 etiamsi
841 4554 950 4594 non
988 4539 1264 4610 intelligat.
1293 4539 1553 4594 Nimirum
1579 4555 1708 4611 ergo
1736 4558 1923 4598 nume-

338 4646 433 4686 rus
477 4632 592 4700 ipse
634 4631 832 4700 aliquid
875 4631 1105 4686 insinuat
1145 4633 1492 4697 Sacramenti,
1539 4642 1595 4688 ut
1636 4633 1738 4690 hoc
1779 4636 1919 4691 idem

334 4725 620 4794 quinquies
659 4725 808 4780 varie
851 4733 1140 4794 repetatur.
1183 4725 1315 4780 Nam
1357 4727 1458 4781 iste
1496 4743 1752 4783 numerus
1786 4729 1921 4782 sicut

337 4815 392 4869 in
424 4816 552 4884 ipsis
575 4816 810 4886 quinque
835 4816 983 4871 libris
1009 4817 1195 4888 Moysi,
1229 4817 1280 4871 id
1306 4826 1390 4872 est
1414 4819 1706 4887 quinarius,
1733 4819 1789 4874 in
1815 4820 1918 4874 Ve-

335 4915 452 4962 tere
496 4907 838 4963 Testamento
890 4909 1120 4963 maxime
1173 4908 1593 4964 commendatur.
1651 4909 1742 4965 Illa
1791 4927 1918 4966 vero

335 5011 455 5064 quae
504 4997 758 5066 deinceps
801 5008 1028 5066 quatuor
1063 5007 1469 5064 connectuntur,
1520 4999 1690 5055 id’est
1727 5017 1920 5054 mascu-

337 5085 444 5139 lina
465 5125 482 5153 ,
524 5103 556 5138 a
582 5087 760 5157 uiginti
786 5087 934 5142 annis
967 5096 1015 5141 et
1051 5103 1239 5158 supra,
1281 5088 1445 5142 omnis
1483 5089 1570 5161 qui
1603 5091 1824 5160 procedit
1864 5091 1919 5146 in

334 5179 549 5244 virtute,
579 5180 853 5251 recognitio
889 5196 1096 5247 eorum;
1123 5181 1365 5251 quamvis
1389 5189 1442 5235 et
1470 5181 1581 5250 ipsa
1609 5197 1706 5253 per
1729 5197 1917 5240 omnes

335 5269 507 5324 tribus
536 5270 727 5326 eodem
763 5286 982 5340 prorsus
1007 5271 1166 5326 modo
1206 5280 1512 5343 repetantur
1535 5314 1550 5338 ,
1597 5272 1797 5328 habent
1825 5290 1917 5330 ne-

333 5361 624 5414 cessariam
663 5361 1037 5417 differentiam.
1079 5361 1214 5418 Cum
1259 5364 1398 5418 enim
1428 5373 1674 5434 ageretur
1710 5365 1777 5420 de
1818 5381 1919 5420 nu-

333 5465 486 5505 mero
531 5453 795 5508 universa:
834 5453 1184 5508 multitudinis
1214 5453 1281 5508 ad
1314 5469 1472 5508 unam
1517 5455 1709 5509 tribum
1749 5457 1914 5525 perti-

333 5541 532 5605 nentis,
568 5541 954 5598 discernendus
984 5551 1100 5598 erat
1127 5558 1326 5610 sexus,
1371 5542 1491 5598 ideo
1529 5544 1760 5615 positum
1790 5556 1912 5612 est,

338 5627 525 5683 Omnia
549 5631 848 5686 masculina.
879 5632 944 5687 Et
969 5650 1035 5688 ne
1057 5635 1256 5702 parvuli
1281 5635 1438 5688 etiam
1461 5645 1912 5706 computarentur,

333 5721 644 5802 adjunctum
668 5733 769 5789 est,
797 5740 828 5776 a
853 5725 1029 5795 viginti
1051 5727 1198 5781 annis
1223 5737 1268 5781 et
1288 5744 1462 5796 supra.
1488 5727 1690 5782 Rursus
1717 5745 1783 5784 ne
1812 5731 1913 5784 im-

333 5809 489 5868 bellis
527 5821 658 5868 aztas
694 5817 983 5872 senectutis
1019 5830 1480 5875 annumerarctur.
1523 5821 1756 5878 additum
1797 5834 1910 5884 est.

2047 1061 2208 1116 omnis
2239 1063 2328 1132 qui
2357 1065 2578 1134 procedit
2609 1067 2662 1121 in
2691 1070 2886 1124 uirtute.
2925 1073 2991 1127 Et
3023 1076 3198 1131 omnia
3228 1080 3618 1139 concluduntur

2044 1153 2210 1206 verbo
2235 1153 2351 1224 ejus
2378 1157 2555 1224 operis
2580 1159 2719 1228 quod
2753 1160 2908 1217 ﬁebat
2931 1205 2947 1227 ,
2979 1175 3036 1220 ut
3069 1166 3275 1224 dicatur
3298 1213 3314 1238 ,
3344 1177 3619 1245 recognitio

2045 1258 2235 1296 eorum.
2269 1245 2576 1316 liecognitio
2607 1251 2746 1304 enim
2778 1251 2893 1307 lucc
2917 1254 3094 1324 fiebat,
3119 1269 3175 1312 ut
3203 1259 3472 1318 hominum
3499 1265 3620 1320 mila

2046 1333 2111 1386 lia
2129 1344 2576 1425 computarentur.
2599 1338 2840 1411 Quinque
2860 1343 3017 1413 igitur
3039 1347 3149 1415 illa,
3174 1351 3616 1425 propinquitates,

2046 1424 2245 1493 populi,
2271 1425 2461 1482 domus
2489 1429 2822 1499 familiarum,
2850 1451 3102 1494 numerus
3126 1442 3420 1510 nominum,
3441 1456 3495 1502 et
3520 1424 3617 1503 ca?

2046 1525 2164 1582 put;
2195 1526 2250 1571 et
2278 1518 2376 1572 ista
2401 1519 2591 1577 deinde
2619 1534 2864 1594 quatuor,
2893 1542 3074 1594 sexus,
3103 1541 3263 1594 aitas.
3306 1540 3501 1605 virtus,
3532 1555 3618 1596 re-

2042 1607 2304 1675 cognitio,
2347 1609 2571 1667 fortasse
2606 1613 2658 1667 in
2689 1614 2804 1684 ipso
2833 1633 3053 1676 numero
3096 1623 3293 1692 aliquid
3325 1626 3613 1684 insinuant.

2041 1694 2094 1749 Si
2124 1697 2263 1750 enim
2305 1699 2490 1754 horum
2527 1702 2750 1758 duorum
2795 1723 3134 1766 numerorum
3154 1754 3168 1777 ,
3199 1714 3249 1769 id
3275 1726 3355 1771 est
3389 1720 3616 1788 quinarii

2040 1793 2096 1839 et
2117 1790 2458 1856 quaternarii,
2493 1792 2626 1847 alter
2654 1797 3030 1864 multiplicetur
3065 1818 3132 1856 ex
3156 1805 3342 1871 altero,
3372 1808 3423 1862 id
3452 1819 3535 1865 est
3558 1821 3616 1866 ut

2039 1875 2319 1944 quinquies
2345 1883 2608 1948 quaterni,
2638 1893 2728 1938 aut
2749 1896 2936 1956 quater
2956 1891 3098 1958 quini
3128 1891 3402 1962 ducantur,
3430 1901 3616 1970 viginti

2040 1965 2192 2020 ﬁunt.
2223 1969 2339 2035 Quo
2367 1989 2588 2028 numero
2613 1977 2772 2030 etiam
2807 1979 3228 2039 adolescentium
3265 1999 3394 2043 tetas
3424 1965 3510 2046 illa
3537 1994 3614 2047 si-

2037 2056 2334 2121 gnificatur.
2377 2060 2474 2125 Qui
2523 2079 2774 2120 numerus
2816 2081 3264 2127 commemoratur
3305 2085 3358 2130 et
3403 2081 3616 2146 quando

2038 2145 2263 2201 intratur
2300 2150 2351 2202 in
2394 2161 2588 2208 terram
2627 2157 2990 2223 promissionis
3021 2179 3036 2212 :
3064 2171 3117 2215 et
3149 2163 3341 2219 dicitur
3371 2145 3457 2221 illa
3486 2181 3616 2226 tetas

2036 2237 2217 2308 viginti
2259 2257 2550 2313 annorum,
2592 2264 2710 2316 qua:
2753 2267 2856 2305 non
2897 2253 3242 2312 declinaverit
3279 2260 3330 2313 in
3370 2261 3612 2319 dextram

2035 2335 2127 2380 aut
2170 2329 2457 2385 sinistram.
2509 2334 2604 2390 Ubi
2651 2338 2778 2392 mihi
2828 2341 3073 2398 videntur
3120 2348 3402 2416 significari
3443 2355 3613 2410 sancti

2040 2416 2221 2472 lideles
2251 2437 2312 2474 ex
2341 2432 2564 2492 utroque
2595 2427 2932 2484 Testamento
2959 2434 3111 2489 fidem
3145 2454 3319 2493 veram
3349 2450 3611 2500 tenentes.

2033 2505 2164 2561 Nam
2188 2509 2348 2565 Vetus
2370 2512 2762 2573 Testamentum
2781 2522 3010 2592 quinque
3038 2526 3182 2582 libris
3197 2529 3361 2602 Moysi
3384 2535 3614 2590 maxime

2034 2599 2271 2663 excellit,
2303 2612 2354 2655 et
2381 2603 2583 2660 Novum
2612 2619 2837 2676 quatuor
2869 2611 3187 2684 Evangeliis.

2104 2686 2188 2739 Ill.
2209 2688 2313 2782 [11).
2330 2707 2366 2757 t,
2386 2692 2500 2766 5L]
2514 2696 2662 2760 Quod
2681 2701 2749 2752 ait
2765 2699 2831 2754 de
2850 2702 3188 2761 tabernaculo
3209 2707 3611 2782 distendendo‘,

2033 2775 2289 2846 levando,
2317 2783 2568 2852 erigenda
2589 2827 2603 2851 ,
2633 2787 2698 2840 Et
2725 2790 3007 2860 alienigena
3027 2796 3111 2862 qui
3133 2800 3396 2854 accesserit
3423 2804 3610 2856 moria-

2033 2871 2148 2930 tur;
2173 2866 2260 2922 hic
2282 2870 2573 2942 alienigena
2606 2875 2978 2948 intelligendus
2993 2891 3076 2937 est
3100 2885 3257 2939 etiam
3279 2903 3342 2942 ex
3360 2888 3465 2944 illis
3487 2892 3606 2948 liliis

2031 2951 2226 3021 Israel,
2252 2959 2340 3028 qui
2367 2976 2471 3015 non
2501 2962 2568 3017 de
2590 2965 2676 3019 illa
2707 2968 2843 3021 tribu
2872 2968 3084 3026 fuerunt
3107 2974 3150 3038 ',
3179 2989 3335 3044 quam
3365 2979 3612 3035 taberna-

2029 3047 2149 3100 culo
2173 3052 2374 3106 servire
2399 3057 2676 3125 praecepit,
2709 3058 2761 3112 id
2803 3070 2885 3114 est
2923 3064 3009 3132 qui
3043 3081 3148 3118 non
3176 3064 3335 3122 fuerit
3373 3069 3442 3124 de
3469 3072 3607 3128 tribu

2028 3134 2177 3191 Levi.
2205 3138 2392 3194 Mirum
2429 3153 2509 3197 est
2549 3155 2728 3202 autem
2777 3152 3042 3217 quomodo
3068 3154 3286 3211 abusive
3314 3157 3608 3231 alienigena

2027 3225 2254 3293 dicitur,
2302 3231 2441 3300 quod
2469 3235 2635 3305 magis
2661 3237 2880 3294 alterius
2910 3243 3119 3310 generis
3142 3245 3407 3303 hominem
3446 3225 3611 3321 signi-

2028 3317 2179 3395 ﬁcat,
2213 3320 2266 3375 id
2308 3334 2389 3378 est
2415 3327 2690 3394 ἀλλογενὴς,
2720 3341 2772 3384 et
2815 3347 2918 3386 non
2947 3335 3113 3404 magis
3137 3339 3387 3412 ἀλλόφυλος
3407 3381 3422 3407 ,
3467 3317 3608 3412 quod

2029 3409 2290 3478 significat
2333 3415 2554 3470 alterius
2580 3419 2746 3474 tribus
2777 3420 3046 3477 hominem
3075 3443 3088 3479 :
3119 3443 3224 3495 quo
3253 3409 3465 3485 nomine
3484 3409 3610 3487 ina-

2027 3503 2112 3573 gis
2152 3505 2316 3560 utitur
2355 3507 2624 3578 Scriptura
2658 3513 2708 3566 in
2738 3514 2959 3568 aliarum
2991 3519 3225 3586 gentium
3273 3520 3605 3594 hominibus,

2029 3600 2090 3648 ut
2149 3595 2403 3669 allophyli
2453 3602 2823 3672 appellentur,
2882 3608 3034 3676 quasi
3091 3609 3315 3666 aliarum
3372 3614 3604 3672 tribuum

2029 3682 2294 3742 homines.

2100 3773 2186 3829 IV.
2220 3775 2319 3849 [lb.
2343 3794 2419 3846 tu,
2448 3779 2592 3855 5~7.]
2622 3782 2688 3836 Et
2713 3784 2905 3840 locutus
2929 3797 3000 3841 est
3014 3787 3258 3846 Dominus
3282 3793 3352 3847 ad
3373 3793 3606 3868 Moysen,

2029 3865 2198 3921 dicens
2217 3907 2233 3934 ,
2257 3869 2442 3939 Accipe
2470 3872 2656 3927 tribum
2680 3873 2832 3938 Levi;
2859 3885 2908 3930 et
2930 3869 3116 3934 statues
3142 3898 3224 3936 eos
3249 3883 3301 3937 in
3337 3865 3608 3956 conspectu

2027 3955 2200 4012 Aaron
2230 3963 2504 4018 sacerdotis
2523 4005 2538 4030 ,
2583 3976 2626 4018 et
2652 3967 3003 4023 ministrabant
3028 3971 3073 4024 ei
3095 3988 3114 4025 :
3138 3986 3185 4027 et
3212 3955 3487 4033 custodierit
3515 3998 3608 4034 cu-

2027 4051 2217 4106 stodias
2235 4056 2378 4123 ejus,
2405 4065 2450 4109 et
2469 4057 2723 4112 custodias
2750 4060 2973 4128 ﬁliorum
2993 4061 3159 4119 Israel
3177 4107 3191 4130 ,
3221 4078 3338 4121 ante
3369 4071 3610 4126 taberna-

2027 4142 2198 4196 culum
2228 4145 2518 4202 testimonii.
2548 4150 2690 4215 Quas
2714 4160 2920 4224 φυλακάς
2947 4171 3154 4225 grzccus
3197 4159 3356 4228 dixit,
3389 4162 3485 4218 has
3512 4181 3611 4220 no-

2028 4232 2126 4286 stri
2150 4232 2468 4304 interpretes
2492 4239 2579 4292 alii
2605 4242 2876 4311 custodias,
2909 4246 2997 4299 alii
3026 4249 3258 4303 excubias
3279 4251 3610 4324 interpretati

2027 4331 2173 4375 sunt.
2203 4324 2307 4378 Sed
2337 4327 2529 4381 mirum
2553 4330 2653 4384 nisi
2685 4332 2874 4401 vigilia:
2901 4337 3089 4389 melius
3115 4338 3361 4394 dicuntur
3384 4357 3504 4412 quae
3528 4363 3609 4401 so-

2027 4411 2139 4468 Ieut
2165 4414 2216 4467 in
2242 4417 2432 4471 castris
2461 4428 2730 4474 ternorum
2757 4421 3006 4476 horarum
3036 4411 3462 4486 observationem
3506 4434 3608 4488 ha-

2026 4501 2173 4556 bere.
2204 4505 2354 4561 Unde
2396 4510 2650 4578 scriptum
2678 4521 2761 4565 est
2783 4553 2796 4576 ,
2833 4515 3026 4578 Quarta
3052 4528 3219 4571 autent
3244 4520 3415 4592 vigilia
3443 4527 3606 4582 noctis

2026 4595 2155 4648 venit
2181 4595 2249 4647 ad
2277 4614 2360 4651 eos
2380 4640 2394 4662 ,
2437 4600 2700 4654 ambulans
2733 4620 2885 4673 super
2923 4621 3063 4660 mare
3097 4606 3308 4674 (Matth.
3334 4629 3442 4678 xw,
3465 4615 3560 4688 ‘25)
3591 4635 3611 4673 :

2027 4683 2130 4740 hoc
2159 4697 2275 4754 est,
2310 4700 2429 4756 post
2457 4708 2650 4746 nonam
2680 4694 2864 4749 horam
2901 4699 3101 4765 noctis,
3134 4716 3250 4771 post
3279 4714 3387 4762 tres
3415 4683 3606 4766 videli-

2024 4785 2109 4872 cet
2135 4778 2361 4846 vigilias.
2392 4781 2458 4836 Et
2501 4784 2680 4837 multis
2703 4785 2834 4840 locis
2863 4788 3254 4858 Scripturarum
3284 4801 3449 4853 nus-tri
3477 4804 3608 4872 vigi.

2025 4865 2123 4920 lias
2152 4868 2484 4940 interpretati
2509 4883 2650 4939 sunt,
2679 4892 2809 4944 quas
2835 4877 3004 4933 Grmci
3030 4891 3236 4954 φυλακάς
3262 4899 3473 4942 vocant.
3507 4865 3602 4947 Ubi

2026 4959 2167 5012 nulla
2195 4960 2453 5017 dubitatio
2481 4972 2596 5031 est,
2646 4969 2813 5034 spatia
2845 4973 3086 5024 nocturni
3131 4979 3382 5045 temporis
3402 4981 3608 5049 signiti-

2023 5050 2132 5103 cari
2164 5066 2178 5102 :
2210 5051 2349 5120 quod
2381 5063 2506 5122 puto
2529 5064 2584 5108 et
2613 5055 2700 5111 hic
2732 5058 3118 5128 accipiendum.
3146 5066 3424 5133 Quomodo
3462 5073 3604 5124 enim
3645 5129 3648 5132 ,

2025 5141 2222 5196 Levita:
2258 5142 2514 5214 jubcntur
2542 5147 2828 5204 observare
2870 5154 3140 5210 custodias
3180 5157 3396 5225 Aaron,
3429 5175 3479 5215 et
3508 5179 3606 5216 cu-

2023 5234 2223 5289 stodias
2249 5236 2475 5291 liliorum
2507 5239 2699 5308 Israel,
2747 5242 2796 5295 id
2849 5255 2933 5297 est
2978 5254 3182 5316 φυλακάς
3203 5293 3216 5306 ,
3247 5251 3343 5304 nisi
3376 5251 3608 5309 fortasse

2023 5325 2220 5379 dictum
2244 5337 2321 5382 est
2347 5368 2363 5394 ,
2391 5345 2465 5396 ne
2491 5340 2734 5398 putarent
2764 5333 2830 5386 ab
2854 5335 3198 5391 observandis
3227 5340 3418 5410 vigiliis
3439 5385 3456 5410 ,
3483 5361 3604 5414 qua:

2023 5417 2238 5486 proprie
2267 5419 2315 5471 in
2343 5420 2532 5476 castris
2560 5422 2832 5477 observari
2865 5427 3074 5492 solent,
3104 5439 3318 5498 propter
3346 5433 3602 5490 honorem

2023 5523 2129 5577 quo
2154 5510 2454 5564 serviebant
2477 5513 2815 5569 tabernaculo
2831 5556 2846 5578 ,
2879 5516 3138 5572 immunes
3162 5534 3220 5573 se
3245 5537 3364 5578 esse
3384 5525 3602 5593 debere,

2022 5612 2140 5651 cum
2169 5607 2223 5653 et
2249 5600 2391 5668 ipsos
2412 5611 2685 5670 oporteret
2718 5616 2931 5674 prepter
2959 5622 3119 5676 opera
3144 5609 3463 5669 tabernaculi
3493 5633 3602 5674 non

2084 5711 2320 5790 harenosi,
2335 5712 2689 5790 distinguendo.
2705 5723 2808 5790 less.
2830 5718 3084 5790 peeccnsis
3097 5725 3151 5790 et
3174 5721 3500 5790 nticbaelinus,
3509 5727 3590 5783 dis

2019 5772 2271 5842 tendendo.
2299 5774 2384 5823 Alii
2407 5772 2620 5842 melioris
2643 5785 2783 5838 noue,
2808 5775 3152 5842 distringendo.

2082 5837 2102 5865 ¹
2124 5842 2267 5884 Juxta
2289 5844 2364 5886 Er.
2387 5838 2533 5893 Lugd.
2559 5847 2676 5889 Ven.
2704 5837 2834 5896 tota,
2855 5837 3064 5897 fuerant.
3127 5849 3187 5892 λι.
