  <div class='ocr_page' id='page_1' title='image "/cluster/home/n/w/nwhite01/storage/ocr_20150623/34/hvd.32044015706310/365.png"; bbox 0 0 4136 6460; ppageno 0'>
   <div class='ocr_carea' id='block_1_1' title="bbox 516 417 614 476">
    <p class='ocr_par' dir='ltr' id='par_1_1' title="bbox 516 417 614 476">
     <span class='ocr_line' id='line_1_1' title="bbox 516 417 614 476; baseline 0.031 -3"><span class='ocrx_word' id='word_1_1' title='bbox 516 417 614 476; x_wconf 73' lang='grc' dir='ltr'><strong>ἨΘ</strong></span> 
     </span>
    </p>
   </div>
   <div class='ocr_carea' id='block_1_2' title="bbox 513 534 2086 610">
    <p class='ocr_par' dir='ltr' id='par_1_2' title="bbox 513 534 2086 610">
     <span class='ocr_line' id='line_1_2' title="bbox 513 534 2086 610; baseline -0.009 -7"><span class='ocrx_word' id='word_1_2' title='bbox 513 540 687 592; x_wconf 69' lang='lat' dir='ltr'><strong>Minus</strong></span> <span class='ocrx_word' id='word_1_3' title='bbox 711 546 935 602; x_wconf 89' lang='lat' dir='ltr'><strong>vicissim</strong></span> <span class='ocrx_word' id='word_1_4' title='bbox 955 545 1242 601; x_wconf 88' lang='lat' dir='ltr'><strong>observare</strong></span> <span class='ocrx_word' id='word_1_5' title='bbox 1265 539 1492 610; x_wconf 72' lang='lat' dir='ltr'><strong>vigilias,</strong></span> <span class='ocrx_word' id='word_1_6' title='bbox 1534 551 1652 606; x_wconf 69' lang='lat' dir='ltr'><strong>quae</strong></span> <span class='ocrx_word' id='word_1_7' title='bbox 1677 534 2086 588; x_wconf 79' lang='lat' dir='ltr'><strong>observarentur</strong></span> 
     </span>
    </p>
   </div>
   <div class='ocr_carea' id='block_1_3' title="bbox 515 622 1830 705">
    <p class='ocr_par' dir='ltr' id='par_1_3' title="bbox 515 622 1830 705">
     <span class='ocr_line' id='line_1_3' title="bbox 515 622 1830 705; baseline -0.012 -13"><span class='ocrx_word' id='word_1_8' title='bbox 515 636 566 685; x_wconf 81' lang='lat' dir='ltr'><strong>in</strong></span> <span class='ocrx_word' id='word_1_9' title='bbox 594 636 713 691; x_wconf 80' lang='lat' dir='ltr'><strong>aliis</strong></span> <span class='ocrx_word' id='word_1_10' title='bbox 734 638 1144 705; x_wconf 80' lang='lat' dir='ltr'><strong>circumquaque</strong></span> <span class='ocrx_word' id='word_1_11' title='bbox 1165 631 1352 688; x_wconf 76' lang='lat' dir='ltr'><strong>castris</strong></span> <span class='ocrx_word' id='word_1_12' title='bbox 1382 629 1608 683; x_wconf 94' lang='lat' dir='ltr'><strong>ﬁliorum</strong></span> <span class='ocrx_word' id='word_1_13' title='bbox 1635 622 1830 679; x_wconf 87' lang='lat' dir='ltr'><strong>Israel?</strong></span> 
     </span>
    </p>
   </div>
   <div class='ocr_carea' id='block_1_4' title="bbox 587 708 2086 799">
    <p class='ocr_par' dir='ltr' id='par_1_4' title="bbox 587 708 2086 799">
     <span class='ocr_line' id='line_1_4' title="bbox 587 708 2086 799; baseline -0.014 -18"><span class='ocrx_word' id='word_1_14' title='bbox 587 729 648 780; x_wconf 84' lang='lat' dir='ltr'><strong>V.</strong></span> <span class='ocrx_word' id='word_1_15' title='bbox 669 727 748 799; x_wconf 85' lang='lat' dir='ltr'><strong>[In</strong></span> <span class='ocrx_word' id='word_1_16' title='bbox 775 743 848 786; x_wconf 90' lang='lat' dir='ltr'><strong>Ill,</strong></span> <span class='ocrx_word' id='word_1_17' title='bbox 870 725 980 795; x_wconf 79' lang='lat' dir='ltr'><strong>l0.]</strong></span> <span class='ocrx_word' id='word_1_18' title='bbox 998 724 1288 794; x_wconf 78' lang='lat' dir='ltr'><strong>Alienigena</strong></span> <span class='ocrx_word' id='word_1_19' title='bbox 1307 722 1392 790; x_wconf 87' lang='lat' dir='ltr'><strong>qui</strong></span> <span class='ocrx_word' id='word_1_20' title='bbox 1413 717 1625 788; x_wconf 88' lang='lat' dir='ltr'><strong>tetigerit</strong></span> <span class='ocrx_word' id='word_1_21' title='bbox 1647 713 1904 786; x_wconf 82' lang='lat' dir='ltr'><strong>morietur.</strong></span> <span class='ocrx_word' id='word_1_22' title='bbox 1935 708 2086 776; x_wconf 70' lang='lat' dir='ltr'><strong>Quat-</strong></span> 
     </span>
    </p>
   </div>
   <div class='ocr_carea' id='block_1_5' title="bbox 514 802 2086 886">
    <p class='ocr_par' dir='ltr' id='par_1_5' title="bbox 514 802 2086 886">
     <span class='ocr_line' id='line_1_5' title="bbox 514 802 2086 886; baseline -0.013 -14"><span class='ocrx_word' id='word_1_23' title='bbox 514 818 734 872; x_wconf 92' lang='lat' dir='ltr'><strong>rendum</strong></span> <span class='ocrx_word' id='word_1_24' title='bbox 761 815 1026 886; x_wconf 86' lang='lat' dir='ltr'><strong>quomodo</strong></span> <span class='ocrx_word' id='word_1_25' title='bbox 1049 812 1240 868; x_wconf 82' lang='lat' dir='ltr'><strong>dixerit</strong></span> <span class='ocrx_word' id='word_1_26' title='bbox 1269 812 1320 865; x_wconf 90' lang='lat' dir='ltr'><strong>in</strong></span> <span class='ocrx_word' id='word_1_27' title='bbox 1349 809 1603 873; x_wconf 82' lang='lat' dir='ltr'><strong>Levitico,</strong></span> <span class='ocrx_word' id='word_1_28' title='bbox 1638 806 1735 872; x_wconf 78' lang='lat' dir='ltr'><strong>Qui</strong></span> <span class='ocrx_word' id='word_1_29' title='bbox 1771 802 1984 872; x_wconf 88' lang='lat' dir='ltr'><strong>tetigerit</strong></span> <span class='ocrx_word' id='word_1_30' title='bbox 2009 810 2086 853; x_wconf 86' lang='lat' dir='ltr'><strong>ta-</strong></span> 
     </span>
    </p>
   </div>
   <div class='ocr_carea' id='block_1_6' title="bbox 513 889 2084 972">
    <p class='ocr_par' dir='ltr' id='par_1_6' title="bbox 513 889 2084 972">
     <span class='ocr_line' id='line_1_6' title="bbox 513 889 2084 972; baseline -0.013 -10"><span class='ocrx_word' id='word_1_31' title='bbox 513 906 837 962; x_wconf 84' lang='lat' dir='ltr'><strong>bernaculum</strong></span> <span class='ocrx_word' id='word_1_32' title='bbox 857 903 1246 972; x_wconf 70' lang='lat' dir='ltr'><strong>sancti/imbitur</strong></span> <span class='ocrx_word' id='word_1_33' title='bbox 1274 900 1454 970; x_wconf 85' lang='lat' dir='ltr'><strong>(Leuit.</strong></span> <span class='ocrx_word' id='word_1_34' title='bbox 1484 914 1559 959; x_wconf 77' lang='lat' dir='ltr'><strong>Vl,</strong></span> <span class='ocrx_word' id='word_1_35' title='bbox 1581 897 1669 966; x_wconf 81' lang='grc'><strong>18)</strong></span> <span class='ocrx_word' id='word_1_36' title='bbox 1698 913 1710 948; x_wconf 92' lang='lat'>:</span> <span class='ocrx_word' id='word_1_37' title='bbox 1737 909 1858 948; x_wconf 88' lang='lat' dir='ltr'><strong>cum</strong></span> <span class='ocrx_word' id='word_1_38' title='bbox 1887 892 1974 944; x_wconf 89' lang='lat' dir='ltr'><strong>hic</strong></span> <span class='ocrx_word' id='word_1_39' title='bbox 2000 889 2084 943; x_wconf 80' lang='lat' dir='ltr'><strong>di—</strong></span> 
     </span>
    </p>
   </div>
   <div class='ocr_carea' id='block_1_7' title="bbox 511 979 2085 1068">
    <p class='ocr_par' dir='ltr' id='par_1_7' title="bbox 511 979 2085 1068">
     <span class='ocr_line' id='line_1_7' title="bbox 511 979 2085 1068; baseline -0.014 -14"><span class='ocrx_word' id='word_1_40' title='bbox 511 1009 631 1066; x_wconf 87' lang='lat' dir='ltr'><strong>cat,</strong></span> <span class='ocrx_word' id='word_1_41' title='bbox 662 997 950 1068; x_wconf 81' lang='lat' dir='ltr'><strong>Alienigena</strong></span> <span class='ocrx_word' id='word_1_42' title='bbox 965 994 1051 1066; x_wconf 89' lang='lat' dir='ltr'><strong>qui</strong></span> <span class='ocrx_word' id='word_1_43' title='bbox 1075 992 1323 1064; x_wconf 89' lang='lat' dir='ltr'><strong>tetigerit,</strong></span> <span class='ocrx_word' id='word_1_44' title='bbox 1353 990 1626 1053; x_wconf 77' lang='lat' dir='ltr'><strong>morietur;</strong></span> <span class='ocrx_word' id='word_1_45' title='bbox 1658 985 1842 1040; x_wconf 89' lang='lat' dir='ltr'><strong>volens</strong></span> <span class='ocrx_word' id='word_1_46' title='bbox 1869 979 2085 1049; x_wconf 79' lang='lat' dir='ltr'><strong>intelligi</strong></span> 
     </span>
    </p>
   </div>
   <div class='ocr_carea' id='block_1_8' title="bbox 511 1073 2089 1158">
    <p class='ocr_par' dir='ltr' id='par_1_8' title="bbox 511 1073 2089 1158">
     <span class='ocr_line' id='line_1_8' title="bbox 511 1073 2089 1158; baseline -0.013 -13"><span class='ocrx_word' id='word_1_47' title='bbox 511 1105 606 1145; x_wconf 86' lang='lat' dir='ltr'><strong>eos</strong></span> <span class='ocrx_word' id='word_1_48' title='bbox 643 1089 731 1158; x_wconf 87' lang='lat' dir='ltr'><strong>qui</strong></span> <span class='ocrx_word' id='word_1_49' title='bbox 760 1103 865 1142; x_wconf 92' lang='lat' dir='ltr'><strong>non</strong></span> <span class='ocrx_word' id='word_1_50' title='bbox 893 1096 1074 1141; x_wconf 82' lang='lat' dir='ltr'><strong>essent</strong></span> <span class='ocrx_word' id='word_1_51' title='bbox 1098 1085 1166 1140; x_wconf 92' lang='lat' dir='ltr'><strong>de</strong></span> <span class='ocrx_word' id='word_1_52' title='bbox 1196 1084 1335 1138; x_wconf 86' lang='lat' dir='ltr'><strong>tribu</strong></span> <span class='ocrx_word' id='word_1_53' title='bbox 1379 1081 1526 1136; x_wconf 86' lang='lat' dir='ltr'><strong>Levi.</strong></span> <span class='ocrx_word' id='word_1_54' title='bbox 1556 1081 1634 1134; x_wconf 89' lang='lat' dir='ltr'><strong>An</strong></span> <span class='ocrx_word' id='word_1_55' title='bbox 1665 1080 1798 1132; x_wconf 81' lang='lat' dir='ltr'><strong>forte</strong></span> <span class='ocrx_word' id='word_1_56' title='bbox 1827 1075 1944 1139; x_wconf 84' lang='lat' dir='ltr'><strong>hic,</strong></span> <span class='ocrx_word' id='word_1_57' title='bbox 1977 1073 2089 1126; x_wconf 85' lang='lat' dir='ltr'><strong>teti-</strong></span> 
     </span>
    </p>
   </div>
   <div class='ocr_carea' id='block_1_9' title="bbox 510 1165 2086 1253">
    <p class='ocr_par' dir='ltr' id='par_1_9' title="bbox 510 1165 2086 1253">
     <span class='ocr_line' id='line_1_9' title="bbox 510 1165 2086 1253; baseline -0.014 -15"><span class='ocrx_word' id='word_1_58' title='bbox 510 1185 671 1253; x_wconf 88' lang='lat' dir='ltr'><strong>gerit,</strong></span> <span class='ocrx_word' id='word_1_59' title='bbox 717 1180 784 1236; x_wconf 87' lang='lat' dir='ltr'><strong>ad</strong></span> <span class='ocrx_word' id='word_1_60' title='bbox 828 1179 1140 1248; x_wconf 84' lang='lat' dir='ltr'><strong>obsequium</strong></span> <span class='ocrx_word' id='word_1_61' title='bbox 1166 1175 1360 1231; x_wconf 86' lang='lat' dir='ltr'><strong>dixerit</strong></span> <span class='ocrx_word' id='word_1_62' title='bbox 1383 1172 1687 1236; x_wconf 89' lang='lat' dir='ltr'><strong>servitutis,</strong></span> <span class='ocrx_word' id='word_1_63' title='bbox 1715 1167 1855 1238; x_wconf 89' lang='lat' dir='ltr'><strong>quod</strong></span> <span class='ocrx_word' id='word_1_64' title='bbox 1893 1183 1923 1220; x_wconf 92' lang='lat' dir='ltr'><strong>a</strong></span> <span class='ocrx_word' id='word_1_65' title='bbox 1959 1165 2086 1219; x_wconf 91' lang='lat' dir='ltr'><strong>solis</strong></span> 
     </span>
    </p>
   </div>
   <div class='ocr_carea' id='block_1_10' title="bbox 515 1253 2084 1334">
    <p class='ocr_par' dir='ltr' id='par_1_10' title="bbox 515 1253 2084 1334">
     <span class='ocr_line' id='line_1_10' title="bbox 515 1253 2084 1334; baseline -0.015 -5"><span class='ocrx_word' id='word_1_66' title='bbox 515 1274 712 1329; x_wconf 82' lang='lat' dir='ltr'><strong>Levitis</strong></span> <span class='ocrx_word' id='word_1_67' title='bbox 756 1269 939 1326; x_wconf 88' lang='lat' dir='ltr'><strong>deberi</strong></span> <span class='ocrx_word' id='word_1_68' title='bbox 994 1265 1336 1324; x_wconf 89' lang='lat' dir='ltr'><strong>tabernaculo</strong></span> <span class='ocrx_word' id='word_1_69' title='bbox 1401 1261 1700 1334; x_wconf 73' lang='lat' dir='ltr'><strong>przecepit?</strong></span> <span class='ocrx_word' id='word_1_70' title='bbox 1755 1258 1880 1312; x_wconf 87' lang='lat' dir='ltr'><strong>hinc</strong></span> <span class='ocrx_word' id='word_1_71' title='bbox 1941 1253 2084 1310; x_wconf 89' lang='lat' dir='ltr'><strong>enim</strong></span> 
     </span>
    </p>
   </div>
   <div class='ocr_carea' id='block_1_11' title="bbox 509 1366 837 1436">
    <p class='ocr_par' dir='ltr' id='par_1_11' title="bbox 509 1366 837 1436">
     <span class='ocr_line' id='line_1_11' title="bbox 509 1366 837 1436; baseline -0.018 -14"><span class='ocrx_word' id='word_1_72' title='bbox 509 1366 837 1436; x_wconf 87' lang='lat' dir='ltr'><strong>loquebatur.</strong></span> 
     </span>
    </p>
   </div>
   <div class='ocr_carea' id='block_1_12' title="bbox 581 1437 2088 1527">
    <p class='ocr_par' dir='ltr' id='par_1_12' title="bbox 581 1437 2088 1527">
     <span class='ocr_line' id='line_1_12' title="bbox 581 1437 2088 1527; baseline -0.013 -17"><span class='ocrx_word' id='word_1_73' title='bbox 581 1455 671 1510; x_wconf 80' lang='lat' dir='ltr'><strong>Vl.</strong></span> <span class='ocrx_word' id='word_1_74' title='bbox 702 1454 798 1527; x_wconf 98' lang='grc'><strong>[11).</strong></span> <span class='ocrx_word' id='word_1_75' title='bbox 839 1469 917 1518; x_wconf 87' lang='grc' dir='ltr'>ιιι,</span> <span class='ocrx_word' id='word_1_76' title='bbox 949 1449 1158 1523; x_wconf 73' lang='lat' dir='ltr'><strong>l2—3l.]</strong></span> <span class='ocrx_word' id='word_1_77' title='bbox 1183 1447 1315 1517; x_wconf 85' lang='lat' dir='ltr'><strong>Quid</strong></span> <span class='ocrx_word' id='word_1_78' title='bbox 1340 1457 1422 1502; x_wconf 91' lang='lat' dir='ltr'><strong>est</strong></span> <span class='ocrx_word' id='word_1_79' title='bbox 1448 1445 1588 1516; x_wconf 92' lang='lat' dir='ltr'><strong>quod</strong></span> <span class='ocrx_word' id='word_1_80' title='bbox 1617 1443 1826 1499; x_wconf 87' lang='lat' dir='ltr'><strong>Levitas</strong></span> <span class='ocrx_word' id='word_1_81' title='bbox 1855 1456 1952 1510; x_wconf 91' lang='lat' dir='ltr'><strong>pro</strong></span> <span class='ocrx_word' id='word_1_82' title='bbox 1981 1437 2088 1507; x_wconf 85' lang='lat' dir='ltr'><strong>pri-</strong></span> 
     </span>
    </p>
   </div>
   <div class='ocr_carea' id='block_1_13' title="bbox 511 1530 2089 1616">
    <p class='ocr_par' dir='ltr' id='par_1_13' title="bbox 511 1530 2089 1616">
     <span class='ocr_line' id='line_1_13' title="bbox 511 1530 2089 1616; baseline -0.013 -14"><span class='ocrx_word' id='word_1_83' title='bbox 511 1546 792 1616; x_wconf 85' lang='lat' dir='ltr'><strong>mogenitis</strong></span> <span class='ocrx_word' id='word_1_84' title='bbox 837 1543 1061 1597; x_wconf 90' lang='lat' dir='ltr'><strong>ﬁliorum</strong></span> <span class='ocrx_word' id='word_1_85' title='bbox 1108 1540 1266 1595; x_wconf 92' lang='lat' dir='ltr'><strong>Israel</strong></span> <span class='ocrx_word' id='word_1_86' title='bbox 1296 1538 1396 1594; x_wconf 89' lang='lat' dir='ltr'><strong>sibi</strong></span> <span class='ocrx_word' id='word_1_87' title='bbox 1446 1539 1584 1591; x_wconf 85' lang='lat' dir='ltr'><strong>Deus</strong></span> <span class='ocrx_word' id='word_1_88' title='bbox 1619 1535 1872 1604; x_wconf 85' lang='lat' dir='ltr'><strong>deputat,</strong></span> <span class='ocrx_word' id='word_1_89' title='bbox 1921 1530 1992 1583; x_wconf 87' lang='lat' dir='ltr'><strong>ita</strong></span> <span class='ocrx_word' id='word_1_90' title='bbox 2031 1537 2089 1582; x_wconf 94' lang='lat' dir='ltr'><strong>ut</strong></span> 
     </span>
    </p>
   </div>
   <div class='ocr_carea' id='block_1_14' title="bbox 511 1620 2090 1704">
    <p class='ocr_par' dir='ltr' id='par_1_14' title="bbox 511 1620 2090 1704">
     <span class='ocr_line' id='line_1_14' title="bbox 511 1620 2090 1704; baseline -0.012 -12"><span class='ocrx_word' id='word_1_91' title='bbox 511 1633 801 1692; x_wconf 72' lang='lat' dir='ltr'><strong>numeratis</strong></span> <span class='ocrx_word' id='word_1_92' title='bbox 828 1631 1191 1704; x_wconf 88' lang='lat' dir='ltr'><strong>primogenitis</strong></span> <span class='ocrx_word' id='word_1_93' title='bbox 1210 1628 1408 1698; x_wconf 86' lang='lat' dir='ltr'><strong>pepuli,</strong></span> <span class='ocrx_word' id='word_1_94' title='bbox 1430 1627 1518 1696; x_wconf 90' lang='lat' dir='ltr'><strong>qui</strong></span> <span class='ocrx_word' id='word_1_95' title='bbox 1543 1626 1718 1695; x_wconf 85' lang='lat' dir='ltr'><strong>plures</strong></span> <span class='ocrx_word' id='word_1_96' title='bbox 1740 1620 1940 1677; x_wconf 86' lang='lat' dir='ltr'><strong>inventi</strong></span> <span class='ocrx_word' id='word_1_97' title='bbox 1965 1629 2090 1673; x_wconf 90' lang='lat' dir='ltr'><strong>sunt</strong></span> 
     </span>
    </p>
   </div>
   <div class='ocr_carea' id='block_1_15' title="bbox 511 1713 2087 1801">
    <p class='ocr_par' dir='ltr' id='par_1_15' title="bbox 511 1713 2087 1801">
     <span class='ocr_line' id='line_1_15' title="bbox 511 1713 2087 1801; baseline -0.013 -17"><span class='ocrx_word' id='word_1_98' title='bbox 511 1744 667 1801; x_wconf 90' lang='lat' dir='ltr'><strong>quam</strong></span> <span class='ocrx_word' id='word_1_99' title='bbox 694 1736 809 1782; x_wconf 77' lang='lat' dir='ltr'><strong>erat</strong></span> <span class='ocrx_word' id='word_1_100' title='bbox 834 1737 1086 1780; x_wconf 80' lang='lat' dir='ltr'><strong>numerus</strong></span> <span class='ocrx_word' id='word_1_101' title='bbox 1115 1723 1448 1781; x_wconf 84' lang='lat' dir='ltr'><strong>Levitarum,</strong></span> <span class='ocrx_word' id='word_1_102' title='bbox 1494 1724 1714 1786; x_wconf 86' lang='lat' dir='ltr'><strong>argento</strong></span> <span class='ocrx_word' id='word_1_103' title='bbox 1757 1713 2087 1801; x_wconf 86' lang='lat' dir='ltr'><strong>redimeren-</strong></span> 
     </span>
    </p>
   </div>
   <div class='ocr_carea' id='block_1_16' title="bbox 515 1800 2090 1890">
    <p class='ocr_par' dir='ltr' id='par_1_16' title="bbox 515 1800 2090 1890">
     <span class='ocr_line' id='line_1_16' title="bbox 515 1800 2090 1890; baseline -0.015 -14"><span class='ocrx_word' id='word_1_104' title='bbox 515 1800 627 1886; x_wconf 88' lang='lat' dir='ltr'><strong>tur,</strong></span> <span class='ocrx_word' id='word_1_105' title='bbox 659 1819 892 1890; x_wconf 88' lang='lat' dir='ltr'><strong>quinque</strong></span> <span class='ocrx_word' id='word_1_106' title='bbox 921 1815 1064 1870; x_wconf 90' lang='lat' dir='ltr'><strong>siclis</strong></span> <span class='ocrx_word' id='word_1_107' title='bbox 1091 1828 1190 1883; x_wconf 91' lang='lat' dir='ltr'><strong>pro</strong></span> <span class='ocrx_word' id='word_1_108' title='bbox 1218 1826 1324 1866; x_wconf 88' lang='lat' dir='ltr'><strong>uno</strong></span> <span class='ocrx_word' id='word_1_109' title='bbox 1351 1807 1526 1863; x_wconf 80' lang='lat' dir='ltr'><strong>datis?</strong></span> <span class='ocrx_word' id='word_1_110' title='bbox 1576 1805 1727 1874; x_wconf 84' lang='lat' dir='ltr'><strong>Quod</strong></span> <span class='ocrx_word' id='word_1_111' title='bbox 1759 1819 1855 1873; x_wconf 91' lang='lat' dir='ltr'><strong>pro</strong></span> <span class='ocrx_word' id='word_1_112' title='bbox 1886 1800 2090 1872; x_wconf 85' lang='lat' dir='ltr'><strong>pecori-</strong></span> 
     </span>
    </p>
   </div>
   <div class='ocr_carea' id='block_1_17' title="bbox 509 1896 2090 1970">
    <p class='ocr_par' dir='ltr' id='par_1_17' title="bbox 509 1896 2090 1970">
     <span class='ocr_line' id='line_1_17' title="bbox 509 1896 2090 1970; baseline -0.015 -3"><span class='ocrx_word' id='word_1_113' title='bbox 509 1912 611 1966; x_wconf 86' lang='lat' dir='ltr'><strong>bus</strong></span> <span class='ocrx_word' id='word_1_114' title='bbox 637 1925 742 1965; x_wconf 91' lang='lat' dir='ltr'><strong>non</strong></span> <span class='ocrx_word' id='word_1_115' title='bbox 785 1917 867 1962; x_wconf 90' lang='lat' dir='ltr'><strong>est</strong></span> <span class='ocrx_word' id='word_1_116' title='bbox 896 1905 1088 1961; x_wconf 82' lang='lat' dir='ltr'><strong>factum</strong></span> <span class='ocrx_word' id='word_1_117' title='bbox 1111 1945 1124 1970; x_wconf 96' lang='lat'><strong>,</strong></span> <span class='ocrx_word' id='word_1_118' title='bbox 1171 1918 1290 1957; x_wconf 92' lang='lat' dir='ltr'><strong>cum</strong></span> <span class='ocrx_word' id='word_1_119' title='bbox 1318 1910 1372 1956; x_wconf 89' lang='lat' dir='ltr'><strong>et</strong></span> <span class='ocrx_word' id='word_1_120' title='bbox 1410 1913 1600 1969; x_wconf 84' lang='lat' dir='ltr'><strong>pecora</strong></span> <span class='ocrx_word' id='word_1_121' title='bbox 1646 1896 1948 1951; x_wconf 81' lang='lat' dir='ltr'><strong>Levitarum</strong></span> <span class='ocrx_word' id='word_1_122' title='bbox 1992 1905 2090 1962; x_wconf 93' lang='lat' dir='ltr'><strong>pro</strong></span> 
     </span>
    </p>
   </div>
   <div class='ocr_carea' id='block_1_18' title="bbox 512 1982 2088 2071">
    <p class='ocr_par' dir='ltr' id='par_1_18' title="bbox 512 1982 2088 2071">
     <span class='ocr_line' id='line_1_18' title="bbox 512 1982 2088 2071; baseline -0.013 -16"><span class='ocrx_word' id='word_1_123' title='bbox 512 1997 877 2071; x_wconf 88' lang='lat' dir='ltr'><strong>pritnogenitis</strong></span> <span class='ocrx_word' id='word_1_124' title='bbox 906 2010 1154 2066; x_wconf 87' lang='lat' dir='ltr'><strong>pecorum</strong></span> <span class='ocrx_word' id='word_1_125' title='bbox 1185 1993 1344 2048; x_wconf 87' lang='lat' dir='ltr'><strong>Israel</strong></span> <span class='ocrx_word' id='word_1_126' title='bbox 1374 1990 1472 2044; x_wconf 89' lang='lat' dir='ltr'><strong>sibi</strong></span> <span class='ocrx_word' id='word_1_127' title='bbox 1503 2002 1621 2042; x_wconf 91' lang='lat' dir='ltr'><strong>esse</strong></span> <span class='ocrx_word' id='word_1_128' title='bbox 1649 1984 1894 2040; x_wconf 88' lang='lat' dir='ltr'><strong>voluerit.</strong></span> <span class='ocrx_word' id='word_1_129' title='bbox 1940 1982 2088 2050; x_wconf 87' lang='lat' dir='ltr'><strong>Quo-</strong></span> 
     </span>
    </p>
   </div>
   <div class='ocr_carea' id='block_1_19' title="bbox 510 2080 2086 2158">
    <p class='ocr_par' dir='ltr' id='par_1_19' title="bbox 510 2080 2086 2158">
     <span class='ocr_line' id='line_1_19' title="bbox 510 2080 2086 2158; baseline -0.013 -10"><span class='ocrx_word' id='word_1_130' title='bbox 510 2091 670 2148; x_wconf 90' lang='lat' dir='ltr'><strong>modo</strong></span> <span class='ocrx_word' id='word_1_131' title='bbox 689 2091 939 2158; x_wconf 90' lang='lat' dir='ltr'><strong>deinceps</strong></span> <span class='ocrx_word' id='word_1_132' title='bbox 961 2086 1310 2158; x_wconf 76' lang='lat' dir='ltr'><strong>primogenita</strong></span> <span class='ocrx_word' id='word_1_133' title='bbox 1323 2097 1505 2137; x_wconf 92' lang='lat' dir='ltr'><strong>eorum</strong></span> <span class='ocrx_word' id='word_1_134' title='bbox 1526 2080 1610 2134; x_wconf 90' lang='lat' dir='ltr'><strong>vel</strong></span> <span class='ocrx_word' id='word_1_135' title='bbox 1636 2092 1882 2149; x_wconf 90' lang='lat' dir='ltr'><strong>pecorum</strong></span> <span class='ocrx_word' id='word_1_136' title='bbox 1903 2091 2086 2132; x_wconf 88' lang='lat' dir='ltr'><strong>eorum</strong></span> 
     </span>
    </p>
   </div>
   <div class='ocr_carea' id='block_1_20' title="bbox 510 2168 2089 2255">
    <p class='ocr_par' dir='ltr' id='par_1_20' title="bbox 510 2168 2089 2255">
     <span class='ocr_line' id='line_1_20' title="bbox 510 2168 2089 2255; baseline -0.013 -16"><span class='ocrx_word' id='word_1_137' title='bbox 510 2182 846 2255; x_wconf 89' lang='lat' dir='ltr'><strong>pertinebant</strong></span> <span class='ocrx_word' id='word_1_138' title='bbox 872 2180 937 2233; x_wconf 84' lang='lat' dir='ltr'><strong>ad</strong></span> <span class='ocrx_word' id='word_1_139' title='bbox 981 2179 1176 2242; x_wconf 92' lang='lat' dir='ltr'><strong>Deum,</strong></span> <span class='ocrx_word' id='word_1_140' title='bbox 1223 2175 1311 2229; x_wconf 91' lang='lat' dir='ltr'><strong>ubi</strong></span> <span class='ocrx_word' id='word_1_141' title='bbox 1343 2173 1499 2244; x_wconf 88' lang='lat' dir='ltr'><strong>jussit</strong></span> <span class='ocrx_word' id='word_1_142' title='bbox 1525 2169 1795 2225; x_wconf 86' lang='lat' dir='ltr'><strong>immunda</strong></span> <span class='ocrx_word' id='word_1_143' title='bbox 1825 2168 2089 2239; x_wconf 83' lang='lat' dir='ltr'><strong>primoge-</strong></span> 
     </span>
    </p>
   </div>
   <div class='ocr_carea' id='block_1_21' title="bbox 512 2258 2091 2328">
    <p class='ocr_par' dir='ltr' id='par_1_21' title="bbox 512 2258 2091 2328">
     <span class='ocr_line' id='line_1_21' title="bbox 512 2258 2091 2328; baseline -0.013 1"><span class='ocrx_word' id='word_1_144' title='bbox 512 2274 621 2328; x_wconf 88' lang='lat' dir='ltr'><strong>nita</strong></span> <span class='ocrx_word' id='word_1_145' title='bbox 647 2273 734 2328; x_wconf 94' lang='lat' dir='ltr'><strong>vel</strong></span> <span class='ocrx_word' id='word_1_146' title='bbox 762 2271 991 2326; x_wconf 88' lang='lat' dir='ltr'><strong>humana</strong></span> <span class='ocrx_word' id='word_1_147' title='bbox 1017 2266 1208 2321; x_wconf 86' lang='lat' dir='ltr'><strong>mutari</strong></span> <span class='ocrx_word' id='word_1_148' title='bbox 1235 2263 1458 2318; x_wconf 87' lang='lat' dir='ltr'><strong>ovibus?</strong></span> <span class='ocrx_word' id='word_1_149' title='bbox 1483 2258 1763 2328; x_wconf 85' lang='lat' dir='ltr'><strong>Quomodo</strong></span> <span class='ocrx_word' id='word_1_150' title='bbox 1786 2273 1890 2312; x_wconf 91' lang='lat' dir='ltr'><strong>non</strong></span> <span class='ocrx_word' id='word_1_151' title='bbox 1911 2265 1965 2311; x_wconf 90' lang='lat' dir='ltr'><strong>et</strong></span> <span class='ocrx_word' id='word_1_152' title='bbox 1993 2271 2091 2326; x_wconf 86' lang='lat' dir='ltr'><strong>pro</strong></span> 
     </span>
    </p>
   </div>
   <div class='ocr_carea' id='block_1_22' title="bbox 513 2345 2092 2430">
    <p class='ocr_par' dir='ltr' id='par_1_22' title="bbox 513 2345 2092 2430">
     <span class='ocr_line' id='line_1_22' title="bbox 513 2345 2092 2430; baseline -0.013 -11"><span class='ocrx_word' id='word_1_153' title='bbox 513 2365 629 2420; x_wconf 90' lang='lat' dir='ltr'><strong>istis</strong></span> <span class='ocrx_word' id='word_1_154' title='bbox 654 2363 908 2430; x_wconf 82' lang='lat' dir='ltr'><strong>deinceps</strong></span> <span class='ocrx_word' id='word_1_155' title='bbox 947 2355 1316 2428; x_wconf 88' lang='lat' dir='ltr'><strong>primogenitis</strong></span> <span class='ocrx_word' id='word_1_156' title='bbox 1342 2349 1786 2421; x_wconf 89' lang='lat' dir='ltr'><strong>computabantur</strong></span> <span class='ocrx_word' id='word_1_157' title='bbox 1814 2347 1907 2401; x_wconf 93' lang='lat' dir='ltr'><strong>ﬁlii</strong></span> <span class='ocrx_word' id='word_1_158' title='bbox 1933 2345 2092 2401; x_wconf 83' lang='lat' dir='ltr'><strong>Levi-</strong></span> 
     </span>
    </p>
   </div>
   <div class='ocr_carea' id='block_1_23' title="bbox 515 2437 2093 2524">
    <p class='ocr_par' dir='ltr' id='par_1_23' title="bbox 515 2437 2093 2524">
     <span class='ocr_line' id='line_1_23' title="bbox 515 2437 2093 2524; baseline -0.014 -14"><span class='ocrx_word' id='word_1_159' title='bbox 515 2465 686 2509; x_wconf 89' lang='lat' dir='ltr'><strong>tarum</strong></span> <span class='ocrx_word' id='word_1_160' title='bbox 717 2451 988 2524; x_wconf 90' lang='lat' dir='ltr'><strong>(manebat</strong></span> <span class='ocrx_word' id='word_1_161' title='bbox 1005 2449 1148 2502; x_wconf 91' lang='lat' dir='ltr'><strong>enim</strong></span> <span class='ocrx_word' id='word_1_162' title='bbox 1183 2445 1235 2500; x_wconf 91' lang='lat' dir='ltr'><strong>in</strong></span> <span class='ocrx_word' id='word_1_163' title='bbox 1273 2443 1503 2516; x_wconf 87' lang='lat' dir='ltr'><strong>posteris</strong></span> <span class='ocrx_word' id='word_1_164' title='bbox 1530 2441 1716 2496; x_wconf 91' lang='lat' dir='ltr'><strong>eadem</strong></span> <span class='ocrx_word' id='word_1_165' title='bbox 1746 2437 1911 2493; x_wconf 90' lang='lat' dir='ltr'><strong>tribus</strong></span> <span class='ocrx_word' id='word_1_166' title='bbox 1929 2478 1946 2502; x_wconf 95' lang='lat'><strong>,</strong></span> <span class='ocrx_word' id='word_1_167' title='bbox 1973 2451 2093 2505; x_wconf 79' lang='lat' dir='ltr'><strong>qua:</strong></span> 
     </span>
    </p>
   </div>
   <div class='ocr_carea' id='block_1_24' title="bbox 513 2524 2091 2616">
    <p class='ocr_par' dir='ltr' id='par_1_24' title="bbox 513 2524 2091 2616">
     <span class='ocr_line' id='line_1_24' title="bbox 513 2524 2091 2616; baseline -0.015 -14"><span class='ocrx_word' id='word_1_168' title='bbox 513 2543 697 2616; x_wconf 82' lang='lat' dir='ltr'><strong>posset</strong></span> <span class='ocrx_word' id='word_1_169' title='bbox 719 2559 814 2614; x_wconf 93' lang='lat' dir='ltr'><strong>pro</strong></span> <span class='ocrx_word' id='word_1_170' title='bbox 835 2539 1199 2612; x_wconf 86' lang='lat' dir='ltr'><strong>primogenitis</strong></span> <span class='ocrx_word' id='word_1_171' title='bbox 1221 2532 1602 2606; x_wconf 90' lang='lat' dir='ltr'><strong>posterioribus</strong></span> <span class='ocrx_word' id='word_1_172' title='bbox 1625 2524 1965 2599; x_wconf 87' lang='lat' dir='ltr'><strong>computari);</strong></span> <span class='ocrx_word' id='word_1_173' title='bbox 1987 2525 2091 2580; x_wconf 89' lang='lat' dir='ltr'><strong>nisi</strong></span> 
     </span>
    </p>
   </div>
   <div class='ocr_carea' id='block_1_25' title="bbox 513 2616 2091 2706">
    <p class='ocr_par' dir='ltr' id='par_1_25' title="bbox 513 2616 2091 2706">
     <span class='ocr_line' id='line_1_25' title="bbox 513 2616 2091 2706; baseline -0.013 -15"><span class='ocrx_word' id='word_1_174' title='bbox 513 2637 634 2706; x_wconf 90' lang='lat' dir='ltr'><strong>quia</strong></span> <span class='ocrx_word' id='word_1_175' title='bbox 660 2634 787 2689; x_wconf 91' lang='lat' dir='ltr'><strong>illud</strong></span> <span class='ocrx_word' id='word_1_176' title='bbox 810 2633 1010 2704; x_wconf 91' lang='lat' dir='ltr'><strong>justum</strong></span> <span class='ocrx_word' id='word_1_177' title='bbox 1041 2627 1140 2684; x_wconf 83' lang='lat' dir='ltr'><strong>fuit</strong></span> <span class='ocrx_word' id='word_1_178' title='bbox 1157 2670 1174 2694; x_wconf 93' lang='lat'><strong>,</strong></span> <span class='ocrx_word' id='word_1_179' title='bbox 1201 2635 1260 2682; x_wconf 93' lang='lat' dir='ltr'><strong>ut</strong></span> <span class='ocrx_word' id='word_1_180' title='bbox 1288 2626 1378 2696; x_wconf 88' lang='lat' dir='ltr'><strong>qui</strong></span> <span class='ocrx_word' id='word_1_181' title='bbox 1409 2630 1755 2678; x_wconf 89' lang='lat' dir='ltr'><strong>nascerentur</strong></span> <span class='ocrx_word' id='word_1_182' title='bbox 1778 2619 1844 2674; x_wconf 93' lang='lat' dir='ltr'><strong>de</strong></span> <span class='ocrx_word' id='word_1_183' title='bbox 1871 2619 1977 2672; x_wconf 93' lang='lat' dir='ltr'><strong>illis</strong></span> <span class='ocrx_word' id='word_1_184' title='bbox 2001 2616 2091 2687; x_wconf 93' lang='lat' dir='ltr'><strong>qui</strong></span> 
     </span>
    </p>
   </div>
   <div class='ocr_carea' id='block_1_26' title="bbox 509 2709 2094 2798">
    <p class='ocr_par' dir='ltr' id='par_1_26' title="bbox 509 2709 2094 2798">
     <span class='ocr_line' id='line_1_26' title="bbox 509 2709 2094 2798; baseline -0.015 -15"><span class='ocrx_word' id='word_1_185' title='bbox 509 2730 618 2798; x_wconf 84' lang='lat' dir='ltr'><strong>jam</strong></span> <span class='ocrx_word' id='word_1_186' title='bbox 638 2713 703 2781; x_wconf 89' lang='lat' dir='ltr'><strong>ad</strong></span> <span class='ocrx_word' id='word_1_187' title='bbox 723 2726 1017 2795; x_wconf 86' lang='lat' dir='ltr'><strong>portionem</strong></span> <span class='ocrx_word' id='word_1_188' title='bbox 1039 2720 1247 2775; x_wconf 91' lang='lat' dir='ltr'><strong>Domini</strong></span> <span class='ocrx_word' id='word_1_189' title='bbox 1266 2715 1632 2788; x_wconf 89' lang='lat' dir='ltr'><strong>pertinebant,</strong></span> <span class='ocrx_word' id='word_1_190' title='bbox 1663 2712 1838 2766; x_wconf 84' lang='lat' dir='ltr'><strong>datam</strong></span> <span class='ocrx_word' id='word_1_191' title='bbox 1861 2726 1954 2780; x_wconf 88' lang='lat' dir='ltr'><strong>pro</strong></span> <span class='ocrx_word' id='word_1_192' title='bbox 1983 2709 2094 2779; x_wconf 91' lang='lat' dir='ltr'><strong>pri-</strong></span> 
     </span>
    </p>
   </div>
   <div class='ocr_carea' id='block_1_27' title="bbox 511 2801 2092 2889">
    <p class='ocr_par' dir='ltr' id='par_1_27' title="bbox 511 2801 2092 2889">
     <span class='ocr_line' id='line_1_27' title="bbox 511 2801 2092 2889; baseline -0.011 -16"><span class='ocrx_word' id='word_1_193' title='bbox 511 2817 797 2889; x_wconf 84' lang='lat' dir='ltr'><strong>mogenitis</strong></span> <span class='ocrx_word' id='word_1_194' title='bbox 821 2816 909 2886; x_wconf 92' lang='lat' dir='ltr'><strong>qui</strong></span> <span class='ocrx_word' id='word_1_195' title='bbox 926 2815 994 2870; x_wconf 91' lang='lat' dir='ltr'><strong>de</strong></span> <span class='ocrx_word' id='word_1_196' title='bbox 1012 2813 1244 2883; x_wconf 61' lang='lat' dir='ltr'><strong>[Egypto</strong></span> <span class='ocrx_word' id='word_1_197' title='bbox 1269 2809 1534 2873; x_wconf 77' lang='lat' dir='ltr'><strong>exierunt,</strong></span> <span class='ocrx_word' id='word_1_198' title='bbox 1557 2807 1668 2875; x_wconf 90' lang='lat' dir='ltr'><strong>jam</strong></span> <span class='ocrx_word' id='word_1_199' title='bbox 1691 2805 1827 2858; x_wconf 92' lang='lat' dir='ltr'><strong>Deus</strong></span> <span class='ocrx_word' id='word_1_200' title='bbox 1849 2801 2092 2871; x_wconf 91' lang='lat' dir='ltr'><strong>proprios</strong></span> 
     </span>
    </p>
   </div>
   <div class='ocr_carea' id='block_1_28' title="bbox 514 2890 2094 2976">
    <p class='ocr_par' dir='ltr' id='par_1_28' title="bbox 514 2890 2094 2976">
     <span class='ocr_line' id='line_1_28' title="bbox 514 2890 2094 2976; baseline -0.014 -11"><span class='ocrx_word' id='word_1_201' title='bbox 514 2911 760 2973; x_wconf 86' lang='lat' dir='ltr'><strong>haberet,</strong></span> <span class='ocrx_word' id='word_1_202' title='bbox 810 2917 1060 2976; x_wconf 85' lang='lat' dir='ltr'><strong>tanquam</strong></span> <span class='ocrx_word' id='word_1_203' title='bbox 1090 2918 1216 2957; x_wconf 89' lang='lat' dir='ltr'><strong>suos</strong></span> <span class='ocrx_word' id='word_1_204' title='bbox 1240 2900 1307 2956; x_wconf 92' lang='lat' dir='ltr'><strong>de</strong></span> <span class='ocrx_word' id='word_1_205' title='bbox 1335 2898 1466 2962; x_wconf 91' lang='lat' dir='ltr'><strong>suis,</strong></span> <span class='ocrx_word' id='word_1_206' title='bbox 1498 2911 1599 2951; x_wconf 90' lang='lat' dir='ltr'><strong>nec</strong></span> <span class='ocrx_word' id='word_1_207' title='bbox 1629 2903 1843 2965; x_wconf 90' lang='lat' dir='ltr'><strong>possent</strong></span> <span class='ocrx_word' id='word_1_208' title='bbox 1864 2907 1958 2962; x_wconf 93' lang='lat' dir='ltr'><strong>pro</strong></span> <span class='ocrx_word' id='word_1_209' title='bbox 1991 2890 2094 2945; x_wconf 87' lang='lat' dir='ltr'><strong>illis</strong></span> 
     </span>
    </p>
   </div>
   <div class='ocr_carea' id='block_1_29' title="bbox 510 2982 2096 3075">
    <p class='ocr_par' dir='ltr' id='par_1_29' title="bbox 510 2982 2096 3075">
     <span class='ocr_line' id='line_1_29' title="bbox 510 2982 2096 3075; baseline -0.015 -16"><span class='ocrx_word' id='word_1_210' title='bbox 510 3004 654 3075; x_wconf 89' lang='lat' dir='ltr'><strong>juste</strong></span> <span class='ocrx_word' id='word_1_211' title='bbox 681 2999 1010 3070; x_wconf 87' lang='lat' dir='ltr'><strong>computari,</strong></span> <span class='ocrx_word' id='word_1_212' title='bbox 1039 2997 1130 3067; x_wconf 92' lang='lat' dir='ltr'><strong>qui</strong></span> <span class='ocrx_word' id='word_1_213' title='bbox 1155 2995 1409 3063; x_wconf 89' lang='lat' dir='ltr'><strong>deinceps</strong></span> <span class='ocrx_word' id='word_1_214' title='bbox 1440 2986 1772 3060; x_wconf 90' lang='lat' dir='ltr'><strong>primogeniti</strong></span> <span class='ocrx_word' id='word_1_215' title='bbox 1797 2985 1906 3040; x_wconf 91' lang='lat' dir='ltr'><strong>Deo</strong></span> <span class='ocrx_word' id='word_1_216' title='bbox 1932 2982 2096 3075; x_wconf 85' lang='lat' dir='ltr'><strong>debe-</strong></span> 
     </span>
    </p>
   </div>
   <div class='ocr_carea' id='block_1_30' title="bbox 518 3073 2096 3154">
    <p class='ocr_par' dir='ltr' id='par_1_30' title="bbox 518 3073 2096 3154">
     <span class='ocr_line' id='line_1_30' title="bbox 518 3073 2096 3154; baseline -0.013 -7"><span class='ocrx_word' id='word_1_217' title='bbox 518 3073 746 3148; x_wconf 82' lang='lat' dir='ltr'><strong>bantur?</strong></span> <span class='ocrx_word' id='word_1_218' title='bbox 775 3090 851 3146; x_wconf 91' lang='lat' dir='ltr'><strong>Dc</strong></span> <span class='ocrx_word' id='word_1_219' title='bbox 878 3090 1126 3143; x_wconf 87' lang='lat' dir='ltr'><strong>universo</strong></span> <span class='ocrx_word' id='word_1_220' title='bbox 1154 3085 1349 3154; x_wconf 88' lang='lat' dir='ltr'><strong>quippe</strong></span> <span class='ocrx_word' id='word_1_221' title='bbox 1387 3079 1584 3152; x_wconf 90' lang='lat' dir='ltr'><strong>popqu</strong></span> <span class='ocrx_word' id='word_1_222' title='bbox 1605 3118 1620 3144; x_wconf 93' lang='lat'><strong>,</strong></span> <span class='ocrx_word' id='word_1_223' title='bbox 1650 3087 1705 3133; x_wconf 93' lang='lat' dir='ltr'><strong>et</strong></span> <span class='ocrx_word' id='word_1_224' title='bbox 1740 3076 1808 3131; x_wconf 90' lang='lat' dir='ltr'><strong>de</strong></span> <span class='ocrx_word' id='word_1_225' title='bbox 1833 3073 2096 3130; x_wconf 88' lang='lat' dir='ltr'><strong>universis</strong></span> 
     </span>
    </p>
   </div>
   <div class='ocr_carea' id='block_1_31' title="bbox 519 3165 2092 3254">
    <p class='ocr_par' dir='ltr' id='par_1_31' title="bbox 519 3165 2092 3254">
     <span class='ocr_line' id='line_1_31' title="bbox 519 3165 2092 3254; baseline -0.013 -16"><span class='ocrx_word' id='word_1_226' title='bbox 519 3184 799 3254; x_wconf 85' lang='lat' dir='ltr'><strong>pecoribus</strong></span> <span class='ocrx_word' id='word_1_227' title='bbox 825 3181 1000 3251; x_wconf 90' lang='lat' dir='ltr'><strong>populi</strong></span> <span class='ocrx_word' id='word_1_228' title='bbox 1018 3178 1139 3233; x_wconf 90' lang='lat' dir='ltr'><strong>data</strong></span> <span class='ocrx_word' id='word_1_229' title='bbox 1156 3184 1238 3230; x_wconf 86' lang='lat' dir='ltr'><strong>est</strong></span> <span class='ocrx_word' id='word_1_230' title='bbox 1262 3175 1434 3245; x_wconf 86' lang='lat' dir='ltr'><strong>portio</strong></span> <span class='ocrx_word' id='word_1_231' title='bbox 1453 3174 1560 3226; x_wconf 84' lang='lat' dir='ltr'><strong>Deo</strong></span> <span class='ocrx_word' id='word_1_232' title='bbox 1580 3186 1677 3241; x_wconf 93' lang='lat' dir='ltr'><strong>pro</strong></span> <span class='ocrx_word' id='word_1_233' title='bbox 1703 3165 2092 3240; x_wconf 85' lang='lat' dir='ltr'><strong>primogenitis:</strong></span> 
     </span>
    </p>
   </div>
   <div class='ocr_carea' id='block_1_32' title="bbox 513 3255 2096 3344">
    <p class='ocr_par' dir='ltr' id='par_1_32' title="bbox 513 3255 2096 3344">
     <span class='ocr_line' id='line_1_32' title="bbox 513 3255 2096 3344; baseline -0.015 -13"><span class='ocrx_word' id='word_1_234' title='bbox 513 3285 571 3331; x_wconf 92' lang='lat' dir='ltr'><strong>et</strong></span> <span class='ocrx_word' id='word_1_235' title='bbox 609 3275 723 3329; x_wconf 70' lang='lat' dir='ltr'><strong>haec</strong></span> <span class='ocrx_word' id='word_1_236' title='bbox 752 3273 926 3344; x_wconf 88' lang='lat' dir='ltr'><strong>portio</strong></span> <span class='ocrx_word' id='word_1_237' title='bbox 954 3277 1070 3325; x_wconf 90' lang='lat' dir='ltr'><strong>erat</strong></span> <span class='ocrx_word' id='word_1_238' title='bbox 1111 3267 1309 3323; x_wconf 73' lang='lat' dir='ltr'><strong>Levitte</strong></span> <span class='ocrx_word' id='word_1_239' title='bbox 1332 3271 1387 3319; x_wconf 91' lang='lat' dir='ltr'><strong>et</strong></span> <span class='ocrx_word' id='word_1_240' title='bbox 1433 3276 1624 3333; x_wconf 89' lang='lat' dir='ltr'><strong>pecora</strong></span> <span class='ocrx_word' id='word_1_241' title='bbox 1651 3274 1858 3315; x_wconf 93' lang='lat' dir='ltr'><strong>eorum.</strong></span> <span class='ocrx_word' id='word_1_242' title='bbox 1885 3257 2003 3311; x_wconf 75' lang='lat' dir='ltr'><strong>lam</strong></span> <span class='ocrx_word' id='word_1_243' title='bbox 2050 3255 2096 3308; x_wconf 90' lang='lat' dir='ltr'><strong>si</strong></span> 
     </span>
    </p>
   </div>
   <div class='ocr_carea' id='block_1_33' title="bbox 515 3352 2095 3437">
    <p class='ocr_par' dir='ltr' id='par_1_33' title="bbox 515 3352 2095 3437">
     <span class='ocr_line' id='line_1_33' title="bbox 515 3352 2095 3437; baseline -0.011 -16"><span class='ocrx_word' id='word_1_244' title='bbox 515 3366 641 3437; x_wconf 90' lang='lat' dir='ltr'><strong>quid</strong></span> <span class='ocrx_word' id='word_1_245' title='bbox 667 3365 1002 3436; x_wconf 76' lang='lat' dir='ltr'><strong>genuissent,</strong></span> <span class='ocrx_word' id='word_1_246' title='bbox 1054 3360 1145 3415; x_wconf 85' lang='lat' dir='ltr'><strong>Dei</strong></span> <span class='ocrx_word' id='word_1_247' title='bbox 1173 3369 1288 3414; x_wconf 85' lang='lat' dir='ltr'><strong>erat</strong></span> <span class='ocrx_word' id='word_1_248' title='bbox 1311 3374 1326 3422; x_wconf 93' lang='lat'><strong>;</strong></span> <span class='ocrx_word' id='word_1_249' title='bbox 1355 3371 1460 3410; x_wconf 90' lang='lat' dir='ltr'><strong>non</strong></span> <span class='ocrx_word' id='word_1_250' title='bbox 1488 3361 1696 3426; x_wconf 89' lang='lat' dir='ltr'><strong>poterat</strong></span> <span class='ocrx_word' id='word_1_251' title='bbox 1720 3352 1821 3406; x_wconf 93' lang='lat' dir='ltr'><strong>hoc</strong></span> <span class='ocrx_word' id='word_1_252' title='bbox 1848 3361 2095 3420; x_wconf 88' lang='lat' dir='ltr'><strong>tanquam</strong></span> 
     </span>
    </p>
   </div>
   <div class='ocr_carea' id='block_1_34' title="bbox 517 3441 2100 3528">
    <p class='ocr_par' dir='ltr' id='par_1_34' title="bbox 517 3441 2100 3528">
     <span class='ocr_line' id='line_1_34' title="bbox 517 3441 2100 3528; baseline -0.011 -17"><span class='ocrx_word' id='word_1_253' title='bbox 517 3473 547 3511; x_wconf 86' lang='lat' dir='ltr'><strong>a</strong></span> <span class='ocrx_word' id='word_1_254' title='bbox 579 3457 774 3528; x_wconf 90' lang='lat' dir='ltr'><strong>populo</strong></span> <span class='ocrx_word' id='word_1_255' title='bbox 793 3454 946 3521; x_wconf 85' lang='lat' dir='ltr'><strong>dari,</strong></span> <span class='ocrx_word' id='word_1_256' title='bbox 976 3451 1118 3523; x_wconf 89' lang='lat' dir='ltr'><strong>quod</strong></span> <span class='ocrx_word' id='word_1_257' title='bbox 1159 3449 1533 3520; x_wconf 80' lang='lat' dir='ltr'><strong>jamalienum</strong></span> <span class='ocrx_word' id='word_1_258' title='bbox 1573 3455 1689 3500; x_wconf 87' lang='lat' dir='ltr'><strong>erat</strong></span> <span class='ocrx_word' id='word_1_259' title='bbox 1721 3462 1736 3499; x_wconf 89' lang='lat'><strong>:</strong></span> <span class='ocrx_word' id='word_1_260' title='bbox 1767 3459 1832 3498; x_wconf 90' lang='lat' dir='ltr'><strong>ac</strong></span> <span class='ocrx_word' id='word_1_261' title='bbox 1876 3458 1970 3512; x_wconf 84' lang='lat' dir='ltr'><strong>per</strong></span> <span class='ocrx_word' id='word_1_262' title='bbox 1999 3441 2100 3495; x_wconf 89' lang='lat' dir='ltr'><strong>hoc</strong></span> 
     </span>
    </p>
   </div>
   <div class='ocr_carea' id='block_1_35' title="bbox 517 3535 2100 3615">
    <p class='ocr_par' dir='ltr' id='par_1_35' title="bbox 517 3535 2100 3615">
     <span class='ocr_line' id='line_1_35' title="bbox 517 3535 2100 3615; baseline -0.009 -12"><span class='ocrx_word' id='word_1_263' title='bbox 517 3549 695 3605; x_wconf 89' lang='lat' dir='ltr'><strong>debita</strong></span> <span class='ocrx_word' id='word_1_264' title='bbox 723 3547 974 3615; x_wconf 79' lang='lat' dir='ltr'><strong>deinceps</strong></span> <span class='ocrx_word' id='word_1_265' title='bbox 998 3541 1347 3614; x_wconf 77' lang='lat' dir='ltr'><strong>primogenita</strong></span> <span class='ocrx_word' id='word_1_266' title='bbox 1370 3539 1478 3593; x_wconf 89' lang='lat' dir='ltr'><strong>Deo</strong></span> <span class='ocrx_word' id='word_1_267' title='bbox 1502 3537 1650 3592; x_wconf 89' lang='lat' dir='ltr'><strong>reddi</strong></span> <span class='ocrx_word' id='word_1_268' title='bbox 1667 3535 1977 3607; x_wconf 84' lang='lat' dir='ltr'><strong>oportebat;</strong></span> <span class='ocrx_word' id='word_1_269' title='bbox 2001 3548 2100 3588; x_wconf 89' lang='lat' dir='ltr'><strong>nec</strong></span> 
     </span>
    </p>
   </div>
   <div class='ocr_carea' id='block_1_36' title="bbox 491 3625 2098 3708">
    <p class='ocr_par' dir='ltr' id='par_1_36' title="bbox 491 3625 2098 3708">
     <span class='ocr_line' id='line_1_36' title="bbox 491 3625 2098 3708; baseline -0.011 -15"><span class='ocrx_word' id='word_1_270' title='bbox 491 3652 620 3708; x_wconf 84' lang='lat' dir='ltr'><strong>pro</strong></span> <span class='ocrx_word' id='word_1_271' title='bbox 666 3638 749 3691; x_wconf 91' lang='lat' dir='ltr'><strong>his</strong></span> <span class='ocrx_word' id='word_1_272' title='bbox 797 3633 1091 3704; x_wconf 81' lang='lat' dir='ltr'><strong>computari</strong></span> <span class='ocrx_word' id='word_1_273' title='bbox 1120 3639 1362 3702; x_wconf 86' lang='lat' dir='ltr'><strong>posteros</strong></span> <span class='ocrx_word' id='word_1_274' title='bbox 1386 3627 1690 3683; x_wconf 89' lang='lat' dir='ltr'><strong>Levitarum</strong></span> <span class='ocrx_word' id='word_1_275' title='bbox 1729 3625 1815 3681; x_wconf 92' lang='lat' dir='ltr'><strong>vel</strong></span> <span class='ocrx_word' id='word_1_276' title='bbox 1844 3639 2098 3694; x_wconf 89' lang='lat' dir='ltr'><strong>pecorum</strong></span> 
     </span>
    </p>
   </div>
   <div class='ocr_carea' id='block_1_37' title="bbox 491 3741 727 3783">
    <p class='ocr_par' dir='ltr' id='par_1_37' title="bbox 491 3741 727 3783">
     <span class='ocr_line' id='line_1_37' title="bbox 491 3741 727 3783; baseline -0.021 0"><span class='ocrx_word' id='word_1_277' title='bbox 491 3756 494 3758; x_wconf 72' lang='lat'><em>‘</em></span> <span class='ocrx_word' id='word_1_278' title='bbox 517 3741 727 3783; x_wconf 76' lang='lat' dir='ltr'><strong>eorum.</strong></span> 
     </span>
    </p>
   </div>
   <div class='ocr_carea' id='block_1_38' title="bbox 565 3803 2099 3888">
    <p class='ocr_par' dir='ltr' id='par_1_38' title="bbox 565 3803 2099 3888">
     <span class='ocr_line' id='line_1_38' title="bbox 565 3803 2099 3888; baseline -0.012 -14"><span class='ocrx_word' id='word_1_279' title='bbox 565 3817 705 3873; x_wconf 77' lang='lat' dir='ltr'><strong>‘Vll.</strong></span> <span class='ocrx_word' id='word_1_280' title='bbox 724 3816 822 3888; x_wconf 90' lang='grc'><strong>[11).</strong></span> <span class='ocrx_word' id='word_1_281' title='bbox 844 3831 919 3883; x_wconf 85' lang='lat' dir='ltr'><strong>tv,</strong></span> <span class='ocrx_word' id='word_1_282' title='bbox 943 3813 1025 3886; x_wconf 87' lang='lat'><strong>7.]</strong></span> <span class='ocrx_word' id='word_1_283' title='bbox 1046 3811 1180 3868; x_wconf 85' lang='lat' dir='ltr'><strong>Cum</strong></span> <span class='ocrx_word' id='word_1_284' title='bbox 1209 3809 1522 3880; x_wconf 70' lang='lat' dir='ltr'><strong>prmciperet</strong></span> <span class='ocrx_word' id='word_1_285' title='bbox 1539 3806 1607 3862; x_wconf 92' lang='lat' dir='ltr'><strong>de</strong></span> <span class='ocrx_word' id='word_1_286' title='bbox 1636 3803 1868 3861; x_wconf 90' lang='lat' dir='ltr'><strong>tollenda</strong></span> <span class='ocrx_word' id='word_1_287' title='bbox 1893 3818 2099 3868; x_wconf 92' lang='lat' dir='ltr'><strong>mensa,</strong></span> 
     </span>
    </p>
   </div>
   <div class='ocr_carea' id='block_1_39' title="bbox 517 3896 2101 3982">
    <p class='ocr_par' dir='ltr' id='par_1_39' title="bbox 517 3896 2101 3982">
     <span class='ocr_line' id='line_1_39' title="bbox 517 3896 2101 3982; baseline -0.01 -16"><span class='ocrx_word' id='word_1_288' title='bbox 517 3911 675 3982; x_wconf 68' lang='lat' dir='ltr'><strong>jus&#39;sit</strong></span> <span class='ocrx_word' id='word_1_289' title='bbox 704 3923 825 3963; x_wconf 94' lang='lat' dir='ltr'><strong>cum</strong></span> <span class='ocrx_word' id='word_1_290' title='bbox 856 3907 940 3960; x_wconf 89' lang='lat' dir='ltr'><strong>illa</strong></span> <span class='ocrx_word' id='word_1_291' title='bbox 979 3914 1034 3960; x_wconf 91' lang='lat' dir='ltr'><strong>et</strong></span> <span class='ocrx_word' id='word_1_292' title='bbox 1062 3918 1225 3974; x_wconf 90' lang='lat' dir='ltr'><strong>panes</strong></span> <span class='ocrx_word' id='word_1_293' title='bbox 1255 3902 1367 3956; x_wconf 92' lang='lat' dir='ltr'><strong>tolli</strong></span> <span class='ocrx_word' id='word_1_294' title='bbox 1393 3901 1470 3954; x_wconf 89' lang='lat' dir='ltr'><strong>sic</strong></span> <span class='ocrx_word' id='word_1_295' title='bbox 1495 3899 1680 3953; x_wconf 91' lang='lat' dir='ltr'><strong>dicens</strong></span> <span class='ocrx_word' id='word_1_296' title='bbox 1705 3916 1718 3952; x_wconf 91' lang='lat'>:</span> <span class='ocrx_word' id='word_1_297' title='bbox 1751 3896 1816 3950; x_wconf 87' lang='lat' dir='ltr'><strong>Et</strong></span> <span class='ocrx_word' id='word_1_298' title='bbox 1838 3913 1992 3967; x_wconf 86' lang='lat' dir='ltr'><strong>panes</strong></span> <span class='ocrx_word' id='word_1_299' title='bbox 2017 3896 2101 3966; x_wconf 87' lang='lat' dir='ltr'><strong>qui</strong></span> 
     </span>
    </p>
   </div>
   <div class='ocr_carea' id='block_1_40' title="bbox 520 3989 2104 4073">
    <p class='ocr_par' dir='ltr' id='par_1_40' title="bbox 520 3989 2104 4073">
     <span class='ocr_line' id='line_1_40' title="bbox 520 3989 2104 4073; baseline -0.011 -16"><span class='ocrx_word' id='word_1_300' title='bbox 520 4017 714 4073; x_wconf 89' lang='lat' dir='ltr'><strong>semper</strong></span> <span class='ocrx_word' id='word_1_301' title='bbox 737 4014 887 4069; x_wconf 88' lang='lat' dir='ltr'><strong>super</strong></span> <span class='ocrx_word' id='word_1_302' title='bbox 915 4013 1026 4050; x_wconf 91' lang='lat' dir='ltr'><strong>eam</strong></span> <span class='ocrx_word' id='word_1_303' title='bbox 1051 4003 1215 4048; x_wconf 88' lang='lat' dir='ltr'><strong>erunt.</strong></span> <span class='ocrx_word' id='word_1_304' title='bbox 1248 3992 1362 4047; x_wconf 85' lang='lat' dir='ltr'><strong>Non</strong></span> <span class='ocrx_word' id='word_1_305' title='bbox 1384 3991 1563 4060; x_wconf 89' lang='lat' dir='ltr'><strong>utique</strong></span> <span class='ocrx_word' id='word_1_306' title='bbox 1590 3989 1676 4043; x_wconf 90' lang='lat' dir='ltr'><strong>isti</strong></span> <span class='ocrx_word' id='word_1_307' title='bbox 1703 4003 1915 4058; x_wconf 87' lang='lat' dir='ltr'><strong>semper</strong></span> <span class='ocrx_word' id='word_1_308' title='bbox 1942 4001 2104 4056; x_wconf 85' lang='lat' dir='ltr'><strong>super</strong></span> 
     </span>
    </p>
   </div>
   <div class='ocr_carea' id='block_1_41' title="bbox 520 4078 2105 4154">
    <p class='ocr_par' dir='ltr' id='par_1_41' title="bbox 520 4078 2105 4154">
     <span class='ocr_line' id='line_1_41' title="bbox 520 4078 2105 4154; baseline -0.011 -7"><span class='ocrx_word' id='word_1_309' title='bbox 520 4108 641 4147; x_wconf 90' lang='lat' dir='ltr'><strong>eam</strong></span> <span class='ocrx_word' id='word_1_310' title='bbox 671 4097 858 4154; x_wconf 89' lang='lat' dir='ltr'><strong>erunt,</strong></span> <span class='ocrx_word' id='word_1_311' title='bbox 909 4085 1002 4140; x_wconf 89' lang='lat' dir='ltr'><strong>sed</strong></span> <span class='ocrx_word' id='word_1_312' title='bbox 1031 4084 1232 4138; x_wconf 85' lang='lat' dir='ltr'><strong>similes</strong></span> <span class='ocrx_word' id='word_1_313' title='bbox 1258 4096 1441 4136; x_wconf 91' lang='lat' dir='ltr'><strong>eorum</strong></span> <span class='ocrx_word' id='word_1_314' title='bbox 1473 4098 1486 4133; x_wconf 89' lang='lat'><strong>:</strong></span> <span class='ocrx_word' id='word_1_315' title='bbox 1518 4079 1641 4150; x_wconf 86' lang='lat' dir='ltr'><strong>quia</strong></span> <span class='ocrx_word' id='word_1_316' title='bbox 1667 4079 1745 4132; x_wconf 90' lang='lat' dir='ltr'><strong>illi</strong></span> <span class='ocrx_word' id='word_1_317' title='bbox 1789 4078 2105 4132; x_wconf 82' lang='lat' dir='ltr'><strong>aufereban-</strong></span> 
     </span>
    </p>
   </div>
   <div class='ocr_carea' id='block_1_42' title="bbox 527 4167 2101 4245">
    <p class='ocr_par' dir='ltr' id='par_1_42' title="bbox 527 4167 2101 4245">
     <span class='ocr_line' id='line_1_42' title="bbox 527 4167 2101 4245; baseline -0.01 -10"><span class='ocrx_word' id='word_1_318' title='bbox 527 4193 644 4245; x_wconf 92' lang='lat' dir='ltr'><strong>tur,</strong></span> <span class='ocrx_word' id='word_1_319' title='bbox 679 4185 734 4234; x_wconf 91' lang='lat' dir='ltr'><strong>ct</strong></span> <span class='ocrx_word' id='word_1_320' title='bbox 776 4184 1018 4232; x_wconf 84' lang='lat' dir='ltr'><strong>recentes</strong></span> <span class='ocrx_word' id='word_1_321' title='bbox 1066 4171 1303 4242; x_wconf 91' lang='lat' dir='ltr'><strong>quotidie</strong></span> <span class='ocrx_word' id='word_1_322' title='bbox 1348 4169 1706 4240; x_wconf 86' lang='lat' dir='ltr'><strong>ponebantur;</strong></span> <span class='ocrx_word' id='word_1_323' title='bbox 1755 4167 1884 4222; x_wconf 93' lang='lat' dir='ltr'><strong>dum</strong></span> <span class='ocrx_word' id='word_1_324' title='bbox 1926 4175 2101 4220; x_wconf 89' lang='lat' dir='ltr'><strong>tamen</strong></span> 
     </span>
    </p>
   </div>
   <div class='ocr_carea' id='block_1_43' title="bbox 521 4255 2101 4340">
    <p class='ocr_par' dir='ltr' id='par_1_43' title="bbox 521 4255 2101 4340">
     <span class='ocr_line' id='line_1_43' title="bbox 521 4255 2101 4340; baseline -0.011 -14"><span class='ocrx_word' id='word_1_325' title='bbox 521 4273 640 4326; x_wconf 87' lang='lat' dir='ltr'><strong>sine</strong></span> <span class='ocrx_word' id='word_1_326' title='bbox 683 4266 910 4340; x_wconf 88' lang='lat' dir='ltr'><strong>panibus</strong></span> <span class='ocrx_word' id='word_1_327' title='bbox 948 4279 1132 4320; x_wconf 91' lang='lat' dir='ltr'><strong>mensa</strong></span> <span class='ocrx_word' id='word_1_328' title='bbox 1177 4276 1282 4316; x_wconf 93' lang='lat' dir='ltr'><strong>non</strong></span> <span class='ocrx_word' id='word_1_329' title='bbox 1327 4261 1736 4329; x_wconf 87' lang='lat' dir='ltr'><strong>relinqueretur.</strong></span> <span class='ocrx_word' id='word_1_330' title='bbox 1782 4257 1907 4312; x_wconf 88' lang='lat' dir='ltr'><strong>Ideo</strong></span> <span class='ocrx_word' id='word_1_331' title='bbox 1934 4255 2101 4322; x_wconf 75' lang='lat' dir='ltr'><strong>dixit,</strong></span> 
     </span>
    </p>
   </div>
   <div class='ocr_carea' id='block_1_44' title="bbox 509 4349 2106 4433">
    <p class='ocr_par' dir='ltr' id='par_1_44' title="bbox 509 4349 2106 4433">
     <span class='ocr_line' id='line_1_44' title="bbox 509 4349 2106 4433; baseline -0.009 -17"><span class='ocrx_word' id='word_1_332' title='bbox 509 4361 606 4433; x_wconf 75' lang='lat' dir='ltr'><strong>qui</strong></span> <span class='ocrx_word' id='word_1_333' title='bbox 631 4375 826 4430; x_wconf 68' lang='lat' dir='ltr'><strong>seraper</strong></span> <span class='ocrx_word' id='word_1_334' title='bbox 843 4373 993 4428; x_wconf 90' lang='lat' dir='ltr'><strong>super</strong></span> <span class='ocrx_word' id='word_1_335' title='bbox 1018 4371 1127 4410; x_wconf 89' lang='lat' dir='ltr'><strong>eam</strong></span> <span class='ocrx_word' id='word_1_336' title='bbox 1147 4363 1292 4408; x_wconf 87' lang='lat' dir='ltr'><strong>erunt</strong></span> <span class='ocrx_word' id='word_1_337' title='bbox 1315 4367 1334 4406; x_wconf 91' lang='lat'><strong><em>:</em></strong></span> <span class='ocrx_word' id='word_1_338' title='bbox 1360 4353 1463 4406; x_wconf 91' lang='lat' dir='ltr'><strong>hoc</strong></span> <span class='ocrx_word' id='word_1_339' title='bbox 1489 4359 1570 4406; x_wconf 89' lang='lat' dir='ltr'><strong>est</strong></span> <span class='ocrx_word' id='word_1_340' title='bbox 1591 4390 1606 4416; x_wconf 91' lang='lat'><strong>,</strong></span> <span class='ocrx_word' id='word_1_341' title='bbox 1629 4349 1750 4421; x_wconf 88' lang='lat' dir='ltr'><strong>quia</strong></span> <span class='ocrx_word' id='word_1_342' title='bbox 1777 4363 1988 4420; x_wconf 86' lang='lat' dir='ltr'><strong>semper</strong></span> <span class='ocrx_word' id='word_1_343' title='bbox 2013 4365 2106 4419; x_wconf 85' lang='lat' dir='ltr'><strong>pa-</strong></span> 
     </span>
    </p>
   </div>
   <div class='ocr_carea' id='block_1_45' title="bbox 523 4449 1289 4522">
    <p class='ocr_par' dir='ltr' id='par_1_45' title="bbox 523 4449 1289 4522">
     <span class='ocr_line' id='line_1_45' title="bbox 523 4449 1289 4522; baseline -0.016 -11"><span class='ocrx_word' id='word_1_344' title='bbox 523 4469 654 4520; x_wconf 84' lang='lat' dir='ltr'><strong>nes,</strong></span> <span class='ocrx_word' id='word_1_345' title='bbox 677 4469 786 4508; x_wconf 89' lang='lat' dir='ltr'><strong>non</strong></span> <span class='ocrx_word' id='word_1_346' title='bbox 815 4451 939 4522; x_wconf 87' lang='lat' dir='ltr'><strong>quia</strong></span> <span class='ocrx_word' id='word_1_347' title='bbox 965 4449 1037 4504; x_wconf 93' lang='lat' dir='ltr'><strong>illi</strong></span> <span class='ocrx_word' id='word_1_348' title='bbox 1057 4461 1289 4516; x_wconf 85' lang='lat' dir='ltr'><strong>semper.</strong></span> 
     </span>
    </p>
   </div>
   <div class='ocr_carea' id='block_1_46' title="bbox 551 4533 2107 4617">
    <p class='ocr_par' dir='ltr' id='par_1_46' title="bbox 551 4533 2107 4617">
     <span class='ocr_line' id='line_1_46' title="bbox 551 4533 2107 4617; baseline -0.006 -20"><span class='ocrx_word' id='word_1_349' title='bbox 551 4545 729 4600; x_wconf 67' lang='lat' dir='ltr'><strong>&quot;’Vlll.</strong></span> <span class='ocrx_word' id='word_1_350' title='bbox 757 4541 857 4617; x_wconf 87' lang='grc'><strong>[11).</strong></span> <span class='ocrx_word' id='word_1_351' title='bbox 878 4559 951 4607; x_wconf 82' lang='lat' dir='ltr'><strong>w,</strong></span> <span class='ocrx_word' id='word_1_352' title='bbox 984 4538 1096 4612; x_wconf 67' lang='lat'><strong>11.]</strong></span> <span class='ocrx_word' id='word_1_353' title='bbox 1127 4538 1191 4592; x_wconf 79' lang='lat' dir='ltr'><strong>Et</strong></span> <span class='ocrx_word' id='word_1_354' title='bbox 1211 4553 1362 4609; x_wconf 89' lang='lat' dir='ltr'><strong>super</strong></span> <span class='ocrx_word' id='word_1_355' title='bbox 1386 4537 1549 4590; x_wconf 89' lang='lat' dir='ltr'><strong>altare</strong></span> <span class='ocrx_word' id='word_1_356' title='bbox 1572 4549 1783 4588; x_wconf 85' lang='lat' dir='ltr'><strong>aureum</strong></span> <span class='ocrx_word' id='word_1_357' title='bbox 1811 4533 2107 4603; x_wconf 86' lang='lat' dir='ltr'><strong>adoperient</strong></span> 
     </span>
    </p>
   </div>
   <div class='ocr_carea' id='block_1_47' title="bbox 523 4625 2106 4704">
    <p class='ocr_par' dir='ltr' id='par_1_47' title="bbox 523 4625 2106 4704">
     <span class='ocr_line' id='line_1_47' title="bbox 523 4625 2106 4704; baseline -0.009 -11"><span class='ocrx_word' id='word_1_358' title='bbox 523 4641 869 4695; x_wconf 71' lang='lat' dir='ltr'><strong>vestimentum</strong></span> <span class='ocrx_word' id='word_1_359' title='bbox 902 4631 1325 4704; x_wconf 61' lang='lat' dir='ltr'><strong>&#39;hyacinthinum,</strong></span> <span class='ocrx_word' id='word_1_360' title='bbox 1371 4638 1416 4682; x_wconf 87' lang='lat' dir='ltr'><strong>et</strong></span> <span class='ocrx_word' id='word_1_361' title='bbox 1441 4629 1732 4696; x_wconf 83' lang='lat' dir='ltr'><strong>adoperient</strong></span> <span class='ocrx_word' id='word_1_362' title='bbox 1778 4625 1908 4679; x_wconf 88' lang='lat' dir='ltr'><strong>illud</strong></span> <span class='ocrx_word' id='word_1_363' title='bbox 1935 4627 2106 4695; x_wconf 80' lang='lat' dir='ltr'><strong>operi-</strong></span> 
     </span>
    </p>
   </div>
   <div class='ocr_carea' id='block_1_48' title="bbox 531 4713 2105 4795">
    <p class='ocr_par' dir='ltr' id='par_1_48' title="bbox 531 4713 2105 4795">
     <span class='ocr_line' id='line_1_48' title="bbox 531 4713 2105 4795; baseline -0.01 -13"><span class='ocrx_word' id='word_1_364' title='bbox 531 4737 699 4782; x_wconf 77' lang='lat' dir='ltr'><strong>mento</strong></span> <span class='ocrx_word' id='word_1_365' title='bbox 731 4727 938 4795; x_wconf 73' lang='lat' dir='ltr'><strong>pellicco</strong></span> <span class='ocrx_word' id='word_1_366' title='bbox 965 4721 1308 4792; x_wconf 81' lang='lat' dir='ltr'><strong>hyacinthina.</strong></span> <span class='ocrx_word' id='word_1_367' title='bbox 1339 4718 1526 4772; x_wconf 86' lang='lat' dir='ltr'><strong>Posset</strong></span> <span class='ocrx_word' id='word_1_368' title='bbox 1555 4714 1878 4771; x_wconf 83' lang='lat' dir='ltr'><strong>ista&#39;locutio</strong></span> <span class='ocrx_word' id='word_1_369' title='bbox 1903 4713 2105 4781; x_wconf 91' lang='lat' dir='ltr'><strong>videri,</strong></span> 
     </span>
    </p>
   </div>
   <div class='ocr_carea' id='block_1_49' title="bbox 525 4803 2106 4890">
    <p class='ocr_par' dir='ltr' id='par_1_49' title="bbox 525 4803 2106 4890">
     <span class='ocr_line' id='line_1_49' title="bbox 525 4803 2106 4890; baseline -0.011 -16"><span class='ocrx_word' id='word_1_370' title='bbox 525 4833 685 4890; x_wconf 88' lang='lat' dir='ltr'><strong>quam</strong></span> <span class='ocrx_word' id='word_1_371' title='bbox 707 4815 852 4871; x_wconf 89' lang='lat' dir='ltr'><strong>velut</strong></span> <span class='ocrx_word' id='word_1_372' title='bbox 871 4809 1152 4868; x_wconf 88' lang='lat' dir='ltr'><strong>absurdam</strong></span> <span class='ocrx_word' id='word_1_373' title='bbox 1175 4817 1230 4864; x_wconf 92' lang='lat' dir='ltr'><strong>et</strong></span> <span class='ocrx_word' id='word_1_374' title='bbox 1253 4825 1355 4862; x_wconf 91' lang='lat' dir='ltr'><strong>non</strong></span> <span class='ocrx_word' id='word_1_375' title='bbox 1379 4807 1635 4876; x_wconf 84' lang='lat' dir='ltr'><strong>integram</strong></span> <span class='ocrx_word' id='word_1_376' title='bbox 1668 4803 1814 4858; x_wconf 91' lang='lat' dir='ltr'><strong>latini</strong></span> <span class='ocrx_word' id='word_1_377' title='bbox 1841 4805 2106 4872; x_wconf 83' lang='lat' dir='ltr'><strong>interpre-</strong></span> 
     </span>
    </p>
   </div>
   <div class='ocr_carea' id='block_1_50' title="bbox 528 4897 2108 4967">
    <p class='ocr_par' dir='ltr' id='par_1_50' title="bbox 528 4897 2108 4967">
     <span class='ocr_line' id='line_1_50' title="bbox 528 4897 2108 4967; baseline -0.01 -3"><span class='ocrx_word' id='word_1_378' title='bbox 528 4922 610 4966; x_wconf 85' lang='lat' dir='ltr'><strong>tes</strong></span> <span class='ocrx_word' id='word_1_379' title='bbox 635 4907 924 4964; x_wconf 88' lang='lat' dir='ltr'><strong>trauslerrc</strong></span> <span class='ocrx_word' id='word_1_380' title='bbox 949 4903 1263 4964; x_wconf 87' lang='lat' dir='ltr'><strong>noluerunt;</strong></span> <span class='ocrx_word' id='word_1_381' title='bbox 1297 4899 1346 4953; x_wconf 90' lang='lat' dir='ltr'><strong>id</strong></span> <span class='ocrx_word' id='word_1_382' title='bbox 1376 4908 1490 4964; x_wconf 82' lang='lat' dir='ltr'><strong>est,</strong></span> <span class='ocrx_word' id='word_1_383' title='bbox 1519 4914 1668 4967; x_wconf 80' lang='lat' dir='ltr'><strong>super</strong></span> <span class='ocrx_word' id='word_1_384' title='bbox 1705 4897 1864 4950; x_wconf 85' lang='lat' dir='ltr'><strong>altare</strong></span> <span class='ocrx_word' id='word_1_385' title='bbox 1899 4913 2108 4949; x_wconf 87' lang='lat' dir='ltr'><strong>aureum</strong></span> 
     </span>
    </p>
   </div>
   <div class='ocr_carea' id='block_1_51' title="bbox 525 4988 2108 5069">
    <p class='ocr_par' dir='ltr' id='par_1_51' title="bbox 525 4988 2108 5069">
     <span class='ocr_line' id='line_1_51' title="bbox 525 4988 2108 5069; baseline -0.008 -14"><span class='ocrx_word' id='word_1_386' title='bbox 525 5000 823 5069; x_wconf 77' lang='lat' dir='ltr'><strong>adoperient</strong></span> <span class='ocrx_word' id='word_1_387' title='bbox 864 4995 1208 5050; x_wconf 77' lang='lat' dir='ltr'><strong>vestimentum</strong></span> <span class='ocrx_word' id='word_1_388' title='bbox 1252 4989 1635 5062; x_wconf 85' lang='lat' dir='ltr'><strong>hyacinthinum</strong></span> <span class='ocrx_word' id='word_1_389' title='bbox 1670 5005 1687 5042; x_wconf 92' lang='lat'><em>:</em></span> <span class='ocrx_word' id='word_1_390' title='bbox 1718 4999 1963 5057; x_wconf 88' lang='lat' dir='ltr'><strong>tanquam</strong></span> <span class='ocrx_word' id='word_1_391' title='bbox 2013 4988 2108 5042; x_wconf 89' lang='lat' dir='ltr'><strong>de-</strong></span> 
     </span>
    </p>
   </div>
   <div class='ocr_carea' id='block_1_52' title="bbox 527 5079 2108 5150">
    <p class='ocr_par' dir='ltr' id='par_1_52' title="bbox 527 5079 2108 5150">
     <span class='ocr_line' id='line_1_52' title="bbox 527 5079 2108 5150; baseline -0.008 -5"><span class='ocrx_word' id='word_1_392' title='bbox 527 5090 702 5144; x_wconf 89' lang='lat' dir='ltr'><strong>buerit</strong></span> <span class='ocrx_word' id='word_1_393' title='bbox 731 5087 832 5141; x_wconf 88' lang='lat' dir='ltr'><strong>dici</strong></span> <span class='ocrx_word' id='word_1_394' title='bbox 854 5127 868 5150; x_wconf 94' lang='lat'><strong>,</strong></span> <span class='ocrx_word' id='word_1_395' title='bbox 911 5085 976 5138; x_wconf 81' lang='lat' dir='ltr'><strong>Et</strong></span> <span class='ocrx_word' id='word_1_396' title='bbox 999 5083 1164 5137; x_wconf 84' lang='lat' dir='ltr'><strong>altare</strong></span> <span class='ocrx_word' id='word_1_397' title='bbox 1194 5098 1410 5136; x_wconf 87' lang='lat' dir='ltr'><strong>aureum</strong></span> <span class='ocrx_word' id='word_1_398' title='bbox 1455 5079 1763 5150; x_wconf 79' lang='lat' dir='ltr'><strong>adeperient</strong></span> <span class='ocrx_word' id='word_1_399' title='bbox 1790 5081 2108 5133; x_wconf 87' lang='lat' dir='ltr'><strong>vestimento</strong></span> 
     </span>
    </p>
   </div>
   <div class='ocr_carea' id='block_1_53' title="bbox 526 5170 2105 5253">
    <p class='ocr_par' dir='ltr' id='par_1_53' title="bbox 526 5170 2105 5253">
     <span class='ocr_line' id='line_1_53' title="bbox 526 5170 2105 5253; baseline -0.009 -17"><span class='ocrx_word' id='word_1_400' title='bbox 526 5179 888 5253; x_wconf 74' lang='lat' dir='ltr'><strong>hyacinthina.</strong></span> <span class='ocrx_word' id='word_1_401' title='bbox 904 5176 1035 5231; x_wconf 85' lang='lat' dir='ltr'><strong>Nam</strong></span> <span class='ocrx_word' id='word_1_402' title='bbox 1047 5174 1336 5244; x_wconf 81' lang='lat' dir='ltr'><strong>adopericut</strong></span> <span class='ocrx_word' id='word_1_403' title='bbox 1351 5173 1690 5225; x_wconf 87' lang='lat' dir='ltr'><strong>vestimentum</strong></span> <span class='ocrx_word' id='word_1_404' title='bbox 1704 5170 2105 5241; x_wconf 81' lang='lat' dir='ltr'><strong>hyacinthinum,</strong></span> 
     </span>
    </p>
   </div>
   <div class='ocr_carea' id='block_1_54' title="bbox 531 5260 2106 5337">
    <p class='ocr_par' dir='ltr' id='par_1_54' title="bbox 531 5260 2106 5337">
     <span class='ocr_line' id='line_1_54' title="bbox 531 5260 2106 5337; baseline -0.009 -11"><span class='ocrx_word' id='word_1_405' title='bbox 531 5273 636 5326; x_wconf 87' lang='lat' dir='ltr'><strong>hoc</strong></span> <span class='ocrx_word' id='word_1_406' title='bbox 680 5269 890 5325; x_wconf 87' lang='lat' dir='ltr'><strong>videtur</strong></span> <span class='ocrx_word' id='word_1_407' title='bbox 939 5267 1267 5337; x_wconf 81' lang='lat' dir='ltr'><strong>signiﬁcare,</strong></span> <span class='ocrx_word' id='word_1_408' title='bbox 1322 5262 1463 5332; x_wconf 89' lang='lat' dir='ltr'><strong>quod</strong></span> <span class='ocrx_word' id='word_1_409' title='bbox 1514 5262 1683 5331; x_wconf 87' lang='lat' dir='ltr'><strong>ipsum</strong></span> <span class='ocrx_word' id='word_1_410' title='bbox 1738 5260 2106 5314; x_wconf 86' lang='lat' dir='ltr'><strong>vestimentum</strong></span> 
     </span>
    </p>
   </div>
   <div class='ocr_carea' id='block_1_55' title="bbox 529 5348 2110 5429">
    <p class='ocr_par' dir='ltr' id='par_1_55' title="bbox 529 5348 2110 5429">
     <span class='ocr_line' id='line_1_55' title="bbox 529 5348 2110 5429; baseline -0.011 -11"><span class='ocrx_word' id='word_1_411' title='bbox 529 5363 741 5417; x_wconf 78' lang='lat' dir='ltr'><strong>aliunde</strong></span> <span class='ocrx_word' id='word_1_412' title='bbox 768 5359 1134 5429; x_wconf 75' lang='lat' dir='ltr'><strong>adoperirt‘tur</strong></span> <span class='ocrx_word' id='word_1_413' title='bbox 1158 5399 1172 5419; x_wconf 92' lang='lat'><strong>,</strong></span> <span class='ocrx_word' id='word_1_414' title='bbox 1205 5371 1308 5408; x_wconf 92' lang='lat' dir='ltr'><strong>non</strong></span> <span class='ocrx_word' id='word_1_415' title='bbox 1330 5352 1470 5423; x_wconf 85' lang='lat' dir='ltr'><strong>quod</strong></span> <span class='ocrx_word' id='word_1_416' title='bbox 1501 5353 1614 5422; x_wconf 87' lang='lat' dir='ltr'><strong>ipso</strong></span> <span class='ocrx_word' id='word_1_417' title='bbox 1663 5351 1979 5406; x_wconf 85' lang='lat' dir='ltr'><strong>vestimento</strong></span> <span class='ocrx_word' id='word_1_418' title='bbox 2017 5348 2110 5402; x_wconf 88' lang='lat' dir='ltr'><strong>ad-</strong></span> 
     </span>
    </p>
   </div>
   <div class='ocr_carea' id='block_1_56' title="bbox 529 5440 2108 5522">
    <p class='ocr_par' dir='ltr' id='par_1_56' title="bbox 529 5440 2108 5522">
     <span class='ocr_line' id='line_1_56' title="bbox 529 5440 2108 5522; baseline -0.01 -14"><span class='ocrx_word' id='word_1_419' title='bbox 529 5451 827 5522; x_wconf 86' lang='lat' dir='ltr'><strong>operiretur</strong></span> <span class='ocrx_word' id='word_1_420' title='bbox 854 5448 1021 5501; x_wconf 77' lang='lat' dir='ltr'><strong>altare</strong></span> <span class='ocrx_word' id='word_1_421' title='bbox 1048 5446 1087 5497; x_wconf 76' lang='grc'><strong>⁸.</strong></span> <span class='ocrx_word' id='word_1_422' title='bbox 1117 5443 1222 5498; x_wconf 83' lang='lat' dir='ltr'><strong>Sed</strong></span> <span class='ocrx_word' id='word_1_423' title='bbox 1272 5442 1401 5497; x_wconf 91' lang='lat' dir='ltr'><strong>mihi</strong></span> <span class='ocrx_word' id='word_1_424' title='bbox 1429 5440 1637 5494; x_wconf 85' lang='lat' dir='ltr'><strong>videtur</strong></span> <span class='ocrx_word' id='word_1_425' title='bbox 1666 5455 1771 5494; x_wconf 92' lang='lat' dir='ltr'><strong>non</strong></span> <span class='ocrx_word' id='word_1_426' title='bbox 1801 5448 1905 5493; x_wconf 90' lang='lat' dir='ltr'><strong>tam</strong></span> <span class='ocrx_word' id='word_1_427' title='bbox 1941 5452 2108 5508; x_wconf 86' lang='lat' dir='ltr'><strong>genus</strong></span> 
     </span>
    </p>
   </div>
   <div class='ocr_carea' id='block_1_57' title="bbox 529 5530 2110 5609">
    <p class='ocr_par' dir='ltr' id='par_1_57' title="bbox 529 5530 2110 5609">
     <span class='ocr_line' id='line_1_57' title="bbox 529 5530 2110 5609; baseline -0.011 -10"><span class='ocrx_word' id='word_1_428' title='bbox 529 5543 814 5599; x_wconf 88' lang='lat' dir='ltr'><strong>locutionis</strong></span> <span class='ocrx_word' id='word_1_429' title='bbox 840 5555 978 5604; x_wconf 84' lang='lat' dir='ltr'><strong>esse,</strong></span> <span class='ocrx_word' id='word_1_430' title='bbox 1005 5552 1160 5609; x_wconf 86' lang='lat' dir='ltr'><strong>quam</strong></span> <span class='ocrx_word' id='word_1_431' title='bbox 1175 5534 1534 5589; x_wconf 84' lang='lat' dir='ltr'><strong>subobscurus</strong></span> <span class='ocrx_word' id='word_1_432' title='bbox 1554 5546 1761 5586; x_wconf 75' lang='lat' dir='ltr'><strong>sensus.</strong></span> <span class='ocrx_word' id='word_1_433' title='bbox 1787 5530 1897 5584; x_wconf 89' lang='lat' dir='ltr'><strong>lloc</strong></span> <span class='ocrx_word' id='word_1_434' title='bbox 1915 5530 2110 5600; x_wconf 88' lang='lat' dir='ltr'><strong>quippe</strong></span> 
     </span>
    </p>
   </div>
   <div class='ocr_carea' id='block_1_58' title="bbox 530 5620 2109 5706">
    <p class='ocr_par' dir='ltr' id='par_1_58' title="bbox 530 5620 2109 5706">
     <span class='ocr_line' id='line_1_58' title="bbox 530 5620 2109 5706; baseline -0.011 -14"><span class='ocrx_word' id='word_1_435' title='bbox 530 5636 750 5706; x_wconf 79' lang='lat' dir='ltr'><strong>intelligi</strong></span> <span class='ocrx_word' id='word_1_436' title='bbox 797 5639 1003 5704; x_wconf 80' lang='lat' dir='ltr'><strong>potest,</strong></span> <span class='ocrx_word' id='word_1_437' title='bbox 1053 5628 1128 5683; x_wconf 81' lang='lat' dir='ltr'><strong>&#39;Et</strong></span> <span class='ocrx_word' id='word_1_438' title='bbox 1169 5644 1320 5698; x_wconf 80' lang='lat' dir='ltr'><strong>super</strong></span> <span class='ocrx_word' id='word_1_439' title='bbox 1365 5627 1526 5679; x_wconf 82' lang='lat' dir='ltr'><strong>altare</strong></span> <span class='ocrx_word' id='word_1_440' title='bbox 1564 5639 1770 5676; x_wconf 82' lang='lat' dir='ltr'><strong>aureum</strong></span> <span class='ocrx_word' id='word_1_441' title='bbox 1821 5620 2109 5694; x_wconf 84' lang='lat' dir='ltr'><strong>adoperient</strong></span> 
     </span>
    </p>
   </div>
   <div class='ocr_carea' id='block_1_59' title="bbox 592 5752 2112 5825">
    <p class='ocr_par' dir='ltr' id='par_1_59' title="bbox 592 5752 2112 5825">
     <span class='ocr_line' id='line_1_59' title="bbox 592 5752 2112 5825; baseline -0.008 -11"><span class='ocrx_word' id='word_1_442' title='bbox 592 5769 608 5798; x_wconf 74' lang='grc' dir='ltr'>ί</span> <span class='ocrx_word' id='word_1_443' title='bbox 634 5766 771 5825; x_wconf 82' lang='lat' dir='ltr'><strong>Fditt,</strong></span> <span class='ocrx_word' id='word_1_444' title='bbox 804 5755 1301 5825; x_wconf 75' lang='lat' dir='ltr'><strong>aliundeoperirctur</strong></span> <span class='ocrx_word' id='word_1_445' title='bbox 1343 5755 1532 5814; x_wconf 84' lang='lat' dir='ltr'><strong>altare;</strong></span> <span class='ocrx_word' id='word_1_446' title='bbox 1574 5754 1765 5804; x_wconf 84' lang='lat' dir='ltr'><strong>omissis</strong></span> <span class='ocrx_word' id='word_1_447' title='bbox 1795 5752 1984 5825; x_wconf 78' lang='lat' dir='ltr'><strong>verbis,</strong></span> <span class='ocrx_word' id='word_1_448' title='bbox 2007 5765 2112 5825; x_wconf 83' lang='lat' dir='ltr'><strong>non</strong></span> 
     </span>
    </p>
   </div>
   <div class='ocr_carea' id='block_1_60' title="bbox 517 5818 2100 5892">
    <p class='ocr_par' dir='ltr' id='par_1_60' title="bbox 517 5818 2100 5892">
     <span class='ocr_line' id='line_1_60' title="bbox 517 5818 2100 5892; baseline -0.011 -11"><span class='ocrx_word' id='word_1_449' title='bbox 517 5829 654 5892; x_wconf 64' lang='lat' dir='ltr'><strong>quod</strong></span> <span class='ocrx_word' id='word_1_450' title='bbox 678 5818 780 5890; x_wconf 80' lang='lat' dir='ltr'><strong>ipso</strong></span> <span class='ocrx_word' id='word_1_451' title='bbox 789 5818 1421 5885; x_wconf 62' lang='lat' dir='ltr'><strong>vestiriertto&#39;adoperirctur,</strong></span> <span class='ocrx_word' id='word_1_452' title='bbox 1435 5831 1545 5882; x_wconf 77' lang='lat' dir='ltr'><strong>qua:</strong></span> <span class='ocrx_word' id='word_1_453' title='bbox 1564 5830 1627 5866; x_wconf 72' lang='lat' dir='ltr'><strong>ex</strong></span> <span class='ocrx_word' id='word_1_454' title='bbox 1763 5818 2100 5864; x_wconf 81' lang='lat' dir='ltr'><strong>restituuntur.</strong></span> 
     </span>
    </p>
   </div>
   <div class='ocr_carea' id='block_1_61' title="bbox 1323 406 2979 492">
    <p class='ocr_par' dir='ltr' id='par_1_61' title="bbox 1323 406 2979 492">
     <span class='ocr_line' id='line_1_61' title="bbox 1323 406 2979 492; baseline -0.011 -10"><span class='ocrx_word' id='word_1_455' title='bbox 1323 417 1780 492; x_wconf 67' lang='lat' dir='ltr'><strong>QUIESTIONUM</strong></span> <span class='ocrx_word' id='word_1_456' title='bbox 1819 416 1876 472; x_wconf 92' lang='lat' dir='ltr'><strong>S.</strong></span> <span class='ocrx_word' id='word_1_457' title='bbox 1917 408 2282 469; x_wconf 71' lang='lat' dir='ltr'><strong>AUGUSTINI</strong></span> <span class='ocrx_word' id='word_1_458' title='bbox 2321 408 2384 464; x_wconf 82' lang='lat' dir='ltr'><strong>IN</strong></span> <span class='ocrx_word' id='word_1_459' title='bbox 2424 406 2979 464; x_wconf 71' lang='lat' dir='ltr'><strong>HEPTATEUCHUM</strong></span> 
     </span>
    </p>
   </div>
   <div class='ocr_carea' id='block_1_62' title="bbox 3676 404 3780 462">
    <p class='ocr_par' dir='ltr' id='par_1_62' title="bbox 3676 404 3780 462">
     <span class='ocr_line' id='line_1_62' title="bbox 3676 404 3780 462; baseline 0.019 -2"><span class='ocrx_word' id='word_1_460' title='bbox 3676 404 3780 462; x_wconf 75' lang='lat'><strong>720</strong></span> 
     </span>
    </p>
   </div>
   <div class='ocr_carea' id='block_1_63' title="bbox 2193 521 3778 596">
    <p class='ocr_par' dir='ltr' id='par_1_63' title="bbox 2193 521 3778 596">
     <span class='ocr_line' id='line_1_63' title="bbox 2193 521 3778 596; baseline -0.002 -18"><span class='ocrx_word' id='word_1_461' title='bbox 2193 525 2539 580; x_wconf 77' lang='lat' dir='ltr'><strong>vestimentum</strong></span> <span class='ocrx_word' id='word_1_462' title='bbox 2558 524 2960 596; x_wconf 81' lang='lat' dir='ltr'><strong>hyacinthinum,</strong></span> <span class='ocrx_word' id='word_1_463' title='bbox 2981 533 3038 577; x_wconf 91' lang='lat' dir='ltr'><strong>ut</strong></span> <span class='ocrx_word' id='word_1_464' title='bbox 3054 521 3228 594; x_wconf 85' lang='lat' dir='ltr'><strong>ipsum</strong></span> <span class='ocrx_word' id='word_1_465' title='bbox 3246 521 3623 578; x_wconf 74' lang='lat' dir='ltr'><strong>vestimentum</strong></span> <span class='ocrx_word' id='word_1_466' title='bbox 3645 521 3778 594; x_wconf 77' lang='lat' dir='ltr'><strong>hya-</strong></span> 
     </span>
    </p>
   </div>
   <div class='ocr_carea' id='block_1_64' title="bbox 2191 613 3779 683">
    <p class='ocr_par' dir='ltr' id='par_1_64' title="bbox 2191 613 3779 683">
     <span class='ocr_line' id='line_1_64' title="bbox 2191 613 3779 683; baseline -0.001 -13"><span class='ocrx_word' id='word_1_467' title='bbox 2191 616 2486 671; x_wconf 86' lang='lat' dir='ltr'><strong>cinthiuum</strong></span> <span class='ocrx_word' id='word_1_468' title='bbox 2511 616 2614 669; x_wconf 89' lang='lat' dir='ltr'><strong>alia</strong></span> <span class='ocrx_word' id='word_1_469' title='bbox 2640 630 2698 670; x_wconf 93' lang='lat' dir='ltr'><strong>re</strong></span> <span class='ocrx_word' id='word_1_470' title='bbox 2717 614 3061 682; x_wconf 76' lang='lat' dir='ltr'><strong>aperiendum</strong></span> <span class='ocrx_word' id='word_1_471' title='bbox 3094 614 3425 683; x_wconf 78' lang='lat' dir='ltr'><strong>pneciperct,</strong></span> <span class='ocrx_word' id='word_1_472' title='bbox 3442 613 3585 682; x_wconf 87' lang='lat' dir='ltr'><strong>quod</strong></span> <span class='ocrx_word' id='word_1_473' title='bbox 3611 615 3779 668; x_wconf 84' lang='lat' dir='ltr'><strong>vesti-</strong></span> 
     </span>
    </p>
   </div>
   <div class='ocr_carea' id='block_1_65' title="bbox 2192 705 3779 775">
    <p class='ocr_par' dir='ltr' id='par_1_65' title="bbox 2192 705 3779 775">
     <span class='ocr_line' id='line_1_65' title="bbox 2192 705 3779 775; baseline 0 -15"><span class='ocrx_word' id='word_1_474' title='bbox 2192 716 2426 760; x_wconf 84' lang='lat' dir='ltr'><strong>mentum</strong></span> <span class='ocrx_word' id='word_1_475' title='bbox 2445 706 2554 775; x_wconf 91' lang='lat' dir='ltr'><strong>jam</strong></span> <span class='ocrx_word' id='word_1_476' title='bbox 2571 721 2732 772; x_wconf 88' lang='lat' dir='ltr'><strong>super</strong></span> <span class='ocrx_word' id='word_1_477' title='bbox 2745 706 2914 761; x_wconf 87' lang='lat' dir='ltr'><strong>altare</strong></span> <span class='ocrx_word' id='word_1_478' title='bbox 2937 715 3113 770; x_wconf 87' lang='lat' dir='ltr'><strong>esset;</strong></span> <span class='ocrx_word' id='word_1_479' title='bbox 3140 720 3202 758; x_wconf 88' lang='lat' dir='ltr'><strong>ac</strong></span> <span class='ocrx_word' id='word_1_480' title='bbox 3222 706 3299 759; x_wconf 92' lang='lat' dir='ltr'><strong>sic</strong></span> <span class='ocrx_word' id='word_1_481' title='bbox 3323 705 3555 760; x_wconf 84' lang='lat' dir='ltr'><strong>breviter</strong></span> <span class='ocrx_word' id='word_1_482' title='bbox 3581 717 3779 760; x_wconf 79' lang='lat' dir='ltr'><strong>utrum-</strong></span> 
     </span>
    </p>
   </div>
   <div class='ocr_carea' id='block_1_66' title="bbox 2191 796 3776 868">
    <p class='ocr_par' dir='ltr' id='par_1_66' title="bbox 2191 796 3776 868">
     <span class='ocr_line' id='line_1_66' title="bbox 2191 796 3776 868; baseline 0 -16"><span class='ocrx_word' id='word_1_483' title='bbox 2191 814 2295 868; x_wconf 87' lang='lat' dir='ltr'><strong>que</strong></span> <span class='ocrx_word' id='word_1_484' title='bbox 2335 798 2812 866; x_wconf 87' lang='lat' dir='ltr'><strong>complecteretur,</strong></span> <span class='ocrx_word' id='word_1_485' title='bbox 2857 806 2912 852; x_wconf 91' lang='lat' dir='ltr'><strong>et</strong></span> <span class='ocrx_word' id='word_1_486' title='bbox 2949 798 3266 852; x_wconf 88' lang='lat' dir='ltr'><strong>vestimento</strong></span> <span class='ocrx_word' id='word_1_487' title='bbox 3309 796 3652 868; x_wconf 78' lang='lat' dir='ltr'><strong>hyacinthina</strong></span> <span class='ocrx_word' id='word_1_488' title='bbox 3693 799 3776 852; x_wconf 63' lang='lat' dir='ltr'><strong>alo</strong></span> 
     </span>
    </p>
   </div>
   <div class='ocr_carea' id='block_1_67' title="bbox 2193 886 3778 956">
    <p class='ocr_par' dir='ltr' id='par_1_67' title="bbox 2193 886 3778 956">
     <span class='ocr_line' id='line_1_67' title="bbox 2193 886 3778 956; baseline -0.001 -16"><span class='ocrx_word' id='word_1_489' title='bbox 2193 895 2306 940; x_wconf 89' lang='lat' dir='ltr'><strong>tare</strong></span> <span class='ocrx_word' id='word_1_490' title='bbox 2333 886 2678 955; x_wconf 87' lang='lat' dir='ltr'><strong>operiendutu</strong></span> <span class='ocrx_word' id='word_1_491' title='bbox 2699 926 2714 948; x_wconf 91' lang='lat'><strong>,</strong></span> <span class='ocrx_word' id='word_1_492' title='bbox 2741 896 2796 940; x_wconf 91' lang='lat' dir='ltr'><strong>et</strong></span> <span class='ocrx_word' id='word_1_493' title='bbox 2838 887 3210 940; x_wconf 90' lang='lat' dir='ltr'><strong>vestimentum</strong></span> <span class='ocrx_word' id='word_1_494' title='bbox 3245 887 3641 956; x_wconf 84' lang='lat' dir='ltr'><strong>hyacinthinum</strong></span> <span class='ocrx_word' id='word_1_495' title='bbox 3669 888 3778 940; x_wconf 85' lang='lat' dir='ltr'><strong>alio</strong></span> 
     </span>
    </p>
   </div>
   <div class='ocr_carea' id='block_1_68' title="bbox 2193 976 3776 1049">
    <p class='ocr_par' dir='ltr' id='par_1_68' title="bbox 2193 976 3776 1049">
     <span class='ocr_line' id='line_1_68' title="bbox 2193 976 3776 1049; baseline -0.003 -17"><span class='ocrx_word' id='word_1_496' title='bbox 2193 980 2424 1049; x_wconf 84' lang='lat' dir='ltr'><strong>tegmine</strong></span> <span class='ocrx_word' id='word_1_497' title='bbox 2461 977 2826 1046; x_wconf 80' lang='lat' dir='ltr'><strong>operiendum.</strong></span> <span class='ocrx_word' id='word_1_498' title='bbox 2873 977 3158 1046; x_wconf 81' lang='lat' dir='ltr'><strong>Subjunxit</strong></span> <span class='ocrx_word' id='word_1_499' title='bbox 3199 976 3432 1047; x_wconf 91' lang='lat' dir='ltr'><strong>denique</strong></span> <span class='ocrx_word' id='word_1_500' title='bbox 3472 977 3610 1031; x_wconf 89' lang='lat' dir='ltr'><strong>unde</strong></span> <span class='ocrx_word' id='word_1_501' title='bbox 3645 992 3776 1030; x_wconf 86' lang='lat' dir='ltr'><strong>coo-</strong></span> 
     </span>
    </p>
   </div>
   <div class='ocr_carea' id='block_1_69' title="bbox 2194 1068 3775 1139">
    <p class='ocr_par' dir='ltr' id='par_1_69' title="bbox 2194 1068 3775 1139">
     <span class='ocr_line' id='line_1_69' title="bbox 2194 1068 3775 1139; baseline 0 -17"><span class='ocrx_word' id='word_1_502' title='bbox 2194 1069 2352 1137; x_wconf 85' lang='lat' dir='ltr'><strong>periri</strong></span> <span class='ocrx_word' id='word_1_503' title='bbox 2393 1070 2548 1122; x_wconf 86' lang='lat' dir='ltr'><strong>vellet</strong></span> <span class='ocrx_word' id='word_1_504' title='bbox 2596 1068 2967 1136; x_wconf 85' lang='lat' dir='ltr'><strong>vestimentum</strong></span> <span class='ocrx_word' id='word_1_505' title='bbox 3024 1068 3457 1139; x_wconf 83' lang='lat' dir='ltr'><strong>hyacinthinum,</strong></span> <span class='ocrx_word' id='word_1_506' title='bbox 3507 1084 3628 1122; x_wconf 91' lang='lat' dir='ltr'><strong>cum</strong></span> <span class='ocrx_word' id='word_1_507' title='bbox 3675 1070 3775 1122; x_wconf 86' lang='lat' dir='ltr'><strong>ad-</strong></span> 
     </span>
    </p>
   </div>
   <div class='ocr_carea' id='block_1_70' title="bbox 2186 1156 3773 1229">
    <p class='ocr_par' dir='ltr' id='par_1_70' title="bbox 2186 1156 3773 1229">
     <span class='ocr_line' id='line_1_70' title="bbox 2186 1156 3773 1229; baseline -0.001 -16"><span class='ocrx_word' id='word_1_508' title='bbox 2186 1158 2316 1228; x_wconf 86' lang='lat' dir='ltr'><strong>jecit</strong></span> <span class='ocrx_word' id='word_1_509' title='bbox 2342 1201 2356 1224; x_wconf 90' lang='lat'><strong>,</strong></span> <span class='ocrx_word' id='word_1_510' title='bbox 2406 1158 2470 1212; x_wconf 84' lang='lat' dir='ltr'><strong>Et</strong></span> <span class='ocrx_word' id='word_1_511' title='bbox 2507 1158 2798 1228; x_wconf 87' lang='lat' dir='ltr'><strong>adoperient</strong></span> <span class='ocrx_word' id='word_1_512' title='bbox 2840 1157 2972 1210; x_wconf 86' lang='lat' dir='ltr'><strong>illud</strong></span> <span class='ocrx_word' id='word_1_513' title='bbox 3001 1156 3325 1228; x_wconf 82' lang='lat' dir='ltr'><strong>operimento</strong></span> <span class='ocrx_word' id='word_1_514' title='bbox 3377 1157 3588 1227; x_wconf 87' lang='lat' dir='ltr'><strong>pelliceo</strong></span> <span class='ocrx_word' id='word_1_515' title='bbox 3635 1160 3773 1229; x_wconf 78' lang='lat' dir='ltr'><strong>hya-</strong></span> 
     </span>
    </p>
   </div>
   <div class='ocr_carea' id='block_1_71' title="bbox 2191 1251 2436 1304">
    <p class='ocr_par' dir='ltr' id='par_1_71' title="bbox 2191 1251 2436 1304">
     <span class='ocr_line' id='line_1_71' title="bbox 2191 1251 2436 1304; baseline -0.004 -1"><span class='ocrx_word' id='word_1_516' title='bbox 2191 1251 2436 1304; x_wconf 86' lang='lat' dir='ltr'><strong>cinthino.</strong></span> 
     </span>
    </p>
   </div>
   <div class='ocr_carea' id='block_1_72' title="bbox 2265 1339 3781 1413">
    <p class='ocr_par' dir='ltr' id='par_1_72' title="bbox 2265 1339 3781 1413">
     <span class='ocr_line' id='line_1_72' title="bbox 2265 1339 3781 1413; baseline 0.001 -19"><span class='ocrx_word' id='word_1_517' title='bbox 2265 1341 2355 1395; x_wconf 73' lang='grc' dir='ltr'><strong>ιχ.</strong></span> <span class='ocrx_word' id='word_1_518' title='bbox 2381 1341 2478 1413; x_wconf 85' lang='grc'><strong>[11).</strong></span> <span class='ocrx_word' id='word_1_519' title='bbox 2515 1358 2570 1406; x_wconf 92' lang='lat' dir='ltr'><strong>v,</strong></span> <span class='ocrx_word' id='word_1_520' title='bbox 2602 1341 2738 1412; x_wconf 83' lang='lat'><strong>6-8.|</strong></span> <span class='ocrx_word' id='word_1_521' title='bbox 2764 1340 2883 1407; x_wconf 85' lang='lat' dir='ltr'><strong>Vir,</strong></span> <span class='ocrx_word' id='word_1_522' title='bbox 2915 1349 3005 1394; x_wconf 88' lang='lat' dir='ltr'><strong>aut</strong></span> <span class='ocrx_word' id='word_1_523' title='bbox 3043 1339 3257 1406; x_wconf 83' lang='lat' dir='ltr'><strong>mulier,</strong></span> <span class='ocrx_word' id='word_1_524' title='bbox 3287 1341 3585 1411; x_wconf 85' lang='lat' dir='ltr'><strong>quicumque</strong></span> <span class='ocrx_word' id='word_1_525' title='bbox 3607 1340 3781 1410; x_wconf 78' lang='lat' dir='ltr'><strong>fecerit</strong></span> 
     </span>
    </p>
   </div>
   <div class='ocr_carea' id='block_1_73' title="bbox 2191 1431 3774 1503">
    <p class='ocr_par' dir='ltr' id='par_1_73' title="bbox 2191 1431 3774 1503">
     <span class='ocr_line' id='line_1_73' title="bbox 2191 1431 3774 1503; baseline 0 -18"><span class='ocrx_word' id='word_1_526' title='bbox 2191 1432 2254 1486; x_wconf 87' lang='lat' dir='ltr'><strong>ab</strong></span> <span class='ocrx_word' id='word_1_527' title='bbox 2275 1434 2502 1486; x_wconf 85' lang='lat' dir='ltr'><strong>omnibus</strong></span> <span class='ocrx_word' id='word_1_528' title='bbox 2531 1434 2745 1503; x_wconf 80' lang='lat' dir='ltr'><strong>peccatis</strong></span> <span class='ocrx_word' id='word_1_529' title='bbox 2769 1433 3032 1497; x_wconf 84' lang='lat' dir='ltr'><strong>humanis,</strong></span> <span class='ocrx_word' id='word_1_530' title='bbox 3064 1442 3110 1485; x_wconf 87' lang='lat' dir='ltr'><strong>et</strong></span> <span class='ocrx_word' id='word_1_531' title='bbox 3138 1431 3416 1502; x_wconf 83' lang='lat' dir='ltr'><strong>despiciens</strong></span> <span class='ocrx_word' id='word_1_532' title='bbox 3455 1431 3738 1500; x_wconf 70' lang='lat' dir='ltr'><strong>despexerit</strong></span> <span class='ocrx_word' id='word_1_533' title='bbox 3759 1472 3774 1496; x_wconf 91' lang='lat'><strong>,</strong></span> 
     </span>
    </p>
   </div>
   <div class='ocr_carea' id='block_1_74' title="bbox 2193 1523 3780 1595">
    <p class='ocr_par' dir='ltr' id='par_1_74' title="bbox 2193 1523 3780 1595">
     <span class='ocr_line' id='line_1_74' title="bbox 2193 1523 3780 1595; baseline -0.001 -17"><span class='ocrx_word' id='word_1_534' title='bbox 2193 1534 2239 1578; x_wconf 89' lang='lat' dir='ltr'><strong>et</strong></span> <span class='ocrx_word' id='word_1_535' title='bbox 2263 1524 2545 1595; x_wconf 84' lang='lat' dir='ltr'><strong>deliquerit,</strong></span> <span class='ocrx_word' id='word_1_536' title='bbox 2569 1525 2739 1578; x_wconf 88' lang='lat' dir='ltr'><strong>aninta</strong></span> <span class='ocrx_word' id='word_1_537' title='bbox 2760 1525 2852 1578; x_wconf 90' lang='lat' dir='ltr'><strong>illa</strong></span> <span class='ocrx_word' id='word_1_538' title='bbox 2881 1523 3194 1578; x_wconf 84' lang='lat' dir='ltr'><strong>annuntiabit</strong></span> <span class='ocrx_word' id='word_1_539' title='bbox 3219 1532 3475 1595; x_wconf 87' lang='lat' dir='ltr'><strong>peccatum</strong></span> <span class='ocrx_word' id='word_1_540' title='bbox 3496 1524 3632 1594; x_wconf 88' lang='lat' dir='ltr'><strong>quod</strong></span> <span class='ocrx_word' id='word_1_541' title='bbox 3655 1541 3780 1594; x_wconf 88' lang='lat' dir='ltr'><strong>pec-</strong></span> 
     </span>
    </p>
   </div>
   <div class='ocr_carea' id='block_1_75' title="bbox 2193 1616 3780 1687">
    <p class='ocr_par' dir='ltr' id='par_1_75' title="bbox 2193 1616 3780 1687">
     <span class='ocr_line' id='line_1_75' title="bbox 2193 1616 3780 1687; baseline -0.001 -17"><span class='ocrx_word' id='word_1_542' title='bbox 2193 1617 2350 1682; x_wconf 88' lang='lat' dir='ltr'><strong>cavit,</strong></span> <span class='ocrx_word' id='word_1_543' title='bbox 2372 1629 2418 1670; x_wconf 90' lang='lat' dir='ltr'><strong>et</strong></span> <span class='ocrx_word' id='word_1_544' title='bbox 2438 1619 2661 1672; x_wconf 84' lang='lat' dir='ltr'><strong>restituet</strong></span> <span class='ocrx_word' id='word_1_545' title='bbox 2687 1617 2924 1671; x_wconf 82' lang='lat' dir='ltr'><strong>delictum</strong></span> <span class='ocrx_word' id='word_1_546' title='bbox 2955 1631 2974 1670; x_wconf 92' lang='lat'><strong><em>:</em></strong></span> <span class='ocrx_word' id='word_1_547' title='bbox 3000 1626 3153 1686; x_wconf 86' lang='lat' dir='ltr'><strong>caput</strong></span> <span class='ocrx_word' id='word_1_548' title='bbox 3169 1617 3186 1648; x_wconf 84' lang='grc'>¹</span> <span class='ocrx_word' id='word_1_549' title='bbox 3211 1626 3258 1670; x_wconf 90' lang='lat' dir='ltr'><strong>et</strong></span> <span class='ocrx_word' id='word_1_550' title='bbox 3282 1616 3487 1685; x_wconf 75' lang='lat' dir='ltr'><strong>quinta:</strong></span> <span class='ocrx_word' id='word_1_551' title='bbox 3507 1617 3617 1686; x_wconf 86' lang='lat' dir='ltr'><strong>ejus</strong></span> <span class='ocrx_word' id='word_1_552' title='bbox 3645 1617 3780 1687; x_wconf 81' lang='lat' dir='ltr'><strong>adji-</strong></span> 
     </span>
    </p>
   </div>
   <div class='ocr_carea' id='block_1_76' title="bbox 2193 1705 3780 1778">
    <p class='ocr_par' dir='ltr' id='par_1_76' title="bbox 2193 1705 3780 1778">
     <span class='ocr_line' id='line_1_76' title="bbox 2193 1705 3780 1778; baseline 0.001 -18"><span class='ocrx_word' id='word_1_553' title='bbox 2193 1708 2286 1761; x_wconf 88' lang='lat' dir='ltr'><strong>ciet</strong></span> <span class='ocrx_word' id='word_1_554' title='bbox 2307 1724 2458 1778; x_wconf 85' lang='lat' dir='ltr'><strong>super</strong></span> <span class='ocrx_word' id='word_1_555' title='bbox 2494 1708 2625 1762; x_wconf 88' lang='lat' dir='ltr'><strong>illud</strong></span> <span class='ocrx_word' id='word_1_556' title='bbox 2642 1748 2656 1773; x_wconf 95' lang='lat'><strong>,</strong></span> <span class='ocrx_word' id='word_1_557' title='bbox 2684 1716 2734 1761; x_wconf 89' lang='lat' dir='ltr'><strong>et</strong></span> <span class='ocrx_word' id='word_1_558' title='bbox 2761 1707 2936 1762; x_wconf 86' lang='lat' dir='ltr'><strong>reddet</strong></span> <span class='ocrx_word' id='word_1_559' title='bbox 2960 1707 3044 1760; x_wconf 84' lang='lat' dir='ltr'><strong>cui</strong></span> <span class='ocrx_word' id='word_1_560' title='bbox 3067 1706 3277 1775; x_wconf 86' lang='lat' dir='ltr'><strong>deliquit</strong></span> <span class='ocrx_word' id='word_1_561' title='bbox 3303 1707 3366 1760; x_wconf 90' lang='lat' dir='ltr'><strong>ei.</strong></span> <span class='ocrx_word' id='word_1_562' title='bbox 3395 1705 3458 1761; x_wconf 89' lang='lat' dir='ltr'><strong>Si</strong></span> <span class='ocrx_word' id='word_1_563' title='bbox 3483 1716 3654 1760; x_wconf 79' lang='lat' dir='ltr'><strong>autem</strong></span> <span class='ocrx_word' id='word_1_564' title='bbox 3675 1723 3780 1761; x_wconf 77' lang='lat' dir='ltr'><strong>non</strong></span> 
     </span>
    </p>
   </div>
   <div class='ocr_carea' id='block_1_77' title="bbox 2193 1796 3782 1868">
    <p class='ocr_par' dir='ltr' id='par_1_77' title="bbox 2193 1796 3782 1868">
     <span class='ocr_line' id='line_1_77' title="bbox 2193 1796 3782 1868; baseline 0.001 -19"><span class='ocrx_word' id='word_1_565' title='bbox 2193 1797 2344 1866; x_wconf 80' lang='lat' dir='ltr'><strong>fuerit</strong></span> <span class='ocrx_word' id='word_1_566' title='bbox 2382 1797 2574 1850; x_wconf 83' lang='lat' dir='ltr'><strong>homini</strong></span> <span class='ocrx_word' id='word_1_567' title='bbox 2609 1798 2870 1868; x_wconf 73' lang='lat' dir='ltr'><strong>proximus</strong></span> <span class='ocrx_word' id='word_1_568' title='bbox 2889 1839 2904 1862; x_wconf 91' lang='lat'><strong>,</strong></span> <span class='ocrx_word' id='word_1_569' title='bbox 2937 1797 3009 1850; x_wconf 88' lang='lat' dir='ltr'><strong>ita</strong></span> <span class='ocrx_word' id='word_1_570' title='bbox 3032 1804 3088 1850; x_wconf 90' lang='lat' dir='ltr'><strong>ut</strong></span> <span class='ocrx_word' id='word_1_571' title='bbox 3126 1796 3306 1850; x_wconf 86' lang='lat' dir='ltr'><strong>reddat</strong></span> <span class='ocrx_word' id='word_1_572' title='bbox 3349 1796 3426 1850; x_wconf 84' lang='lat' dir='ltr'><strong>illi</strong></span> <span class='ocrx_word' id='word_1_573' title='bbox 3451 1796 3688 1850; x_wconf 86' lang='lat' dir='ltr'><strong>delictum</strong></span> <span class='ocrx_word' id='word_1_574' title='bbox 3709 1797 3782 1851; x_wconf 88' lang='lat' dir='ltr'><strong>ad</strong></span> 
     </span>
    </p>
   </div>
   <div class='ocr_carea' id='block_1_78' title="bbox 2192 1885 3780 1958">
    <p class='ocr_par' dir='ltr' id='par_1_78' title="bbox 2192 1885 3780 1958">
     <span class='ocr_line' id='line_1_78' title="bbox 2192 1885 3780 1958; baseline 0.001 -19"><span class='ocrx_word' id='word_1_575' title='bbox 2192 1885 2397 1955; x_wconf 84' lang='lat' dir='ltr'><strong>ipsum;</strong></span> <span class='ocrx_word' id='word_1_576' title='bbox 2434 1886 2672 1940; x_wconf 84' lang='lat' dir='ltr'><strong>delictum</strong></span> <span class='ocrx_word' id='word_1_577' title='bbox 2699 1886 2834 1956; x_wconf 89' lang='lat' dir='ltr'><strong>quod</strong></span> <span class='ocrx_word' id='word_1_578' title='bbox 2859 1887 3087 1940; x_wconf 83' lang='lat' dir='ltr'><strong>redditur</strong></span> <span class='ocrx_word' id='word_1_579' title='bbox 3111 1885 3358 1951; x_wconf 85' lang='lat' dir='ltr'><strong>Domino,</strong></span> <span class='ocrx_word' id='word_1_580' title='bbox 3381 1886 3635 1940; x_wconf 86' lang='lat' dir='ltr'><strong>sacerdoti</strong></span> <span class='ocrx_word' id='word_1_581' title='bbox 3651 1887 3747 1958; x_wconf 83' lang='lat' dir='ltr'><strong>erit</strong></span> <span class='ocrx_word' id='word_1_582' title='bbox 3763 1927 3780 1951; x_wconf 94' lang='lat'><strong>,</strong></span> 
     </span>
    </p>
   </div>
   <div class='ocr_carea' id='block_1_79' title="bbox 2195 1975 3783 2046">
    <p class='ocr_par' dir='ltr' id='par_1_79' title="bbox 2195 1975 3783 2046">
     <span class='ocr_line' id='line_1_79' title="bbox 2195 1975 3783 2046; baseline 0.001 -17"><span class='ocrx_word' id='word_1_583' title='bbox 2195 1984 2398 2044; x_wconf 76' lang='lat' dir='ltr'><strong>excepto</strong></span> <span class='ocrx_word' id='word_1_584' title='bbox 2421 1976 2576 2028; x_wconf 84' lang='lat' dir='ltr'><strong>ariete</strong></span> <span class='ocrx_word' id='word_1_585' title='bbox 2601 1976 2972 2046; x_wconf 82' lang='lat' dir='ltr'><strong>prepitiationis</strong></span> <span class='ocrx_word' id='word_1_586' title='bbox 3013 1992 3102 2046; x_wconf 89' lang='lat' dir='ltr'><strong>per</strong></span> <span class='ocrx_word' id='word_1_587' title='bbox 3146 1991 3295 2044; x_wconf 87' lang='lat' dir='ltr'><strong>quem</strong></span> <span class='ocrx_word' id='word_1_588' title='bbox 3328 1975 3553 2030; x_wconf 65' lang='lat' dir='ltr'><strong>exorabit</strong></span> <span class='ocrx_word' id='word_1_589' title='bbox 3589 1976 3643 2030; x_wconf 88' lang='lat' dir='ltr'><strong>in</strong></span> <span class='ocrx_word' id='word_1_590' title='bbox 3688 1978 3783 2031; x_wconf 85' lang='lat' dir='ltr'><strong>illo</strong></span> 
     </span>
    </p>
   </div>
   <div class='ocr_carea' id='block_1_80' title="bbox 2195 2066 3783 2138">
    <p class='ocr_par' dir='ltr' id='par_1_80' title="bbox 2195 2066 3783 2138">
     <span class='ocr_line' id='line_1_80' title="bbox 2195 2066 3783 2138; baseline 0.004 -20"><span class='ocrx_word' id='word_1_591' title='bbox 2195 2083 2287 2136; x_wconf 89' lang='lat' dir='ltr'><strong>pro</strong></span> <span class='ocrx_word' id='word_1_592' title='bbox 2314 2083 2391 2120; x_wconf 88' lang='lat' dir='ltr'><strong>eo.</strong></span> <span class='ocrx_word' id='word_1_593' title='bbox 2437 2066 2533 2122; x_wconf 80' lang='lat' dir='ltr'><strong>Hic</strong></span> <span class='ocrx_word' id='word_1_594' title='bbox 2560 2083 2620 2122; x_wconf 89' lang='lat' dir='ltr'><strong>ea</strong></span> <span class='ocrx_word' id='word_1_595' title='bbox 2648 2077 2863 2138; x_wconf 87' lang='lat' dir='ltr'><strong>peccata</strong></span> <span class='ocrx_word' id='word_1_596' title='bbox 2905 2067 3244 2138; x_wconf 83' lang='lat' dir='ltr'><strong>intelligenda</strong></span> <span class='ocrx_word' id='word_1_597' title='bbox 3276 2077 3432 2133; x_wconf 89' lang='lat' dir='ltr'><strong>sunt,</strong></span> <span class='ocrx_word' id='word_1_598' title='bbox 3468 2083 3694 2137; x_wconf 91' lang='lat' dir='ltr'><strong>quorum</strong></span> <span class='ocrx_word' id='word_1_599' title='bbox 3726 2071 3783 2124; x_wconf 88' lang='lat' dir='ltr'><strong>in</strong></span> 
     </span>
    </p>
   </div>
   <div class='ocr_carea' id='block_1_81' title="bbox 2197 2154 3781 2228">
    <p class='ocr_par' dir='ltr' id='par_1_81' title="bbox 2197 2154 3781 2228">
     <span class='ocr_line' id='line_1_81' title="bbox 2197 2154 3781 2228; baseline 0.003 -19"><span class='ocrx_word' id='word_1_600' title='bbox 2197 2154 2279 2210; x_wconf 86' lang='lat' dir='ltr'><strong>bis</strong></span> <span class='ocrx_word' id='word_1_601' title='bbox 2308 2157 2464 2211; x_wconf 88' lang='lat' dir='ltr'><strong>rebus</strong></span> <span class='ocrx_word' id='word_1_602' title='bbox 2489 2158 2814 2227; x_wconf 87' lang='lat' dir='ltr'><strong>perpetratio</strong></span> <span class='ocrx_word' id='word_1_603' title='bbox 2840 2167 2955 2222; x_wconf 90' lang='lat' dir='ltr'><strong>est,</strong></span> <span class='ocrx_word' id='word_1_604' title='bbox 3004 2174 3123 2228; x_wconf 76' lang='lat' dir='ltr'><strong>qua:</strong></span> <span class='ocrx_word' id='word_1_605' title='bbox 3152 2157 3374 2227; x_wconf 87' lang='lat' dir='ltr'><strong>pecunia</strong></span> <span class='ocrx_word' id='word_1_606' title='bbox 3415 2158 3625 2212; x_wconf 90' lang='lat' dir='ltr'><strong>restitui</strong></span> <span class='ocrx_word' id='word_1_607' title='bbox 3655 2173 3781 2228; x_wconf 54' lang='lat' dir='ltr'><strong>pos.</strong></span> 
     </span>
    </p>
   </div>
   <div class='ocr_carea' id='block_1_82' title="bbox 2196 2239 3783 2316">
    <p class='ocr_par' dir='ltr' id='par_1_82' title="bbox 2196 2239 3783 2316">
     <span class='ocr_line' id='line_1_82' title="bbox 2196 2239 3783 2316; baseline 0.001 -16"><span class='ocrx_word' id='word_1_608' title='bbox 2196 2255 2339 2300; x_wconf 87' lang='lat' dir='ltr'><strong>sunt.</strong></span> <span class='ocrx_word' id='word_1_609' title='bbox 2367 2246 2480 2300; x_wconf 76' lang='lat' dir='ltr'><strong>Non</strong></span> <span class='ocrx_word' id='word_1_610' title='bbox 2509 2247 2650 2301; x_wconf 89' lang='lat' dir='ltr'><strong>enim</strong></span> <span class='ocrx_word' id='word_1_611' title='bbox 2702 2248 2857 2302; x_wconf 87' lang='lat' dir='ltr'><strong>aliter</strong></span> <span class='ocrx_word' id='word_1_612' title='bbox 2887 2247 3092 2301; x_wconf 90' lang='lat' dir='ltr'><strong>diceret</strong></span> <span class='ocrx_word' id='word_1_613' title='bbox 3141 2245 3409 2316; x_wconf 91' lang='lat' dir='ltr'><strong>quomodo</strong></span> <span class='ocrx_word' id='word_1_614' title='bbox 3451 2239 3783 2302; x_wconf 85' lang='lat' dir='ltr'><strong>restituenda</strong></span> 
     </span>
    </p>
   </div>
   <div class='ocr_carea' id='block_1_83' title="bbox 2197 2335 3783 2407">
    <p class='ocr_par' dir='ltr' id='par_1_83' title="bbox 2197 2335 3783 2407">
     <span class='ocr_line' id='line_1_83' title="bbox 2197 2335 3783 2407; baseline 0 -17"><span class='ocrx_word' id='word_1_615' title='bbox 2197 2337 2306 2390; x_wconf 90' lang='lat' dir='ltr'><strong>sint</strong></span> <span class='ocrx_word' id='word_1_616' title='bbox 2325 2378 2339 2400; x_wconf 94' lang='lat'><strong>,</strong></span> <span class='ocrx_word' id='word_1_617' title='bbox 2370 2337 2471 2391; x_wconf 91' lang='lat' dir='ltr'><strong>nisi</strong></span> <span class='ocrx_word' id='word_1_618' title='bbox 2501 2337 2691 2391; x_wconf 87' lang='lat' dir='ltr'><strong>damna</strong></span> <span class='ocrx_word' id='word_1_619' title='bbox 2737 2337 3040 2407; x_wconf 89' lang='lat' dir='ltr'><strong>pecuniaria</strong></span> <span class='ocrx_word' id='word_1_620' title='bbox 3069 2336 3314 2392; x_wconf 80' lang='lat' dir='ltr'><strong>fuissent.</strong></span> <span class='ocrx_word' id='word_1_621' title='bbox 3341 2335 3498 2390; x_wconf 86' lang='lat' dir='ltr'><strong>Jubet</strong></span> <span class='ocrx_word' id='word_1_622' title='bbox 3525 2338 3666 2390; x_wconf 91' lang='lat' dir='ltr'><strong>enim</strong></span> <span class='ocrx_word' id='word_1_623' title='bbox 3691 2352 3783 2390; x_wconf 87' lang='lat' dir='ltr'><strong>re-</strong></span> 
     </span>
    </p>
   </div>
   <div class='ocr_carea' id='block_1_84' title="bbox 2197 2425 3782 2498">
    <p class='ocr_par' dir='ltr' id='par_1_84' title="bbox 2197 2425 3782 2498">
     <span class='ocr_line' id='line_1_84' title="bbox 2197 2425 3782 2498; baseline 0 -18"><span class='ocrx_word' id='word_1_624' title='bbox 2197 2426 2342 2480; x_wconf 90' lang='lat' dir='ltr'><strong>stitui</strong></span> <span class='ocrx_word' id='word_1_625' title='bbox 2367 2435 2524 2495; x_wconf 91' lang='lat' dir='ltr'><strong>caput</strong></span> <span class='ocrx_word' id='word_1_626' title='bbox 2551 2435 2608 2480; x_wconf 84' lang='lat' dir='ltr'><strong>et</strong></span> <span class='ocrx_word' id='word_1_627' title='bbox 2644 2427 2856 2496; x_wconf 91' lang='lat' dir='ltr'><strong>quiutas</strong></span> <span class='ocrx_word' id='word_1_628' title='bbox 2875 2468 2890 2492; x_wconf 97' lang='lat'><strong>,</strong></span> <span class='ocrx_word' id='word_1_629' title='bbox 2944 2426 2998 2481; x_wconf 91' lang='lat' dir='ltr'><strong>id</strong></span> <span class='ocrx_word' id='word_1_630' title='bbox 3025 2434 3137 2492; x_wconf 87' lang='lat' dir='ltr'><strong>est,</strong></span> <span class='ocrx_word' id='word_1_631' title='bbox 3166 2434 3335 2480; x_wconf 88' lang='lat' dir='ltr'><strong>totum</strong></span> <span class='ocrx_word' id='word_1_632' title='bbox 3368 2426 3497 2482; x_wconf 91' lang='lat' dir='ltr'><strong>illud</strong></span> <span class='ocrx_word' id='word_1_633' title='bbox 3524 2425 3782 2498; x_wconf 83' lang='lat' dir='ltr'><strong>quidquid</strong></span> 
     </span>
    </p>
   </div>
   <div class='ocr_carea' id='block_1_85' title="bbox 2198 2517 3784 2589">
    <p class='ocr_par' dir='ltr' id='par_1_85' title="bbox 2198 2517 3784 2589">
     <span class='ocr_line' id='line_1_85' title="bbox 2198 2517 3784 2589; baseline -0.001 -18"><span class='ocrx_word' id='word_1_634' title='bbox 2198 2526 2314 2581; x_wconf 86' lang='lat' dir='ltr'><strong>est,</strong></span> <span class='ocrx_word' id='word_1_635' title='bbox 2361 2526 2417 2572; x_wconf 89' lang='lat' dir='ltr'><strong>et</strong></span> <span class='ocrx_word' id='word_1_636' title='bbox 2462 2517 2702 2586; x_wconf 87' lang='lat' dir='ltr'><strong>quintam</strong></span> <span class='ocrx_word' id='word_1_637' title='bbox 2749 2517 2866 2586; x_wconf 89' lang='lat' dir='ltr'><strong>ejus</strong></span> <span class='ocrx_word' id='word_1_638' title='bbox 2915 2525 3160 2587; x_wconf 90' lang='lat' dir='ltr'><strong>partem,</strong></span> <span class='ocrx_word' id='word_1_639' title='bbox 3213 2527 3438 2589; x_wconf 79' lang='lat' dir='ltr'><strong>excepto</strong></span> <span class='ocrx_word' id='word_1_640' title='bbox 3477 2518 3645 2572; x_wconf 91' lang='lat' dir='ltr'><strong>ariete</strong></span> <span class='ocrx_word' id='word_1_641' title='bbox 3688 2517 3784 2585; x_wconf 87' lang='lat' dir='ltr'><strong>qui</strong></span> 
     </span>
    </p>
   </div>
   <div class='ocr_carea' id='block_1_86' title="bbox 2201 2605 3783 2677">
    <p class='ocr_par' dir='ltr' id='par_1_86' title="bbox 2201 2605 3783 2677">
     <span class='ocr_line' id='line_1_86' title="bbox 2201 2605 3783 2677; baseline 0 -17"><span class='ocrx_word' id='word_1_642' title='bbox 2201 2605 2368 2660; x_wconf 86' lang='lat' dir='ltr'><strong>luerat</strong></span> <span class='ocrx_word' id='word_1_643' title='bbox 2411 2607 2711 2662; x_wconf 87' lang='lat' dir='ltr'><strong>oll&#39;erendus</strong></span> <span class='ocrx_word' id='word_1_644' title='bbox 2741 2608 2792 2661; x_wconf 89' lang='lat' dir='ltr'><strong>in</strong></span> <span class='ocrx_word' id='word_1_645' title='bbox 2822 2607 3141 2664; x_wconf 86' lang='lat' dir='ltr'><strong>sacriﬁcium</strong></span> <span class='ocrx_word' id='word_1_646' title='bbox 3185 2606 3253 2662; x_wconf 89' lang='lat' dir='ltr'><strong>ad</strong></span> <span class='ocrx_word' id='word_1_647' title='bbox 3294 2607 3614 2677; x_wconf 78' lang='lat' dir='ltr'><strong>expiandum</strong></span> <span class='ocrx_word' id='word_1_648' title='bbox 3643 2606 3783 2662; x_wconf 88' lang='lat' dir='ltr'><strong>deli-</strong></span> 
     </span>
    </p>
   </div>
   <div class='ocr_carea' id='block_1_87' title="bbox 2199 2697 3784 2768">
    <p class='ocr_par' dir='ltr' id='par_1_87' title="bbox 2199 2697 3784 2768">
     <span class='ocr_line' id='line_1_87' title="bbox 2199 2697 3784 2768; baseline 0.001 -18"><span class='ocrx_word' id='word_1_649' title='bbox 2199 2707 2363 2751; x_wconf 89' lang='lat' dir='ltr'><strong>ctum.</strong></span> <span class='ocrx_word' id='word_1_650' title='bbox 2387 2697 2553 2752; x_wconf 65' lang='lat' dir='ltr'><strong>&#39;anct</strong></span> <span class='ocrx_word' id='word_1_651' title='bbox 2585 2707 2760 2752; x_wconf 88' lang='lat' dir='ltr'><strong>autem</strong></span> <span class='ocrx_word' id='word_1_652' title='bbox 2804 2697 2932 2752; x_wconf 89' lang='lat' dir='ltr'><strong>illud</strong></span> <span class='ocrx_word' id='word_1_653' title='bbox 2978 2697 3120 2768; x_wconf 91' lang='lat' dir='ltr'><strong>quod</strong></span> <span class='ocrx_word' id='word_1_654' title='bbox 3155 2698 3454 2752; x_wconf 92' lang='lat' dir='ltr'><strong>restituitur</strong></span> <span class='ocrx_word' id='word_1_655' title='bbox 3488 2697 3784 2753; x_wconf 64' lang='lat' dir='ltr'><strong>sacerdotii</strong></span> 
     </span>
    </p>
   </div>
   <div class='ocr_carea' id='block_1_88' title="bbox 2200 2787 3786 2857">
    <p class='ocr_par' dir='ltr' id='par_1_88' title="bbox 2200 2787 3786 2857">
     <span class='ocr_line' id='line_1_88' title="bbox 2200 2787 3786 2857; baseline 0 -17"><span class='ocrx_word' id='word_1_656' title='bbox 2200 2800 2338 2851; x_wconf 91' lang='lat' dir='ltr'><strong>esse,</strong></span> <span class='ocrx_word' id='word_1_657' title='bbox 2364 2787 2414 2840; x_wconf 92' lang='lat' dir='ltr'><strong>id</strong></span> <span class='ocrx_word' id='word_1_658' title='bbox 2440 2795 2540 2852; x_wconf 90' lang='lat' dir='ltr'><strong>est,</strong></span> <span class='ocrx_word' id='word_1_659' title='bbox 2567 2787 2737 2856; x_wconf 90' lang='lat' dir='ltr'><strong>ipsum</strong></span> <span class='ocrx_word' id='word_1_660' title='bbox 2761 2796 2921 2856; x_wconf 89' lang='lat' dir='ltr'><strong>caput</strong></span> <span class='ocrx_word' id='word_1_661' title='bbox 2939 2795 2992 2841; x_wconf 94' lang='lat' dir='ltr'><strong>et</strong></span> <span class='ocrx_word' id='word_1_662' title='bbox 3011 2787 3344 2857; x_wconf 87' lang='lat' dir='ltr'><strong>quintam,-si</strong></span> <span class='ocrx_word' id='word_1_663' title='bbox 3372 2803 3478 2842; x_wconf 87' lang='lat' dir='ltr'><strong>non</strong></span> <span class='ocrx_word' id='word_1_664' title='bbox 3505 2795 3586 2842; x_wconf 88' lang='lat' dir='ltr'><strong>est</strong></span> <span class='ocrx_word' id='word_1_665' title='bbox 3607 2787 3786 2856; x_wconf 73' lang='lat' dir='ltr'><strong>proxi-</strong></span> 
     </span>
    </p>
   </div>
   <div class='ocr_carea' id='block_1_89' title="bbox 2201 2877 3783 2948">
    <p class='ocr_par' dir='ltr' id='par_1_89' title="bbox 2201 2877 3783 2948">
     <span class='ocr_line' id='line_1_89' title="bbox 2201 2877 3783 2948; baseline -0.001 -16"><span class='ocrx_word' id='word_1_666' title='bbox 2201 2889 2320 2933; x_wconf 91' lang='lat' dir='ltr'><strong>mus</strong></span> <span class='ocrx_word' id='word_1_667' title='bbox 2353 2878 2404 2933; x_wconf 90' lang='lat' dir='ltr'><strong>ei</strong></span> <span class='ocrx_word' id='word_1_668' title='bbox 2454 2880 2505 2932; x_wconf 91' lang='lat' dir='ltr'><strong>in</strong></span> <span class='ocrx_word' id='word_1_669' title='bbox 2529 2893 2690 2948; x_wconf 92' lang='lat' dir='ltr'><strong>quem</strong></span> <span class='ocrx_word' id='word_1_670' title='bbox 2719 2879 3063 2933; x_wconf 91' lang='lat' dir='ltr'><strong>commissum</strong></span> <span class='ocrx_word' id='word_1_671' title='bbox 3088 2888 3190 2933; x_wconf 90' lang='lat' dir='ltr'><strong>est.</strong></span> <span class='ocrx_word' id='word_1_672' title='bbox 3238 2877 3339 2933; x_wconf 86' lang='lat' dir='ltr'><strong>Ubi</strong></span> <span class='ocrx_word' id='word_1_673' title='bbox 3367 2879 3549 2948; x_wconf 93' lang='lat' dir='ltr'><strong>utique</strong></span> <span class='ocrx_word' id='word_1_674' title='bbox 3578 2877 3783 2932; x_wconf 79' lang='lat' dir='ltr'><strong>intelli-</strong></span> 
     </span>
    </p>
   </div>
   <div class='ocr_carea' id='block_1_90' title="bbox 2201 2969 3785 3042">
    <p class='ocr_par' dir='ltr' id='par_1_90' title="bbox 2201 2969 3785 3042">
     <span class='ocr_line' id='line_1_90' title="bbox 2201 2969 3785 3042; baseline 0 -16"><span class='ocrx_word' id='word_1_675' title='bbox 2201 2971 2337 3042; x_wconf 85' lang='lat' dir='ltr'><strong>gitur</strong></span> <span class='ocrx_word' id='word_1_676' title='bbox 2365 2981 2488 3026; x_wconf 91' lang='lat' dir='ltr'><strong>tunc</strong></span> <span class='ocrx_word' id='word_1_677' title='bbox 2518 2971 2746 3025; x_wconf 88' lang='lat' dir='ltr'><strong>Domino</strong></span> <span class='ocrx_word' id='word_1_678' title='bbox 2775 2969 3104 3026; x_wconf 89' lang='lat' dir='ltr'><strong>reddendum</strong></span> <span class='ocrx_word' id='word_1_679' title='bbox 3131 2969 3271 3040; x_wconf 92' lang='lat' dir='ltr'><strong>quod</strong></span> <span class='ocrx_word' id='word_1_680' title='bbox 3299 2971 3368 3025; x_wconf 93' lang='lat' dir='ltr'><strong>sit</strong></span> <span class='ocrx_word' id='word_1_681' title='bbox 3392 2969 3706 3036; x_wconf 88' lang='lat' dir='ltr'><strong>sacerdotis,</strong></span> <span class='ocrx_word' id='word_1_682' title='bbox 3732 2970 3785 3026; x_wconf 88' lang='lat' dir='ltr'><strong>si</strong></span> 
     </span>
    </p>
   </div>
   <div class='ocr_carea' id='block_1_91' title="bbox 2203 3060 3787 3132">
    <p class='ocr_par' dir='ltr' id='par_1_91' title="bbox 2203 3060 3787 3132">
     <span class='ocr_line' id='line_1_91' title="bbox 2203 3060 3787 3132; baseline 0.001 -17"><span class='ocrx_word' id='word_1_683' title='bbox 2203 3061 2364 3116; x_wconf 83' lang='lat' dir='ltr'><strong>homo</strong></span> <span class='ocrx_word' id='word_1_684' title='bbox 2394 3062 2506 3132; x_wconf 91' lang='lat' dir='ltr'><strong>ipse</strong></span> <span class='ocrx_word' id='word_1_685' title='bbox 2535 3075 2641 3116; x_wconf 91' lang='lat' dir='ltr'><strong>non</strong></span> <span class='ocrx_word' id='word_1_686' title='bbox 2671 3061 2903 3131; x_wconf 89' lang='lat' dir='ltr'><strong>supersit</strong></span> <span class='ocrx_word' id='word_1_687' title='bbox 2928 3061 3018 3130; x_wconf 93' lang='lat' dir='ltr'><strong>qui</strong></span> <span class='ocrx_word' id='word_1_688' title='bbox 3049 3060 3300 3116; x_wconf 90' lang='lat' dir='ltr'><strong>damnum</strong></span> <span class='ocrx_word' id='word_1_689' title='bbox 3331 3075 3518 3130; x_wconf 90' lang='lat' dir='ltr'><strong>passus</strong></span> <span class='ocrx_word' id='word_1_690' title='bbox 3544 3068 3654 3126; x_wconf 88' lang='lat' dir='ltr'><strong>est,</strong></span> <span class='ocrx_word' id='word_1_691' title='bbox 3687 3074 3787 3116; x_wconf 82' lang='lat' dir='ltr'><strong>nec</strong></span> 
     </span>
    </p>
   </div>
   <div class='ocr_carea' id='block_1_92' title="bbox 2205 3151 3784 3222">
    <p class='ocr_par' dir='ltr' id='par_1_92' title="bbox 2205 3151 3784 3222">
     <span class='ocr_line' id='line_1_92' title="bbox 2205 3151 3784 3222; baseline 0.001 -17"><span class='ocrx_word' id='word_1_692' title='bbox 2205 3152 2476 3220; x_wconf 82' lang='lat' dir='ltr'><strong>proximus</strong></span> <span class='ocrx_word' id='word_1_693' title='bbox 2500 3151 2637 3221; x_wconf 88' lang='lat' dir='ltr'><strong>ejus,</strong></span> <span class='ocrx_word' id='word_1_694' title='bbox 2662 3167 2828 3222; x_wconf 88' lang='lat' dir='ltr'><strong>quem.</strong></span> <span class='ocrx_word' id='word_1_695' title='bbox 2848 3161 2975 3222; x_wconf 91' lang='lat' dir='ltr'><strong>puto</strong></span> <span class='ocrx_word' id='word_1_696' title='bbox 2997 3151 3263 3207; x_wconf 69' lang='lat' dir='ltr'><strong>hieredem</strong></span> <span class='ocrx_word' id='word_1_697' title='bbox 3289 3151 3511 3222; x_wconf 74' lang='lat' dir='ltr'><strong>intelligi</strong></span> <span class='ocrx_word' id='word_1_698' title='bbox 3528 3151 3784 3207; x_wconf 84' lang='lat' dir='ltr'><strong>voluisse.</strong></span> 
     </span>
    </p>
   </div>
   <div class='ocr_carea' id='block_1_93' title="bbox 2202 3241 3788 3312">
    <p class='ocr_par' dir='ltr' id='par_1_93' title="bbox 2202 3241 3788 3312">
     <span class='ocr_line' id='line_1_93' title="bbox 2202 3241 3788 3312; baseline -0.002 -15"><span class='ocrx_word' id='word_1_699' title='bbox 2202 3241 2310 3298; x_wconf 85' lang='lat' dir='ltr'><strong>Sed</strong></span> <span class='ocrx_word' id='word_1_700' title='bbox 2335 3242 2403 3297; x_wconf 90' lang='lat' dir='ltr'><strong>de</strong></span> <span class='ocrx_word' id='word_1_701' title='bbox 2431 3241 2546 3312; x_wconf 90' lang='lat' dir='ltr'><strong>ipso</strong></span> <span class='ocrx_word' id='word_1_702' title='bbox 2576 3242 2794 3297; x_wconf 89' lang='lat' dir='ltr'><strong>homine</strong></span> <span class='ocrx_word' id='word_1_703' title='bbox 2834 3243 2964 3297; x_wconf 88' lang='lat' dir='ltr'><strong>nihil</strong></span> <span class='ocrx_word' id='word_1_704' title='bbox 3003 3241 3139 3298; x_wconf 80' lang='lat' dir='ltr'><strong>dixit</strong></span> <span class='ocrx_word' id='word_1_705' title='bbox 3165 3241 3440 3311; x_wconf 87' lang='lat' dir='ltr'><strong>Scriptura</strong></span> <span class='ocrx_word' id='word_1_706' title='bbox 3469 3258 3484 3296; x_wconf 87' lang='lat'><strong>:</strong></span> <span class='ocrx_word' id='word_1_707' title='bbox 3517 3249 3788 3297; x_wconf 85' lang='lat' dir='ltr'><strong>verumta-</strong></span> 
     </span>
    </p>
   </div>
   <div class='ocr_carea' id='block_1_94' title="bbox 2204 3332 3795 3406">
    <p class='ocr_par' dir='ltr' id='par_1_94' title="bbox 2204 3332 3795 3406">
     <span class='ocr_line' id='line_1_94' title="bbox 2204 3332 3795 3406; baseline -0.001 -17"><span class='ocrx_word' id='word_1_708' title='bbox 2204 3349 2326 3389; x_wconf 86' lang='lat' dir='ltr'><strong>men</strong></span> <span class='ocrx_word' id='word_1_709' title='bbox 2355 3349 2473 3389; x_wconf 88' lang='lat' dir='ltr'><strong>cum</strong></span> <span class='ocrx_word' id='word_1_710' title='bbox 2500 3333 2650 3401; x_wconf 86' lang='lat' dir='ltr'><strong>dicit,</strong></span> <span class='ocrx_word' id='word_1_711' title='bbox 2677 3334 2739 3390; x_wconf 86' lang='lat' dir='ltr'><strong>Si</strong></span> <span class='ocrx_word' id='word_1_712' title='bbox 2758 3350 2860 3388; x_wconf 86' lang='lat' dir='ltr'><strong>non</strong></span> <span class='ocrx_word' id='word_1_713' title='bbox 2881 3334 2930 3388; x_wconf 88' lang='lat' dir='ltr'><strong>ei</strong></span> <span class='ocrx_word' id='word_1_714' title='bbox 2953 3335 3106 3404; x_wconf 77' lang='lat' dir='ltr'><strong>fuerit</strong></span> <span class='ocrx_word' id='word_1_715' title='bbox 3125 3334 3406 3406; x_wconf 70' lang='lat' dir='ltr'><strong>proximus,</strong></span> <span class='ocrx_word' id='word_1_716' title='bbox 3433 3334 3534 3390; x_wconf 79' lang='lat' dir='ltr'><strong>sub</strong></span> <span class='ocrx_word' id='word_1_717' title='bbox 3553 3334 3654 3389; x_wconf 81' lang='lat' dir='ltr'><strong>hac</strong></span> <span class='ocrx_word' id='word_1_718' title='bbox 3676 3332 3795 3388; x_wconf 76' lang='lat' dir='ltr'><strong>bro-</strong></span> 
     </span>
    </p>
   </div>
   <div class='ocr_carea' id='block_1_95' title="bbox 2203 3423 3794 3496">
    <p class='ocr_par' dir='ltr' id='par_1_95' title="bbox 2203 3423 3794 3496">
     <span class='ocr_line' id='line_1_95' title="bbox 2203 3423 3794 3496; baseline -0.003 -16"><span class='ocrx_word' id='word_1_719' title='bbox 2203 3425 2367 3481; x_wconf 89' lang='lat' dir='ltr'><strong>vitate</strong></span> <span class='ocrx_word' id='word_1_720' title='bbox 2397 3425 2661 3491; x_wconf 87' lang='lat' dir='ltr'><strong>insinuat,</strong></span> <span class='ocrx_word' id='word_1_721' title='bbox 2711 3435 2836 3480; x_wconf 86' lang='lat' dir='ltr'><strong>tunc</strong></span> <span class='ocrx_word' id='word_1_722' title='bbox 2859 3425 3029 3496; x_wconf 77' lang='lat' dir='ltr'><strong>quaeri</strong></span> <span class='ocrx_word' id='word_1_723' title='bbox 3057 3424 3356 3494; x_wconf 78' lang='lat' dir='ltr'><strong>proximum</strong></span> <span class='ocrx_word' id='word_1_724' title='bbox 3386 3423 3504 3494; x_wconf 91' lang='lat' dir='ltr'><strong>ejus</strong></span> <span class='ocrx_word' id='word_1_725' title='bbox 3528 3465 3545 3490; x_wconf 92' lang='lat'><strong>,</strong></span> <span class='ocrx_word' id='word_1_726' title='bbox 3591 3423 3634 3478; x_wconf 91' lang='lat' dir='ltr'><strong>si</strong></span> <span class='ocrx_word' id='word_1_727' title='bbox 3675 3423 3794 3492; x_wconf 80' lang='lat' dir='ltr'><strong>ipso</strong></span> 
     </span>
    </p>
   </div>
   <div class='ocr_carea' id='block_1_96' title="bbox 2205 3514 3788 3585">
    <p class='ocr_par' dir='ltr' id='par_1_96' title="bbox 2205 3514 3788 3585">
     <span class='ocr_line' id='line_1_96' title="bbox 2205 3514 3788 3585; baseline 0 -17"><span class='ocrx_word' id='word_1_728' title='bbox 2205 3530 2312 3569; x_wconf 92' lang='lat' dir='ltr'><strong>non</strong></span> <span class='ocrx_word' id='word_1_729' title='bbox 2337 3514 2514 3570; x_wconf 81' lang='lat' dir='ltr'><strong>fuerit.</strong></span> <span class='ocrx_word' id='word_1_730' title='bbox 2541 3514 2596 3570; x_wconf 89' lang='lat' dir='ltr'><strong>Si</strong></span> <span class='ocrx_word' id='word_1_731' title='bbox 2624 3524 2801 3570; x_wconf 90' lang='lat' dir='ltr'><strong>autem</strong></span> <span class='ocrx_word' id='word_1_732' title='bbox 2832 3529 2932 3570; x_wconf 93' lang='lat' dir='ltr'><strong>nec</strong></span> <span class='ocrx_word' id='word_1_733' title='bbox 2956 3516 3228 3585; x_wconf 77' lang='lat' dir='ltr'><strong>prosimus</strong></span> <span class='ocrx_word' id='word_1_734' title='bbox 3255 3517 3357 3571; x_wconf 92' lang='lat' dir='ltr'><strong>erit</strong></span> <span class='ocrx_word' id='word_1_735' title='bbox 3375 3555 3390 3579; x_wconf 96' lang='lat'><strong>,</strong></span> <span class='ocrx_word' id='word_1_736' title='bbox 3444 3515 3670 3570; x_wconf 90' lang='lat' dir='ltr'><strong>Domino</strong></span> <span class='ocrx_word' id='word_1_737' title='bbox 3694 3529 3788 3569; x_wconf 77' lang='lat' dir='ltr'><strong>re-</strong></span> 
     </span>
    </p>
   </div>
   <div class='ocr_carea' id='block_1_97' title="bbox 2205 3605 3790 3676">
    <p class='ocr_par' dir='ltr' id='par_1_97' title="bbox 2205 3605 3790 3676">
     <span class='ocr_line' id='line_1_97' title="bbox 2205 3605 3790 3676; baseline -0.001 -16"><span class='ocrx_word' id='word_1_738' title='bbox 2205 3607 2482 3672; x_wconf 90' lang='lat' dir='ltr'><strong>stituetur,</strong></span> <span class='ocrx_word' id='word_1_739' title='bbox 2537 3620 2604 3661; x_wconf 91' lang='lat' dir='ltr'><strong>ne</strong></span> <span class='ocrx_word' id='word_1_740' title='bbox 2643 3606 2956 3675; x_wconf 91' lang='lat' dir='ltr'><strong>impunitum</strong></span> <span class='ocrx_word' id='word_1_741' title='bbox 3007 3614 3280 3661; x_wconf 88' lang='lat' dir='ltr'><strong>remaneat</strong></span> <span class='ocrx_word' id='word_1_742' title='bbox 3315 3605 3456 3676; x_wconf 93' lang='lat' dir='ltr'><strong>quod</strong></span> <span class='ocrx_word' id='word_1_743' title='bbox 3498 3605 3790 3659; x_wconf 87' lang='lat' dir='ltr'><strong>admissum</strong></span> 
     </span>
    </p>
   </div>
   <div class='ocr_carea' id='block_1_98' title="bbox 2206 3695 3794 3768">
    <p class='ocr_par' dir='ltr' id='par_1_98' title="bbox 2206 3695 3794 3768">
     <span class='ocr_line' id='line_1_98' title="bbox 2206 3695 3794 3768; baseline -0.003 -14"><span class='ocrx_word' id='word_1_744' title='bbox 2206 3709 2290 3754; x_wconf 89' lang='lat' dir='ltr'><strong>est</strong></span> <span class='ocrx_word' id='word_1_745' title='bbox 2319 3715 2332 3751; x_wconf 91' lang='lat'><strong>:</strong></span> <span class='ocrx_word' id='word_1_746' title='bbox 2361 3697 2504 3768; x_wconf 89' lang='lat' dir='ltr'><strong>quod</strong></span> <span class='ocrx_word' id='word_1_747' title='bbox 2548 3707 2727 3752; x_wconf 89' lang='lat' dir='ltr'><strong>tamen</strong></span> <span class='ocrx_word' id='word_1_748' title='bbox 2757 3712 2861 3752; x_wconf 93' lang='lat' dir='ltr'><strong>non</strong></span> <span class='ocrx_word' id='word_1_749' title='bbox 2885 3697 3043 3753; x_wconf 89' lang='lat' dir='ltr'><strong>cedat</strong></span> <span class='ocrx_word' id='word_1_750' title='bbox 3091 3697 3143 3752; x_wconf 92' lang='lat' dir='ltr'><strong>in</strong></span> <span class='ocrx_word' id='word_1_751' title='bbox 3190 3696 3510 3752; x_wconf 85' lang='lat' dir='ltr'><strong>sacriﬁcium</strong></span> <span class='ocrx_word' id='word_1_752' title='bbox 3531 3737 3546 3760; x_wconf 92' lang='lat'><strong>,</strong></span> <span class='ocrx_word' id='word_1_753' title='bbox 3590 3695 3684 3750; x_wconf 91' lang='lat' dir='ltr'><strong>sed</strong></span> <span class='ocrx_word' id='word_1_754' title='bbox 3720 3697 3794 3750; x_wconf 90' lang='lat' dir='ltr'><strong>sit</strong></span> 
     </span>
    </p>
   </div>
   <div class='ocr_carea' id='block_1_99' title="bbox 2207 3785 3791 3857">
    <p class='ocr_par' dir='ltr' id='par_1_99' title="bbox 2207 3785 3791 3857">
     <span class='ocr_line' id='line_1_99' title="bbox 2207 3785 3791 3857; baseline -0.004 -11"><span class='ocrx_word' id='word_1_755' title='bbox 2207 3789 2521 3846; x_wconf 88' lang='lat' dir='ltr'><strong>sacerdotis.</strong></span> <span class='ocrx_word' id='word_1_756' title='bbox 2565 3789 2655 3844; x_wconf 92' lang='lat' dir='ltr'><strong>Sic</strong></span> <span class='ocrx_word' id='word_1_757' title='bbox 2707 3803 2836 3844; x_wconf 89' lang='lat' dir='ltr'><strong>sane</strong></span> <span class='ocrx_word' id='word_1_758' title='bbox 2887 3788 3049 3844; x_wconf 90' lang='lat' dir='ltr'><strong>verba</strong></span> <span class='ocrx_word' id='word_1_759' title='bbox 3085 3787 3374 3857; x_wconf 75' lang='lat' dir='ltr'><strong>Scriptura:</strong></span> <span class='ocrx_word' id='word_1_760' title='bbox 3419 3785 3791 3857; x_wconf 79' lang='lat' dir='ltr'><strong>distinguenda</strong></span> 
     </span>
    </p>
   </div>
   <div class='ocr_carea' id='block_1_100' title="bbox 2207 3875 3792 3949">
    <p class='ocr_par' dir='ltr' id='par_1_100' title="bbox 2207 3875 3792 3949">
     <span class='ocr_line' id='line_1_100' title="bbox 2207 3875 3792 3949; baseline -0.004 -14"><span class='ocrx_word' id='word_1_761' title='bbox 2207 3889 2360 3943; x_wconf 90' lang='lat' dir='ltr'><strong>sunt,</strong></span> <span class='ocrx_word' id='word_1_762' title='bbox 2394 3880 2458 3934; x_wconf 85' lang='lat' dir='ltr'><strong>Si</strong></span> <span class='ocrx_word' id='word_1_763' title='bbox 2474 3889 2641 3932; x_wconf 87' lang='lat' dir='ltr'><strong>autem</strong></span> <span class='ocrx_word' id='word_1_764' title='bbox 2663 3894 2763 3932; x_wconf 88' lang='lat' dir='ltr'><strong>non</strong></span> <span class='ocrx_word' id='word_1_765' title='bbox 2784 3878 2934 3949; x_wconf 77' lang='lat' dir='ltr'><strong>fuerit</strong></span> <span class='ocrx_word' id='word_1_766' title='bbox 2959 3877 3152 3932; x_wconf 87' lang='lat' dir='ltr'><strong>homini</strong></span> <span class='ocrx_word' id='word_1_767' title='bbox 3177 3877 3566 3946; x_wconf 72' lang='lat' dir='ltr'><strong>proximus,_ita</strong></span> <span class='ocrx_word' id='word_1_768' title='bbox 3593 3885 3646 3929; x_wconf 91' lang='lat' dir='ltr'><strong>ut</strong></span> <span class='ocrx_word' id='word_1_769' title='bbox 3670 3875 3792 3929; x_wconf 87' lang='lat' dir='ltr'><strong>red-</strong></span> 
     </span>
    </p>
   </div>
   <div class='ocr_carea' id='block_1_101' title="bbox 2207 3966 3791 4042">
    <p class='ocr_par' dir='ltr' id='par_1_101' title="bbox 2207 3966 3791 4042">
     <span class='ocr_line' id='line_1_101' title="bbox 2207 3966 3791 4042; baseline -0.003 -16"><span class='ocrx_word' id='word_1_770' title='bbox 2207 3973 2296 4026; x_wconf 89' lang='lat' dir='ltr'><strong>dat</strong></span> <span class='ocrx_word' id='word_1_771' title='bbox 2323 3971 2401 4026; x_wconf 90' lang='lat' dir='ltr'><strong>illi</strong></span> <span class='ocrx_word' id='word_1_772' title='bbox 2444 3971 2682 4025; x_wconf 78' lang='lat' dir='ltr'><strong>delictum</strong></span> <span class='ocrx_word' id='word_1_773' title='bbox 2729 3970 2798 4024; x_wconf 91' lang='lat' dir='ltr'><strong>ad</strong></span> <span class='ocrx_word' id='word_1_774' title='bbox 2826 3971 2992 4042; x_wconf 84' lang='lat' dir='ltr'><strong>ipsum</strong></span> <span class='ocrx_word' id='word_1_775' title='bbox 3012 3985 3032 4024; x_wconf 91' lang='lat'><strong><em>:</em></strong></span> <span class='ocrx_word' id='word_1_776' title='bbox 3056 3969 3337 4025; x_wconf 88' lang='lat' dir='ltr'><strong>locutionis</strong></span> <span class='ocrx_word' id='word_1_777' title='bbox 3365 3977 3449 4023; x_wconf 90' lang='lat' dir='ltr'><strong>est</strong></span> <span class='ocrx_word' id='word_1_778' title='bbox 3476 3968 3616 4022; x_wconf 91' lang='lat' dir='ltr'><strong>enim</strong></span> <span class='ocrx_word' id='word_1_779' title='bbox 3648 3966 3791 4038; x_wconf 87' lang='lat' dir='ltr'><strong>quod</strong></span> 
     </span>
    </p>
   </div>
   <div class='ocr_carea' id='block_1_102' title="bbox 2208 4055 3794 4130">
    <p class='ocr_par' dir='ltr' id='par_1_102' title="bbox 2208 4055 3794 4130">
     <span class='ocr_line' id='line_1_102' title="bbox 2208 4055 3794 4130; baseline -0.003 -16"><span class='ocrx_word' id='word_1_780' title='bbox 2208 4060 2444 4124; x_wconf 88' lang='lat' dir='ltr'><strong>addidit,</strong></span> <span class='ocrx_word' id='word_1_781' title='bbox 2475 4059 2542 4112; x_wconf 89' lang='lat' dir='ltr'><strong>ad</strong></span> <span class='ocrx_word' id='word_1_782' title='bbox 2568 4060 2732 4130; x_wconf 83' lang='lat' dir='ltr'><strong>ipsum</strong></span> <span class='ocrx_word' id='word_1_783' title='bbox 2753 4075 2774 4123; x_wconf 90' lang='lat'><strong>;</strong></span> <span class='ocrx_word' id='word_1_784' title='bbox 2802 4066 2896 4113; x_wconf 89' lang='lat' dir='ltr'><strong>aut</strong></span> <span class='ocrx_word' id='word_1_785' title='bbox 2921 4057 3054 4114; x_wconf 81' lang='lat' dir='ltr'><strong>forte</strong></span> <span class='ocrx_word' id='word_1_786' title='bbox 3081 4058 3148 4111; x_wconf 89' lang='lat' dir='ltr'><strong>ad</strong></span> <span class='ocrx_word' id='word_1_787' title='bbox 3176 4058 3344 4129; x_wconf 85' lang='lat' dir='ltr'><strong>ipsum</strong></span> <span class='ocrx_word' id='word_1_788' title='bbox 3369 4056 3532 4123; x_wconf 75' lang='lat' dir='ltr'><strong>dixit,</strong></span> <span class='ocrx_word' id='word_1_789' title='bbox 3554 4055 3694 4126; x_wconf 90' lang='lat' dir='ltr'><strong>quod</strong></span> <span class='ocrx_word' id='word_1_790' title='bbox 3723 4055 3794 4110; x_wconf 84' lang='lat' dir='ltr'><strong>ad</strong></span> 
     </span>
    </p>
   </div>
   <div class='ocr_carea' id='block_1_103' title="bbox 2210 4145 3796 4222">
    <p class='ocr_par' dir='ltr' id='par_1_103' title="bbox 2210 4145 3796 4222">
     <span class='ocr_line' id='line_1_103' title="bbox 2210 4145 3796 4222; baseline -0.005 -16"><span class='ocrx_word' id='word_1_791' title='bbox 2210 4152 2381 4222; x_wconf 90' lang='lat' dir='ltr'><strong>ipsum</strong></span> <span class='ocrx_word' id='word_1_792' title='bbox 2414 4150 2709 4220; x_wconf 87' lang='lat' dir='ltr'><strong>pertineat,</strong></span> <span class='ocrx_word' id='word_1_793' title='bbox 2741 4149 2792 4204; x_wconf 93' lang='lat' dir='ltr'><strong>id</strong></span> <span class='ocrx_word' id='word_1_794' title='bbox 2817 4157 2899 4204; x_wconf 90' lang='lat' dir='ltr'><strong>est</strong></span> <span class='ocrx_word' id='word_1_795' title='bbox 2927 4149 3041 4218; x_wconf 87' lang='lat' dir='ltr'><strong>ipse</strong></span> <span class='ocrx_word' id='word_1_796' title='bbox 3067 4146 3360 4219; x_wconf 88' lang='lat' dir='ltr'><strong>possideat.</strong></span> <span class='ocrx_word' id='word_1_797' title='bbox 3393 4145 3594 4201; x_wconf 92' lang='lat' dir='ltr'><strong>Deinde</strong></span> <span class='ocrx_word' id='word_1_798' title='bbox 3617 4145 3796 4214; x_wconf 87' lang='lat' dir='ltr'><strong>sequi-</strong></span> 
     </span>
    </p>
   </div>
   <div class='ocr_carea' id='block_1_104' title="bbox 2211 4237 3796 4311">
    <p class='ocr_par' dir='ltr' id='par_1_104' title="bbox 2211 4237 3796 4311">
     <span class='ocr_line' id='line_1_104' title="bbox 2211 4237 3796 4311; baseline -0.004 -14"><span class='ocrx_word' id='word_1_799' title='bbox 2211 4250 2296 4297; x_wconf 87' lang='lat' dir='ltr'><strong>tur</strong></span> <span class='ocrx_word' id='word_1_800' title='bbox 2315 4283 2330 4306; x_wconf 95' lang='lat'><strong>,</strong></span> <span class='ocrx_word' id='word_1_801' title='bbox 2375 4241 2631 4296; x_wconf 83' lang='lat' dir='ltr'><strong>Delictum</strong></span> <span class='ocrx_word' id='word_1_802' title='bbox 2673 4240 2812 4311; x_wconf 81' lang='lat' dir='ltr'><strong>quod</strong></span> <span class='ocrx_word' id='word_1_803' title='bbox 2852 4240 3082 4294; x_wconf 89' lang='lat' dir='ltr'><strong>redditur</strong></span> <span class='ocrx_word' id='word_1_804' title='bbox 3113 4237 3354 4303; x_wconf 87' lang='lat' dir='ltr'><strong>Domino,</strong></span> <span class='ocrx_word' id='word_1_805' title='bbox 3380 4238 3627 4293; x_wconf 84' lang='lat' dir='ltr'><strong>sacerdoti</strong></span> <span class='ocrx_word' id='word_1_806' title='bbox 3659 4237 3753 4292; x_wconf 85' lang='lat' dir='ltr'><strong>erit</strong></span> <span class='ocrx_word' id='word_1_807' title='bbox 3776 4252 3796 4290; x_wconf 92' lang='lat'><strong><em>:</em></strong></span> 
     </span>
    </p>
   </div>
   <div class='ocr_carea' id='block_1_105' title="bbox 2209 4330 3797 4400">
    <p class='ocr_par' dir='ltr' id='par_1_105' title="bbox 2209 4330 3797 4400">
     <span class='ocr_line' id='line_1_105' title="bbox 2209 4330 3797 4400; baseline -0.003 -13"><span class='ocrx_word' id='word_1_808' title='bbox 2209 4333 2466 4388; x_wconf 89' lang='lat' dir='ltr'><strong>delictum</strong></span> <span class='ocrx_word' id='word_1_809' title='bbox 2493 4342 2674 4387; x_wconf 88' lang='lat' dir='ltr'><strong>autem</strong></span> <span class='ocrx_word' id='word_1_810' title='bbox 2714 4332 2877 4400; x_wconf 88' lang='lat' dir='ltr'><strong>dicit,</strong></span> <span class='ocrx_word' id='word_1_811' title='bbox 2903 4346 3026 4386; x_wconf 90' lang='lat' dir='ltr'><strong>cum</strong></span> <span class='ocrx_word' id='word_1_812' title='bbox 3068 4330 3305 4396; x_wconf 90' lang='lat' dir='ltr'><strong>redditur</strong></span> <span class='ocrx_word' id='word_1_813' title='bbox 3331 4345 3395 4386; x_wconf 89' lang='lat' dir='ltr'><strong>ea</strong></span> <span class='ocrx_word' id='word_1_814' title='bbox 3441 4345 3527 4386; x_wconf 89' lang='lat' dir='ltr'><strong>res</strong></span> <span class='ocrx_word' id='word_1_815' title='bbox 3553 4345 3670 4400; x_wconf 67' lang='lat' dir='ltr'><strong>quae</strong></span> <span class='ocrx_word' id='word_1_816' title='bbox 3699 4343 3797 4399; x_wconf 87' lang='lat' dir='ltr'><strong>per</strong></span> 
     </span>
    </p>
   </div>
   <div class='ocr_carea' id='block_1_106' title="bbox 2194 4421 2792 4482">
    <p class='ocr_par' dir='ltr' id='par_1_106' title="bbox 2194 4421 2792 4482">
     <span class='ocr_line' id='line_1_106' title="bbox 2194 4421 2792 4482; baseline 0 -8"><span class='ocrx_word' id='word_1_817' title='bbox 2194 4421 2460 4482; x_wconf 90' lang='lat' dir='ltr'><strong>delictum</strong></span> <span class='ocrx_word' id='word_1_818' title='bbox 2491 4421 2662 4475; x_wconf 84' lang='lat' dir='ltr'><strong>ablata</strong></span> <span class='ocrx_word' id='word_1_819' title='bbox 2692 4431 2792 4476; x_wconf 89' lang='lat' dir='ltr'><strong>est.</strong></span> 
     </span>
    </p>
   </div>
   <div class='ocr_carea' id='block_1_107' title="bbox 2283 4511 3796 4586">
    <p class='ocr_par' dir='ltr' id='par_1_107' title="bbox 2283 4511 3796 4586">
     <span class='ocr_line' id='line_1_107' title="bbox 2283 4511 3796 4586; baseline -0.002 -17"><span class='ocrx_word' id='word_1_820' title='bbox 2283 4514 2350 4569; x_wconf 82' lang='grc' dir='ltr'><strong>Χ.</strong></span> <span class='ocrx_word' id='word_1_821' title='bbox 2378 4511 2482 4586; x_wconf 86' lang='grc'><strong>[11).</strong></span> <span class='ocrx_word' id='word_1_822' title='bbox 2510 4530 2564 4581; x_wconf 89' lang='lat' dir='ltr'><strong>v,</strong></span> <span class='ocrx_word' id='word_1_823' title='bbox 2597 4514 2651 4578; x_wconf 82' lang='lat'><strong>6,</strong></span> <span class='ocrx_word' id='word_1_824' title='bbox 2676 4513 2754 4586; x_wconf 86' lang='lat'><strong>7.]</strong></span> <span class='ocrx_word' id='word_1_825' title='bbox 2796 4513 2970 4582; x_wconf 74' lang='lat' dir='ltr'><strong>Quaeri</strong></span> <span class='ocrx_word' id='word_1_826' title='bbox 2992 4521 3169 4568; x_wconf 90' lang='lat' dir='ltr'><strong>autem</strong></span> <span class='ocrx_word' id='word_1_827' title='bbox 3198 4520 3402 4582; x_wconf 89' lang='lat' dir='ltr'><strong>potest,</strong></span> <span class='ocrx_word' id='word_1_828' title='bbox 3431 4511 3699 4582; x_wconf 88' lang='lat' dir='ltr'><strong>quomodo</strong></span> <span class='ocrx_word' id='word_1_829' title='bbox 3738 4511 3796 4566; x_wconf 88' lang='lat' dir='ltr'><strong>in</strong></span> 
     </span>
    </p>
   </div>
   <div class='ocr_carea' id='block_1_108' title="bbox 2212 4602 3796 4672">
    <p class='ocr_par' dir='ltr' id='par_1_108' title="bbox 2212 4602 3796 4672">
     <span class='ocr_line' id='line_1_108' title="bbox 2212 4602 3796 4672; baseline -0.003 -12"><span class='ocrx_word' id='word_1_830' title='bbox 2212 4603 2396 4660; x_wconf 80' lang='lat' dir='ltr'><strong>Exodo</strong></span> <span class='ocrx_word' id='word_1_831' title='bbox 2430 4603 2661 4672; x_wconf 88' lang='lat' dir='ltr'><strong>dicitur,</strong></span> <span class='ocrx_word' id='word_1_832' title='bbox 2706 4604 2751 4659; x_wconf 89' lang='lat' dir='ltr'><strong>si</strong></span> <span class='ocrx_word' id='word_1_833' title='bbox 2805 4603 2925 4672; x_wconf 90' lang='lat' dir='ltr'><strong>quis</strong></span> <span class='ocrx_word' id='word_1_834' title='bbox 2970 4602 3176 4658; x_wconf 80' lang='lat' dir='ltr'><strong>furatus</strong></span> <span class='ocrx_word' id='word_1_835' title='bbox 3217 4603 3377 4662; x_wconf 77' lang='lat' dir='ltr'><strong>fuerit</strong></span> <span class='ocrx_word' id='word_1_836' title='bbox 3424 4602 3647 4656; x_wconf 89' lang='lat' dir='ltr'><strong>vitulum</strong></span> <span class='ocrx_word' id='word_1_837' title='bbox 3702 4611 3796 4656; x_wconf 86' lang='lat' dir='ltr'><strong>aut</strong></span> 
     </span>
    </p>
   </div>
   <div class='ocr_carea' id='block_1_109' title="bbox 2211 4695 3799 4765">
    <p class='ocr_par' dir='ltr' id='par_1_109' title="bbox 2211 4695 3799 4765">
     <span class='ocr_line' id='line_1_109' title="bbox 2211 4695 3799 4765; baseline -0.003 -13"><span class='ocrx_word' id='word_1_838' title='bbox 2211 4712 2395 4759; x_wconf 88' lang='lat' dir='ltr'><strong>ovem.</strong></span> <span class='ocrx_word' id='word_1_839' title='bbox 2434 4699 2714 4751; x_wconf 89' lang='lat' dir='ltr'><strong>restituere</strong></span> <span class='ocrx_word' id='word_1_840' title='bbox 2743 4696 2939 4750; x_wconf 90' lang='lat' dir='ltr'><strong>debere</strong></span> <span class='ocrx_word' id='word_1_841' title='bbox 2967 4697 3202 4765; x_wconf 89' lang='lat' dir='ltr'><strong>quinque</strong></span> <span class='ocrx_word' id='word_1_842' title='bbox 3237 4697 3430 4750; x_wconf 91' lang='lat' dir='ltr'><strong>vitulos</strong></span> <span class='ocrx_word' id='word_1_843' title='bbox 3458 4695 3542 4750; x_wconf 87' lang='lat' dir='ltr'><strong>vel</strong></span> <span class='ocrx_word' id='word_1_844' title='bbox 3568 4705 3799 4765; x_wconf 90' lang='lat' dir='ltr'><strong>quatuor</strong></span> 
     </span>
    </p>
   </div>
   <div class='ocr_carea' id='block_1_110' title="bbox 2212 4785 3800 4854">
    <p class='ocr_par' dir='ltr' id='par_1_110' title="bbox 2212 4785 3800 4854">
     <span class='ocr_line' id='line_1_110' title="bbox 2212 4785 3800 4854; baseline -0.003 -12"><span class='ocrx_word' id='word_1_845' title='bbox 2212 4803 2361 4853; x_wconf 92' lang='lat' dir='ltr'><strong>oves,</strong></span> <span class='ocrx_word' id='word_1_846' title='bbox 2384 4789 2428 4841; x_wconf 92' lang='lat' dir='ltr'><strong>si</strong></span> <span class='ocrx_word' id='word_1_847' title='bbox 2458 4787 2730 4852; x_wconf 84' lang='lat' dir='ltr'><strong>occiderit,</strong></span> <span class='ocrx_word' id='word_1_848' title='bbox 2761 4795 2855 4840; x_wconf 89' lang='lat' dir='ltr'><strong>aut</strong></span> <span class='ocrx_word' id='word_1_849' title='bbox 2879 4786 3210 4850; x_wconf 88' lang='lat' dir='ltr'><strong>vendiderit;</strong></span> <span class='ocrx_word' id='word_1_850' title='bbox 3239 4786 3284 4840; x_wconf 90' lang='lat' dir='ltr'><strong>si</strong></span> <span class='ocrx_word' id='word_1_851' title='bbox 3307 4794 3482 4841; x_wconf 89' lang='lat' dir='ltr'><strong>autem</strong></span> <span class='ocrx_word' id='word_1_852' title='bbox 3504 4785 3645 4854; x_wconf 92' lang='lat' dir='ltr'><strong>quod</strong></span> <span class='ocrx_word' id='word_1_853' title='bbox 3675 4786 3800 4838; x_wconf 84' lang='lat' dir='ltr'><strong>abs-</strong></span> 
     </span>
    </p>
   </div>
   <div class='ocr_carea' id='block_1_111' title="bbox 2213 4875 3796 4947">
    <p class='ocr_par' dir='ltr' id='par_1_111' title="bbox 2213 4875 3796 4947">
     <span class='ocr_line' id='line_1_111' title="bbox 2213 4875 3796 4947; baseline -0.004 -12"><span class='ocrx_word' id='word_1_854' title='bbox 2213 4881 2424 4945; x_wconf 86' lang='lat' dir='ltr'><strong>tulerit,</strong></span> <span class='ocrx_word' id='word_1_855' title='bbox 2469 4879 2677 4934; x_wconf 85' lang='lat' dir='ltr'><strong>salvum</strong></span> <span class='ocrx_word' id='word_1_856' title='bbox 2731 4877 2868 4947; x_wconf 91' lang='lat' dir='ltr'><strong>apud</strong></span> <span class='ocrx_word' id='word_1_857' title='bbox 2899 4893 3022 4932; x_wconf 92' lang='lat' dir='ltr'><strong>eum</strong></span> <span class='ocrx_word' id='word_1_858' title='bbox 3063 4877 3359 4946; x_wconf 90' lang='lat' dir='ltr'><strong>reperitur,</strong></span> <span class='ocrx_word' id='word_1_859' title='bbox 3408 4875 3625 4947; x_wconf 89' lang='lat' dir='ltr'><strong>duplum</strong></span> <span class='ocrx_word' id='word_1_860' title='bbox 3671 4889 3796 4928; x_wconf 86' lang='lat' dir='ltr'><strong>esse</strong></span> 
     </span>
    </p>
   </div>
   <div class='ocr_carea' id='block_1_112' title="bbox 2213 4966 3795 5040">
    <p class='ocr_par' dir='ltr' id='par_1_112' title="bbox 2213 4966 3795 5040">
     <span class='ocr_line' id='line_1_112' title="bbox 2213 4966 3795 5040; baseline -0.005 -14"><span class='ocrx_word' id='word_1_861' title='bbox 2213 4970 2599 5026; x_wconf 88' lang='lat' dir='ltr'><strong>restituendum</strong></span> <span class='ocrx_word' id='word_1_862' title='bbox 2631 4968 2824 5040; x_wconf 77' lang='lat' dir='ltr'><strong>(Exod.</strong></span> <span class='ocrx_word' id='word_1_863' title='bbox 2855 4983 3006 5032; x_wconf 66' lang='grc' dir='ltr'>χχιι,</span> <span class='ocrx_word' id='word_1_864' title='bbox 3057 4969 3110 5029; x_wconf 84' lang='lat' dir='ltr'><strong>l,</strong></span> <span class='ocrx_word' id='word_1_865' title='bbox 3152 4967 3248 5038; x_wconf 67' lang='lat'><strong>4):</strong></span> <span class='ocrx_word' id='word_1_866' title='bbox 3281 4983 3405 5022; x_wconf 88' lang='lat' dir='ltr'><strong>cum</strong></span> <span class='ocrx_word' id='word_1_867' title='bbox 3447 4967 3533 5020; x_wconf 87' lang='lat' dir='ltr'><strong>hic</strong></span> <span class='ocrx_word' id='word_1_868' title='bbox 3584 4966 3795 5021; x_wconf 87' lang='lat' dir='ltr'><strong>restitui</strong></span> 
     </span>
    </p>
   </div>
   <div class='ocr_carea' id='block_1_113' title="bbox 2207 5055 3798 5131">
    <p class='ocr_par' dir='ltr' id='par_1_113' title="bbox 2207 5055 3798 5131">
     <span class='ocr_line' id='line_1_113' title="bbox 2207 5055 3798 5131; baseline -0.003 -17"><span class='ocrx_word' id='word_1_869' title='bbox 2207 5061 2394 5131; x_wconf 88' lang='lat' dir='ltr'><strong>jubeat</strong></span> <span class='ocrx_word' id='word_1_870' title='bbox 2421 5072 2582 5128; x_wconf 89' lang='lat' dir='ltr'><strong>caput</strong></span> <span class='ocrx_word' id='word_1_871' title='bbox 2606 5068 2661 5113; x_wconf 90' lang='lat' dir='ltr'><strong>et</strong></span> <span class='ocrx_word' id='word_1_872' title='bbox 2688 5058 2923 5128; x_wconf 87' lang='lat' dir='ltr'><strong>quintam</strong></span> <span class='ocrx_word' id='word_1_873' title='bbox 2949 5099 2964 5121; x_wconf 91' lang='lat'><strong>,</strong></span> <span class='ocrx_word' id='word_1_874' title='bbox 2996 5057 3137 5126; x_wconf 87' lang='lat' dir='ltr'><strong>quod</strong></span> <span class='ocrx_word' id='word_1_875' title='bbox 3157 5057 3313 5126; x_wconf 87' lang='lat' dir='ltr'><strong>longe</strong></span> <span class='ocrx_word' id='word_1_876' title='bbox 3337 5065 3418 5111; x_wconf 88' lang='lat' dir='ltr'><strong>est</strong></span> <span class='ocrx_word' id='word_1_877' title='bbox 3442 5057 3603 5119; x_wconf 86' lang='lat' dir='ltr'><strong>etiam</strong></span> <span class='ocrx_word' id='word_1_878' title='bbox 3632 5071 3660 5108; x_wconf 92' lang='lat' dir='ltr'><strong>a</strong></span> <span class='ocrx_word' id='word_1_879' title='bbox 3689 5055 3798 5109; x_wconf 82' lang='lat' dir='ltr'><strong>du-</strong></span> 
     </span>
    </p>
   </div>
   <div class='ocr_carea' id='block_1_114' title="bbox 2213 5145 3796 5223">
    <p class='ocr_par' dir='ltr' id='par_1_114' title="bbox 2213 5145 3796 5223">
     <span class='ocr_line' id='line_1_114' title="bbox 2213 5145 3796 5223; baseline -0.006 -16"><span class='ocrx_word' id='word_1_880' title='bbox 2213 5154 2335 5223; x_wconf 90' lang='lat' dir='ltr'><strong>plo;</strong></span> <span class='ocrx_word' id='word_1_881' title='bbox 2379 5161 2578 5221; x_wconf 89' lang='lat' dir='ltr'><strong>quanto</strong></span> <span class='ocrx_word' id='word_1_882' title='bbox 2623 5149 2790 5219; x_wconf 90' lang='lat' dir='ltr'><strong>magis</strong></span> <span class='ocrx_word' id='word_1_883' title='bbox 2815 5167 2844 5203; x_wconf 90' lang='lat' dir='ltr'><strong>a</strong></span> <span class='ocrx_word' id='word_1_884' title='bbox 2870 5149 3165 5220; x_wconf 89' lang='lat' dir='ltr'><strong>quadruplo</strong></span> <span class='ocrx_word' id='word_1_885' title='bbox 3189 5147 3272 5202; x_wconf 91' lang='lat' dir='ltr'><strong>vel</strong></span> <span class='ocrx_word' id='word_1_886' title='bbox 3290 5149 3584 5217; x_wconf 87' lang='lat' dir='ltr'><strong>quinquies</strong></span> <span class='ocrx_word' id='word_1_887' title='bbox 3608 5145 3796 5200; x_wconf 76' lang='lat' dir='ltr'><strong>tanto?</strong></span> 
     </span>
    </p>
   </div>
   <div class='ocr_carea' id='block_1_115' title="bbox 2212 5229 3799 5310">
    <p class='ocr_par' dir='ltr' id='par_1_115' title="bbox 2212 5229 3799 5310">
     <span class='ocr_line' id='line_1_115' title="bbox 2212 5229 3799 5310; baseline -0.005 -14"><span class='ocrx_word' id='word_1_888' title='bbox 2212 5242 2322 5296; x_wconf 88' lang='lat' dir='ltr'><strong>Nisi</strong></span> <span class='ocrx_word' id='word_1_889' title='bbox 2350 5241 2486 5296; x_wconf 81' lang='lat' dir='ltr'><strong>forte</strong></span> <span class='ocrx_word' id='word_1_890' title='bbox 2513 5240 2634 5310; x_wconf 84' lang='lat' dir='ltr'><strong>quia</strong></span> <span class='ocrx_word' id='word_1_891' title='bbox 2667 5239 2752 5293; x_wconf 88' lang='lat' dir='ltr'><strong>hic</strong></span> <span class='ocrx_word' id='word_1_892' title='bbox 2777 5239 2886 5303; x_wconf 89' lang='lat' dir='ltr'><strong>ait,</strong></span> <span class='ocrx_word' id='word_1_893' title='bbox 2930 5238 3038 5304; x_wconf 85' lang='lat' dir='ltr'><strong>Vir,</strong></span> <span class='ocrx_word' id='word_1_894' title='bbox 3066 5247 3152 5292; x_wconf 89' lang='lat' dir='ltr'><strong>aut</strong></span> <span class='ocrx_word' id='word_1_895' title='bbox 3175 5237 3374 5304; x_wconf 84' lang='lat' dir='ltr'><strong>mulier,</strong></span> <span class='ocrx_word' id='word_1_896' title='bbox 3401 5229 3699 5308; x_wconf 87' lang='lat' dir='ltr'><strong>quicumque</strong></span> <span class='ocrx_word' id='word_1_897' title='bbox 3717 5239 3799 5306; x_wconf 76' lang='lat' dir='ltr'><strong>fe-</strong></span> 
     </span>
    </p>
   </div>
   <div class='ocr_carea' id='block_1_116' title="bbox 2213 5325 3800 5397">
    <p class='ocr_par' dir='ltr' id='par_1_116' title="bbox 2213 5325 3800 5397">
     <span class='ocr_line' id='line_1_116' title="bbox 2213 5325 3800 5397; baseline -0.006 -9"><span class='ocrx_word' id='word_1_898' title='bbox 2213 5334 2335 5388; x_wconf 86' lang='lat' dir='ltr'><strong>cerit</strong></span> <span class='ocrx_word' id='word_1_899' title='bbox 2367 5333 2430 5386; x_wconf 84' lang='lat' dir='ltr'><strong>ah</strong></span> <span class='ocrx_word' id='word_1_900' title='bbox 2453 5330 2683 5384; x_wconf 84' lang='lat' dir='ltr'><strong>omnibus</strong></span> <span class='ocrx_word' id='word_1_901' title='bbox 2710 5331 2922 5397; x_wconf 85' lang='lat' dir='ltr'><strong>peccatis</strong></span> <span class='ocrx_word' id='word_1_902' title='bbox 2944 5329 3214 5389; x_wconf 81' lang='lat' dir='ltr'><strong>humanis,</strong></span> <span class='ocrx_word' id='word_1_903' title='bbox 3241 5336 3454 5396; x_wconf 87' lang='lat' dir='ltr'><strong>peccata</strong></span> <span class='ocrx_word' id='word_1_904' title='bbox 3485 5325 3800 5396; x_wconf 67' lang='lat' dir='ltr'><strong>ignorantia:</strong></span> 
     </span>
    </p>
   </div>
   <div class='ocr_carea' id='block_1_117' title="bbox 2215 5418 3801 5492">
    <p class='ocr_par' dir='ltr' id='par_1_117' title="bbox 2215 5418 3801 5492">
     <span class='ocr_line' id='line_1_117' title="bbox 2215 5418 3801 5492; baseline -0.003 -16"><span class='ocrx_word' id='word_1_905' title='bbox 2215 5423 2384 5479; x_wconf 90' lang='lat' dir='ltr'><strong>voluit</strong></span> <span class='ocrx_word' id='word_1_906' title='bbox 2421 5422 2639 5492; x_wconf 85' lang='lat' dir='ltr'><strong>intelligi</strong></span> <span class='ocrx_word' id='word_1_907' title='bbox 2666 5421 2895 5475; x_wconf 89' lang='lat' dir='ltr'><strong>humana</strong></span> <span class='ocrx_word' id='word_1_908' title='bbox 2933 5430 3166 5489; x_wconf 83' lang='lat' dir='ltr'><strong>peccata.</strong></span> <span class='ocrx_word' id='word_1_909' title='bbox 3204 5418 3340 5474; x_wconf 84' lang='lat' dir='ltr'><strong>Fieri</strong></span> <span class='ocrx_word' id='word_1_910' title='bbox 3371 5420 3512 5473; x_wconf 87' lang='lat' dir='ltr'><strong>enim</strong></span> <span class='ocrx_word' id='word_1_911' title='bbox 3541 5427 3711 5486; x_wconf 89' lang='lat' dir='ltr'><strong>potest</strong></span> <span class='ocrx_word' id='word_1_912' title='bbox 3741 5427 3801 5471; x_wconf 93' lang='lat' dir='ltr'><strong>ut</strong></span> 
     </span>
    </p>
   </div>
   <div class='ocr_carea' id='block_1_118' title="bbox 2216 5509 3802 5586">
    <p class='ocr_par' dir='ltr' id='par_1_118' title="bbox 2216 5509 3802 5586">
     <span class='ocr_line' id='line_1_118' title="bbox 2216 5509 3802 5586; baseline -0.005 -16"><span class='ocrx_word' id='word_1_913' title='bbox 2216 5531 2402 5586; x_wconf 83' lang='lat' dir='ltr'><strong>parum</strong></span> <span class='ocrx_word' id='word_1_914' title='bbox 2443 5513 2764 5568; x_wconf 85' lang='lat' dir='ltr'><strong>attendendo</strong></span> <span class='ocrx_word' id='word_1_915' title='bbox 2784 5555 2799 5578; x_wconf 90' lang='lat'><strong>,</strong></span> <span class='ocrx_word' id='word_1_916' title='bbox 2851 5527 2944 5582; x_wconf 89' lang='lat' dir='ltr'><strong>per</strong></span> <span class='ocrx_word' id='word_1_917' title='bbox 2969 5511 3339 5582; x_wconf 88' lang='lat' dir='ltr'><strong>negligentiam</strong></span> <span class='ocrx_word' id='word_1_918' title='bbox 3365 5509 3612 5580; x_wconf 16' lang='lat' dir='ltr'><strong>trajiciat,</strong></span> <span class='ocrx_word' id='word_1_919' title='bbox 3637 5510 3802 5563; x_wconf 89' lang='lat' dir='ltr'><strong>homo</strong></span> 
     </span>
    </p>
   </div>
   <div class='ocr_carea' id='block_1_119' title="bbox 2277 5622 3800 5734">
    <p class='ocr_par' dir='ltr' id='par_1_119' title="bbox 2277 5622 3800 5734">
     <span class='ocr_line' id='line_1_119' title="bbox 2277 5622 3800 5734; baseline -0.005 -58"><span class='ocrx_word' id='word_1_920' title='bbox 2277 5629 2293 5660; x_wconf 82' lang='grc'>¹</span> <span class='ocrx_word' id='word_1_921' title='bbox 2318 5627 2455 5685; x_wconf 83' lang='lat' dir='ltr'><strong>Editi,</strong></span> <span class='ocrx_word' id='word_1_922' title='bbox 2478 5623 2690 5676; x_wconf 82' lang='lat' dir='ltr'><strong>restituet</strong></span> <span class='ocrx_word' id='word_1_923' title='bbox 2712 5622 2944 5693; x_wconf 79' lang='lat' dir='ltr'><strong>delictum</strong></span> <span class='ocrx_word' id='word_1_924' title='bbox 2963 5628 3010 5693; x_wconf 73' lang='lat' dir='ltr'><strong>et</strong></span> <span class='ocrx_word' id='word_1_925' title='bbox 3020 5623 3214 5734; x_wconf 47' lang='lat' dir='ltr'><strong>[quintus</strong></span> <span class='ocrx_word' id='word_1_926' title='bbox 3234 5636 3252 5683; x_wconf 83' lang='lat'><strong>,°</strong></span> <span class='ocrx_word' id='word_1_927' title='bbox 3271 5625 3466 5682; x_wconf 89' lang='lat' dir='ltr'><strong>omisso,</strong></span> <span class='ocrx_word' id='word_1_928' title='bbox 3490 5629 3650 5686; x_wconf 74' lang='lat' dir='ltr'><strong>caput.</strong></span> <span class='ocrx_word' id='word_1_929' title='bbox 3678 5630 3800 5670; x_wconf 59' lang='lat' dir='ltr'><strong>nu-</strong></span> 
     </span>
     <span class='ocr_line' id='line_1_120' title="bbox 2277 5683 3799 5734; baseline -0.003 0"><span class='ocrx_word' id='word_1_930' title='bbox 2277 5704 2360 5734; x_wconf 82' lang='lat' dir='ltr'><strong>me</strong></span> <span class='ocrx_word' id='word_1_931' title='bbox 2385 5695 2506 5734; x_wconf 82' lang='lat' dir='ltr'><strong>uost.</strong></span> <span class='ocrx_word' id='word_1_932' title='bbox 2531 5687 2598 5734; x_wconf 83' lang='lat' dir='ltr'><strong>ita</strong></span> <span class='ocrx_word' id='word_1_933' title='bbox 2633 5692 2683 5734; x_wconf 89' lang='lat' dir='ltr'><strong>ut</strong></span> <span class='ocrx_word' id='word_1_934' title='bbox 2722 5685 2897 5734; x_wconf 88' lang='lat' dir='ltr'><strong>reddat</strong></span> <span class='ocrx_word' id='word_1_935' title='bbox 2920 5684 2994 5734; x_wconf 74' lang='lat' dir='ltr'><strong>illi</strong></span> <span class='ocrx_word' id='word_1_936' title='bbox 3053 5684 3246 5734; x_wconf 86' lang='lat' dir='ltr'><strong>clictum</strong></span> <span class='ocrx_word' id='word_1_937' title='bbox 3275 5683 3435 5734; x_wconf 75' lang='lat' dir='ltr'><strong>ipsum</strong></span> <span class='ocrx_word' id='word_1_938' title='bbox 3452 5699 3469 5734; x_wconf 91' lang='lat'><em>:</em></span> <span class='ocrx_word' id='word_1_939' title='bbox 3490 5687 3688 5734; x_wconf 83' lang='lat' dir='ltr'><strong>omisso.</strong></span> <span class='ocrx_word' id='word_1_940' title='bbox 3711 5683 3799 5731; x_wconf 87' lang='lat' dir='ltr'><strong>ad.</strong></span> 
     </span>
    </p>
   </div>
   <div class='ocr_carea' id='block_1_120' title="bbox 2213 5683 3799 5751">
    <p class='ocr_par' dir='ltr' id='par_1_120' title="bbox 2213 5683 3799 5751">
     <span class='ocr_line' id='line_1_121' title="bbox 2213 5683 3799 5751; baseline -0.003 -15"><span class='ocrx_word' id='word_1_941' title='bbox 2213 5689 2360 5751; x_wconf 78' lang='lat' dir='ltr'><strong>loque</strong></span> <span class='ocrx_word' id='word_1_942' title='bbox 2384 5683 2506 5751; x_wconf 87' lang='lat' dir='ltr'><strong>post,</strong></span> <span class='ocrx_word' id='word_1_943' title='bbox 2531 5687 2598 5737; x_wconf 85' lang='lat' dir='ltr'><strong>ita</strong></span> <span class='ocrx_word' id='word_1_944' title='bbox 2633 5692 2683 5735; x_wconf 90' lang='lat' dir='ltr'><strong>ut</strong></span> <span class='ocrx_word' id='word_1_945' title='bbox 2722 5685 2897 5735; x_wconf 87' lang='lat' dir='ltr'><strong>reddat</strong></span> <span class='ocrx_word' id='word_1_946' title='bbox 2920 5684 2994 5751; x_wconf 79' lang='lat' dir='ltr'><strong>illi</strong></span> <span class='ocrx_word' id='word_1_947' title='bbox 3020 5683 3246 5751; x_wconf 78' lang='lat' dir='ltr'><strong>delictum</strong></span> <span class='ocrx_word' id='word_1_948' title='bbox 3275 5683 3469 5751; x_wconf 70' lang='lat' dir='ltr'><strong>ipsum;</strong></span> <span class='ocrx_word' id='word_1_949' title='bbox 3490 5683 3799 5751; x_wconf 76' lang='lat' dir='ltr'><strong>ouiisso,_ad.</strong></span> 
     </span>
    </p>
   </div>
   <div class='ocr_carea' id='block_1_121' title="bbox 2215 5745 3802 5811">
    <p class='ocr_par' dir='ltr' id='par_1_121' title="bbox 2215 5745 3802 5811">
     <span class='ocr_line' id='line_1_122' title="bbox 2215 5745 3802 5811; baseline -0.003 -11"><span class='ocrx_word' id='word_1_950' title='bbox 2215 5745 2661 5810; x_wconf 72' lang='lat' dir='ltr'><strong>Redintegravimus</strong></span> <span class='ocrx_word' id='word_1_951' title='bbox 2692 5755 2953 5811; x_wconf 82' lang='lat' dir='ltr'><strong>utrumque</strong></span> <span class='ocrx_word' id='word_1_952' title='bbox 2977 5745 3132 5797; x_wconf 87' lang='lat' dir='ltr'><strong>locum</strong></span> <span class='ocrx_word' id='word_1_953' title='bbox 3153 5747 3213 5796; x_wconf 88' lang='lat' dir='ltr'><strong>ad</strong></span> <span class='ocrx_word' id='word_1_954' title='bbox 3388 5748 3476 5808; x_wconf 82' lang='lat' dir='ltr'><strong>qui</strong></span> <span class='ocrx_word' id='word_1_955' title='bbox 3499 5745 3802 5810; x_wconf 15' lang='lat' dir='ltr'><strong>Acqucordam</strong></span> 
     </span>
    </p>
   </div>
   <div class='ocr_carea' id='block_1_122' title="bbox 2213 5823 2600 5874">
    <p class='ocr_par' dir='ltr' id='par_1_122' title="bbox 2213 5823 2600 5874">
     <span class='ocr_line' id='line_1_123' title="bbox 2213 5823 2600 5874; baseline -0.016 -10"><span class='ocrx_word' id='word_1_956' title='bbox 2213 5825 2321 5863; x_wconf 92' lang='lat' dir='ltr'><strong>cum</strong></span> <span class='ocrx_word' id='word_1_957' title='bbox 2343 5823 2518 5874; x_wconf 77' lang='lat' dir='ltr'><strong>gra-eo.</strong></span> <span class='ocrx_word' id='word_1_958' title='bbox 2598 5824 2600 5827; x_wconf 94' lang='grc'>·</span> 
     </span>
    </p>
   </div>
  </div>
