  <div class='ocr_page' id='page_1' title='image "/cluster/home/n/w/nwhite01/storage/ocr_20150623/34/hvd.32044015706310/366.png"; bbox 0 0 4136 6472; ppageno 0'>
   <div class='ocr_carea' id='block_1_1' title="bbox 387 354 486 411">
    <p class='ocr_par' dir='ltr' id='par_1_1' title="bbox 387 354 486 411">
     <span class='ocr_line' id='line_1_1' title="bbox 387 354 486 411; baseline -0.02 0"><span class='ocrx_word' id='word_1_1' title='bbox 387 354 486 411; x_wconf 77' lang='grc'><strong>721</strong></span> 
     </span>
    </p>
   </div>
   <div class='ocr_carea' id='block_1_2' title="bbox 385 457 1963 535">
    <p class='ocr_par' dir='ltr' id='par_1_2' title="bbox 385 457 1963 535">
     <span class='ocr_line' id='line_1_2' title="bbox 385 457 1963 535; baseline -0.011 -8"><span class='ocrx_word' id='word_1_2' title='bbox 385 486 501 527; x_wconf 88' lang='lat' dir='ltr'><strong>rem</strong></span> <span class='ocrx_word' id='word_1_3' title='bbox 529 469 754 525; x_wconf 89' lang='lat' dir='ltr'><strong>alienam</strong></span> <span class='ocrx_word' id='word_1_4' title='bbox 778 470 829 522; x_wconf 79' lang='lat' dir='ltr'><strong>in</strong></span> <span class='ocrx_word' id='word_1_5' title='bbox 857 481 968 523; x_wconf 89' lang='lat' dir='ltr'><strong>rem</strong></span> <span class='ocrx_word' id='word_1_6' title='bbox 990 481 1137 522; x_wconf 87' lang='lat' dir='ltr'><strong>suam</strong></span> <span class='ocrx_word' id='word_1_7' title='bbox 1160 484 1173 520; x_wconf 90' lang='lat'>:</span> <span class='ocrx_word' id='word_1_8' title='bbox 1195 457 1349 535; x_wconf 79' lang='lat' dir='ltr'><strong>quod</strong></span> <span class='ocrx_word' id='word_1_9' title='bbox 1368 464 1484 517; x_wconf 84' lang='lat' dir='ltr'><strong>ideo</strong></span> <span class='ocrx_word' id='word_1_10' title='bbox 1531 470 1802 532; x_wconf 87' lang='lat' dir='ltr'><strong>peccatum</strong></span> <span class='ocrx_word' id='word_1_11' title='bbox 1847 467 1963 524; x_wconf 72' lang='lat' dir='ltr'><strong>est,</strong></span> 
     </span>
    </p>
   </div>
   <div class='ocr_carea' id='block_1_3' title="bbox 385 551 1963 632">
    <p class='ocr_par' dir='ltr' id='par_1_3' title="bbox 385 551 1963 632">
     <span class='ocr_line' id='line_1_3' title="bbox 385 551 1963 632; baseline -0.006 -17"><span class='ocrx_word' id='word_1_12' title='bbox 385 562 507 632; x_wconf 82' lang='lat' dir='ltr'><strong>quia</strong></span> <span class='ocrx_word' id='word_1_13' title='bbox 535 561 578 615; x_wconf 90' lang='lat' dir='ltr'><strong>si</strong></span> <span class='ocrx_word' id='word_1_14' title='bbox 606 561 886 630; x_wconf 76' lang='lat' dir='ltr'><strong>diligenter</strong></span> <span class='ocrx_word' id='word_1_15' title='bbox 911 558 1275 613; x_wconf 77' lang='lat' dir='ltr'><strong>attenderetur</strong></span> <span class='ocrx_word' id='word_1_16' title='bbox 1294 600 1308 621; x_wconf 91' lang='lat'><strong>,</strong></span> <span class='ocrx_word' id='word_1_17' title='bbox 1340 573 1444 611; x_wconf 91' lang='lat' dir='ltr'><strong>non</strong></span> <span class='ocrx_word' id='word_1_18' title='bbox 1476 554 1865 609; x_wconf 72' lang='lat' dir='ltr'><strong>admitteretur.</strong></span> <span class='ocrx_word' id='word_1_19' title='bbox 1898 551 1963 605; x_wconf 82' lang='lat' dir='ltr'><strong>Et</strong></span> 
     </span>
    </p>
   </div>
   <div class='ocr_carea' id='block_1_4' title="bbox 385 642 1962 720">
    <p class='ocr_par' dir='ltr' id='par_1_4' title="bbox 385 642 1962 720">
     <span class='ocr_line' id='line_1_4' title="bbox 385 642 1962 720; baseline -0.008 -14"><span class='ocrx_word' id='word_1_20' title='bbox 385 653 501 707; x_wconf 68' lang='lat' dir='ltr'><strong>haec</strong></span> <span class='ocrx_word' id='word_1_21' title='bbox 530 652 695 705; x_wconf 87' lang='lat' dir='ltr'><strong>voluit</strong></span> <span class='ocrx_word' id='word_1_22' title='bbox 740 650 913 720; x_wconf 81' lang='lat' dir='ltr'><strong>capite</strong></span> <span class='ocrx_word' id='word_1_23' title='bbox 941 658 995 703; x_wconf 88' lang='lat' dir='ltr'><strong>et</strong></span> <span class='ocrx_word' id='word_1_24' title='bbox 1033 649 1212 718; x_wconf 81' lang='lat' dir='ltr'><strong>quima</strong></span> <span class='ocrx_word' id='word_1_25' title='bbox 1246 647 1447 703; x_wconf 85' lang='lat' dir='ltr'><strong>restitui</strong></span> <span class='ocrx_word' id='word_1_26' title='bbox 1474 688 1488 713; x_wconf 97' lang='lat'><strong>,</strong></span> <span class='ocrx_word' id='word_1_27' title='bbox 1538 662 1641 700; x_wconf 88' lang='lat' dir='ltr'><strong>non</strong></span> <span class='ocrx_word' id='word_1_28' title='bbox 1668 645 1803 698; x_wconf 83' lang='lat' dir='ltr'><strong>sicut</strong></span> <span class='ocrx_word' id='word_1_29' title='bbox 1828 642 1962 696; x_wconf 88' lang='lat' dir='ltr'><strong>furta</strong></span> 
     </span>
    </p>
   </div>
   <div class='ocr_carea' id='block_1_5' title="bbox 384 728 1958 799">
    <p class='ocr_par' dir='ltr' id='par_1_5' title="bbox 384 728 1958 799">
     <span class='ocr_line' id='line_1_5' title="bbox 384 728 1958 799; baseline -0.007 -2"><span class='ocrx_word' id='word_1_30' title='bbox 384 742 647 797; x_wconf 84' lang='lat' dir='ltr'><strong>mulctari.</strong></span> <span class='ocrx_word' id='word_1_31' title='bbox 680 740 811 796; x_wconf 86' lang='lat' dir='ltr'><strong>Nam</strong></span> <span class='ocrx_word' id='word_1_32' title='bbox 840 742 883 795; x_wconf 91' lang='lat' dir='ltr'><strong>si</strong></span> <span class='ocrx_word' id='word_1_33' title='bbox 912 740 1047 794; x_wconf 86' lang='lat' dir='ltr'><strong>furta</strong></span> <span class='ocrx_word' id='word_1_34' title='bbox 1077 748 1131 793; x_wconf 89' lang='lat' dir='ltr'><strong>et</strong></span> <span class='ocrx_word' id='word_1_35' title='bbox 1158 728 1370 793; x_wconf 81' lang='lat' dir='ltr'><strong>i&#39;raudes</strong></span> <span class='ocrx_word' id='word_1_36' title='bbox 1393 738 1477 791; x_wconf 90' lang='lat' dir='ltr'><strong>hic</strong></span> <span class='ocrx_word' id='word_1_37' title='bbox 1506 735 1922 791; x_wconf 83' lang='lat' dir='ltr'><strong>intellexerimus</strong></span> <span class='ocrx_word' id='word_1_38' title='bbox 1944 774 1958 799; x_wconf 98' lang='lat'><strong>,</strong></span> 
     </span>
    </p>
   </div>
   <div class='ocr_carea' id='block_1_6' title="bbox 383 820 1961 904">
    <p class='ocr_par' dir='ltr' id='par_1_6' title="bbox 383 820 1961 904">
     <span class='ocr_line' id='line_1_6' title="bbox 383 820 1961 904; baseline -0.004 -17"><span class='ocrx_word' id='word_1_39' title='bbox 383 850 502 904; x_wconf 73' lang='lat' dir='ltr'><strong>qua:</strong></span> <span class='ocrx_word' id='word_1_40' title='bbox 528 848 631 887; x_wconf 91' lang='lat' dir='ltr'><strong>non</strong></span> <span class='ocrx_word' id='word_1_41' title='bbox 661 848 756 902; x_wconf 91' lang='lat' dir='ltr'><strong>per</strong></span> <span class='ocrx_word' id='word_1_42' title='bbox 780 820 1124 902; x_wconf 84' lang='lat' dir='ltr'><strong>ignorantiam</strong></span> <span class='ocrx_word' id='word_1_43' title='bbox 1157 830 1520 900; x_wconf 81' lang='lat' dir='ltr'><strong>negligenti:e,</strong></span> <span class='ocrx_word' id='word_1_44' title='bbox 1551 828 1642 883; x_wconf 90' lang='lat' dir='ltr'><strong>sed</strong></span> <span class='ocrx_word' id='word_1_45' title='bbox 1675 828 1879 882; x_wconf 85' lang='lat' dir='ltr'><strong>furandi</strong></span> <span class='ocrx_word' id='word_1_46' title='bbox 1907 836 1961 881; x_wconf 88' lang='lat' dir='ltr'><strong>et</strong></span> 
     </span>
    </p>
   </div>
   <div class='ocr_carea' id='block_1_7' title="bbox 382 921 1957 989">
    <p class='ocr_par' dir='ltr' id='par_1_7' title="bbox 382 921 1957 989">
     <span class='ocr_line' id='line_1_7' title="bbox 382 921 1957 989; baseline -0.007 -9"><span class='ocrx_word' id='word_1_47' title='bbox 382 926 663 981; x_wconf 76' lang='lat' dir='ltr'><strong>fraudandi</strong></span> <span class='ocrx_word' id='word_1_48' title='bbox 684 926 863 980; x_wconf 89' lang='lat' dir='ltr'><strong>animo</strong></span> <span class='ocrx_word' id='word_1_49' title='bbox 886 924 1304 989; x_wconf 88' lang='lat' dir='ltr'><strong>committuntur,</strong></span> <span class='ocrx_word' id='word_1_50' title='bbox 1331 932 1387 977; x_wconf 88' lang='lat' dir='ltr'><strong>et.</strong></span> <span class='ocrx_word' id='word_1_51' title='bbox 1413 921 1532 976; x_wconf 89' lang='lat' dir='ltr'><strong>ideo</strong></span> <span class='ocrx_word' id='word_1_52' title='bbox 1551 921 1687 975; x_wconf 88' lang='lat' dir='ltr'><strong>dicta</strong></span> <span class='ocrx_word' id='word_1_53' title='bbox 1715 921 1957 986; x_wconf 78' lang='lat' dir='ltr'><strong>humana,</strong></span> 
     </span>
    </p>
   </div>
   <div class='ocr_carea' id='block_1_8' title="bbox 383 1002 1958 1088">
    <p class='ocr_par' dir='ltr' id='par_1_8' title="bbox 383 1002 1958 1088">
     <span class='ocr_line' id='line_1_8' title="bbox 383 1002 1958 1088; baseline -0.003 -16"><span class='ocrx_word' id='word_1_54' title='bbox 383 1020 506 1088; x_wconf 87' lang='lat' dir='ltr'><strong>quia</strong></span> <span class='ocrx_word' id='word_1_55' title='bbox 536 1019 588 1072; x_wconf 90' lang='lat' dir='ltr'><strong>in</strong></span> <span class='ocrx_word' id='word_1_56' title='bbox 620 1018 861 1072; x_wconf 86' lang='lat' dir='ltr'><strong>homines</strong></span> <span class='ocrx_word' id='word_1_57' title='bbox 906 1016 1075 1079; x_wconf 90' lang='lat' dir='ltr'><strong>ﬁunt;</strong></span> <span class='ocrx_word' id='word_1_58' title='bbox 1126 1002 1265 1080; x_wconf 23' lang='lat' dir='ltr'><strong>ille,‘</strong></span> <span class='ocrx_word' id='word_1_59' title='bbox 1294 1014 1394 1069; x_wconf 90' lang='lat' dir='ltr'><strong>nisi</strong></span> <span class='ocrx_word' id='word_1_60' title='bbox 1441 1013 1620 1079; x_wconf 84' lang='lat' dir='ltr'><strong>fallor,</strong></span> <span class='ocrx_word' id='word_1_61' title='bbox 1662 1013 1761 1067; x_wconf 86' lang='lat' dir='ltr'><strong>erit</strong></span> <span class='ocrx_word' id='word_1_62' title='bbox 1786 1013 1958 1067; x_wconf 81' lang='lat' dir='ltr'><strong>exitus</strong></span> 
     </span>
    </p>
   </div>
   <div class='ocr_carea' id='block_1_9' title="bbox 382 1102 1955 1179">
    <p class='ocr_par' dir='ltr' id='par_1_9' title="bbox 382 1102 1955 1179">
     <span class='ocr_line' id='line_1_9' title="bbox 382 1102 1955 1179; baseline -0.005 -16"><span class='ocrx_word' id='word_1_63' title='bbox 382 1109 694 1179; x_wconf 67' lang='lat' dir='ltr'><strong>qumsliouis</strong></span> <span class='ocrx_word' id='word_1_64' title='bbox 722 1109 911 1176; x_wconf 84' lang='lat' dir='ltr'><strong>hujus,</strong></span> <span class='ocrx_word' id='word_1_65' title='bbox 963 1116 1020 1161; x_wconf 92' lang='lat' dir='ltr'><strong>ut</strong></span> <span class='ocrx_word' id='word_1_66' title='bbox 1050 1106 1170 1161; x_wconf 91' lang='lat' dir='ltr'><strong>ideo</strong></span> <span class='ocrx_word' id='word_1_67' title='bbox 1215 1106 1302 1174; x_wconf 88' lang='lat' dir='ltr'><strong>qui</strong></span> <span class='ocrx_word' id='word_1_68' title='bbox 1334 1105 1458 1160; x_wconf 81' lang='lat' dir='ltr'><strong>fecit</strong></span> <span class='ocrx_word' id='word_1_69' title='bbox 1502 1120 1606 1157; x_wconf 93' lang='lat' dir='ltr'><strong>non</strong></span> <span class='ocrx_word' id='word_1_70' title='bbox 1656 1102 1840 1157; x_wconf 82' lang='lat' dir='ltr'><strong>reddat</strong></span> <span class='ocrx_word' id='word_1_71' title='bbox 1874 1104 1955 1157; x_wconf 93' lang='lat' dir='ltr'><strong>vel</strong></span> 
     </span>
    </p>
   </div>
   <div class='ocr_carea' id='block_1_10' title="bbox 376 1194 1956 1267">
    <p class='ocr_par' dir='ltr' id='par_1_10' title="bbox 376 1194 1956 1267">
     <span class='ocr_line' id='line_1_10' title="bbox 376 1194 1956 1267; baseline -0.004 -14"><span class='ocrx_word' id='word_1_72' title='bbox 376 1199 596 1267; x_wconf 84' lang='lat' dir='ltr'><strong>duplum</strong></span> <span class='ocrx_word' id='word_1_73' title='bbox 622 1239 635 1257; x_wconf 87' lang='lat'><strong>,</strong></span> <span class='ocrx_word' id='word_1_74' title='bbox 662 1198 781 1267; x_wconf 87' lang='lat' dir='ltr'><strong>quia</strong></span> <span class='ocrx_word' id='word_1_75' title='bbox 806 1214 908 1251; x_wconf 88' lang='lat' dir='ltr'><strong>non</strong></span> <span class='ocrx_word' id='word_1_76' title='bbox 933 1196 1347 1267; x_wconf 90' lang='lat' dir='ltr'><strong>deprehenditur</strong></span> <span class='ocrx_word' id='word_1_77' title='bbox 1374 1196 1454 1250; x_wconf 88' lang='lat' dir='ltr'><strong>vel</strong></span> <span class='ocrx_word' id='word_1_78' title='bbox 1481 1195 1838 1260; x_wconf 88' lang='lat' dir='ltr'><strong>convincitur,</strong></span> <span class='ocrx_word' id='word_1_79' title='bbox 1862 1194 1956 1248; x_wconf 88' lang='lat' dir='ltr'><strong>sed</strong></span> 
     </span>
    </p>
   </div>
   <div class='ocr_carea' id='block_1_11' title="bbox 378 1287 1952 1359">
    <p class='ocr_par' dir='ltr' id='par_1_11' title="bbox 378 1287 1952 1359">
     <span class='ocr_line' id='line_1_11' title="bbox 378 1287 1952 1359; baseline -0.001 -19"><span class='ocrx_word' id='word_1_80' title='bbox 378 1289 741 1357; x_wconf 78' lang='lat' dir='ltr'><strong>ignorantibus</strong></span> <span class='ocrx_word' id='word_1_81' title='bbox 769 1306 797 1343; x_wconf 90' lang='lat' dir='ltr'><strong>a</strong></span> <span class='ocrx_word' id='word_1_82' title='bbox 825 1305 930 1359; x_wconf 89' lang='lat' dir='ltr'><strong>quo</strong></span> <span class='ocrx_word' id='word_1_83' title='bbox 961 1290 1154 1343; x_wconf 87' lang='lat' dir='ltr'><strong>factum</strong></span> <span class='ocrx_word' id='word_1_84' title='bbox 1186 1290 1291 1354; x_wconf 88' lang='lat' dir='ltr'><strong>sit,</strong></span> <span class='ocrx_word' id='word_1_85' title='bbox 1320 1289 1404 1342; x_wconf 86' lang='lat' dir='ltr'><strong>vel</strong></span> <span class='ocrx_word' id='word_1_86' title='bbox 1428 1298 1603 1341; x_wconf 88' lang='lat' dir='ltr'><strong>utrmn</strong></span> <span class='ocrx_word' id='word_1_87' title='bbox 1632 1287 1825 1342; x_wconf 86' lang='lat' dir='ltr'><strong>factum</strong></span> <span class='ocrx_word' id='word_1_88' title='bbox 1852 1287 1920 1339; x_wconf 90' lang='lat' dir='ltr'><strong>sit</strong></span> <span class='ocrx_word' id='word_1_89' title='bbox 1940 1329 1952 1350; x_wconf 80' lang='lat'><strong>,</strong></span> 
     </span>
    </p>
   </div>
   <div class='ocr_carea' id='block_1_12' title="bbox 377 1378 1958 1447">
    <p class='ocr_par' dir='ltr' id='par_1_12' title="bbox 377 1378 1958 1447">
     <span class='ocr_line' id='line_1_12' title="bbox 377 1378 1958 1447; baseline -0.001 -14"><span class='ocrx_word' id='word_1_90' title='bbox 377 1381 491 1447; x_wconf 81' lang='lat' dir='ltr'><strong>ipse</strong></span> <span class='ocrx_word' id='word_1_91' title='bbox 543 1381 821 1434; x_wconf 88' lang='lat' dir='ltr'><strong>annuntiat</strong></span> <span class='ocrx_word' id='word_1_92' title='bbox 863 1381 1112 1434; x_wconf 87' lang='lat' dir='ltr'><strong>delictum</strong></span> <span class='ocrx_word' id='word_1_93' title='bbox 1156 1395 1330 1434; x_wconf 92' lang='lat' dir='ltr'><strong>suum.</strong></span> <span class='ocrx_word' id='word_1_94' title='bbox 1368 1380 1499 1433; x_wconf 84' lang='lat' dir='ltr'><strong>Cum</strong></span> <span class='ocrx_word' id='word_1_95' title='bbox 1545 1379 1685 1433; x_wconf 90' lang='lat' dir='ltr'><strong>enim</strong></span> <span class='ocrx_word' id='word_1_96' title='bbox 1735 1378 1958 1432; x_wconf 82' lang='lat' dir='ltr'><strong>dixisset</strong></span> 
     </span>
    </p>
   </div>
   <div class='ocr_carea' id='block_1_13' title="bbox 374 1469 1954 1542">
    <p class='ocr_par' dir='ltr' id='par_1_13' title="bbox 374 1469 1954 1542">
     <span class='ocr_line' id='line_1_13' title="bbox 374 1469 1954 1542; baseline 0.001 -19"><span class='ocrx_word' id='word_1_97' title='bbox 374 1470 649 1538; x_wconf 73' lang='lat' dir='ltr'><strong>Scriptum</strong></span> <span class='ocrx_word' id='word_1_98' title='bbox 670 1512 686 1535; x_wconf 96' lang='lat'><strong>,</strong></span> <span class='ocrx_word' id='word_1_99' title='bbox 706 1469 811 1537; x_wconf 86' lang='lat' dir='ltr'><strong>Vir,</strong></span> <span class='ocrx_word' id='word_1_100' title='bbox 832 1480 918 1523; x_wconf 90' lang='lat' dir='ltr'><strong>aut</strong></span> <span class='ocrx_word' id='word_1_101' title='bbox 943 1471 1139 1532; x_wconf 86' lang='lat' dir='ltr'><strong>mulier,</strong></span> <span class='ocrx_word' id='word_1_102' title='bbox 1167 1471 1465 1542; x_wconf 79' lang='lat' dir='ltr'><strong>quicumque</strong></span> <span class='ocrx_word' id='word_1_103' title='bbox 1504 1471 1675 1540; x_wconf 76' lang='lat' dir='ltr'><strong>fecerit</strong></span> <span class='ocrx_word' id='word_1_104' title='bbox 1701 1472 1763 1524; x_wconf 91' lang='lat' dir='ltr'><strong>ab</strong></span> <span class='ocrx_word' id='word_1_105' title='bbox 1787 1472 1954 1525; x_wconf 86' lang='lat' dir='ltr'><strong>omni-</strong></span> 
     </span>
    </p>
   </div>
   <div class='ocr_carea' id='block_1_14' title="bbox 376 1559 1955 1630">
    <p class='ocr_par' dir='ltr' id='par_1_14' title="bbox 376 1559 1955 1630">
     <span class='ocr_line' id='line_1_14' title="bbox 376 1559 1955 1630; baseline 0.002 -18"><span class='ocrx_word' id='word_1_106' title='bbox 376 1560 467 1614; x_wconf 91' lang='lat' dir='ltr'><strong>bus</strong></span> <span class='ocrx_word' id='word_1_107' title='bbox 488 1561 700 1628; x_wconf 85' lang='lat' dir='ltr'><strong>peccatis</strong></span> <span class='ocrx_word' id='word_1_108' title='bbox 720 1560 971 1626; x_wconf 88' lang='lat' dir='ltr'><strong>Immanis,</strong></span> <span class='ocrx_word' id='word_1_109' title='bbox 987 1570 1031 1614; x_wconf 89' lang='lat' dir='ltr'><strong>et</strong></span> <span class='ocrx_word' id='word_1_110' title='bbox 1053 1560 1330 1628; x_wconf 73' lang='lat' dir='ltr'><strong>despiciens</strong></span> <span class='ocrx_word' id='word_1_111' title='bbox 1351 1559 1651 1629; x_wconf 75' lang='lat' dir='ltr'><strong>despexerit,</strong></span> <span class='ocrx_word' id='word_1_112' title='bbox 1671 1570 1715 1613; x_wconf 89' lang='lat' dir='ltr'><strong>et</strong></span> <span class='ocrx_word' id='word_1_113' title='bbox 1733 1560 1955 1630; x_wconf 82' lang='lat' dir='ltr'><strong>delique-</strong></span> 
     </span>
    </p>
   </div>
   <div class='ocr_carea' id='block_1_15' title="bbox 378 1652 1953 1720">
    <p class='ocr_par' dir='ltr' id='par_1_15' title="bbox 378 1652 1953 1720">
     <span class='ocr_line' id='line_1_15' title="bbox 378 1652 1953 1720; baseline 0.001 -16"><span class='ocrx_word' id='word_1_114' title='bbox 378 1654 466 1717; x_wconf 86' lang='lat' dir='ltr'><strong>rit,</strong></span> <span class='ocrx_word' id='word_1_115' title='bbox 499 1653 547 1706; x_wconf 91' lang='lat' dir='ltr'><strong>id</strong></span> <span class='ocrx_word' id='word_1_116' title='bbox 571 1663 651 1706; x_wconf 90' lang='lat' dir='ltr'><strong>est</strong></span> <span class='ocrx_word' id='word_1_117' title='bbox 677 1652 1066 1707; x_wconf 83' lang='lat' dir='ltr'><strong>contemnendo</strong></span> <span class='ocrx_word' id='word_1_118' title='bbox 1099 1654 1193 1705; x_wconf 90' lang='lat' dir='ltr'><strong>ista</strong></span> <span class='ocrx_word' id='word_1_119' title='bbox 1215 1652 1571 1716; x_wconf 82' lang='lat' dir='ltr'><strong>commiserit;</strong></span> <span class='ocrx_word' id='word_1_120' title='bbox 1599 1652 1871 1720; x_wconf 70' lang='lat' dir='ltr'><strong>adiunxit,</strong></span> <span class='ocrx_word' id='word_1_121' title='bbox 1900 1660 1953 1705; x_wconf 90' lang='lat' dir='ltr'><strong>et</strong></span> 
     </span>
    </p>
   </div>
   <div class='ocr_carea' id='block_1_16' title="bbox 383 1741 1951 1811">
    <p class='ocr_par' dir='ltr' id='par_1_16' title="bbox 383 1741 1951 1811">
     <span class='ocr_line' id='line_1_16' title="bbox 383 1741 1951 1811; baseline 0.001 -17"><span class='ocrx_word' id='word_1_122' title='bbox 383 1742 485 1804; x_wconf 86' lang='lat' dir='ltr'><strong>ait,</strong></span> <span class='ocrx_word' id='word_1_123' title='bbox 518 1742 697 1794; x_wconf 75' lang='lat' dir='ltr'><strong>Anima</strong></span> <span class='ocrx_word' id='word_1_124' title='bbox 731 1743 822 1795; x_wconf 86' lang='lat' dir='ltr'><strong>illa</strong></span> <span class='ocrx_word' id='word_1_125' title='bbox 843 1743 1157 1797; x_wconf 86' lang='lat' dir='ltr'><strong>aununtiabit</strong></span> <span class='ocrx_word' id='word_1_126' title='bbox 1180 1752 1433 1811; x_wconf 87' lang='lat' dir='ltr'><strong>peccatum</strong></span> <span class='ocrx_word' id='word_1_127' title='bbox 1460 1741 1595 1811; x_wconf 86' lang='lat' dir='ltr'><strong>quod</strong></span> <span class='ocrx_word' id='word_1_128' title='bbox 1624 1742 1872 1811; x_wconf 76' lang='lat' dir='ltr'><strong>peccarit,</strong></span> <span class='ocrx_word' id='word_1_129' title='bbox 1904 1750 1951 1795; x_wconf 88' lang='lat' dir='ltr'><strong>et</strong></span> 
     </span>
    </p>
   </div>
   <div class='ocr_carea' id='block_1_17' title="bbox 374 1831 1951 1903">
    <p class='ocr_par' dir='ltr' id='par_1_17' title="bbox 374 1831 1951 1903">
     <span class='ocr_line' id='line_1_17' title="bbox 374 1831 1951 1903; baseline -0.001 -19"><span class='ocrx_word' id='word_1_130' title='bbox 374 1832 597 1885; x_wconf 85' lang='lat' dir='ltr'><strong>restituet</strong></span> <span class='ocrx_word' id='word_1_131' title='bbox 640 1832 904 1897; x_wconf 81' lang='lat' dir='ltr'><strong>delictum,</strong></span> <span class='ocrx_word' id='word_1_132' title='bbox 936 1841 1085 1903; x_wconf 85' lang='lat' dir='ltr'><strong>caput</strong></span> <span class='ocrx_word' id='word_1_133' title='bbox 1119 1842 1169 1885; x_wconf 87' lang='lat' dir='ltr'><strong>et</strong></span> <span class='ocrx_word' id='word_1_134' title='bbox 1209 1833 1411 1902; x_wconf 85' lang='lat' dir='ltr'><strong>quintus</strong></span> <span class='ocrx_word' id='word_1_135' title='bbox 1456 1834 1565 1899; x_wconf 79' lang='lat' dir='ltr'><strong>eius</strong></span> <span class='ocrx_word' id='word_1_136' title='bbox 1598 1850 1615 1885; x_wconf 78' lang='lat'><strong>.&#39;</strong></span> <span class='ocrx_word' id='word_1_137' title='bbox 1652 1831 1787 1886; x_wconf 82' lang='lat' dir='ltr'><strong>forte</strong></span> <span class='ocrx_word' id='word_1_138' title='bbox 1824 1848 1951 1901; x_wconf 80' lang='lat' dir='ltr'><strong>ergo</strong></span> 
     </span>
    </p>
   </div>
   <div class='ocr_carea' id='block_1_18' title="bbox 374 1922 1949 1993">
    <p class='ocr_par' dir='ltr' id='par_1_18' title="bbox 374 1922 1949 1993">
     <span class='ocr_line' id='line_1_18' title="bbox 374 1922 1949 1993; baseline 0.003 -22"><span class='ocrx_word' id='word_1_139' title='bbox 374 1933 652 1993; x_wconf 77' lang='lat' dir='ltr'><strong>propterea</strong></span> <span class='ocrx_word' id='word_1_140' title='bbox 682 1934 907 1988; x_wconf 88' lang='lat' dir='ltr'><strong>tantum,</strong></span> <span class='ocrx_word' id='word_1_141' title='bbox 936 1925 1058 1992; x_wconf 85' lang='lat' dir='ltr'><strong>quia</strong></span> <span class='ocrx_word' id='word_1_142' title='bbox 1086 1923 1197 1991; x_wconf 88' lang='lat' dir='ltr'><strong>ipse</strong></span> <span class='ocrx_word' id='word_1_143' title='bbox 1229 1923 1594 1985; x_wconf 83' lang='lat' dir='ltr'><strong>aununtiavit;</strong></span> <span class='ocrx_word' id='word_1_144' title='bbox 1625 1932 1677 1975; x_wconf 91' lang='lat' dir='ltr'><strong>et</strong></span> <span class='ocrx_word' id='word_1_145' title='bbox 1699 1922 1818 1976; x_wconf 91' lang='lat' dir='ltr'><strong>ideo</strong></span> <span class='ocrx_word' id='word_1_146' title='bbox 1844 1938 1949 1975; x_wconf 92' lang='lat' dir='ltr'><strong>non</strong></span> 
     </span>
    </p>
   </div>
   <div class='ocr_carea' id='block_1_19' title="bbox 369 2012 1948 2083">
    <p class='ocr_par' dir='ltr' id='par_1_19' title="bbox 369 2012 1948 2083">
     <span class='ocr_line' id='line_1_19' title="bbox 369 2012 1948 2083; baseline 0.002 -19"><span class='ocrx_word' id='word_1_147' title='bbox 369 2028 438 2066; x_wconf 77' lang='lat' dir='ltr'><strong>eo</strong></span> <span class='ocrx_word' id='word_1_148' title='bbox 466 2013 659 2066; x_wconf 80' lang='lat' dir='ltr'><strong>damno</strong></span> <span class='ocrx_word' id='word_1_149' title='bbox 695 2014 1001 2081; x_wconf 79' lang='lat' dir='ltr'><strong>plectendas</strong></span> <span class='ocrx_word' id='word_1_150' title='bbox 1026 2013 1123 2067; x_wconf 78' lang='lat' dir='ltr'><strong>fuit</strong></span> <span class='ocrx_word' id='word_1_151' title='bbox 1142 2056 1155 2076; x_wconf 90' lang='lat'><strong>,</strong></span> <span class='ocrx_word' id='word_1_152' title='bbox 1175 2029 1282 2083; x_wconf 89' lang='lat' dir='ltr'><strong>quo</strong></span> <span class='ocrx_word' id='word_1_153' title='bbox 1312 2014 1480 2068; x_wconf 80' lang='lat' dir='ltr'><strong>iurem</strong></span> <span class='ocrx_word' id='word_1_154' title='bbox 1506 2012 1948 2083; x_wconf 76' lang='lat' dir='ltr'><strong>cornpreheusum</strong></span> 
     </span>
    </p>
   </div>
   <div class='ocr_carea' id='block_1_20' title="bbox 368 2105 1276 2176">
    <p class='ocr_par' dir='ltr' id='par_1_20' title="bbox 368 2105 1276 2176">
     <span class='ocr_line' id='line_1_20' title="bbox 368 2105 1276 2176; baseline 0 -18"><span class='ocrx_word' id='word_1_155' title='bbox 368 2105 451 2158; x_wconf 86' lang='lat' dir='ltr'><strong>vel</strong></span> <span class='ocrx_word' id='word_1_156' title='bbox 480 2106 780 2158; x_wconf 84' lang='lat' dir='ltr'><strong>convictum</strong></span> <span class='ocrx_word' id='word_1_157' title='bbox 810 2106 963 2176; x_wconf 87' lang='lat' dir='ltr'><strong>plecti</strong></span> <span class='ocrx_word' id='word_1_158' title='bbox 985 2113 1276 2174; x_wconf 86' lang='lat' dir='ltr'><strong>oporteret.</strong></span> 
     </span>
    </p>
   </div>
   <div class='ocr_carea' id='block_1_21' title="bbox 442 2194 1948 2268">
    <p class='ocr_par' dir='ltr' id='par_1_21' title="bbox 442 2194 1948 2268">
     <span class='ocr_line' id='line_1_21' title="bbox 442 2194 1948 2268; baseline -0.001 -18"><span class='ocrx_word' id='word_1_159' title='bbox 442 2194 531 2250; x_wconf 75' lang='lat' dir='ltr'><strong>XI.</strong></span> <span class='ocrx_word' id='word_1_160' title='bbox 558 2194 657 2268; x_wconf 75' lang='lat' dir='ltr'><strong>Ub.</strong></span> <span class='ocrx_word' id='word_1_161' title='bbox 676 2212 728 2262; x_wconf 87' lang='lat' dir='ltr'><strong>v,</strong></span> <span class='ocrx_word' id='word_1_162' title='bbox 753 2194 867 2267; x_wconf 70' lang='lat'><strong>21.]</strong></span> <span class='ocrx_word' id='word_1_163' title='bbox 900 2196 1067 2251; x_wconf 89' lang='lat' dir='ltr'><strong>Verba</strong></span> <span class='ocrx_word' id='word_1_164' title='bbox 1098 2211 1215 2266; x_wconf 71' lang='lat' dir='ltr'><strong>qua:</strong></span> <span class='ocrx_word' id='word_1_165' title='bbox 1241 2195 1508 2263; x_wconf 87' lang='lat' dir='ltr'><strong>Scriptura</strong></span> <span class='ocrx_word' id='word_1_166' title='bbox 1526 2194 1656 2250; x_wconf 87' lang='lat' dir='ltr'><strong>dicit</strong></span> <span class='ocrx_word' id='word_1_167' title='bbox 1675 2195 1883 2251; x_wconf 90' lang='lat' dir='ltr'><strong>mulieri</strong></span> <span class='ocrx_word' id='word_1_168' title='bbox 1919 2210 1948 2249; x_wconf 91' lang='lat' dir='ltr'><strong>a</strong></span> 
     </span>
    </p>
   </div>
   <div class='ocr_carea' id='block_1_22' title="bbox 368 2287 1944 2357">
    <p class='ocr_par' dir='ltr' id='par_1_22' title="bbox 368 2287 1944 2357">
     <span class='ocr_line' id='line_1_22' title="bbox 368 2287 1944 2357; baseline 0 -15"><span class='ocrx_word' id='word_1_169' title='bbox 368 2288 648 2343; x_wconf 80' lang='lat' dir='ltr'><strong>sacerdote</strong></span> <span class='ocrx_word' id='word_1_170' title='bbox 668 2287 911 2352; x_wconf 88' lang='lat' dir='ltr'><strong>dicenda,</strong></span> <span class='ocrx_word' id='word_1_171' title='bbox 934 2288 1142 2357; x_wconf 89' lang='lat' dir='ltr'><strong>quando</strong></span> <span class='ocrx_word' id='word_1_172' title='bbox 1171 2304 1201 2342; x_wconf 87' lang='lat' dir='ltr'><strong>a</strong></span> <span class='ocrx_word' id='word_1_173' title='bbox 1231 2289 1533 2357; x_wconf 73' lang='lat' dir='ltr'><strong>suspicione</strong></span> <span class='ocrx_word' id='word_1_174' title='bbox 1556 2289 1799 2344; x_wconf 88' lang='lat' dir='ltr'><strong>adulterii</strong></span> <span class='ocrx_word' id='word_1_175' title='bbox 1826 2305 1944 2345; x_wconf 89' lang='lat' dir='ltr'><strong>eam</strong></span> 
     </span>
    </p>
   </div>
   <div class='ocr_carea' id='block_1_23' title="bbox 369 2376 1946 2442">
    <p class='ocr_par' dir='ltr' id='par_1_23' title="bbox 369 2376 1946 2442">
     <span class='ocr_line' id='line_1_23' title="bbox 369 2376 1946 2442; baseline 0.002 -13"><span class='ocrx_word' id='word_1_176' title='bbox 369 2378 591 2432; x_wconf 85' lang='lat' dir='ltr'><strong>maritus</strong></span> <span class='ocrx_word' id='word_1_177' title='bbox 611 2377 840 2442; x_wconf 86' lang='lat' dir='ltr'><strong>adducit,</strong></span> <span class='ocrx_word' id='word_1_178' title='bbox 875 2377 967 2431; x_wconf 86' lang='lat' dir='ltr'><strong>Det</strong></span> <span class='ocrx_word' id='word_1_179' title='bbox 994 2395 1104 2431; x_wconf 88' lang='lat' dir='ltr'><strong>eam</strong></span> <span class='ocrx_word' id='word_1_180' title='bbox 1133 2376 1381 2431; x_wconf 85' lang='lat' dir='ltr'><strong>Dominus</strong></span> <span class='ocrx_word' id='word_1_181' title='bbox 1401 2378 1454 2432; x_wconf 92' lang='lat' dir='ltr'><strong>in</strong></span> <span class='ocrx_word' id='word_1_182' title='bbox 1476 2378 1794 2432; x_wconf 79' lang='lat' dir='ltr'><strong>maledictum</strong></span> <span class='ocrx_word' id='word_1_183' title='bbox 1821 2388 1867 2433; x_wconf 90' lang='lat' dir='ltr'><strong>et</strong></span> <span class='ocrx_word' id='word_1_184' title='bbox 1892 2379 1946 2432; x_wconf 90' lang='lat' dir='ltr'><strong>in</strong></span> 
     </span>
    </p>
   </div>
   <div class='ocr_carea' id='block_1_24' title="bbox 366 2467 1948 2544">
    <p class='ocr_par' dir='ltr' id='par_1_24' title="bbox 366 2467 1948 2544">
     <span class='ocr_line' id='line_1_24' title="bbox 366 2467 1948 2544; baseline 0.003 -25"><span class='ocrx_word' id='word_1_185' title='bbox 366 2477 809 2529; x_wconf 66' lang='lat' dir='ltr'><strong>exsecrameutum,</strong></span> <span class='ocrx_word' id='word_1_186' title='bbox 835 2483 1039 2537; x_wconf 71' lang='lat' dir='ltr'><strong>gnecus</strong></span> <span class='ocrx_word' id='word_1_187' title='bbox 1060 2467 1218 2522; x_wconf 84' lang='lat' dir='ltr'><strong>habet</strong></span> <span class='ocrx_word' id='word_1_188' title='bbox 1242 2473 1459 2535; x_wconf 72' lang='grc' dir='ltr'><strong>ινόρκιον.</strong></span> <span class='ocrx_word' id='word_1_189' title='bbox 1479 2468 1594 2536; x_wconf 84' lang='lat' dir='ltr'><strong>Quo</strong></span> <span class='ocrx_word' id='word_1_190' title='bbox 1614 2470 1774 2544; x_wconf 81' lang='lat' dir='ltr'><strong>verbo</strong></span> <span class='ocrx_word' id='word_1_191' title='bbox 1804 2468 1948 2523; x_wconf 87' lang='lat' dir='ltr'><strong>vidc-</strong></span> 
     </span>
    </p>
   </div>
   <div class='ocr_carea' id='block_1_25' title="bbox 368 2557 1949 2628">
    <p class='ocr_par' dir='ltr' id='par_1_25' title="bbox 368 2557 1949 2628">
     <span class='ocr_line' id='line_1_25' title="bbox 368 2557 1949 2628; baseline 0.001 -16"><span class='ocrx_word' id='word_1_192' title='bbox 368 2566 457 2612; x_wconf 81' lang='lat' dir='ltr'><strong>tur</strong></span> <span class='ocrx_word' id='word_1_193' title='bbox 486 2557 773 2627; x_wconf 81' lang='lat' dir='ltr'><strong>signiﬁcari</strong></span> <span class='ocrx_word' id='word_1_194' title='bbox 789 2558 1143 2625; x_wconf 85' lang='lat' dir='ltr'><strong>juramentum</strong></span> <span class='ocrx_word' id='word_1_195' title='bbox 1186 2574 1279 2628; x_wconf 89' lang='lat' dir='ltr'><strong>per</strong></span> <span class='ocrx_word' id='word_1_196' title='bbox 1317 2560 1771 2626; x_wconf 81' lang='lat' dir='ltr'><strong>exsecrationem;</strong></span> <span class='ocrx_word' id='word_1_197' title='bbox 1801 2560 1949 2615; x_wconf 87' lang='lat' dir='ltr'><strong>velut</strong></span> 
     </span>
    </p>
   </div>
   <div class='ocr_carea' id='block_1_26' title="bbox 370 2650 2005 2721">
    <p class='ocr_par' dir='ltr' id='par_1_26' title="bbox 370 2650 2005 2721">
     <span class='ocr_line' id='line_1_26' title="bbox 370 2650 2005 2721; baseline 0 -17"><span class='ocrx_word' id='word_1_198' title='bbox 370 2652 417 2705; x_wconf 86' lang='lat' dir='ltr'><strong>si</strong></span> <span class='ocrx_word' id='word_1_199' title='bbox 441 2652 717 2721; x_wconf 84' lang='lat' dir='ltr'><strong>quisquam</strong></span> <span class='ocrx_word' id='word_1_200' title='bbox 748 2651 909 2717; x_wconf 91' lang='lat' dir='ltr'><strong>dicat,</strong></span> <span class='ocrx_word' id='word_1_201' title='bbox 938 2652 1026 2706; x_wconf 86' lang='lat' dir='ltr'><strong>Sic</strong></span> <span class='ocrx_word' id='word_1_202' title='bbox 1050 2667 1155 2705; x_wconf 89' lang='lat' dir='ltr'><strong>non</strong></span> <span class='ocrx_word' id='word_1_203' title='bbox 1183 2650 1310 2704; x_wconf 91' lang='lat' dir='ltr'><strong>mihi</strong></span> <span class='ocrx_word' id='word_1_204' title='bbox 1342 2651 1467 2705; x_wconf 93' lang='lat' dir='ltr'><strong>illud</strong></span> <span class='ocrx_word' id='word_1_205' title='bbox 1498 2661 1552 2706; x_wconf 88' lang='lat' dir='ltr'><strong>et</strong></span> <span class='ocrx_word' id='word_1_206' title='bbox 1580 2651 1706 2705; x_wconf 91' lang='lat' dir='ltr'><strong>illud</strong></span> <span class='ocrx_word' id='word_1_207' title='bbox 1736 2652 1949 2706; x_wconf 86' lang='lat' dir='ltr'><strong>contin-</strong></span> <span class='ocrx_word' id='word_1_208' title='bbox 1992 2684 2005 2696; x_wconf 86' lang='grc'><strong><em>-</em></strong></span> 
     </span>
    </p>
   </div>
   <div class='ocr_carea' id='block_1_27' title="bbox 368 2741 1944 2812">
    <p class='ocr_par' dir='ltr' id='par_1_27' title="bbox 368 2741 1944 2812">
     <span class='ocr_line' id='line_1_27' title="bbox 368 2741 1944 2812; baseline 0 -16"><span class='ocrx_word' id='word_1_209' title='bbox 368 2755 461 2812; x_wconf 73' lang='lat' dir='ltr'><strong>gat</strong></span> <span class='ocrx_word' id='word_1_210' title='bbox 493 2760 505 2796; x_wconf 88' lang='lat'><strong>:</strong></span> <span class='ocrx_word' id='word_1_211' title='bbox 534 2744 615 2796; x_wconf 86' lang='lat' dir='ltr'><strong>vel</strong></span> <span class='ocrx_word' id='word_1_212' title='bbox 642 2756 784 2797; x_wconf 89' lang='lat' dir='ltr'><strong>certe</strong></span> <span class='ocrx_word' id='word_1_213' title='bbox 814 2744 881 2795; x_wconf 87' lang='lat' dir='ltr'><strong>ita</strong></span> <span class='ocrx_word' id='word_1_214' title='bbox 905 2742 1066 2811; x_wconf 84' lang='lat' dir='ltr'><strong>juret,</strong></span> <span class='ocrx_word' id='word_1_215' title='bbox 1104 2742 1235 2796; x_wconf 87' lang='lat' dir='ltr'><strong>Illud</strong></span> <span class='ocrx_word' id='word_1_216' title='bbox 1264 2751 1318 2795; x_wconf 90' lang='lat' dir='ltr'><strong>et</strong></span> <span class='ocrx_word' id='word_1_217' title='bbox 1343 2742 1470 2795; x_wconf 92' lang='lat' dir='ltr'><strong>illud</strong></span> <span class='ocrx_word' id='word_1_218' title='bbox 1498 2741 1624 2797; x_wconf 89' lang='lat' dir='ltr'><strong>mihi</strong></span> <span class='ocrx_word' id='word_1_219' title='bbox 1652 2742 1944 2808; x_wconf 84' lang='lat' dir='ltr'><strong>contingat,</strong></span> 
     </span>
    </p>
   </div>
   <div class='ocr_carea' id='block_1_28' title="bbox 366 2831 1948 2899">
    <p class='ocr_par' dir='ltr' id='par_1_28' title="bbox 366 2831 1948 2899">
     <span class='ocr_line' id='line_1_28' title="bbox 366 2831 1948 2899; baseline -0.002 -9"><span class='ocrx_word' id='word_1_220' title='bbox 366 2833 414 2890; x_wconf 74' lang='lat' dir='ltr'><strong>si</strong></span> <span class='ocrx_word' id='word_1_221' title='bbox 444 2831 649 2898; x_wconf 85' lang='lat' dir='ltr'><strong>fecero,</strong></span> <span class='ocrx_word' id='word_1_222' title='bbox 673 2834 752 2887; x_wconf 86' lang='lat' dir='ltr'><strong>vel</strong></span> <span class='ocrx_word' id='word_1_223' title='bbox 782 2849 883 2887; x_wconf 90' lang='lat' dir='ltr'><strong>non</strong></span> <span class='ocrx_word' id='word_1_224' title='bbox 924 2832 1119 2889; x_wconf 81' lang='lat' dir='ltr'><strong>fecero.</strong></span> <span class='ocrx_word' id='word_1_225' title='bbox 1166 2833 1237 2887; x_wconf 91' lang='lat' dir='ltr'><strong>Ita</strong></span> <span class='ocrx_word' id='word_1_226' title='bbox 1267 2835 1367 2888; x_wconf 90' lang='lat' dir='ltr'><strong>hoc</strong></span> <span class='ocrx_word' id='word_1_227' title='bbox 1390 2833 1589 2886; x_wconf 90' lang='lat' dir='ltr'><strong>dictum</strong></span> <span class='ocrx_word' id='word_1_228' title='bbox 1625 2842 1728 2899; x_wconf 90' lang='lat' dir='ltr'><strong>est,</strong></span> <span class='ocrx_word' id='word_1_229' title='bbox 1756 2831 1856 2886; x_wconf 92' lang='lat' dir='ltr'><strong>Det</strong></span> <span class='ocrx_word' id='word_1_230' title='bbox 1901 2842 1948 2887; x_wconf 90' lang='lat' dir='ltr'><strong>te</strong></span> 
     </span>
    </p>
   </div>
   <div class='ocr_carea' id='block_1_29' title="bbox 369 2924 1944 2994">
    <p class='ocr_par' dir='ltr' id='par_1_29' title="bbox 369 2924 1944 2994">
     <span class='ocr_line' id='line_1_29' title="bbox 369 2924 1944 2994; baseline 0 -15"><span class='ocrx_word' id='word_1_231' title='bbox 369 2924 620 2979; x_wconf 80' lang='lat' dir='ltr'><strong>Dominus</strong></span> <span class='ocrx_word' id='word_1_232' title='bbox 646 2926 695 2979; x_wconf 88' lang='lat' dir='ltr'><strong>in</strong></span> <span class='ocrx_word' id='word_1_233' title='bbox 722 2926 1039 2979; x_wconf 82' lang='lat' dir='ltr'><strong>maledictum</strong></span> <span class='ocrx_word' id='word_1_234' title='bbox 1062 2926 1178 2978; x_wconf 86' lang='lat' dir='ltr'><strong>etin</strong></span> <span class='ocrx_word' id='word_1_235' title='bbox 1208 2934 1631 2979; x_wconf 77' lang='lat' dir='ltr'><strong>exsecramentum</strong></span> <span class='ocrx_word' id='word_1_236' title='bbox 1650 2964 1665 2989; x_wconf 95' lang='lat'><strong>,</strong></span> <span class='ocrx_word' id='word_1_237' title='bbox 1695 2933 1944 2994; x_wconf 88' lang='lat' dir='ltr'><strong>tanquam</strong></span> 
     </span>
    </p>
   </div>
   <div class='ocr_carea' id='block_1_30' title="bbox 366 3013 1947 3085">
    <p class='ocr_par' dir='ltr' id='par_1_30' title="bbox 366 3013 1947 3085">
     <span class='ocr_line' id='line_1_30' title="bbox 366 3013 1947 3085; baseline -0.001 -17"><span class='ocrx_word' id='word_1_238' title='bbox 366 3016 653 3080; x_wconf 83' lang='lat' dir='ltr'><strong>diceretur,</strong></span> <span class='ocrx_word' id='word_1_239' title='bbox 684 3025 740 3069; x_wconf 91' lang='lat' dir='ltr'><strong>ut</strong></span> <span class='ocrx_word' id='word_1_240' title='bbox 766 3016 833 3069; x_wconf 90' lang='lat' dir='ltr'><strong>de</strong></span> <span class='ocrx_word' id='word_1_241' title='bbox 868 3027 918 3069; x_wconf 92' lang='lat' dir='ltr'><strong>te</strong></span> <span class='ocrx_word' id='word_1_242' title='bbox 942 3015 1121 3085; x_wconf 88' lang='lat' dir='ltr'><strong>jurcnt</strong></span> <span class='ocrx_word' id='word_1_243' title='bbox 1147 3030 1265 3083; x_wconf 72' lang='lat' dir='ltr'><strong>qua:</strong></span> <span class='ocrx_word' id='word_1_244' title='bbox 1293 3030 1386 3083; x_wconf 88' lang='lat' dir='ltr'><strong>per</strong></span> <span class='ocrx_word' id='word_1_245' title='bbox 1422 3014 1837 3067; x_wconf 81' lang='lat' dir='ltr'><strong>exsecrationem</strong></span> <span class='ocrx_word' id='word_1_246' title='bbox 1860 3013 1947 3083; x_wconf 89' lang='lat' dir='ltr'><strong>ju-</strong></span> 
     </span>
    </p>
   </div>
   <div class='ocr_carea' id='block_1_31' title="bbox 369 3105 1943 3176">
    <p class='ocr_par' dir='ltr' id='par_1_31' title="bbox 369 3105 1943 3176">
     <span class='ocr_line' id='line_1_31' title="bbox 369 3105 1943 3176; baseline 0 -17"><span class='ocrx_word' id='word_1_247' title='bbox 369 3106 594 3169; x_wconf 88' lang='lat' dir='ltr'><strong>rabuut;</strong></span> <span class='ocrx_word' id='word_1_248' title='bbox 622 3107 698 3161; x_wconf 79' lang='lat' dir='ltr'><strong>sic</strong></span> <span class='ocrx_word' id='word_1_249' title='bbox 726 3122 826 3159; x_wconf 85' lang='lat' dir='ltr'><strong>non</strong></span> <span class='ocrx_word' id='word_1_250' title='bbox 854 3106 931 3159; x_wconf 77' lang='lat' dir='ltr'><strong>cis</strong></span> <span class='ocrx_word' id='word_1_251' title='bbox 957 3108 1246 3175; x_wconf 82' lang='lat' dir='ltr'><strong>contingat,</strong></span> <span class='ocrx_word' id='word_1_252' title='bbox 1277 3114 1388 3172; x_wconf 86' lang='lat' dir='ltr'><strong>aut,</strong></span> <span class='ocrx_word' id='word_1_253' title='bbox 1420 3105 1521 3160; x_wconf 88' lang='lat' dir='ltr'><strong>hoc</strong></span> <span class='ocrx_word' id='word_1_254' title='bbox 1545 3105 1623 3160; x_wconf 91' lang='lat' dir='ltr'><strong>eis</strong></span> <span class='ocrx_word' id='word_1_255' title='bbox 1653 3106 1943 3176; x_wconf 84' lang='lat' dir='ltr'><strong>contingat,</strong></span> 
     </span>
    </p>
   </div>
   <div class='ocr_carea' id='block_1_32' title="bbox 365 3197 1169 3255">
    <p class='ocr_par' dir='ltr' id='par_1_32' title="bbox 365 3197 1169 3255">
     <span class='ocr_line' id='line_1_32' title="bbox 365 3197 1169 3255; baseline -0.002 -2"><span class='ocrx_word' id='word_1_256' title='bbox 365 3198 469 3255; x_wconf 83' lang='lat' dir='ltr'><strong>nisi</strong></span> <span class='ocrx_word' id='word_1_257' title='bbox 498 3197 598 3252; x_wconf 85' lang='lat' dir='ltr'><strong>hoc</strong></span> <span class='ocrx_word' id='word_1_258' title='bbox 626 3209 715 3251; x_wconf 88' lang='lat' dir='ltr'><strong>aut</strong></span> <span class='ocrx_word' id='word_1_259' title='bbox 737 3199 862 3252; x_wconf 93' lang='lat' dir='ltr'><strong>illud</strong></span> <span class='ocrx_word' id='word_1_260' title='bbox 889 3198 1108 3252; x_wconf 81' lang='lat' dir='ltr'><strong>fecerint</strong></span> <span class='ocrx_word' id='word_1_261' title='bbox 1131 3200 1169 3251; x_wconf 85' lang='lat'><strong>&#39;.</strong></span> 
     </span>
    </p>
   </div>
   <div class='ocr_carea' id='block_1_33' title="bbox 440 3287 1941 3363">
    <p class='ocr_par' dir='ltr' id='par_1_33' title="bbox 440 3287 1941 3363">
     <span class='ocr_line' id='line_1_33' title="bbox 440 3287 1941 3363; baseline -0.002 -18"><span class='ocrx_word' id='word_1_262' title='bbox 440 3288 551 3345; x_wconf 76' lang='lat' dir='ltr'><strong>XII.</strong></span> <span class='ocrx_word' id='word_1_263' title='bbox 585 3288 683 3363; x_wconf 81' lang='grc'><strong>[11).</strong></span> <span class='ocrx_word' id='word_1_264' title='bbox 716 3306 786 3353; x_wconf 78' lang='grc' dir='ltr'><strong>γι,</strong></span> <span class='ocrx_word' id='word_1_265' title='bbox 820 3288 1024 3362; x_wconf 68' lang='grc'><strong>14-17.]</strong></span> <span class='ocrx_word' id='word_1_266' title='bbox 1046 3289 1109 3343; x_wconf 75' lang='lat' dir='ltr'><strong>Et</strong></span> <span class='ocrx_word' id='word_1_267' title='bbox 1136 3288 1310 3356; x_wconf 75' lang='lat' dir='ltr'><strong>o/fcret</strong></span> <span class='ocrx_word' id='word_1_268' title='bbox 1333 3306 1515 3341; x_wconf 86' lang='lat' dir='ltr'><strong>manus</strong></span> <span class='ocrx_word' id='word_1_269' title='bbox 1541 3306 1685 3342; x_wconf 88' lang='lat' dir='ltr'><strong>suum</strong></span> <span class='ocrx_word' id='word_1_270' title='bbox 1704 3287 1941 3350; x_wconf 86' lang='lat' dir='ltr'><strong>Domino,</strong></span> 
     </span>
    </p>
   </div>
   <div class='ocr_carea' id='block_1_34' title="bbox 311 3382 1944 3453">
    <p class='ocr_par' dir='ltr' id='par_1_34' title="bbox 311 3382 1944 3453">
     <span class='ocr_line' id='line_1_34' title="bbox 311 3382 1944 3453; baseline 0.001 -20"><span class='ocrx_word' id='word_1_271' title='bbox 311 3413 319 3419; x_wconf 66' lang='grc' dir='ltr'><strong>ρ</strong></span> <span class='ocrx_word' id='word_1_272' title='bbox 365 3399 553 3453; x_wconf 83' lang='lat' dir='ltr'><strong>agnum</strong></span> <span class='ocrx_word' id='word_1_273' title='bbox 578 3382 869 3436; x_wconf 86' lang='lat' dir='ltr'><strong>anniculam</strong></span> <span class='ocrx_word' id='word_1_274' title='bbox 898 3383 1007 3435; x_wconf 88' lang='lat' dir='ltr'><strong>sine</strong></span> <span class='ocrx_word' id='word_1_275' title='bbox 1035 3383 1151 3434; x_wconf 79' lang='lat' dir='ltr'><strong>vitio</strong></span> <span class='ocrx_word' id='word_1_276' title='bbox 1176 3383 1225 3434; x_wconf 86' lang='lat' dir='ltr'><strong>in</strong></span> <span class='ocrx_word' id='word_1_277' title='bbox 1253 3382 1629 3435; x_wconf 82' lang='lat' dir='ltr'><strong>Itolocaustomu</strong></span> <span class='ocrx_word' id='word_1_278' title='bbox 1648 3423 1663 3447; x_wconf 93' lang='lat'><strong>,</strong></span> <span class='ocrx_word' id='word_1_279' title='bbox 1695 3392 1740 3434; x_wconf 90' lang='lat' dir='ltr'><strong>et</strong></span> <span class='ocrx_word' id='word_1_280' title='bbox 1760 3397 1944 3452; x_wconf 84' lang='lat' dir='ltr'><strong>agnam</strong></span> 
     </span>
    </p>
   </div>
   <div class='ocr_carea' id='block_1_35' title="bbox 364 3472 1939 3542">
    <p class='ocr_par' dir='ltr' id='par_1_35' title="bbox 364 3472 1939 3542">
     <span class='ocr_line' id='line_1_35' title="bbox 364 3472 1939 3542; baseline -0.001 -16"><span class='ocrx_word' id='word_1_281' title='bbox 364 3474 657 3527; x_wconf 74' lang='lat' dir='ltr'><strong>aniticulam</strong></span> <span class='ocrx_word' id='word_1_282' title='bbox 694 3478 802 3528; x_wconf 89' lang='lat' dir='ltr'><strong>sine</strong></span> <span class='ocrx_word' id='word_1_283' title='bbox 835 3475 952 3526; x_wconf 82' lang='lat' dir='ltr'><strong>vitio</strong></span> <span class='ocrx_word' id='word_1_284' title='bbox 991 3491 1146 3526; x_wconf 88' lang='lat' dir='ltr'><strong>unam</strong></span> <span class='ocrx_word' id='word_1_285' title='bbox 1175 3474 1227 3525; x_wconf 92' lang='lat' dir='ltr'><strong>in</strong></span> <span class='ocrx_word' id='word_1_286' title='bbox 1264 3482 1537 3540; x_wconf 87' lang='lat' dir='ltr'><strong>peccatum.</strong></span> <span class='ocrx_word' id='word_1_287' title='bbox 1572 3472 1686 3527; x_wconf 82' lang='lat' dir='ltr'><strong>Hoc</strong></span> <span class='ocrx_word' id='word_1_288' title='bbox 1725 3472 1939 3542; x_wconf 88' lang='lat' dir='ltr'><strong>quidam</strong></span> 
     </span>
    </p>
   </div>
   <div class='ocr_carea' id='block_1_36' title="bbox 364 3563 1947 3634">
    <p class='ocr_par' dir='ltr' id='par_1_36' title="bbox 364 3563 1947 3634">
     <span class='ocr_line' id='line_1_36' title="bbox 364 3563 1947 3634; baseline -0.003 -13"><span class='ocrx_word' id='word_1_289' title='bbox 364 3566 533 3621; x_wconf 85' lang='lat' dir='ltr'><strong>nostri</strong></span> <span class='ocrx_word' id='word_1_290' title='bbox 557 3567 868 3634; x_wconf 87' lang='lat' dir='ltr'><strong>interpretes</strong></span> <span class='ocrx_word' id='word_1_291' title='bbox 896 3565 1179 3619; x_wconf 80' lang='lat' dir='ltr'><strong>transferre</strong></span> <span class='ocrx_word' id='word_1_292' title='bbox 1205 3564 1505 3627; x_wconf 84' lang='lat' dir='ltr'><strong>noluerunt,</strong></span> <span class='ocrx_word' id='word_1_293' title='bbox 1533 3563 1692 3617; x_wconf 92' lang='lat' dir='ltr'><strong>veluti</strong></span> <span class='ocrx_word' id='word_1_294' title='bbox 1720 3563 1947 3616; x_wconf 87' lang='lat' dir='ltr'><strong>locutio-</strong></span> 
     </span>
    </p>
   </div>
   <div class='ocr_carea' id='block_1_37' title="bbox 366 3656 1939 3725">
    <p class='ocr_par' dir='ltr' id='par_1_37' title="bbox 366 3656 1939 3725">
     <span class='ocr_line' id='line_1_37' title="bbox 366 3656 1939 3725; baseline -0.002 -15"><span class='ocrx_word' id='word_1_295' title='bbox 366 3674 487 3710; x_wconf 88' lang='lat' dir='ltr'><strong>nem</strong></span> <span class='ocrx_word' id='word_1_296' title='bbox 516 3658 813 3710; x_wconf 86' lang='lat' dir='ltr'><strong>inusitatam</strong></span> <span class='ocrx_word' id='word_1_297' title='bbox 831 3656 1075 3717; x_wconf 84' lang='lat' dir='ltr'><strong>vitantes,</strong></span> <span class='ocrx_word' id='word_1_298' title='bbox 1094 3665 1147 3711; x_wconf 89' lang='lat' dir='ltr'><strong>et</strong></span> <span class='ocrx_word' id='word_1_299' title='bbox 1166 3656 1428 3718; x_wconf 78' lang='lat' dir='ltr'><strong>dixerunt,</strong></span> <span class='ocrx_word' id='word_1_300' title='bbox 1456 3672 1545 3725; x_wconf 83' lang='lat' dir='ltr'><strong>pro</strong></span> <span class='ocrx_word' id='word_1_301' title='bbox 1567 3666 1791 3725; x_wconf 89' lang='lat' dir='ltr'><strong>peccato,</strong></span> <span class='ocrx_word' id='word_1_302' title='bbox 1812 3671 1939 3720; x_wconf 88' lang='lat' dir='ltr'><strong>non,</strong></span> 
     </span>
    </p>
   </div>
   <div class='ocr_carea' id='block_1_38' title="bbox 362 3746 1940 3818">
    <p class='ocr_par' dir='ltr' id='par_1_38' title="bbox 362 3746 1940 3818">
     <span class='ocr_line' id='line_1_38' title="bbox 362 3746 1940 3818; baseline -0.001 -17"><span class='ocrx_word' id='word_1_303' title='bbox 362 3748 416 3801; x_wconf 91' lang='lat' dir='ltr'><strong>in</strong></span> <span class='ocrx_word' id='word_1_304' title='bbox 437 3759 715 3818; x_wconf 86' lang='lat' dir='ltr'><strong>peccatum,</strong></span> <span class='ocrx_word' id='word_1_305' title='bbox 742 3763 862 3802; x_wconf 91' lang='lat' dir='ltr'><strong>cum</strong></span> <span class='ocrx_word' id='word_1_306' title='bbox 885 3749 953 3801; x_wconf 93' lang='lat' dir='ltr'><strong>sit</strong></span> <span class='ocrx_word' id='word_1_307' title='bbox 977 3762 1164 3801; x_wconf 87' lang='lat' dir='ltr'><strong>sensus</strong></span> <span class='ocrx_word' id='word_1_308' title='bbox 1196 3747 1246 3800; x_wconf 91' lang='lat' dir='ltr'><strong>in</strong></span> <span class='ocrx_word' id='word_1_309' title='bbox 1282 3762 1343 3800; x_wconf 91' lang='lat' dir='ltr'><strong>ea</strong></span> <span class='ocrx_word' id='word_1_310' title='bbox 1384 3746 1680 3810; x_wconf 89' lang='lat' dir='ltr'><strong>locutione,</strong></span> <span class='ocrx_word' id='word_1_311' title='bbox 1714 3746 1801 3816; x_wconf 92' lang='lat' dir='ltr'><strong>qui</strong></span> <span class='ocrx_word' id='word_1_312' title='bbox 1834 3761 1940 3800; x_wconf 89' lang='lat' dir='ltr'><strong>non</strong></span> 
     </span>
    </p>
   </div>
   <div class='ocr_carea' id='block_1_39' title="bbox 364 3838 1937 3909">
    <p class='ocr_par' dir='ltr' id='par_1_39' title="bbox 364 3838 1937 3909">
     <span class='ocr_line' id='line_1_39' title="bbox 364 3838 1937 3909; baseline -0.001 -15"><span class='ocrx_word' id='word_1_313' title='bbox 364 3840 537 3894; x_wconf 86' lang='lat' dir='ltr'><strong>fuerat</strong></span> <span class='ocrx_word' id='word_1_314' title='bbox 568 3840 975 3908; x_wconf 88' lang='lat' dir='ltr'><strong>perturbandus.</strong></span> <span class='ocrx_word' id='word_1_315' title='bbox 1009 3838 1073 3892; x_wconf 85' lang='lat' dir='ltr'><strong>In</strong></span> <span class='ocrx_word' id='word_1_316' title='bbox 1098 3848 1354 3909; x_wconf 88' lang='lat' dir='ltr'><strong>peccatum</strong></span> <span class='ocrx_word' id='word_1_317' title='bbox 1379 3838 1573 3908; x_wconf 90' lang='lat' dir='ltr'><strong>quippe</strong></span> <span class='ocrx_word' id='word_1_318' title='bbox 1599 3838 1797 3891; x_wconf 86' lang='lat' dir='ltr'><strong>dictum</strong></span> <span class='ocrx_word' id='word_1_319' title='bbox 1835 3846 1937 3903; x_wconf 89' lang='lat' dir='ltr'><strong>est,</strong></span> 
     </span>
    </p>
   </div>
   <div class='ocr_carea' id='block_1_40' title="bbox 361 3929 1939 4000">
    <p class='ocr_par' dir='ltr' id='par_1_40' title="bbox 361 3929 1939 4000">
     <span class='ocr_line' id='line_1_40' title="bbox 361 3929 1939 4000; baseline 0 -17"><span class='ocrx_word' id='word_1_320' title='bbox 361 3932 484 3998; x_wconf 87' lang='lat' dir='ltr'><strong>quia</strong></span> <span class='ocrx_word' id='word_1_321' title='bbox 512 3930 614 3985; x_wconf 90' lang='lat' dir='ltr'><strong>hoc</strong></span> <span class='ocrx_word' id='word_1_322' title='bbox 640 3931 809 3998; x_wconf 90' lang='lat' dir='ltr'><strong>ipsum</strong></span> <span class='ocrx_word' id='word_1_323' title='bbox 842 3930 981 4000; x_wconf 90' lang='lat' dir='ltr'><strong>quod</strong></span> <span class='ocrx_word' id='word_1_324' title='bbox 1013 3946 1107 3999; x_wconf 92' lang='lat' dir='ltr'><strong>pro</strong></span> <span class='ocrx_word' id='word_1_325' title='bbox 1134 3939 1346 4000; x_wconf 87' lang='lat' dir='ltr'><strong>peccato</strong></span> <span class='ocrx_word' id='word_1_326' title='bbox 1376 3929 1717 3991; x_wconf 73' lang='lat' dir='ltr'><strong>offerebatur,</strong></span> <span class='ocrx_word' id='word_1_327' title='bbox 1749 3945 1939 3998; x_wconf 85' lang='lat' dir='ltr'><strong>pecca-</strong></span> 
     </span>
    </p>
   </div>
   <div class='ocr_carea' id='block_1_41' title="bbox 362 4018 1941 4088">
    <p class='ocr_par' dir='ltr' id='par_1_41' title="bbox 362 4018 1941 4088">
     <span class='ocr_line' id='line_1_41' title="bbox 362 4018 1941 4088; baseline 0 -14"><span class='ocrx_word' id='word_1_328' title='bbox 362 4028 473 4074; x_wconf 88' lang='lat' dir='ltr'><strong>tum</strong></span> <span class='ocrx_word' id='word_1_329' title='bbox 520 4020 827 4074; x_wconf 84' lang='lat' dir='ltr'><strong>vocabatur.</strong></span> <span class='ocrx_word' id='word_1_330' title='bbox 872 4019 1020 4087; x_wconf 87' lang='lat' dir='ltr'><strong>Unde</strong></span> <span class='ocrx_word' id='word_1_331' title='bbox 1060 4020 1185 4074; x_wconf 91' lang='lat' dir='ltr'><strong>illud</strong></span> <span class='ocrx_word' id='word_1_332' title='bbox 1229 4028 1309 4074; x_wconf 87' lang='lat' dir='ltr'><strong>est</strong></span> <span class='ocrx_word' id='word_1_333' title='bbox 1344 4018 1482 4088; x_wconf 89' lang='lat' dir='ltr'><strong>apud</strong></span> <span class='ocrx_word' id='word_1_334' title='bbox 1522 4020 1831 4087; x_wconf 88' lang='lat' dir='ltr'><strong>Apostolum</strong></span> <span class='ocrx_word' id='word_1_335' title='bbox 1874 4019 1941 4074; x_wconf 86' lang='lat' dir='ltr'><strong>de</strong></span> 
     </span>
    </p>
   </div>
   <div class='ocr_carea' id='block_1_42' title="bbox 364 4109 1941 4179">
    <p class='ocr_par' dir='ltr' id='par_1_42' title="bbox 364 4109 1941 4179">
     <span class='ocr_line' id='line_1_42' title="bbox 364 4109 1941 4179; baseline -0.001 -16"><span class='ocrx_word' id='word_1_336' title='bbox 364 4109 591 4164; x_wconf 82' lang='lat' dir='ltr'><strong>Domino</strong></span> <span class='ocrx_word' id='word_1_337' title='bbox 616 4109 843 4173; x_wconf 87' lang='lat' dir='ltr'><strong>Christo,</strong></span> <span class='ocrx_word' id='word_1_338' title='bbox 877 4109 1007 4163; x_wconf 84' lang='lat' dir='ltr'><strong>Eum</strong></span> <span class='ocrx_word' id='word_1_339' title='bbox 1042 4109 1126 4178; x_wconf 85' lang='lat' dir='ltr'><strong>qui</strong></span> <span class='ocrx_word' id='word_1_340' title='bbox 1148 4126 1247 4162; x_wconf 90' lang='lat' dir='ltr'><strong>non</strong></span> <span class='ocrx_word' id='word_1_341' title='bbox 1274 4116 1475 4162; x_wconf 73' lang='lat' dir='ltr'><strong>noverat</strong></span> <span class='ocrx_word' id='word_1_342' title='bbox 1506 4119 1790 4179; x_wconf 88' lang='lat' dir='ltr'><strong>peccatum,</strong></span> <span class='ocrx_word' id='word_1_343' title='bbox 1821 4123 1941 4177; x_wconf 58' lang='lat' dir='ltr'><strong>pec»</strong></span> 
     </span>
    </p>
   </div>
   <div class='ocr_carea' id='block_1_43' title="bbox 360 4200 1939 4275">
    <p class='ocr_par' dir='ltr' id='par_1_43' title="bbox 360 4200 1939 4275">
     <span class='ocr_line' id='line_1_43' title="bbox 360 4200 1939 4275; baseline -0.001 -21"><span class='ocrx_word' id='word_1_344' title='bbox 360 4211 531 4255; x_wconf 87' lang='lat' dir='ltr'><strong>catum</strong></span> <span class='ocrx_word' id='word_1_345' title='bbox 553 4218 645 4271; x_wconf 87' lang='lat' dir='ltr'><strong>pro</strong></span> <span class='ocrx_word' id='word_1_346' title='bbox 659 4201 799 4256; x_wconf 87' lang='lat' dir='ltr'><strong>nobis</strong></span> <span class='ocrx_word' id='word_1_347' title='bbox 820 4204 937 4275; x_wconf 80' lang='lat' dir='ltr'><strong>fecit</strong></span> <span class='ocrx_word' id='word_1_348' title='bbox 966 4200 1029 4270; x_wconf 91' lang='lat' dir='ltr'><strong>(ll</strong></span> <span class='ocrx_word' id='word_1_349' title='bbox 1052 4200 1167 4256; x_wconf 87' lang='lat' dir='ltr'><strong>Cor.</strong></span> <span class='ocrx_word' id='word_1_350' title='bbox 1192 4216 1245 4264; x_wconf 76' lang='grc' dir='ltr'><strong>ν,</strong></span> <span class='ocrx_word' id='word_1_351' title='bbox 1272 4200 1366 4268; x_wconf 73' lang='grc'><strong>21)</strong></span> <span class='ocrx_word' id='word_1_352' title='bbox 1398 4218 1411 4253; x_wconf 89' lang='lat'><strong>:</strong></span> <span class='ocrx_word' id='word_1_353' title='bbox 1446 4201 1584 4255; x_wconf 90' lang='lat' dir='ltr'><strong>Deus</strong></span> <span class='ocrx_word' id='word_1_354' title='bbox 1617 4200 1772 4255; x_wconf 90' lang='lat' dir='ltr'><strong>Pater</strong></span> <span class='ocrx_word' id='word_1_355' title='bbox 1794 4200 1939 4254; x_wconf 90' lang='lat' dir='ltr'><strong>scili-</strong></span> 
     </span>
    </p>
   </div>
   <div class='ocr_carea' id='block_1_44' title="bbox 360 4292 1941 4363">
    <p class='ocr_par' dir='ltr' id='par_1_44' title="bbox 360 4292 1941 4363">
     <span class='ocr_line' id='line_1_44' title="bbox 360 4292 1941 4363; baseline 0.001 -19"><span class='ocrx_word' id='word_1_356' title='bbox 360 4303 467 4353; x_wconf 72' lang='lat' dir='ltr'><strong>cet,</strong></span> <span class='ocrx_word' id='word_1_357' title='bbox 513 4293 681 4347; x_wconf 86' lang='lat' dir='ltr'><strong>Deum</strong></span> <span class='ocrx_word' id='word_1_358' title='bbox 724 4293 918 4348; x_wconf 86' lang='lat' dir='ltr'><strong>Filium</strong></span> <span class='ocrx_word' id='word_1_359' title='bbox 956 4308 1052 4363; x_wconf 90' lang='lat' dir='ltr'><strong>pro</strong></span> <span class='ocrx_word' id='word_1_360' title='bbox 1094 4293 1244 4346; x_wconf 88' lang='lat' dir='ltr'><strong>nobis</strong></span> <span class='ocrx_word' id='word_1_361' title='bbox 1280 4292 1403 4347; x_wconf 86' lang='lat' dir='ltr'><strong>fecit</strong></span> <span class='ocrx_word' id='word_1_362' title='bbox 1440 4300 1710 4361; x_wconf 85' lang='lat' dir='ltr'><strong>peccatum</strong></span> <span class='ocrx_word' id='word_1_363' title='bbox 1736 4334 1750 4357; x_wconf 90' lang='lat'><strong>,</strong></span> <span class='ocrx_word' id='word_1_364' title='bbox 1780 4292 1830 4345; x_wconf 88' lang='lat' dir='ltr'><strong>id</strong></span> <span class='ocrx_word' id='word_1_365' title='bbox 1859 4300 1941 4346; x_wconf 89' lang='lat' dir='ltr'><strong>est</strong></span> 
     </span>
    </p>
   </div>
   <div class='ocr_carea' id='block_1_45' title="bbox 361 4383 1942 4453">
    <p class='ocr_par' dir='ltr' id='par_1_45' title="bbox 361 4383 1942 4453">
     <span class='ocr_line' id='line_1_45' title="bbox 361 4383 1942 4453; baseline -0.001 -16"><span class='ocrx_word' id='word_1_366' title='bbox 361 4383 681 4437; x_wconf 84' lang='lat' dir='ltr'><strong>sacriﬁcium</strong></span> <span class='ocrx_word' id='word_1_367' title='bbox 712 4399 807 4452; x_wconf 90' lang='lat' dir='ltr'><strong>pro</strong></span> <span class='ocrx_word' id='word_1_368' title='bbox 835 4393 1069 4453; x_wconf 88' lang='lat' dir='ltr'><strong>peccato.</strong></span> <span class='ocrx_word' id='word_1_369' title='bbox 1095 4383 1242 4439; x_wconf 89' lang='lat' dir='ltr'><strong>Sicut</strong></span> <span class='ocrx_word' id='word_1_370' title='bbox 1264 4399 1390 4453; x_wconf 84' lang='lat' dir='ltr'><strong>ergo</strong></span> <span class='ocrx_word' id='word_1_371' title='bbox 1418 4398 1585 4453; x_wconf 85' lang='lat' dir='ltr'><strong>agnus</strong></span> <span class='ocrx_word' id='word_1_372' title='bbox 1610 4383 1660 4437; x_wconf 93' lang='lat' dir='ltr'><strong>in</strong></span> <span class='ocrx_word' id='word_1_373' title='bbox 1693 4383 1942 4437; x_wconf 84' lang='lat' dir='ltr'><strong>holocau-</strong></span> 
     </span>
    </p>
   </div>
   <div class='ocr_carea' id='block_1_46' title="bbox 360 4456 1941 4544">
    <p class='ocr_par' dir='ltr' id='par_1_46' title="bbox 360 4456 1941 4544">
     <span class='ocr_line' id='line_1_46' title="bbox 360 4456 1941 4544; baseline 0.003 -19"><span class='ocrx_word' id='word_1_374' title='bbox 360 4483 568 4539; x_wconf 87' lang='lat' dir='ltr'><strong>stoma,</strong></span> <span class='ocrx_word' id='word_1_375' title='bbox 614 4483 669 4528; x_wconf 92' lang='lat' dir='ltr'><strong>ut</strong></span> <span class='ocrx_word' id='word_1_376' title='bbox 707 4475 877 4543; x_wconf 91' lang='lat' dir='ltr'><strong>ipsum</strong></span> <span class='ocrx_word' id='word_1_377' title='bbox 922 4490 1082 4544; x_wconf 88' lang='lat' dir='ltr'><strong>pecus</strong></span> <span class='ocrx_word' id='word_1_378' title='bbox 1123 4484 1268 4530; x_wconf 90' lang='lat' dir='ltr'><strong>esset</strong></span> <span class='ocrx_word' id='word_1_379' title='bbox 1305 4456 1732 4539; x_wconf 81' lang='lat' dir='ltr'><strong>holocaustoma;</strong></span> <span class='ocrx_word' id='word_1_380' title='bbox 1770 4476 1849 4529; x_wconf 89' lang='lat' dir='ltr'><strong>sic</strong></span> <span class='ocrx_word' id='word_1_381' title='bbox 1888 4484 1941 4529; x_wconf 91' lang='lat' dir='ltr'><strong>et</strong></span> 
     </span>
    </p>
   </div>
   <div class='ocr_carea' id='block_1_47' title="bbox 360 4566 1937 4637">
    <p class='ocr_par' dir='ltr' id='par_1_47' title="bbox 360 4566 1937 4637">
     <span class='ocr_line' id='line_1_47' title="bbox 360 4566 1937 4637; baseline 0.003 -20"><span class='ocrx_word' id='word_1_382' title='bbox 360 4580 497 4633; x_wconf 84' lang='lat' dir='ltr'><strong>agna</strong></span> <span class='ocrx_word' id='word_1_383' title='bbox 527 4566 578 4619; x_wconf 92' lang='lat' dir='ltr'><strong>in</strong></span> <span class='ocrx_word' id='word_1_384' title='bbox 607 4576 901 4634; x_wconf 88' lang='lat' dir='ltr'><strong>peccatum,</strong></span> <span class='ocrx_word' id='word_1_385' title='bbox 931 4576 986 4621; x_wconf 93' lang='lat' dir='ltr'><strong>ut</strong></span> <span class='ocrx_word' id='word_1_386' title='bbox 1012 4566 1181 4637; x_wconf 89' lang='lat' dir='ltr'><strong>ipsum</strong></span> <span class='ocrx_word' id='word_1_387' title='bbox 1214 4583 1374 4636; x_wconf 89' lang='lat' dir='ltr'><strong>pecus</strong></span> <span class='ocrx_word' id='word_1_388' title='bbox 1401 4576 1542 4621; x_wconf 90' lang='lat' dir='ltr'><strong>esset</strong></span> <span class='ocrx_word' id='word_1_389' title='bbox 1564 4578 1857 4637; x_wconf 89' lang='lat' dir='ltr'><strong>peccatum,</strong></span> <span class='ocrx_word' id='word_1_390' title='bbox 1887 4568 1937 4622; x_wconf 89' lang='lat' dir='ltr'><strong>id</strong></span> 
     </span>
    </p>
   </div>
   <div class='ocr_carea' id='block_1_48' title="bbox 359 4656 1937 4728">
    <p class='ocr_par' dir='ltr' id='par_1_48' title="bbox 359 4656 1937 4728">
     <span class='ocr_line' id='line_1_48' title="bbox 359 4656 1937 4728; baseline 0.003 -20"><span class='ocrx_word' id='word_1_391' title='bbox 359 4665 443 4709; x_wconf 82' lang='lat' dir='ltr'><strong>est</strong></span> <span class='ocrx_word' id='word_1_392' title='bbox 471 4657 787 4710; x_wconf 85' lang='lat' dir='ltr'><strong>sacriﬁcium</strong></span> <span class='ocrx_word' id='word_1_393' title='bbox 813 4656 958 4712; x_wconf 90' lang='lat' dir='ltr'><strong>ﬁeret</strong></span> <span class='ocrx_word' id='word_1_394' title='bbox 977 4674 1069 4727; x_wconf 89' lang='lat' dir='ltr'><strong>pro</strong></span> <span class='ocrx_word' id='word_1_395' title='bbox 1088 4669 1321 4725; x_wconf 80' lang='lat' dir='ltr'><strong>peccato,</strong></span> <span class='ocrx_word' id='word_1_396' title='bbox 1345 4658 1479 4712; x_wconf 90' lang='lat' dir='ltr'><strong>sicut</strong></span> <span class='ocrx_word' id='word_1_397' title='bbox 1502 4658 1568 4711; x_wconf 90' lang='lat' dir='ltr'><strong>de</strong></span> <span class='ocrx_word' id='word_1_398' title='bbox 1594 4660 1937 4728; x_wconf 86' lang='lat' dir='ltr'><strong>ariete,quod</strong></span> 
     </span>
    </p>
   </div>
   <div class='ocr_carea' id='block_1_49' title="bbox 359 4748 1935 4818">
    <p class='ocr_par' dir='ltr' id='par_1_49' title="bbox 359 4748 1935 4818">
     <span class='ocr_line' id='line_1_49' title="bbox 359 4748 1935 4818; baseline 0.001 -18"><span class='ocrx_word' id='word_1_399' title='bbox 359 4748 619 4818; x_wconf 82' lang='lat' dir='ltr'><strong>sequitur,</strong></span> <span class='ocrx_word' id='word_1_400' title='bbox 648 4750 699 4802; x_wconf 89' lang='lat' dir='ltr'><strong>in</strong></span> <span class='ocrx_word' id='word_1_401' title='bbox 729 4749 947 4804; x_wconf 80' lang='lat' dir='ltr'><strong>salutare</strong></span> <span class='ocrx_word' id='word_1_402' title='bbox 962 4749 1108 4813; x_wconf 89' lang='lat' dir='ltr'><strong>dicit,</strong></span> <span class='ocrx_word' id='word_1_403' title='bbox 1134 4758 1380 4818; x_wconf 86' lang='lat' dir='ltr'><strong>tanquam</strong></span> <span class='ocrx_word' id='word_1_404' title='bbox 1404 4749 1569 4817; x_wconf 89' lang='lat' dir='ltr'><strong>ipsum</strong></span> <span class='ocrx_word' id='word_1_405' title='bbox 1590 4750 1658 4803; x_wconf 87' lang='lat' dir='ltr'><strong>sit</strong></span> <span class='ocrx_word' id='word_1_406' title='bbox 1685 4749 1935 4816; x_wconf 83' lang='lat' dir='ltr'><strong>salutare,</strong></span> 
     </span>
    </p>
   </div>
   <div class='ocr_carea' id='block_1_50' title="bbox 358 4838 1938 4907">
    <p class='ocr_par' dir='ltr' id='par_1_50' title="bbox 358 4838 1938 4907">
     <span class='ocr_line' id='line_1_50' title="bbox 358 4838 1938 4907; baseline 0 -15"><span class='ocrx_word' id='word_1_407' title='bbox 358 4854 482 4892; x_wconf 89' lang='lat' dir='ltr'><strong>cum</strong></span> <span class='ocrx_word' id='word_1_408' title='bbox 510 4841 578 4893; x_wconf 89' lang='lat' dir='ltr'><strong>sit</strong></span> <span class='ocrx_word' id='word_1_409' title='bbox 604 4842 920 4895; x_wconf 88' lang='lat' dir='ltr'><strong>sacriﬁcium</strong></span> <span class='ocrx_word' id='word_1_410' title='bbox 957 4841 1221 4893; x_wconf 86' lang='lat' dir='ltr'><strong>salutaris.</strong></span> <span class='ocrx_word' id='word_1_411' title='bbox 1247 4838 1398 4903; x_wconf 83' lang='lat' dir='ltr'><strong>Quod</strong></span> <span class='ocrx_word' id='word_1_412' title='bbox 1431 4849 1611 4906; x_wconf 82' lang='lat' dir='ltr'><strong>postea</strong></span> <span class='ocrx_word' id='word_1_413' title='bbox 1647 4839 1938 4907; x_wconf 84' lang='lat' dir='ltr'><strong>repetendo</strong></span> 
     </span>
    </p>
   </div>
   <div class='ocr_carea' id='block_1_51' title="bbox 360 4929 1937 5000">
    <p class='ocr_par' dir='ltr' id='par_1_51' title="bbox 360 4929 1937 5000">
     <span class='ocr_line' id='line_1_51' title="bbox 360 4929 1937 5000; baseline -0.001 -15"><span class='ocrx_word' id='word_1_414' title='bbox 360 4932 664 4985; x_wconf 79' lang='lat' dir='ltr'><strong>manifestat</strong></span> <span class='ocrx_word' id='word_1_415' title='bbox 695 4952 707 4986; x_wconf 93' lang='lat'>:</span> <span class='ocrx_word' id='word_1_416' title='bbox 741 4950 859 4985; x_wconf 82' lang='lat' dir='ltr'><strong>nun</strong></span> <span class='ocrx_word' id='word_1_417' title='bbox 887 4945 940 4985; x_wconf 78' lang='lat' dir='ltr'><strong>et</strong></span> <span class='ocrx_word' id='word_1_418' title='bbox 965 4931 1089 4985; x_wconf 88' lang='lat' dir='ltr'><strong>illttd</strong></span> <span class='ocrx_word' id='word_1_419' title='bbox 1116 4948 1206 5000; x_wconf 87' lang='lat' dir='ltr'><strong>pro</strong></span> <span class='ocrx_word' id='word_1_420' title='bbox 1236 4940 1438 4998; x_wconf 87' lang='lat' dir='ltr'><strong>peccato</strong></span> <span class='ocrx_word' id='word_1_421' title='bbox 1459 4929 1603 4990; x_wconf 80' lang='lat' dir='ltr'><strong>dicit,</strong></span> <span class='ocrx_word' id='word_1_422' title='bbox 1628 4930 1765 4998; x_wconf 73' lang='lat' dir='ltr'><strong>quod</strong></span> <span class='ocrx_word' id='word_1_423' title='bbox 1793 4931 1937 4999; x_wconf 86' lang='lat' dir='ltr'><strong>prius</strong></span> 
     </span>
    </p>
   </div>
   <div class='ocr_carea' id='block_1_52' title="bbox 355 5019 1934 5094">
    <p class='ocr_par' dir='ltr' id='par_1_52' title="bbox 355 5019 1934 5094">
     <span class='ocr_line' id='line_1_52' title="bbox 355 5019 1934 5094; baseline 0.001 -19"><span class='ocrx_word' id='word_1_424' title='bbox 355 5025 562 5076; x_wconf 80' lang='lat' dir='ltr'><strong>dixerat</strong></span> <span class='ocrx_word' id='word_1_425' title='bbox 588 5025 637 5077; x_wconf 87' lang='lat' dir='ltr'><strong>in</strong></span> <span class='ocrx_word' id='word_1_426' title='bbox 668 5035 954 5094; x_wconf 85' lang='lat' dir='ltr'><strong>peccatum;</strong></span> <span class='ocrx_word' id='word_1_427' title='bbox 977 5033 1031 5077; x_wconf 88' lang='lat' dir='ltr'><strong>et</strong></span> <span class='ocrx_word' id='word_1_428' title='bbox 1059 5025 1160 5077; x_wconf 90' lang='lat' dir='ltr'><strong>hoc</strong></span> <span class='ocrx_word' id='word_1_429' title='bbox 1181 5021 1481 5089; x_wconf 75' lang='lat' dir='ltr'><strong>sacriﬁcium</strong></span> <span class='ocrx_word' id='word_1_430' title='bbox 1509 5019 1767 5087; x_wconf 86' lang='lat' dir='ltr'><strong>salutaris,</strong></span> <span class='ocrx_word' id='word_1_431' title='bbox 1793 5022 1934 5090; x_wconf 86' lang='lat' dir='ltr'><strong>quod</strong></span> 
     </span>
    </p>
   </div>
   <div class='ocr_carea' id='block_1_53' title="bbox 356 5115 1092 5186">
    <p class='ocr_par' dir='ltr' id='par_1_53' title="bbox 356 5115 1092 5186">
     <span class='ocr_line' id='line_1_53' title="bbox 356 5115 1092 5186; baseline 0.001 -19"><span class='ocrx_word' id='word_1_432' title='bbox 356 5116 502 5186; x_wconf 73' lang='lat' dir='ltr'><strong>prius</strong></span> <span class='ocrx_word' id='word_1_433' title='bbox 523 5115 747 5178; x_wconf 69' lang='lat' dir='ltr'><strong>dixerat,</strong></span> <span class='ocrx_word' id='word_1_434' title='bbox 776 5117 829 5168; x_wconf 90' lang='lat' dir='ltr'><strong>in</strong></span> <span class='ocrx_word' id='word_1_435' title='bbox 854 5117 1092 5169; x_wconf 82' lang='lat' dir='ltr'><strong>salulare.</strong></span> 
     </span>
    </p>
   </div>
   <div class='ocr_carea' id='block_1_54' title="bbox 430 5205 1930 5279">
    <p class='ocr_par' dir='ltr' id='par_1_54' title="bbox 430 5205 1930 5279">
     <span class='ocr_line' id='line_1_54' title="bbox 430 5205 1930 5279; baseline 0.001 -19"><span class='ocrx_word' id='word_1_436' title='bbox 430 5208 566 5260; x_wconf 72' lang='lat' dir='ltr'><strong>Xill.</strong></span> <span class='ocrx_word' id='word_1_437' title='bbox 595 5206 693 5279; x_wconf 61' lang='lat' dir='ltr'><strong>illi.</strong></span> <span class='ocrx_word' id='word_1_438' title='bbox 720 5225 832 5268; x_wconf 79' lang='lat' dir='ltr'><strong>\‘Ill.</strong></span> <span class='ocrx_word' id='word_1_439' title='bbox 863 5206 976 5279; x_wconf 66' lang='lat'><strong>24.]</strong></span> <span class='ocrx_word' id='word_1_440' title='bbox 1005 5207 1219 5261; x_wconf 82' lang='lat' dir='ltr'><strong>Locutus</strong></span> <span class='ocrx_word' id='word_1_441' title='bbox 1236 5216 1305 5261; x_wconf 88' lang='lat' dir='ltr'><strong>est</strong></span> <span class='ocrx_word' id='word_1_442' title='bbox 1337 5205 1578 5260; x_wconf 88' lang='lat' dir='ltr'><strong>Dominus</strong></span> <span class='ocrx_word' id='word_1_443' title='bbox 1602 5208 1669 5260; x_wconf 90' lang='lat' dir='ltr'><strong>ad</strong></span> <span class='ocrx_word' id='word_1_444' title='bbox 1696 5206 1930 5279; x_wconf 81' lang='lat' dir='ltr'><strong>Moysen,</strong></span> 
     </span>
    </p>
   </div>
   <div class='ocr_carea' id='block_1_55' title="bbox 353 5297 1929 5368">
    <p class='ocr_par' dir='ltr' id='par_1_55' title="bbox 353 5297 1929 5368">
     <span class='ocr_line' id='line_1_55' title="bbox 353 5297 1929 5368; baseline 0.004 -20"><span class='ocrx_word' id='word_1_445' title='bbox 353 5297 547 5361; x_wconf 78' lang='lat' dir='ltr'><strong>dicens,</strong></span> <span class='ocrx_word' id='word_1_446' title='bbox 577 5298 686 5351; x_wconf 83' lang='lat' dir='ltr'><strong>lIoc</strong></span> <span class='ocrx_word' id='word_1_447' title='bbox 720 5310 789 5352; x_wconf 73' lang='lat' dir='ltr'><strong>est</strong></span> <span class='ocrx_word' id='word_1_448' title='bbox 827 5299 888 5352; x_wconf 89' lang='lat' dir='ltr'><strong>de</strong></span> <span class='ocrx_word' id='word_1_449' title='bbox 914 5298 1116 5352; x_wconf 77' lang='lat' dir='ltr'><strong>Levitis.</strong></span> <span class='ocrx_word' id='word_1_450' title='bbox 1148 5299 1257 5353; x_wconf 88' lang='lat' dir='ltr'><strong>llnc</strong></span> <span class='ocrx_word' id='word_1_451' title='bbox 1283 5298 1369 5353; x_wconf 82' lang='lat' dir='ltr'><strong>alii</strong></span> <span class='ocrx_word' id='word_1_452' title='bbox 1411 5299 1736 5368; x_wconf 82' lang='lat' dir='ltr'><strong>interpretati</strong></span> <span class='ocrx_word' id='word_1_453' title='bbox 1769 5310 1929 5367; x_wconf 81' lang='lat' dir='ltr'><strong>sunt,</strong></span> 
     </span>
    </p>
   </div>
   <div class='ocr_carea' id='block_1_56' title="bbox 356 5388 1934 5458">
    <p class='ocr_par' dir='ltr' id='par_1_56' title="bbox 356 5388 1934 5458">
     <span class='ocr_line' id='line_1_56' title="bbox 356 5388 1934 5458; baseline 0.001 -15"><span class='ocrx_word' id='word_1_454' title='bbox 356 5390 485 5444; x_wconf 77' lang='lat' dir='ltr'><strong>Iltec</strong></span> <span class='ocrx_word' id='word_1_455' title='bbox 507 5403 576 5444; x_wconf 88' lang='lat' dir='ltr'><strong>est</strong></span> <span class='ocrx_word' id='word_1_456' title='bbox 603 5394 683 5445; x_wconf 80' lang='lat' dir='ltr'><strong>lea:</strong></span> <span class='ocrx_word' id='word_1_457' title='bbox 708 5392 771 5444; x_wconf 88' lang='lat' dir='ltr'><strong>de</strong></span> <span class='ocrx_word' id='word_1_458' title='bbox 809 5388 990 5443; x_wconf 79' lang='lat' dir='ltr'><strong>Levitis</strong></span> <span class='ocrx_word' id='word_1_459' title='bbox 1024 5407 1037 5443; x_wconf 90' lang='lat'>:</span> <span class='ocrx_word' id='word_1_460' title='bbox 1069 5390 1159 5444; x_wconf 85' lang='lat' dir='ltr'><strong>sed</strong></span> <span class='ocrx_word' id='word_1_461' title='bbox 1205 5389 1344 5458; x_wconf 87' lang='lat' dir='ltr'><strong>quod</strong></span> <span class='ocrx_word' id='word_1_462' title='bbox 1387 5389 1640 5457; x_wconf 87' lang='lat' dir='ltr'><strong>scriptum</strong></span> <span class='ocrx_word' id='word_1_463' title='bbox 1682 5399 1783 5457; x_wconf 80' lang='lat' dir='ltr'><strong>est,</strong></span> <span class='ocrx_word' id='word_1_464' title='bbox 1818 5389 1934 5445; x_wconf 84' lang='lat' dir='ltr'><strong>Hoc</strong></span> 
     </span>
    </p>
   </div>
   <div class='ocr_carea' id='block_1_57' title="bbox 352 5480 1931 5552">
    <p class='ocr_par' dir='ltr' id='par_1_57' title="bbox 352 5480 1931 5552">
     <span class='ocr_line' id='line_1_57' title="bbox 352 5480 1931 5552; baseline 0.004 -19"><span class='ocrx_word' id='word_1_465' title='bbox 352 5490 424 5533; x_wconf 88' lang='lat' dir='ltr'><strong>est</strong></span> <span class='ocrx_word' id='word_1_466' title='bbox 460 5481 525 5535; x_wconf 86' lang='lat' dir='ltr'><strong>de</strong></span> <span class='ocrx_word' id='word_1_467' title='bbox 561 5480 782 5549; x_wconf 85' lang='lat' dir='ltr'><strong>Levitis,</strong></span> <span class='ocrx_word' id='word_1_468' title='bbox 822 5480 1131 5552; x_wconf 78' lang='lat' dir='ltr'><strong>intelligitur</strong></span> <span class='ocrx_word' id='word_1_469' title='bbox 1159 5480 1395 5548; x_wconf 89' lang='lat' dir='ltr'><strong>dictum,</strong></span> <span class='ocrx_word' id='word_1_470' title='bbox 1427 5480 1537 5536; x_wconf 81' lang='lat' dir='ltr'><strong>Hoc</strong></span> <span class='ocrx_word' id='word_1_471' title='bbox 1566 5483 1831 5537; x_wconf 88' lang='lat' dir='ltr'><strong>constituo</strong></span> <span class='ocrx_word' id='word_1_472' title='bbox 1864 5483 1931 5539; x_wconf 90' lang='lat' dir='ltr'><strong>de</strong></span> 
     </span>
    </p>
   </div>
   <div class='ocr_carea' id='block_1_58' title="bbox 352 5571 1927 5627">
    <p class='ocr_par' dir='ltr' id='par_1_58' title="bbox 352 5571 1927 5627">
     <span class='ocr_line' id='line_1_58' title="bbox 352 5571 1927 5627; baseline -0.001 0"><span class='ocrx_word' id='word_1_473' title='bbox 352 5571 575 5627; x_wconf 85' lang='lat' dir='ltr'><strong>Levitis.</strong></span> <span class='ocrx_word' id='word_1_474' title='bbox 1921 5595 1927 5600; x_wconf 55' lang='grc' dir='ltr'>η</span> 
     </span>
    </p>
   </div>
   <div class='ocr_carea' id='block_1_59' title="bbox 392 5674 1924 5770">
    <p class='ocr_par' dir='ltr' id='par_1_59' title="bbox 392 5674 1924 5770">
     <span class='ocr_line' id='line_1_59' title="bbox 392 5674 1924 5770; baseline 0.004 -25"><span class='ocrx_word' id='word_1_475' title='bbox 392 5698 808 5770; x_wconf 38' lang='grc' dir='ltr'><strong>⁴’,ζιτξειρκιιμὶςιιιειθ</strong></span> <span class='ocrx_word' id='word_1_476' title='bbox 831 5706 882 5769; x_wconf 75' lang='lat' dir='ltr'><strong>et</strong></span> <span class='ocrx_word' id='word_1_477' title='bbox 905 5706 1024 5758; x_wconf 69' lang='lat' dir='ltr'><strong>“aL,</strong></span> <span class='ocrx_word' id='word_1_478' title='bbox 1045 5696 1290 5770; x_wconf 19' lang='lat' dir='ltr'><strong>nisiwsllud.</strong></span> <span class='ocrx_word' id='word_1_479' title='bbox 1557 5674 1777 5770; x_wconf 30' lang='lat' dir='ltr'><strong>_A‘lii.duo</strong></span> <span class='ocrx_word' id='word_1_480' title='bbox 1799 5708 1924 5770; x_wconf 58' lang='lat' dir='ltr'><strong>Mssa</strong></span> 
     </span>
    </p>
   </div>
   <div class='ocr_carea' id='block_1_60' title="bbox 351 5760 1923 5826">
    <p class='ocr_par' dir='ltr' id='par_1_60' title="bbox 351 5760 1923 5826">
     <span class='ocr_line' id='line_1_60' title="bbox 351 5760 1923 5826; baseline 0.001 -15"><span class='ocrx_word' id='word_1_481' title='bbox 351 5760 445 5812; x_wconf 66' lang='lat' dir='ltr'><strong>nisi</strong></span> <span class='ocrx_word' id='word_1_482' title='bbox 464 5761 583 5812; x_wconf 76' lang='lat' dir='ltr'><strong>illud</strong></span> <span class='ocrx_word' id='word_1_483' title='bbox 599 5762 659 5812; x_wconf 84' lang='lat' dir='ltr'><strong>de</strong></span> <span class='ocrx_word' id='word_1_484' title='bbox 679 5768 722 5812; x_wconf 82' lang='lat' dir='ltr'><strong>te</strong></span> <span class='ocrx_word' id='word_1_485' title='bbox 731 5760 1051 5826; x_wconf 49' lang='lat' dir='ltr'><strong>fecerirumm.</strong></span> <span class='ocrx_word' id='word_1_486' title='bbox 1068 5769 1120 5812; x_wconf 91' lang='lat' dir='ltr'><strong>et</strong></span> <span class='ocrx_word' id='word_1_487' title='bbox 1134 5768 1225 5824; x_wconf 65' lang='lat' dir='ltr'><strong>En,</strong></span> <span class='ocrx_word' id='word_1_488' title='bbox 1238 5760 1331 5812; x_wconf 70' lang='lat' dir='ltr'><strong>nisi</strong></span> <span class='ocrx_word' id='word_1_489' title='bbox 1344 5760 1431 5812; x_wconf 84' lang='lat' dir='ltr'><strong>hoc</strong></span> <span class='ocrx_word' id='word_1_490' title='bbox 1446 5760 1567 5814; x_wconf 76' lang='lat' dir='ltr'><strong>illud</strong></span> <span class='ocrx_word' id='word_1_491' title='bbox 1583 5763 1644 5814; x_wconf 83' lang='lat' dir='ltr'><strong>de</strong></span> <span class='ocrx_word' id='word_1_492' title='bbox 1658 5763 1923 5826; x_wconf 70' lang='lat' dir='ltr'><strong>(eiecerint.</strong></span> 
     </span>
    </p>
   </div>
   <div class='ocr_carea' id='block_1_61' title="bbox 1719 338 2307 406">
    <p class='ocr_par' dir='ltr' id='par_1_61' title="bbox 1719 338 2307 406">
     <span class='ocr_line' id='line_1_61' title="bbox 1719 338 2307 406; baseline -0.002 -7"><span class='ocrx_word' id='word_1_493' title='bbox 1719 342 1924 399; x_wconf 77' lang='lat' dir='ltr'><strong>LIBER</strong></span> <span class='ocrx_word' id='word_1_494' title='bbox 1963 338 2307 406; x_wconf 66' lang='lat' dir='ltr'><strong>QUARTUS.</strong></span> 
     </span>
    </p>
   </div>
   <div class='ocr_carea' id='block_1_62' title="bbox 3543 357 3646 411">
    <p class='ocr_par' dir='ltr' id='par_1_62' title="bbox 3543 357 3646 411">
     <span class='ocr_line' id='line_1_62' title="bbox 3543 357 3646 411; baseline 0 0"><span class='ocrx_word' id='word_1_495' title='bbox 3543 357 3646 411; x_wconf 65' lang='lat'><strong>7‘22</strong></span> 
     </span>
    </p>
   </div>
   <div class='ocr_carea' id='block_1_63' title="bbox 2149 462 3642 541">
    <p class='ocr_par' dir='ltr' id='par_1_63' title="bbox 2149 462 3642 541">
     <span class='ocr_line' id='line_1_63' title="bbox 2149 462 3642 541; baseline 0.006 -24"><span class='ocrx_word' id='word_1_496' title='bbox 2149 462 2281 517; x_wconf 83' lang='lat' dir='ltr'><strong>XIV.</strong></span> <span class='ocrx_word' id='word_1_497' title='bbox 2310 462 2407 537; x_wconf 81' lang='grc'><strong>[11).</strong></span> <span class='ocrx_word' id='word_1_498' title='bbox 2436 482 2545 531; x_wconf 81' lang='lat' dir='ltr'><strong>Vttl,</strong></span> <span class='ocrx_word' id='word_1_499' title='bbox 2569 466 2780 541; x_wconf 66' lang='lat'><strong>24-26,]</strong></span> <span class='ocrx_word' id='word_1_500' title='bbox 2806 467 3003 524; x_wconf 80' lang='lat' dir='ltr'><strong>Deinde</strong></span> <span class='ocrx_word' id='word_1_501' title='bbox 3023 469 3259 539; x_wconf 84' lang='lat' dir='ltr'><strong>sequitur</strong></span> <span class='ocrx_word' id='word_1_502' title='bbox 3288 488 3299 524; x_wconf 85' lang='lat'><strong>:</strong></span> <span class='ocrx_word' id='word_1_503' title='bbox 3331 471 3373 523; x_wconf 83' lang='grc' dir='ltr'><em>Α</em></span> <span class='ocrx_word' id='word_1_504' title='bbox 3402 472 3579 540; x_wconf 84' lang='lat' dir='ltr'><strong>quinto</strong></span> <span class='ocrx_word' id='word_1_505' title='bbox 3593 483 3642 526; x_wconf 83' lang='lat' dir='ltr'><strong>et</strong></span> 
     </span>
    </p>
   </div>
   <div class='ocr_carea' id='block_1_64' title="bbox 2069 554 3641 630">
    <p class='ocr_par' dir='ltr' id='par_1_64' title="bbox 2069 554 3641 630">
     <span class='ocr_line' id='line_1_64' title="bbox 2069 554 3641 630; baseline 0.006 -23"><span class='ocrx_word' id='word_1_506' title='bbox 2069 554 2301 608; x_wconf 82' lang='lat' dir='ltr'><strong>vicesimo</strong></span> <span class='ocrx_word' id='word_1_507' title='bbox 2334 573 2468 610; x_wconf 90' lang='lat' dir='ltr'><strong>anno</strong></span> <span class='ocrx_word' id='word_1_508' title='bbox 2506 565 2553 611; x_wconf 85' lang='lat' dir='ltr'><strong>et</strong></span> <span class='ocrx_word' id='word_1_509' title='bbox 2579 574 2762 630; x_wconf 82' lang='lat' dir='ltr'><strong>supra,</strong></span> <span class='ocrx_word' id='word_1_510' title='bbox 2793 559 3065 614; x_wconf 73' lang='lat' dir='ltr'><strong>introibant</strong></span> <span class='ocrx_word' id='word_1_511' title='bbox 3093 562 3377 615; x_wconf 90' lang='lat' dir='ltr'><strong>ministrare</strong></span> <span class='ocrx_word' id='word_1_512' title='bbox 3405 563 3457 616; x_wconf 87' lang='lat' dir='ltr'><strong>in</strong></span> <span class='ocrx_word' id='word_1_513' title='bbox 3487 565 3641 617; x_wconf 61' lang='lat' dir='ltr'><strong>minio</strong></span> 
     </span>
    </p>
   </div>
   <div class='ocr_carea' id='block_1_65' title="bbox 2067 647 3634 724">
    <p class='ocr_par' dir='ltr' id='par_1_65' title="bbox 2067 647 3634 724">
     <span class='ocr_line' id='line_1_65' title="bbox 2067 647 3634 724; baseline 0.006 -26"><span class='ocrx_word' id='word_1_514' title='bbox 2067 647 2269 699; x_wconf 84' lang='lat' dir='ltr'><strong>sterium</strong></span> <span class='ocrx_word' id='word_1_515' title='bbox 2293 647 2344 699; x_wconf 88' lang='lat' dir='ltr'><strong>in</strong></span> <span class='ocrx_word' id='word_1_516' title='bbox 2364 648 2596 717; x_wconf 81' lang='lat' dir='ltr'><strong>operibus</strong></span> <span class='ocrx_word' id='word_1_517' title='bbox 2621 650 2675 703; x_wconf 90' lang='lat' dir='ltr'><strong>in</strong></span> <span class='ocrx_word' id='word_1_518' title='bbox 2694 649 3010 705; x_wconf 89' lang='lat' dir='ltr'><strong>tabernaculo</strong></span> <span class='ocrx_word' id='word_1_519' title='bbox 3034 652 3331 719; x_wconf 87' lang='lat' dir='ltr'><strong>testimonii;</strong></span> <span class='ocrx_word' id='word_1_520' title='bbox 3352 663 3397 707; x_wconf 89' lang='lat' dir='ltr'><strong>et</strong></span> <span class='ocrx_word' id='word_1_521' title='bbox 3421 671 3452 707; x_wconf 91' lang='lat' dir='ltr'><strong>a</strong></span> <span class='ocrx_word' id='word_1_522' title='bbox 3478 656 3634 724; x_wconf 84' lang='lat' dir='ltr'><strong>quin-</strong></span> 
     </span>
    </p>
   </div>
   <div class='ocr_carea' id='block_1_66' title="bbox 2065 739 3639 817">
    <p class='ocr_par' dir='ltr' id='par_1_66' title="bbox 2065 739 3639 817">
     <span class='ocr_line' id='line_1_66' title="bbox 2065 739 3639 817; baseline 0.006 -27"><span class='ocrx_word' id='word_1_523' title='bbox 2065 739 2371 807; x_wconf 84' lang='lat' dir='ltr'><strong>quagenaria</strong></span> <span class='ocrx_word' id='word_1_524' title='bbox 2396 741 2584 794; x_wconf 83' lang='lat' dir='ltr'><strong>recedet</strong></span> <span class='ocrx_word' id='word_1_525' title='bbox 2600 742 2662 795; x_wconf 90' lang='lat' dir='ltr'><strong>ab</strong></span> <span class='ocrx_word' id='word_1_526' title='bbox 2685 742 3136 809; x_wconf 84' lang='lat' dir='ltr'><strong>administratione,</strong></span> <span class='ocrx_word' id='word_1_527' title='bbox 3158 754 3202 799; x_wconf 88' lang='lat' dir='ltr'><strong>et</strong></span> <span class='ocrx_word' id='word_1_528' title='bbox 3230 763 3328 799; x_wconf 89' lang='lat' dir='ltr'><strong>non</strong></span> <span class='ocrx_word' id='word_1_529' title='bbox 3350 745 3639 817; x_wconf 84' lang='lat' dir='ltr'><strong>aperabitur</strong></span> 
     </span>
    </p>
   </div>
   <div class='ocr_carea' id='block_1_67' title="bbox 2065 827 3637 904">
    <p class='ocr_par' dir='ltr' id='par_1_67' title="bbox 2065 827 3637 904">
     <span class='ocr_line' id='line_1_67' title="bbox 2065 827 3637 904; baseline 0.006 -25"><span class='ocrx_word' id='word_1_530' title='bbox 2065 828 2200 880; x_wconf 84' lang='lat' dir='ltr'><strong>ultra</strong></span> <span class='ocrx_word' id='word_1_531' title='bbox 2222 827 2297 897; x_wconf 90' lang='lat' dir='ltr'><strong>(et</strong></span> <span class='ocrx_word' id='word_1_532' title='bbox 2332 830 2628 885; x_wconf 81' lang='lat' dir='ltr'><strong>ministrabit</strong></span> <span class='ocrx_word' id='word_1_533' title='bbox 2661 836 2818 902; x_wconf 83' lang='lat' dir='ltr'><strong>frater</strong></span> <span class='ocrx_word' id='word_1_534' title='bbox 2845 832 2989 904; x_wconf 85' lang='lat' dir='ltr'><strong>ejus)</strong></span> <span class='ocrx_word' id='word_1_535' title='bbox 3028 834 3123 887; x_wconf 86' lang='lat' dir='ltr'><strong>:in</strong></span> <span class='ocrx_word' id='word_1_536' title='bbox 3149 834 3469 888; x_wconf 77' lang='lat' dir='ltr'><strong>tabernaculo</strong></span> <span class='ocrx_word' id='word_1_537' title='bbox 3493 837 3637 889; x_wconf 85' lang='lat' dir='ltr'><strong>testi-</strong></span> 
     </span>
    </p>
   </div>
   <div class='ocr_carea' id='block_1_68' title="bbox 2064 919 3635 997">
    <p class='ocr_par' dir='ltr' id='par_1_68' title="bbox 2064 919 3635 997">
     <span class='ocr_line' id='line_1_68' title="bbox 2064 919 3635 997; baseline 0.006 -26"><span class='ocrx_word' id='word_1_538' title='bbox 2064 919 2219 972; x_wconf 87' lang='lat' dir='ltr'><strong>monii</strong></span> <span class='ocrx_word' id='word_1_539' title='bbox 2239 922 2489 975; x_wconf 86' lang='lat' dir='ltr'><strong>custodire</strong></span> <span class='ocrx_word' id='word_1_540' title='bbox 2508 924 2797 987; x_wconf 86' lang='lat' dir='ltr'><strong>custodias;</strong></span> <span class='ocrx_word' id='word_1_541' title='bbox 2825 941 2979 994; x_wconf 82' lang='lat' dir='ltr'><strong>Opera</strong></span> <span class='ocrx_word' id='word_1_542' title='bbox 3006 936 3171 978; x_wconf 90' lang='lat' dir='ltr'><strong>autem</strong></span> <span class='ocrx_word' id='word_1_543' title='bbox 3200 942 3297 979; x_wconf 89' lang='lat' dir='ltr'><strong>non</strong></span> <span class='ocrx_word' id='word_1_544' title='bbox 3324 926 3635 997; x_wconf 84' lang='lat' dir='ltr'><strong>aperabitur.</strong></span> 
     </span>
    </p>
   </div>
   <div class='ocr_carea' id='block_1_69' title="bbox 2063 1008 3637 1085">
    <p class='ocr_par' dir='ltr' id='par_1_69' title="bbox 2063 1008 3637 1085">
     <span class='ocr_line' id='line_1_69' title="bbox 2063 1008 3637 1085; baseline 0.006 -24"><span class='ocrx_word' id='word_1_545' title='bbox 2063 1008 2214 1063; x_wconf 86' lang='lat' dir='ltr'><strong>Hunc</strong></span> <span class='ocrx_word' id='word_1_546' title='bbox 2241 1024 2454 1065; x_wconf 88' lang='lat' dir='ltr'><strong>sensum</strong></span> <span class='ocrx_word' id='word_1_547' title='bbox 2483 1012 2770 1067; x_wconf 91' lang='lat' dir='ltr'><strong>obscurum</strong></span> <span class='ocrx_word' id='word_1_548' title='bbox 2800 1012 2924 1068; x_wconf 88' lang='lat' dir='ltr'><strong>facit</strong></span> <span class='ocrx_word' id='word_1_549' title='bbox 2944 1021 3216 1085; x_wconf 71' lang='grc' dir='ltr'><strong>ὑπερϐατον,</strong></span> <span class='ocrx_word' id='word_1_550' title='bbox 3245 1016 3385 1085; x_wconf 91' lang='lat' dir='ltr'><strong>quod</strong></span> <span class='ocrx_word' id='word_1_551' title='bbox 3407 1016 3477 1070; x_wconf 88' lang='lat' dir='ltr'><strong>ita</strong></span> <span class='ocrx_word' id='word_1_552' title='bbox 3508 1032 3637 1072; x_wconf 86' lang='lat' dir='ltr'><strong>con-</strong></span> 
     </span>
    </p>
   </div>
   <div class='ocr_carea' id='block_1_70' title="bbox 2064 1102 3641 1175">
    <p class='ocr_par' dir='ltr' id='par_1_70' title="bbox 2064 1102 3641 1175">
     <span class='ocr_line' id='line_1_70' title="bbox 2064 1102 3641 1175; baseline 0.006 -21"><span class='ocrx_word' id='word_1_553' title='bbox 2064 1102 2233 1155; x_wconf 86' lang='lat' dir='ltr'><strong>lusum</strong></span> <span class='ocrx_word' id='word_1_554' title='bbox 2260 1111 2361 1168; x_wconf 93' lang='lat' dir='ltr'><strong>est,</strong></span> <span class='ocrx_word' id='word_1_555' title='bbox 2388 1110 2634 1173; x_wconf 87' lang='lat' dir='ltr'><strong>tanquam</strong></span> <span class='ocrx_word' id='word_1_556' title='bbox 2657 1104 2723 1159; x_wconf 91' lang='lat' dir='ltr'><strong>de</strong></span> <span class='ocrx_word' id='word_1_557' title='bbox 2743 1105 2856 1175; x_wconf 90' lang='lat' dir='ltr'><strong>ipso</strong></span> <span class='ocrx_word' id='word_1_558' title='bbox 2881 1104 3041 1160; x_wconf 89' lang='lat' dir='ltr'><strong>fratre</strong></span> <span class='ocrx_word' id='word_1_559' title='bbox 3066 1106 3135 1161; x_wconf 90' lang='lat' dir='ltr'><strong>sit</strong></span> <span class='ocrx_word' id='word_1_560' title='bbox 3154 1106 3368 1172; x_wconf 90' lang='lat' dir='ltr'><strong>dictum,</strong></span> <span class='ocrx_word' id='word_1_561' title='bbox 3389 1108 3641 1163; x_wconf 85' lang='lat' dir='ltr'><strong>custodire</strong></span> 
     </span>
    </p>
   </div>
   <div class='ocr_carea' id='block_1_71' title="bbox 2060 1191 3637 1268">
    <p class='ocr_par' dir='ltr' id='par_1_71' title="bbox 2060 1191 3637 1268">
     <span class='ocr_line' id='line_1_71' title="bbox 2060 1191 3637 1268; baseline 0.006 -25"><span class='ocrx_word' id='word_1_562' title='bbox 2060 1192 2348 1256; x_wconf 84' lang='lat' dir='ltr'><strong>custodias;</strong></span> <span class='ocrx_word' id='word_1_563' title='bbox 2378 1206 2497 1247; x_wconf 91' lang='lat' dir='ltr'><strong>cum</strong></span> <span class='ocrx_word' id='word_1_564' title='bbox 2521 1191 2718 1246; x_wconf 88' lang='lat' dir='ltr'><strong>dictum</strong></span> <span class='ocrx_word' id='word_1_565' title='bbox 2746 1194 2814 1247; x_wconf 92' lang='lat' dir='ltr'><strong>sit</strong></span> <span class='ocrx_word' id='word_1_566' title='bbox 2834 1193 2901 1248; x_wconf 92' lang='lat' dir='ltr'><strong>de</strong></span> <span class='ocrx_word' id='word_1_567' title='bbox 2929 1195 3038 1260; x_wconf 88' lang='lat' dir='ltr'><strong>illo,</strong></span> <span class='ocrx_word' id='word_1_568' title='bbox 3070 1196 3157 1266; x_wconf 91' lang='lat' dir='ltr'><strong>qui</strong></span> <span class='ocrx_word' id='word_1_569' title='bbox 3188 1199 3388 1251; x_wconf 81' lang='lat' dir='ltr'><strong>recedit</strong></span> <span class='ocrx_word' id='word_1_570' title='bbox 3416 1196 3482 1250; x_wconf 87' lang='lat' dir='ltr'><strong>ab</strong></span> <span class='ocrx_word' id='word_1_571' title='bbox 3507 1212 3637 1268; x_wconf 87' lang='lat' dir='ltr'><strong>ope-</strong></span> 
     </span>
    </p>
   </div>
   <div class='ocr_carea' id='block_1_72' title="bbox 2061 1283 3635 1351">
    <p class='ocr_par' dir='ltr' id='par_1_72' title="bbox 2061 1283 3635 1351">
     <span class='ocr_line' id='line_1_72' title="bbox 2061 1283 3635 1351; baseline 0.004 -14"><span class='ocrx_word' id='word_1_572' title='bbox 2061 1283 2227 1351; x_wconf 87' lang='lat' dir='ltr'><strong>ribus,</strong></span> <span class='ocrx_word' id='word_1_573' title='bbox 2255 1293 2308 1337; x_wconf 88' lang='lat' dir='ltr'><strong>et</strong></span> <span class='ocrx_word' id='word_1_574' title='bbox 2336 1284 2627 1339; x_wconf 84' lang='lat' dir='ltr'><strong>remanebit</strong></span> <span class='ocrx_word' id='word_1_575' title='bbox 2661 1284 2769 1339; x_wconf 88' lang='lat' dir='ltr'><strong>illic</strong></span> <span class='ocrx_word' id='word_1_576' title='bbox 2787 1327 2803 1351; x_wconf 97' lang='lat'><strong>,</strong></span> <span class='ocrx_word' id='word_1_577' title='bbox 2825 1286 2877 1339; x_wconf 90' lang='lat' dir='ltr'><strong>in</strong></span> <span class='ocrx_word' id='word_1_578' title='bbox 2908 1289 3224 1341; x_wconf 84' lang='lat' dir='ltr'><strong>tabernaculo</strong></span> <span class='ocrx_word' id='word_1_579' title='bbox 3251 1289 3517 1343; x_wconf 80' lang='lat' dir='ltr'><strong>testimonii</strong></span> <span class='ocrx_word' id='word_1_580' title='bbox 3540 1306 3635 1344; x_wconf 83' lang='lat' dir='ltr'><strong>cu—</strong></span> 
     </span>
    </p>
   </div>
   <div class='ocr_carea' id='block_1_73' title="bbox 2058 1376 3637 1452">
    <p class='ocr_par' dir='ltr' id='par_1_73' title="bbox 2058 1376 3637 1452">
     <span class='ocr_line' id='line_1_73' title="bbox 2058 1376 3637 1452; baseline 0.004 -22"><span class='ocrx_word' id='word_1_581' title='bbox 2058 1376 2245 1430; x_wconf 89' lang='lat' dir='ltr'><strong>stodire</strong></span> <span class='ocrx_word' id='word_1_582' title='bbox 2268 1376 2520 1431; x_wconf 86' lang='lat' dir='ltr'><strong>custodias</strong></span> <span class='ocrx_word' id='word_1_583' title='bbox 2537 1394 2555 1440; x_wconf 88' lang='lat'><strong>;</strong></span> <span class='ocrx_word' id='word_1_584' title='bbox 2571 1393 2723 1447; x_wconf 84' lang='lat' dir='ltr'><strong>opera</strong></span> <span class='ocrx_word' id='word_1_585' title='bbox 2749 1386 2913 1431; x_wconf 87' lang='lat' dir='ltr'><strong>autem</strong></span> <span class='ocrx_word' id='word_1_586' title='bbox 2936 1396 3035 1432; x_wconf 90' lang='lat' dir='ltr'><strong>non</strong></span> <span class='ocrx_word' id='word_1_587' title='bbox 3051 1381 3367 1449; x_wconf 83' lang='lat' dir='ltr'><strong>operabitur;</strong></span> <span class='ocrx_word' id='word_1_588' title='bbox 3387 1381 3480 1435; x_wconf 86' lang='lat' dir='ltr'><strong>sed</strong></span> <span class='ocrx_word' id='word_1_589' title='bbox 3506 1396 3637 1452; x_wconf 84' lang='lat' dir='ltr'><strong>ope-</strong></span> 
     </span>
    </p>
   </div>
   <div class='ocr_carea' id='block_1_74' title="bbox 2060 1465 3635 1538">
    <p class='ocr_par' dir='ltr' id='par_1_74' title="bbox 2060 1465 3635 1538">
     <span class='ocr_line' id='line_1_74' title="bbox 2060 1465 3635 1538; baseline 0.004 -19"><span class='ocrx_word' id='word_1_590' title='bbox 2060 1465 2263 1519; x_wconf 89' lang='lat' dir='ltr'><strong>rabitur</strong></span> <span class='ocrx_word' id='word_1_591' title='bbox 2292 1465 2457 1520; x_wconf 84' lang='lat' dir='ltr'><strong>frater</strong></span> <span class='ocrx_word' id='word_1_592' title='bbox 2482 1467 2596 1536; x_wconf 75' lang='lat' dir='ltr'><strong>eius</strong></span> <span class='ocrx_word' id='word_1_593' title='bbox 2619 1508 2634 1533; x_wconf 94' lang='lat'><strong>,</strong></span> <span class='ocrx_word' id='word_1_594' title='bbox 2665 1466 2715 1521; x_wconf 90' lang='lat' dir='ltr'><strong>id</strong></span> <span class='ocrx_word' id='word_1_595' title='bbox 2756 1475 2869 1530; x_wconf 89' lang='lat' dir='ltr'><strong>est,</strong></span> <span class='ocrx_word' id='word_1_596' title='bbox 2899 1468 2987 1537; x_wconf 88' lang='lat' dir='ltr'><strong>qui</strong></span> <span class='ocrx_word' id='word_1_597' title='bbox 3027 1468 3260 1523; x_wconf 85' lang='lat' dir='ltr'><strong>nondum</strong></span> <span class='ocrx_word' id='word_1_598' title='bbox 3289 1469 3528 1538; x_wconf 87' lang='lat' dir='ltr'><strong>pervenit</strong></span> <span class='ocrx_word' id='word_1_599' title='bbox 3562 1469 3635 1525; x_wconf 79' lang='lat' dir='ltr'><strong>ad</strong></span> 
     </span>
    </p>
   </div>
   <div class='ocr_carea' id='block_1_75' title="bbox 2057 1557 3633 1628">
    <p class='ocr_par' dir='ltr' id='par_1_75' title="bbox 2057 1557 3633 1628">
     <span class='ocr_line' id='line_1_75' title="bbox 2057 1557 3633 1628; baseline 0.004 -20"><span class='ocrx_word' id='word_1_600' title='bbox 2057 1565 2266 1609; x_wconf 79' lang='lat' dir='ltr'><strong>aetatem</strong></span> <span class='ocrx_word' id='word_1_601' title='bbox 2295 1557 2819 1628; x_wconf 85' lang='lat' dir='ltr'><strong>quinquagenariam,</strong></span> <span class='ocrx_word' id='word_1_602' title='bbox 2844 1572 2877 1611; x_wconf 88' lang='lat' dir='ltr'><strong>a</strong></span> <span class='ocrx_word' id='word_1_603' title='bbox 2904 1558 3083 1627; x_wconf 75' lang='lat' dir='ltr'><strong>viginti</strong></span> <span class='ocrx_word' id='word_1_604' title='bbox 3109 1560 3341 1628; x_wconf 88' lang='lat' dir='ltr'><strong>quinque</strong></span> <span class='ocrx_word' id='word_1_605' title='bbox 3367 1561 3520 1616; x_wconf 83' lang='lat' dir='ltr'><strong>annis</strong></span> <span class='ocrx_word' id='word_1_606' title='bbox 3546 1561 3633 1616; x_wconf 53' lang='lat' dir='ltr'><strong>int-</strong></span> 
     </span>
    </p>
   </div>
   <div class='ocr_carea' id='block_1_76' title="bbox 2057 1647 3630 1719">
    <p class='ocr_par' dir='ltr' id='par_1_76' title="bbox 2057 1647 3630 1719">
     <span class='ocr_line' id='line_1_76' title="bbox 2057 1647 3630 1719; baseline 0.004 -21"><span class='ocrx_word' id='word_1_607' title='bbox 2057 1647 2257 1715; x_wconf 82' lang='lat' dir='ltr'><strong>cipiens</strong></span> <span class='ocrx_word' id='word_1_608' title='bbox 2301 1649 2532 1716; x_wconf 89' lang='lat' dir='ltr'><strong>operari.</strong></span> <span class='ocrx_word' id='word_1_609' title='bbox 2579 1649 2717 1718; x_wconf 81' lang='lat' dir='ltr'><strong>Ergo</strong></span> <span class='ocrx_word' id='word_1_610' title='bbox 2763 1649 2832 1702; x_wconf 91' lang='lat' dir='ltr'><strong>ita</strong></span> <span class='ocrx_word' id='word_1_611' title='bbox 2872 1650 3297 1719; x_wconf 87' lang='lat' dir='ltr'><strong>distinguendum</strong></span> <span class='ocrx_word' id='word_1_612' title='bbox 3341 1661 3424 1705; x_wconf 89' lang='lat' dir='ltr'><strong>est</strong></span> <span class='ocrx_word' id='word_1_613' title='bbox 3462 1669 3475 1705; x_wconf 89' lang='lat'><strong>:</strong></span> <span class='ocrx_word' id='word_1_614' title='bbox 3510 1651 3630 1705; x_wconf 87' lang='lat' dir='ltr'><strong>Eta</strong></span> 
     </span>
    </p>
   </div>
   <div class='ocr_carea' id='block_1_77' title="bbox 2050 1736 3633 1813">
    <p class='ocr_par' dir='ltr' id='par_1_77' title="bbox 2050 1736 3633 1813">
     <span class='ocr_line' id='line_1_77' title="bbox 2050 1736 3633 1813; baseline 0.005 -24"><span class='ocrx_word' id='word_1_615' title='bbox 2050 1736 2482 1811; x_wconf 87' lang='lat' dir='ltr'><strong>quinquagenaria</strong></span> <span class='ocrx_word' id='word_1_616' title='bbox 2515 1739 2709 1793; x_wconf 87' lang='lat' dir='ltr'><strong>recedet</strong></span> <span class='ocrx_word' id='word_1_617' title='bbox 2733 1740 2795 1793; x_wconf 89' lang='lat' dir='ltr'><strong>ab</strong></span> <span class='ocrx_word' id='word_1_618' title='bbox 2820 1740 3278 1807; x_wconf 84' lang='lat' dir='ltr'><strong>administratione,</strong></span> <span class='ocrx_word' id='word_1_619' title='bbox 3305 1754 3351 1795; x_wconf 89' lang='lat' dir='ltr'><strong>et</strong></span> <span class='ocrx_word' id='word_1_620' title='bbox 3377 1759 3476 1797; x_wconf 92' lang='lat' dir='ltr'><strong>non</strong></span> <span class='ocrx_word' id='word_1_621' title='bbox 3506 1760 3633 1813; x_wconf 77' lang='lat' dir='ltr'><strong>ope-</strong></span> 
     </span>
    </p>
   </div>
   <div class='ocr_carea' id='block_1_78' title="bbox 2056 1825 3627 1903">
    <p class='ocr_par' dir='ltr' id='par_1_78' title="bbox 2056 1825 3627 1903">
     <span class='ocr_line' id='line_1_78' title="bbox 2056 1825 3627 1903; baseline 0.006 -24"><span class='ocrx_word' id='word_1_622' title='bbox 2056 1825 2245 1882; x_wconf 90' lang='lat' dir='ltr'><strong>rabitur</strong></span> <span class='ocrx_word' id='word_1_623' title='bbox 2268 1831 2420 1893; x_wconf 82' lang='lat' dir='ltr'><strong>ultra,</strong></span> <span class='ocrx_word' id='word_1_624' title='bbox 2443 1840 2489 1883; x_wconf 93' lang='lat' dir='ltr'><strong>et</strong></span> <span class='ocrx_word' id='word_1_625' title='bbox 2514 1831 2811 1884; x_wconf 84' lang='lat' dir='ltr'><strong>ministrabit</strong></span> <span class='ocrx_word' id='word_1_626' title='bbox 2838 1834 2993 1901; x_wconf 81' lang='lat' dir='ltr'><strong>frater</strong></span> <span class='ocrx_word' id='word_1_627' title='bbox 3019 1833 3146 1903; x_wconf 87' lang='lat' dir='ltr'><strong>ejus.</strong></span> <span class='ocrx_word' id='word_1_628' title='bbox 3178 1833 3375 1888; x_wconf 88' lang='lat' dir='ltr'><strong>Deinde</strong></span> <span class='ocrx_word' id='word_1_629' title='bbox 3400 1835 3533 1889; x_wconf 86' lang='lat' dir='ltr'><strong>redit</strong></span> <span class='ocrx_word' id='word_1_630' title='bbox 3559 1836 3627 1889; x_wconf 86' lang='lat' dir='ltr'><strong>ad</strong></span> 
     </span>
    </p>
   </div>
   <div class='ocr_carea' id='block_1_79' title="bbox 2055 1920 3633 1992">
    <p class='ocr_par' dir='ltr' id='par_1_79' title="bbox 2055 1920 3633 1992">
     <span class='ocr_line' id='line_1_79' title="bbox 2055 1920 3633 1992; baseline 0.004 -19"><span class='ocrx_word' id='word_1_631' title='bbox 2055 1920 2204 1974; x_wconf 90' lang='lat' dir='ltr'><strong>illum</strong></span> <span class='ocrx_word' id='word_1_632' title='bbox 2231 1922 2757 1991; x_wconf 90' lang='lat' dir='ltr'><strong>quinquagenarium,</strong></span> <span class='ocrx_word' id='word_1_633' title='bbox 2785 1922 2852 1977; x_wconf 90' lang='lat' dir='ltr'><strong>de</strong></span> <span class='ocrx_word' id='word_1_634' title='bbox 2871 1938 2975 1992; x_wconf 90' lang='lat' dir='ltr'><strong>quo</strong></span> <span class='ocrx_word' id='word_1_635' title='bbox 2999 1923 3330 1992; x_wconf 85' lang='lat' dir='ltr'><strong>loquebatur,</strong></span> <span class='ocrx_word' id='word_1_636' title='bbox 3356 1936 3411 1980; x_wconf 91' lang='lat' dir='ltr'><strong>et</strong></span> <span class='ocrx_word' id='word_1_637' title='bbox 3448 1926 3513 1980; x_wconf 90' lang='lat' dir='ltr'><strong>de</strong></span> <span class='ocrx_word' id='word_1_638' title='bbox 3539 1926 3633 1981; x_wconf 84' lang='lat' dir='ltr'><strong>illo</strong></span> 
     </span>
    </p>
   </div>
   <div class='ocr_carea' id='block_1_80' title="bbox 2054 2011 3630 2079">
    <p class='ocr_par' dir='ltr' id='par_1_80' title="bbox 2054 2011 3630 2079">
     <span class='ocr_line' id='line_1_80' title="bbox 2054 2011 3630 2079; baseline 0.003 -14"><span class='ocrx_word' id='word_1_639' title='bbox 2054 2012 2283 2079; x_wconf 82' lang='lat' dir='ltr'><strong>explicat</strong></span> <span class='ocrx_word' id='word_1_640' title='bbox 2305 2022 2494 2067; x_wconf 70' lang='lat' dir='ltr'><strong>cmtera</strong></span> <span class='ocrx_word' id='word_1_641' title='bbox 2514 2054 2529 2079; x_wconf 92' lang='lat'><strong>,</strong></span> <span class='ocrx_word' id='word_1_642' title='bbox 2558 2012 2761 2075; x_wconf 90' lang='lat' dir='ltr'><strong>dicens,</strong></span> <span class='ocrx_word' id='word_1_643' title='bbox 2790 2011 2856 2065; x_wconf 88' lang='lat' dir='ltr'><strong>In</strong></span> <span class='ocrx_word' id='word_1_644' title='bbox 2886 2012 3204 2067; x_wconf 88' lang='lat' dir='ltr'><strong>tabernaculo</strong></span> <span class='ocrx_word' id='word_1_645' title='bbox 3231 2016 3500 2068; x_wconf 86' lang='lat' dir='ltr'><strong>testimonii</strong></span> <span class='ocrx_word' id='word_1_646' title='bbox 3536 2033 3630 2070; x_wconf 84' lang='lat' dir='ltr'><strong>cu-</strong></span> 
     </span>
    </p>
   </div>
   <div class='ocr_carea' id='block_1_81' title="bbox 2053 2104 3631 2175">
    <p class='ocr_par' dir='ltr' id='par_1_81' title="bbox 2053 2104 3631 2175">
     <span class='ocr_line' id='line_1_81' title="bbox 2053 2104 3631 2175; baseline 0.003 -19"><span class='ocrx_word' id='word_1_647' title='bbox 2053 2104 2242 2158; x_wconf 88' lang='lat' dir='ltr'><strong>stodire</strong></span> <span class='ocrx_word' id='word_1_648' title='bbox 2276 2105 2562 2167; x_wconf 85' lang='lat' dir='ltr'><strong>custodias;</strong></span> <span class='ocrx_word' id='word_1_649' title='bbox 2599 2121 2751 2172; x_wconf 81' lang='lat' dir='ltr'><strong>Opera</strong></span> <span class='ocrx_word' id='word_1_650' title='bbox 2796 2114 2962 2159; x_wconf 90' lang='lat' dir='ltr'><strong>autem</strong></span> <span class='ocrx_word' id='word_1_651' title='bbox 2998 2122 3099 2159; x_wconf 88' lang='lat' dir='ltr'><strong>non</strong></span> <span class='ocrx_word' id='word_1_652' title='bbox 3137 2107 3441 2175; x_wconf 82' lang='lat' dir='ltr'><strong>Operabitur.</strong></span> <span class='ocrx_word' id='word_1_653' title='bbox 3479 2107 3631 2175; x_wconf 76' lang='lat' dir='ltr'><strong>Quod</strong></span> 
     </span>
    </p>
   </div>
   <div class='ocr_carea' id='block_1_82' title="bbox 2054 2194 3630 2271">
    <p class='ocr_par' dir='ltr' id='par_1_82' title="bbox 2054 2194 3630 2271">
     <span class='ocr_line' id='line_1_82' title="bbox 2054 2194 3630 2271; baseline 0.002 -23"><span class='ocrx_word' id='word_1_654' title='bbox 2054 2194 2196 2248; x_wconf 91' lang='lat' dir='ltr'><strong>enim</strong></span> <span class='ocrx_word' id='word_1_655' title='bbox 2241 2194 2332 2258; x_wconf 81' lang='lat' dir='ltr'><strong>ait,</strong></span> <span class='ocrx_word' id='word_1_656' title='bbox 2365 2195 2630 2258; x_wconf 88' lang='lat' dir='ltr'><strong>custodire,</strong></span> <span class='ocrx_word' id='word_1_657' title='bbox 2665 2194 2996 2257; x_wconf 83' lang='lat' dir='ltr'><strong>subauditur,</strong></span> <span class='ocrx_word' id='word_1_658' title='bbox 3022 2195 3262 2271; x_wconf 86' lang='lat' dir='ltr'><strong>incipiet,</strong></span> <span class='ocrx_word' id='word_1_659' title='bbox 3294 2207 3540 2266; x_wconf 87' lang='lat' dir='ltr'><strong>tanquam</strong></span> <span class='ocrx_word' id='word_1_660' title='bbox 3576 2196 3630 2251; x_wconf 90' lang='lat' dir='ltr'><strong>id</strong></span> 
     </span>
    </p>
   </div>
   <div class='ocr_carea' id='block_1_83' title="bbox 2054 2284 3629 2350">
    <p class='ocr_par' dir='ltr' id='par_1_83' title="bbox 2054 2284 3629 2350">
     <span class='ocr_line' id='line_1_83' title="bbox 2054 2284 3629 2350; baseline 0.003 -13"><span class='ocrx_word' id='word_1_661' title='bbox 2054 2300 2160 2339; x_wconf 90' lang='lat' dir='ltr'><strong>uno</strong></span> <span class='ocrx_word' id='word_1_662' title='bbox 2202 2286 2366 2339; x_wconf 88' lang='lat' dir='ltr'><strong>verbo</strong></span> <span class='ocrx_word' id='word_1_663' title='bbox 2402 2284 2639 2350; x_wconf 89' lang='lat' dir='ltr'><strong>diceret,</strong></span> <span class='ocrx_word' id='word_1_664' title='bbox 2671 2284 2937 2339; x_wconf 86' lang='lat' dir='ltr'><strong>custodiet</strong></span> <span class='ocrx_word' id='word_1_665' title='bbox 2972 2285 3257 2340; x_wconf 88' lang='lat' dir='ltr'><strong>custodias.</strong></span> <span class='ocrx_word' id='word_1_666' title='bbox 3302 2286 3450 2342; x_wconf 77' lang='lat' dir='ltr'><strong>Solet</strong></span> <span class='ocrx_word' id='word_1_667' title='bbox 3486 2287 3629 2341; x_wconf 89' lang='lat' dir='ltr'><strong>enim</strong></span> 
     </span>
    </p>
   </div>
   <div class='ocr_carea' id='block_1_84' title="bbox 2054 2374 3631 2434">
    <p class='ocr_par' dir='ltr' id='par_1_84' title="bbox 2054 2374 3631 2434">
     <span class='ocr_line' id='line_1_84' title="bbox 2054 2374 3631 2434; baseline 0.002 -6"><span class='ocrx_word' id='word_1_668' title='bbox 2054 2374 2245 2429; x_wconf 87' lang='lat' dir='ltr'><strong>usitate</strong></span> <span class='ocrx_word' id='word_1_669' title='bbox 2271 2376 2429 2429; x_wconf 91' lang='lat' dir='ltr'><strong>etiam</strong></span> <span class='ocrx_word' id='word_1_670' title='bbox 2456 2375 2508 2430; x_wconf 91' lang='lat' dir='ltr'><strong>in</strong></span> <span class='ocrx_word' id='word_1_671' title='bbox 2535 2375 2712 2429; x_wconf 88' lang='lat' dir='ltr'><strong>latinis</strong></span> <span class='ocrx_word' id='word_1_672' title='bbox 2740 2376 3090 2434; x_wconf 84' lang='lat' dir='ltr'><strong>locationibus</strong></span> <span class='ocrx_word' id='word_1_673' title='bbox 3118 2377 3377 2432; x_wconf 80' lang='lat' dir='ltr'><strong>infinitum</strong></span> <span class='ocrx_word' id='word_1_674' title='bbox 3407 2377 3631 2433; x_wconf 87' lang='lat' dir='ltr'><strong>verbum</strong></span> 
     </span>
    </p>
   </div>
   <div class='ocr_carea' id='block_1_85' title="bbox 2053 2468 2499 2537">
    <p class='ocr_par' dir='ltr' id='par_1_85' title="bbox 2053 2468 2499 2537">
     <span class='ocr_line' id='line_1_85' title="bbox 2053 2468 2499 2537; baseline 0.002 -16"><span class='ocrx_word' id='word_1_675' title='bbox 2053 2468 2175 2537; x_wconf 89' lang='lat' dir='ltr'><strong>poni</strong></span> <span class='ocrx_word' id='word_1_676' title='bbox 2215 2484 2311 2537; x_wconf 83' lang='lat' dir='ltr'><strong>pro</strong></span> <span class='ocrx_word' id='word_1_677' title='bbox 2334 2469 2499 2522; x_wconf 91' lang='lat' dir='ltr'><strong>ﬁnito.</strong></span> 
     </span>
    </p>
   </div>
   <div class='ocr_carea' id='block_1_86' title="bbox 2124 2578 3620 2654">
    <p class='ocr_par' dir='ltr' id='par_1_86' title="bbox 2124 2578 3620 2654">
     <span class='ocr_line' id='line_1_86' title="bbox 2124 2578 3620 2654; baseline 0.001 -21"><span class='ocrx_word' id='word_1_678' title='bbox 2124 2579 2239 2633; x_wconf 83' lang='lat' dir='ltr'><strong>XV.</strong></span> <span class='ocrx_word' id='word_1_679' title='bbox 2271 2578 2370 2651; x_wconf 89' lang='grc'><strong>[11).</strong></span> <span class='ocrx_word' id='word_1_680' title='bbox 2402 2597 2474 2645; x_wconf 78' lang='lat' dir='ltr'><strong>Ix,</strong></span> <span class='ocrx_word' id='word_1_681' title='bbox 2506 2580 2686 2654; x_wconf 72' lang='lat'><strong>6-12.]</strong></span> <span class='ocrx_word' id='word_1_682' title='bbox 2716 2580 2847 2636; x_wconf 90' lang='lat' dir='ltr'><strong>Cum</strong></span> <span class='ocrx_word' id='word_1_683' title='bbox 2874 2581 3091 2637; x_wconf 73' lang='lat' dir='ltr'><strong>Pascha:</strong></span> <span class='ocrx_word' id='word_1_684' title='bbox 3120 2590 3358 2649; x_wconf 89' lang='lat' dir='ltr'><strong>tempore</strong></span> <span class='ocrx_word' id='word_1_685' title='bbox 3382 2580 3620 2650; x_wconf 87' lang='lat' dir='ltr'><strong>quidam,</strong></span> 
     </span>
    </p>
   </div>
   <div class='ocr_carea' id='block_1_87' title="bbox 2051 2670 3624 2744">
    <p class='ocr_par' dir='ltr' id='par_1_87' title="bbox 2051 2670 3624 2744">
     <span class='ocr_line' id='line_1_87' title="bbox 2051 2670 3624 2744; baseline -0.002 -16"><span class='ocrx_word' id='word_1_686' title='bbox 2051 2674 2143 2744; x_wconf 90' lang='lat' dir='ltr'><strong>qui</strong></span> <span class='ocrx_word' id='word_1_687' title='bbox 2177 2672 2435 2727; x_wconf 89' lang='lat' dir='ltr'><strong>immundi</strong></span> <span class='ocrx_word' id='word_1_688' title='bbox 2475 2672 2594 2727; x_wconf 86' lang='lat' dir='ltr'><strong>facti</strong></span> <span class='ocrx_word' id='word_1_689' title='bbox 2634 2682 2786 2728; x_wconf 90' lang='lat' dir='ltr'><strong>erant</strong></span> <span class='ocrx_word' id='word_1_690' title='bbox 2822 2688 2984 2743; x_wconf 87' lang='lat' dir='ltr'><strong>super</strong></span> <span class='ocrx_word' id='word_1_691' title='bbox 3012 2675 3241 2727; x_wconf 84' lang='lat' dir='ltr'><strong>animam</strong></span> <span class='ocrx_word' id='word_1_692' title='bbox 3286 2670 3544 2737; x_wconf 88' lang='lat' dir='ltr'><strong>hominis,</strong></span> <span class='ocrx_word' id='word_1_693' title='bbox 3574 2670 3624 2725; x_wconf 93' lang='lat' dir='ltr'><strong>id</strong></span> 
     </span>
    </p>
   </div>
   <div class='ocr_carea' id='block_1_88' title="bbox 2052 2760 3629 2833">
    <p class='ocr_par' dir='ltr' id='par_1_88' title="bbox 2052 2760 3629 2833">
     <span class='ocr_line' id='line_1_88' title="bbox 2052 2760 3629 2833; baseline -0.003 -13"><span class='ocrx_word' id='word_1_694' title='bbox 2052 2774 2135 2820; x_wconf 87' lang='lat' dir='ltr'><strong>est</strong></span> <span class='ocrx_word' id='word_1_695' title='bbox 2161 2779 2324 2833; x_wconf 90' lang='lat' dir='ltr'><strong>super</strong></span> <span class='ocrx_word' id='word_1_696' title='bbox 2350 2773 2647 2830; x_wconf 89' lang='lat' dir='ltr'><strong>mortuum,</strong></span> <span class='ocrx_word' id='word_1_697' title='bbox 2672 2772 2972 2833; x_wconf 65' lang='lat' dir='ltr'><strong>quaererent</strong></span> <span class='ocrx_word' id='word_1_698' title='bbox 2998 2762 3268 2833; x_wconf 89' lang='lat' dir='ltr'><strong>quomodo</strong></span> <span class='ocrx_word' id='word_1_699' title='bbox 3307 2762 3505 2816; x_wconf 85' lang='lat' dir='ltr'><strong>Pascha</strong></span> <span class='ocrx_word' id='word_1_700' title='bbox 3546 2760 3629 2815; x_wconf 80' lang='lat' dir='ltr'><strong>fa-</strong></span> 
     </span>
    </p>
   </div>
   <div class='ocr_carea' id='block_1_89' title="bbox 2050 2852 3627 2925">
    <p class='ocr_par' dir='ltr' id='par_1_89' title="bbox 2050 2852 3627 2925">
     <span class='ocr_line' id='line_1_89' title="bbox 2050 2852 3627 2925; baseline -0.003 -15"><span class='ocrx_word' id='word_1_701' title='bbox 2050 2864 2235 2911; x_wconf 89' lang='lat' dir='ltr'><strong>cerent</strong></span> <span class='ocrx_word' id='word_1_702' title='bbox 2252 2873 2266 2921; x_wconf 92' lang='lat'><strong>;</strong></span> <span class='ocrx_word' id='word_1_703' title='bbox 2285 2855 2532 2925; x_wconf 91' lang='lat' dir='ltr'><strong>quoniam</strong></span> <span class='ocrx_word' id='word_1_704' title='bbox 2558 2854 2834 2924; x_wconf 80' lang='lat' dir='ltr'><strong>Oportebat</strong></span> <span class='ocrx_word' id='word_1_705' title='bbox 2853 2868 2945 2908; x_wconf 89' lang='lat' dir='ltr'><strong>eos</strong></span> <span class='ocrx_word' id='word_1_706' title='bbox 2963 2854 3031 2908; x_wconf 90' lang='lat' dir='ltr'><strong>ab</strong></span> <span class='ocrx_word' id='word_1_707' title='bbox 3055 2852 3402 2908; x_wconf 88' lang='lat' dir='ltr'><strong>immunditiis</strong></span> <span class='ocrx_word' id='word_1_708' title='bbox 3421 2860 3627 2920; x_wconf 84' lang='lat' dir='ltr'><strong>septem</strong></span> 
     </span>
    </p>
   </div>
   <div class='ocr_carea' id='block_1_90' title="bbox 2051 2940 3622 3014">
    <p class='ocr_par' dir='ltr' id='par_1_90' title="bbox 2051 2940 3622 3014">
     <span class='ocr_line' id='line_1_90' title="bbox 2051 2940 3622 3014; baseline -0.004 -13"><span class='ocrx_word' id='word_1_709' title='bbox 2051 2946 2239 3001; x_wconf 88' lang='lat' dir='ltr'><strong>diebus</strong></span> <span class='ocrx_word' id='word_1_710' title='bbox 2269 2944 2529 3014; x_wconf 88' lang='lat' dir='ltr'><strong>puriﬁcari</strong></span> <span class='ocrx_word' id='word_1_711' title='bbox 2559 2944 2848 3000; x_wconf 91' lang='lat' dir='ltr'><strong>secundum</strong></span> <span class='ocrx_word' id='word_1_712' title='bbox 2887 2944 3080 3013; x_wconf 89' lang='lat' dir='ltr'><strong>Legem</strong></span> <span class='ocrx_word' id='word_1_713' title='bbox 3112 2961 3124 2995; x_wconf 90' lang='lat'>:</span> <span class='ocrx_word' id='word_1_714' title='bbox 3152 2942 3420 2997; x_wconf 91' lang='lat' dir='ltr'><strong>consuluit</strong></span> <span class='ocrx_word' id='word_1_715' title='bbox 3440 2940 3622 2995; x_wconf 63' lang='lat' dir='ltr'><strong>Domi,-</strong></span> 
     </span>
    </p>
   </div>
   <div class='ocr_carea' id='block_1_91' title="bbox 2052 3032 3630 3107">
    <p class='ocr_par' dir='ltr' id='par_1_91' title="bbox 2052 3032 3630 3107">
     <span class='ocr_line' id='line_1_91' title="bbox 2052 3032 3630 3107; baseline -0.002 -16"><span class='ocrx_word' id='word_1_716' title='bbox 2052 3053 2176 3091; x_wconf 88' lang='lat' dir='ltr'><strong>num</strong></span> <span class='ocrx_word' id='word_1_717' title='bbox 2206 3037 2433 3107; x_wconf 83' lang='lat' dir='ltr'><strong>Moyses,</strong></span> <span class='ocrx_word' id='word_1_718' title='bbox 2466 3045 2519 3090; x_wconf 90' lang='lat' dir='ltr'><strong>et</strong></span> <span class='ocrx_word' id='word_1_719' title='bbox 2544 3050 2858 3104; x_wconf 86' lang='lat' dir='ltr'><strong>responsum</strong></span> <span class='ocrx_word' id='word_1_720' title='bbox 2899 3034 3137 3103; x_wconf 90' lang='lat' dir='ltr'><strong>accepit,</strong></span> <span class='ocrx_word' id='word_1_721' title='bbox 3178 3035 3488 3101; x_wconf 86' lang='lat' dir='ltr'><strong>cuicumque</strong></span> <span class='ocrx_word' id='word_1_722' title='bbox 3524 3032 3630 3088; x_wconf 80' lang='lat' dir='ltr'><strong>tale</strong></span> 
     </span>
    </p>
   </div>
   <div class='ocr_carea' id='block_1_92' title="bbox 2050 3122 3625 3199">
    <p class='ocr_par' dir='ltr' id='par_1_92' title="bbox 2050 3122 3625 3199">
     <span class='ocr_line' id='line_1_92' title="bbox 2050 3122 3625 3199; baseline -0.004 -17"><span class='ocrx_word' id='word_1_723' title='bbox 2050 3128 2246 3199; x_wconf 89' lang='lat' dir='ltr'><strong>aliquid</strong></span> <span class='ocrx_word' id='word_1_724' title='bbox 2265 3128 2560 3191; x_wconf 87' lang='lat' dir='ltr'><strong>accidisset,</strong></span> <span class='ocrx_word' id='word_1_725' title='bbox 2586 3127 2669 3181; x_wconf 86' lang='lat' dir='ltr'><strong>vel</strong></span> <span class='ocrx_word' id='word_1_726' title='bbox 2698 3136 2800 3179; x_wconf 86' lang='lat' dir='ltr'><strong>tam</strong></span> <span class='ocrx_word' id='word_1_727' title='bbox 2825 3127 2877 3180; x_wconf 90' lang='lat' dir='ltr'><strong>in</strong></span> <span class='ocrx_word' id='word_1_728' title='bbox 2900 3126 3186 3197; x_wconf 83' lang='lat' dir='ltr'><strong>longinquo</strong></span> <span class='ocrx_word' id='word_1_729' title='bbox 3212 3126 3402 3179; x_wconf 88' lang='lat' dir='ltr'><strong>itinere</strong></span> <span class='ocrx_word' id='word_1_730' title='bbox 3428 3122 3625 3178; x_wconf 86' lang='lat' dir='ltr'><strong>consti-</strong></span> 
     </span>
    </p>
   </div>
   <div class='ocr_carea' id='block_1_93' title="bbox 2053 3216 3629 3285">
    <p class='ocr_par' dir='ltr' id='par_1_93' title="bbox 2053 3216 3629 3285">
     <span class='ocr_line' id='line_1_93' title="bbox 2053 3216 3629 3285; baseline -0.003 -13"><span class='ocrx_word' id='word_1_731' title='bbox 2053 3228 2195 3272; x_wconf 92' lang='lat' dir='ltr'><strong>tutus</strong></span> <span class='ocrx_word' id='word_1_732' title='bbox 2223 3229 2385 3284; x_wconf 91' lang='lat' dir='ltr'><strong>esset,</strong></span> <span class='ocrx_word' id='word_1_733' title='bbox 2409 3227 2466 3271; x_wconf 93' lang='lat' dir='ltr'><strong>ut</strong></span> <span class='ocrx_word' id='word_1_734' title='bbox 2492 3232 2595 3269; x_wconf 89' lang='lat' dir='ltr'><strong>non</strong></span> <span class='ocrx_word' id='word_1_735' title='bbox 2624 3225 2802 3285; x_wconf 90' lang='lat' dir='ltr'><strong>posset</strong></span> <span class='ocrx_word' id='word_1_736' title='bbox 2821 3232 3122 3277; x_wconf 86' lang='lat' dir='ltr'><strong>occurrere.</strong></span> <span class='ocrx_word' id='word_1_737' title='bbox 3154 3216 3259 3271; x_wconf 91' lang='lat' dir='ltr'><strong>alio</strong></span> <span class='ocrx_word' id='word_1_738' title='bbox 3288 3229 3471 3269; x_wconf 89' lang='lat' dir='ltr'><strong>mense</strong></span> <span class='ocrx_word' id='word_1_739' title='bbox 3499 3229 3629 3268; x_wconf 86' lang='lat' dir='ltr'><strong>eum</strong></span> 
     </span>
    </p>
   </div>
   <div class='ocr_carea' id='block_1_94' title="bbox 2051 3306 3623 3376">
    <p class='ocr_par' dir='ltr' id='par_1_94' title="bbox 2051 3306 3623 3376">
     <span class='ocr_line' id='line_1_94' title="bbox 2051 3306 3623 3376; baseline -0.004 -13"><span class='ocrx_word' id='word_1_740' title='bbox 2051 3309 2227 3364; x_wconf 88' lang='lat' dir='ltr'><strong>facere</strong></span> <span class='ocrx_word' id='word_1_741' title='bbox 2269 3309 2463 3365; x_wconf 89' lang='lat' dir='ltr'><strong>debere</strong></span> <span class='ocrx_word' id='word_1_742' title='bbox 2489 3308 2712 3374; x_wconf 90' lang='lat' dir='ltr'><strong>Pascha,</strong></span> <span class='ocrx_word' id='word_1_743' title='bbox 2747 3318 2964 3376; x_wconf 87' lang='lat' dir='ltr'><strong>propter</strong></span> <span class='ocrx_word' id='word_1_744' title='bbox 2988 3306 3129 3361; x_wconf 89' lang='lat' dir='ltr'><strong>diem</strong></span> <span class='ocrx_word' id='word_1_745' title='bbox 3160 3306 3357 3361; x_wconf 90' lang='lat' dir='ltr'><strong>mensis</strong></span> <span class='ocrx_word' id='word_1_746' title='bbox 3377 3314 3623 3374; x_wconf 84' lang='lat' dir='ltr'><strong>quartum</strong></span> 
     </span>
    </p>
   </div>
   <div class='ocr_carea' id='block_1_95' title="bbox 2048 3395 3624 3464">
    <p class='ocr_par' dir='ltr' id='par_1_95' title="bbox 2048 3395 3624 3464">
     <span class='ocr_line' id='line_1_95' title="bbox 2048 3395 3624 3464; baseline -0.004 -10"><span class='ocrx_word' id='word_1_747' title='bbox 2048 3400 2335 3464; x_wconf 91' lang='lat' dir='ltr'><strong>decimum,</strong></span> <span class='ocrx_word' id='word_1_748' title='bbox 2384 3398 2472 3453; x_wconf 90' lang='lat' dir='ltr'><strong>ubi</strong></span> <span class='ocrx_word' id='word_1_749' title='bbox 2515 3399 2654 3452; x_wconf 77' lang='lat' dir='ltr'><strong>luna:</strong></span> <span class='ocrx_word' id='word_1_750' title='bbox 2700 3413 2952 3452; x_wconf 89' lang='lat' dir='ltr'><strong>numerus</strong></span> <span class='ocrx_word' id='word_1_751' title='bbox 2991 3397 3392 3451; x_wconf 89' lang='lat' dir='ltr'><strong>observabatur.</strong></span> <span class='ocrx_word' id='word_1_752' title='bbox 3430 3395 3533 3450; x_wconf 91' lang='lat' dir='ltr'><strong>Sed</strong></span> <span class='ocrx_word' id='word_1_753' title='bbox 3578 3395 3624 3448; x_wconf 85' lang='lat' dir='ltr'><strong>si</strong></span> 
     </span>
    </p>
   </div>
   <div class='ocr_carea' id='block_1_96' title="bbox 2047 3485 3623 3560">
    <p class='ocr_par' dir='ltr' id='par_1_96' title="bbox 2047 3485 3623 3560">
     <span class='ocr_line' id='line_1_96' title="bbox 2047 3485 3623 3560; baseline -0.003 -18"><span class='ocrx_word' id='word_1_754' title='bbox 2047 3500 2314 3560; x_wconf 76' lang='lat' dir='ltr'><strong>quzeratttr</strong></span> <span class='ocrx_word' id='word_1_755' title='bbox 2332 3489 2455 3558; x_wconf 90' lang='lat' dir='ltr'><strong>quid</strong></span> <span class='ocrx_word' id='word_1_756' title='bbox 2478 3490 2730 3555; x_wconf 86' lang='lat' dir='ltr'><strong>facerent,</strong></span> <span class='ocrx_word' id='word_1_757' title='bbox 2752 3488 2797 3541; x_wconf 93' lang='lat' dir='ltr'><strong>si</strong></span> <span class='ocrx_word' id='word_1_758' title='bbox 2825 3486 2959 3541; x_wconf 79' lang='lat' dir='ltr'><strong>forte</strong></span> <span class='ocrx_word' id='word_1_759' title='bbox 2981 3487 3098 3541; x_wconf 88' lang='lat' dir='ltr'><strong>talis</strong></span> <span class='ocrx_word' id='word_1_760' title='bbox 3119 3486 3446 3540; x_wconf 87' lang='lat' dir='ltr'><strong>immunditia</strong></span> <span class='ocrx_word' id='word_1_761' title='bbox 3466 3485 3623 3539; x_wconf 88' lang='lat' dir='ltr'><strong>etiam</strong></span> 
     </span>
    </p>
   </div>
   <div class='ocr_carea' id='block_1_97' title="bbox 2047 3577 3627 3647">
    <p class='ocr_par' dir='ltr' id='par_1_97' title="bbox 2047 3577 3627 3647">
     <span class='ocr_line' id='line_1_97' title="bbox 2047 3577 3627 3647; baseline -0.003 -12"><span class='ocrx_word' id='word_1_762' title='bbox 2047 3581 2114 3635; x_wconf 92' lang='lat' dir='ltr'><strong>ad</strong></span> <span class='ocrx_word' id='word_1_763' title='bbox 2155 3582 2442 3635; x_wconf 86' lang='lat' dir='ltr'><strong>secundum</strong></span> <span class='ocrx_word' id='word_1_764' title='bbox 2486 3596 2722 3634; x_wconf 89' lang='lat' dir='ltr'><strong>mensem</strong></span> <span class='ocrx_word' id='word_1_765' title='bbox 2757 3588 3093 3644; x_wconf 87' lang='lat' dir='ltr'><strong>occurreret;</strong></span> <span class='ocrx_word' id='word_1_766' title='bbox 3137 3577 3364 3631; x_wconf 88' lang='lat' dir='ltr'><strong>arbitror</strong></span> <span class='ocrx_word' id='word_1_767' title='bbox 3404 3577 3454 3630; x_wconf 82' lang='lat' dir='ltr'><strong>id</strong></span> <span class='ocrx_word' id='word_1_768' title='bbox 3484 3578 3627 3647; x_wconf 87' lang='lat' dir='ltr'><strong>quod</strong></span> 
     </span>
    </p>
   </div>
   <div class='ocr_carea' id='block_1_98' title="bbox 2047 3668 3623 3738">
    <p class='ocr_par' dir='ltr' id='par_1_98' title="bbox 2047 3668 3623 3738">
     <span class='ocr_line' id='line_1_98' title="bbox 2047 3668 3623 3738; baseline 0 -13"><span class='ocrx_word' id='word_1_769' title='bbox 2047 3672 2246 3726; x_wconf 90' lang='lat' dir='ltr'><strong>dictum</strong></span> <span class='ocrx_word' id='word_1_770' title='bbox 2283 3671 2467 3737; x_wconf 86' lang='lat' dir='ltr'><strong>estde</strong></span> <span class='ocrx_word' id='word_1_771' title='bbox 2511 3670 2746 3725; x_wconf 90' lang='lat' dir='ltr'><strong>secundo</strong></span> <span class='ocrx_word' id='word_1_772' title='bbox 2774 3685 2990 3735; x_wconf 88' lang='lat' dir='ltr'><strong>mense,</strong></span> <span class='ocrx_word' id='word_1_773' title='bbox 3035 3679 3280 3738; x_wconf 89' lang='lat' dir='ltr'><strong>tanquam</strong></span> <span class='ocrx_word' id='word_1_774' title='bbox 3313 3668 3623 3738; x_wconf 82' lang='lat' dir='ltr'><strong>regulariter</strong></span> 
     </span>
    </p>
   </div>
   <div class='ocr_carea' id='block_1_99' title="bbox 2048 3762 3628 3828">
    <p class='ocr_par' dir='ltr' id='par_1_99' title="bbox 2048 3762 3628 3828">
     <span class='ocr_line' id='line_1_99' title="bbox 2048 3762 3628 3828; baseline -0.003 -10"><span class='ocrx_word' id='word_1_775' title='bbox 2048 3766 2211 3820; x_wconf 86' lang='lat' dir='ltr'><strong>fuisse</strong></span> <span class='ocrx_word' id='word_1_776' title='bbox 2251 3763 2608 3828; x_wconf 87' lang='lat' dir='ltr'><strong>retinendum,</strong></span> <span class='ocrx_word' id='word_1_777' title='bbox 2646 3773 2701 3816; x_wconf 91' lang='lat' dir='ltr'><strong>ut</strong></span> <span class='ocrx_word' id='word_1_778' title='bbox 2738 3764 2893 3816; x_wconf 89' lang='lat' dir='ltr'><strong>tertio</strong></span> <span class='ocrx_word' id='word_1_779' title='bbox 2918 3776 3099 3816; x_wconf 88' lang='lat' dir='ltr'><strong>mense</strong></span> <span class='ocrx_word' id='word_1_780' title='bbox 3124 3762 3500 3826; x_wconf 84' lang='lat' dir='ltr'><strong>observarent,</strong></span> <span class='ocrx_word' id='word_1_781' title='bbox 3532 3770 3628 3815; x_wconf 91' lang='lat' dir='ltr'><strong>aut</strong></span> 
     </span>
    </p>
   </div>
   <div class='ocr_carea' id='block_1_100' title="bbox 2047 3852 3623 3924">
    <p class='ocr_par' dir='ltr' id='par_1_100' title="bbox 2047 3852 3623 3924">
     <span class='ocr_line' id='line_1_100' title="bbox 2047 3852 3623 3924; baseline -0.003 -14"><span class='ocrx_word' id='word_1_782' title='bbox 2047 3865 2194 3911; x_wconf 89' lang='lat' dir='ltr'><strong>certe</strong></span> <span class='ocrx_word' id='word_1_783' title='bbox 2223 3854 2421 3908; x_wconf 84' lang='lat' dir='ltr'><strong>Pascha</strong></span> <span class='ocrx_word' id='word_1_784' title='bbox 2461 3868 2565 3908; x_wconf 90' lang='lat' dir='ltr'><strong>non</strong></span> <span class='ocrx_word' id='word_1_785' title='bbox 2595 3854 2768 3924; x_wconf 84' lang='lat' dir='ltr'><strong>egisse</strong></span> <span class='ocrx_word' id='word_1_786' title='bbox 2803 3852 2891 3907; x_wconf 89' lang='lat' dir='ltr'><strong>tali</strong></span> <span class='ocrx_word' id='word_1_787' title='bbox 2933 3852 3252 3908; x_wconf 89' lang='lat' dir='ltr'><strong>necessitate</strong></span> <span class='ocrx_word' id='word_1_788' title='bbox 3275 3894 3290 3917; x_wconf 94' lang='lat'><strong>,</strong></span> <span class='ocrx_word' id='word_1_789' title='bbox 3320 3852 3387 3906; x_wconf 91' lang='lat' dir='ltr'><strong>ad</strong></span> <span class='ocrx_word' id='word_1_790' title='bbox 3414 3853 3623 3921; x_wconf 87' lang='lat' dir='ltr'><strong>culpam</strong></span> 
     </span>
    </p>
   </div>
   <div class='ocr_carea' id='block_1_101' title="bbox 2045 3947 2483 4017">
    <p class='ocr_par' dir='ltr' id='par_1_101' title="bbox 2045 3947 2483 4017">
     <span class='ocr_line' id='line_1_101' title="bbox 2045 3947 2483 4017; baseline -0.005 -14"><span class='ocrx_word' id='word_1_791' title='bbox 2045 3963 2152 4003; x_wconf 88' lang='lat' dir='ltr'><strong>non</strong></span> <span class='ocrx_word' id='word_1_792' title='bbox 2180 3947 2483 4017; x_wconf 88' lang='lat' dir='ltr'><strong>pertineret.</strong></span> 
     </span>
    </p>
   </div>
   <div class='ocr_carea' id='block_1_102' title="bbox 2116 4056 3623 4131">
    <p class='ocr_par' dir='ltr' id='par_1_102' title="bbox 2116 4056 3623 4131">
     <span class='ocr_line' id='line_1_102' title="bbox 2116 4056 3623 4131; baseline -0.004 -16"><span class='ocrx_word' id='word_1_793' title='bbox 2116 4059 2255 4115; x_wconf 80' lang='lat' dir='ltr'><strong>XVI.</strong></span> <span class='ocrx_word' id='word_1_794' title='bbox 2286 4057 2384 4131; x_wconf 81' lang='grc'><strong>[11).</strong></span> <span class='ocrx_word' id='word_1_795' title='bbox 2406 4074 2480 4123; x_wconf 81' lang='lat' dir='ltr'><strong>ix,</strong></span> <span class='ocrx_word' id='word_1_796' title='bbox 2514 4056 2729 4131; x_wconf 67' lang='lat'><strong>15-23.]</strong></span> <span class='ocrx_word' id='word_1_797' title='bbox 2750 4056 2817 4111; x_wconf 85' lang='lat' dir='ltr'><strong>Et</strong></span> <span class='ocrx_word' id='word_1_798' title='bbox 2844 4056 2926 4110; x_wconf 86' lang='lat' dir='ltr'><strong>die</strong></span> <span class='ocrx_word' id='word_1_799' title='bbox 2948 4072 3049 4127; x_wconf 89' lang='lat' dir='ltr'><strong>qua</strong></span> <span class='ocrx_word' id='word_1_800' title='bbox 3076 4066 3316 4110; x_wconf 87' lang='lat' dir='ltr'><strong>statutum</strong></span> <span class='ocrx_word' id='word_1_801' title='bbox 3341 4064 3412 4111; x_wconf 87' lang='lat' dir='ltr'><strong>est</strong></span> <span class='ocrx_word' id='word_1_802' title='bbox 3454 4056 3623 4109; x_wconf 87' lang='lat' dir='ltr'><strong>taber-</strong></span> 
     </span>
    </p>
   </div>
   <div class='ocr_carea' id='block_1_103' title="bbox 2044 4148 3627 4217">
    <p class='ocr_par' dir='ltr' id='par_1_103' title="bbox 2044 4148 3627 4217">
     <span class='ocr_line' id='line_1_103' title="bbox 2044 4148 3627 4217; baseline -0.001 -12"><span class='ocrx_word' id='word_1_803' title='bbox 2044 4153 2300 4217; x_wconf 80' lang='lat' dir='ltr'><strong>naculum,</strong></span> <span class='ocrx_word' id='word_1_804' title='bbox 2328 4152 2451 4206; x_wconf 73' lang='lat' dir='ltr'><strong>texit</strong></span> <span class='ocrx_word' id='word_1_805' title='bbox 2474 4150 2628 4205; x_wconf 84' lang='lat' dir='ltr'><strong>nubes</strong></span> <span class='ocrx_word' id='word_1_806' title='bbox 2649 4148 3059 4215; x_wconf 78' lang='lat' dir='ltr'><strong>tabernaculum,</strong></span> <span class='ocrx_word' id='word_1_807' title='bbox 3086 4152 3289 4203; x_wconf 90' lang='lat' dir='ltr'><strong>domum</strong></span> <span class='ocrx_word' id='word_1_808' title='bbox 3317 4151 3587 4204; x_wconf 86' lang='lat' dir='ltr'><strong>testimonii</strong></span> <span class='ocrx_word' id='word_1_809' title='bbox 3607 4167 3627 4204; x_wconf 92' lang='lat'><strong><em>:</em></strong></span> 
     </span>
    </p>
   </div>
   <div class='ocr_carea' id='block_1_104' title="bbox 2043 4239 3624 4311">
    <p class='ocr_par' dir='ltr' id='par_1_104' title="bbox 2043 4239 3624 4311">
     <span class='ocr_line' id='line_1_104' title="bbox 2043 4239 3624 4311; baseline 0 -15"><span class='ocrx_word' id='word_1_810' title='bbox 2043 4251 2091 4296; x_wconf 82' lang='lat' dir='ltr'><strong>et</strong></span> <span class='ocrx_word' id='word_1_811' title='bbox 2132 4258 2335 4311; x_wconf 80' lang='lat' dir='ltr'><strong>vespere</strong></span> <span class='ocrx_word' id='word_1_812' title='bbox 2374 4251 2479 4295; x_wconf 89' lang='lat' dir='ltr'><strong>erat</strong></span> <span class='ocrx_word' id='word_1_813' title='bbox 2507 4257 2658 4311; x_wconf 81' lang='lat' dir='ltr'><strong>super</strong></span> <span class='ocrx_word' id='word_1_814' title='bbox 2691 4239 3066 4295; x_wconf 81' lang='lat' dir='ltr'><strong>tabernaculum</strong></span> <span class='ocrx_word' id='word_1_815' title='bbox 3102 4242 3237 4294; x_wconf 84' lang='lat' dir='ltr'><strong>velut</strong></span> <span class='ocrx_word' id='word_1_816' title='bbox 3263 4242 3451 4310; x_wconf 86' lang='lat' dir='ltr'><strong>species</strong></span> <span class='ocrx_word' id='word_1_817' title='bbox 3492 4243 3624 4311; x_wconf 85' lang='lat' dir='ltr'><strong>ignis</strong></span> 
     </span>
    </p>
   </div>
   <div class='ocr_carea' id='block_1_105' title="bbox 2044 4329 3621 4403">
    <p class='ocr_par' dir='ltr' id='par_1_105' title="bbox 2044 4329 3621 4403">
     <span class='ocr_line' id='line_1_105' title="bbox 2044 4329 3621 4403; baseline -0.003 -16"><span class='ocrx_word' id='word_1_818' title='bbox 2044 4350 2200 4403; x_wconf 87' lang='lat' dir='ltr'><strong>usque</strong></span> <span class='ocrx_word' id='word_1_819' title='bbox 2218 4349 2380 4387; x_wconf 88' lang='lat' dir='ltr'><strong>mane.</strong></span> <span class='ocrx_word' id='word_1_820' title='bbox 2407 4330 2491 4386; x_wconf 90' lang='lat' dir='ltr'><strong>Ita</strong></span> <span class='ocrx_word' id='word_1_821' title='bbox 2517 4331 2666 4400; x_wconf 83' lang='lat' dir='ltr'><strong>ﬁebat</strong></span> <span class='ocrx_word' id='word_1_822' title='bbox 2690 4345 2919 4401; x_wconf 81' lang='lat' dir='ltr'><strong>semper;</strong></span> <span class='ocrx_word' id='word_1_823' title='bbox 2946 4329 3099 4384; x_wconf 85' lang='lat' dir='ltr'><strong>nubes</strong></span> <span class='ocrx_word' id='word_1_824' title='bbox 3130 4332 3319 4400; x_wconf 77' lang='lat' dir='ltr'><strong>tegebat</strong></span> <span class='ocrx_word' id='word_1_825' title='bbox 3352 4330 3483 4383; x_wconf 87' lang='lat' dir='ltr'><strong>illud</strong></span> <span class='ocrx_word' id='word_1_826' title='bbox 3519 4332 3621 4396; x_wconf 87' lang='lat' dir='ltr'><strong>die,</strong></span> 
     </span>
    </p>
   </div>
   <div class='ocr_carea' id='block_1_106' title="bbox 2042 4420 3628 4493">
    <p class='ocr_par' dir='ltr' id='par_1_106' title="bbox 2042 4420 3628 4493">
     <span class='ocr_line' id='line_1_106' title="bbox 2042 4420 3628 4493; baseline -0.002 -15"><span class='ocrx_word' id='word_1_827' title='bbox 2042 4434 2091 4477; x_wconf 89' lang='lat' dir='ltr'><strong>et</strong></span> <span class='ocrx_word' id='word_1_828' title='bbox 2113 4424 2301 4492; x_wconf 84' lang='lat' dir='ltr'><strong>species</strong></span> <span class='ocrx_word' id='word_1_829' title='bbox 2326 4424 2457 4493; x_wconf 88' lang='lat' dir='ltr'><strong>ignis</strong></span> <span class='ocrx_word' id='word_1_830' title='bbox 2478 4431 2639 4477; x_wconf 88' lang='lat' dir='ltr'><strong>nocte.</strong></span> <span class='ocrx_word' id='word_1_831' title='bbox 2664 4421 2731 4475; x_wconf 83' lang='lat' dir='ltr'><strong>Et</strong></span> <span class='ocrx_word' id='word_1_832' title='bbox 2756 4437 2872 4474; x_wconf 85' lang='lat' dir='ltr'><strong>cum</strong></span> <span class='ocrx_word' id='word_1_833' title='bbox 2897 4420 3198 4474; x_wconf 87' lang='lat' dir='ltr'><strong>ascendisset</strong></span> <span class='ocrx_word' id='word_1_834' title='bbox 3223 4421 3374 4473; x_wconf 87' lang='lat' dir='ltr'><strong>nubes</strong></span> <span class='ocrx_word' id='word_1_835' title='bbox 3398 4438 3430 4473; x_wconf 89' lang='lat' dir='ltr'><strong>a</strong></span> <span class='ocrx_word' id='word_1_836' title='bbox 3460 4423 3628 4475; x_wconf 79' lang='lat' dir='ltr'><strong>taber—</strong></span> 
     </span>
    </p>
   </div>
   <div class='ocr_carea' id='block_1_107' title="bbox 2042 4510 3627 4583">
    <p class='ocr_par' dir='ltr' id='par_1_107' title="bbox 2042 4510 3627 4583">
     <span class='ocr_line' id='line_1_107' title="bbox 2042 4510 3627 4583; baseline 0 -14"><span class='ocrx_word' id='word_1_837' title='bbox 2042 4516 2244 4580; x_wconf 89' lang='lat' dir='ltr'><strong>naculo,</strong></span> <span class='ocrx_word' id='word_1_838' title='bbox 2275 4524 2319 4567; x_wconf 91' lang='lat' dir='ltr'><strong>et</strong></span> <span class='ocrx_word' id='word_1_839' title='bbox 2348 4523 2516 4581; x_wconf 84' lang='lat' dir='ltr'><strong>postea</strong></span> <span class='ocrx_word' id='word_1_840' title='bbox 2534 4512 2884 4583; x_wconf 83' lang='lat' dir='ltr'><strong>promovebant</strong></span> <span class='ocrx_word' id='word_1_841' title='bbox 2909 4512 3003 4582; x_wconf 77' lang='lat' dir='ltr'><strong>ﬁlii</strong></span> <span class='ocrx_word' id='word_1_842' title='bbox 3027 4510 3229 4566; x_wconf 87' lang='lat' dir='ltr'><strong>Israel:</strong></span> <span class='ocrx_word' id='word_1_843' title='bbox 3248 4514 3362 4566; x_wconf 87' lang='lat' dir='ltr'><strong>etin</strong></span> <span class='ocrx_word' id='word_1_844' title='bbox 3386 4513 3495 4568; x_wconf 91' lang='lat' dir='ltr'><strong>loco</strong></span> <span class='ocrx_word' id='word_1_845' title='bbox 3516 4514 3627 4569; x_wconf 83' lang='lat' dir='ltr'><strong>ubi-</strong></span> 
     </span>
    </p>
   </div>
   <div class='ocr_carea' id='block_1_108' title="bbox 2044 4602 3621 4675">
    <p class='ocr_par' dir='ltr' id='par_1_108' title="bbox 2044 4602 3621 4675">
     <span class='ocr_line' id='line_1_108' title="bbox 2044 4602 3621 4675; baseline 0.001 -17"><span class='ocrx_word' id='word_1_846' title='bbox 2044 4621 2252 4675; x_wconf 89' lang='lat' dir='ltr'><strong>cumque</strong></span> <span class='ocrx_word' id='word_1_847' title='bbox 2272 4613 2467 4657; x_wconf 80' lang='lat' dir='ltr'><strong>steterat</strong></span> <span class='ocrx_word' id='word_1_848' title='bbox 2494 4604 2667 4667; x_wconf 90' lang='lat' dir='ltr'><strong>nubes,</strong></span> <span class='ocrx_word' id='word_1_849' title='bbox 2699 4603 2766 4656; x_wconf 88' lang='lat' dir='ltr'><strong>ibi</strong></span> <span class='ocrx_word' id='word_1_850' title='bbox 2792 4612 2957 4656; x_wconf 90' lang='lat' dir='ltr'><strong>castra</strong></span> <span class='ocrx_word' id='word_1_851' title='bbox 2985 4603 3296 4657; x_wconf 86' lang='lat' dir='ltr'><strong>collocabant</strong></span> <span class='ocrx_word' id='word_1_852' title='bbox 3322 4605 3417 4665; x_wconf 78' lang='lat' dir='ltr'><strong>lilii</strong></span> <span class='ocrx_word' id='word_1_853' title='bbox 3436 4602 3621 4660; x_wconf 59' lang='lat' dir='ltr'><strong>Israel.</strong></span> 
     </span>
    </p>
   </div>
   <div class='ocr_carea' id='block_1_109' title="bbox 2044 4692 3621 4765">
    <p class='ocr_par' dir='ltr' id='par_1_109' title="bbox 2044 4692 3621 4765">
     <span class='ocr_line' id='line_1_109' title="bbox 2044 4692 3621 4765; baseline 0.002 -18"><span class='ocrx_word' id='word_1_854' title='bbox 2044 4694 2148 4748; x_wconf 86' lang='lat' dir='ltr'><strong>Per</strong></span> <span class='ocrx_word' id='word_1_855' title='bbox 2177 4702 2481 4765; x_wconf 61' lang='lat' dir='ltr'><strong>praeceptum</strong></span> <span class='ocrx_word' id='word_1_856' title='bbox 2522 4692 2729 4746; x_wconf 84' lang='lat' dir='ltr'><strong>Domini</strong></span> <span class='ocrx_word' id='word_1_857' title='bbox 2766 4702 2931 4745; x_wconf 86' lang='lat' dir='ltr'><strong>castra</strong></span> <span class='ocrx_word' id='word_1_858' title='bbox 2968 4692 3282 4747; x_wconf 87' lang='lat' dir='ltr'><strong>collocabant</strong></span> <span class='ocrx_word' id='word_1_859' title='bbox 3316 4694 3413 4762; x_wconf 73' lang='lat' dir='ltr'><strong>filii</strong></span> <span class='ocrx_word' id='word_1_860' title='bbox 3435 4692 3621 4759; x_wconf 87' lang='lat' dir='ltr'><strong>Israel,</strong></span> 
     </span>
    </p>
   </div>
   <div class='ocr_carea' id='block_1_110' title="bbox 2042 4784 3624 4858">
    <p class='ocr_par' dir='ltr' id='par_1_110' title="bbox 2042 4784 3624 4858">
     <span class='ocr_line' id='line_1_110' title="bbox 2042 4784 3624 4858; baseline 0 -17"><span class='ocrx_word' id='word_1_861' title='bbox 2042 4796 2088 4841; x_wconf 89' lang='lat' dir='ltr'><strong>et</strong></span> <span class='ocrx_word' id='word_1_862' title='bbox 2121 4803 2209 4858; x_wconf 92' lang='lat' dir='ltr'><strong>per</strong></span> <span class='ocrx_word' id='word_1_863' title='bbox 2235 4794 2539 4856; x_wconf 63' lang='lat' dir='ltr'><strong>praeceptum</strong></span> <span class='ocrx_word' id='word_1_864' title='bbox 2574 4784 2780 4838; x_wconf 88' lang='lat' dir='ltr'><strong>Domini</strong></span> <span class='ocrx_word' id='word_1_865' title='bbox 2804 4786 3175 4855; x_wconf 75' lang='lat' dir='ltr'><strong>promovebant.</strong></span> <span class='ocrx_word' id='word_1_866' title='bbox 3212 4787 3397 4842; x_wconf 81' lang='lat' dir='ltr'><strong>Omnes</strong></span> <span class='ocrx_word' id='word_1_867' title='bbox 3432 4789 3549 4842; x_wconf 82' lang='lat' dir='ltr'><strong>dies.</strong></span> <span class='ocrx_word' id='word_1_868' title='bbox 3572 4790 3624 4841; x_wconf 79' lang='lat' dir='ltr'><strong>in</strong></span> 
     </span>
    </p>
   </div>
   <div class='ocr_carea' id='block_1_111' title="bbox 2040 4876 3625 4947">
    <p class='ocr_par' dir='ltr' id='par_1_111' title="bbox 2040 4876 3625 4947">
     <span class='ocr_line' id='line_1_111' title="bbox 2040 4876 3625 4947; baseline 0.003 -17"><span class='ocrx_word' id='word_1_869' title='bbox 2040 4877 2219 4947; x_wconf 87' lang='lat' dir='ltr'><strong>quibus</strong></span> <span class='ocrx_word' id='word_1_870' title='bbox 2257 4876 2517 4929; x_wconf 88' lang='lat' dir='ltr'><strong>obumbrat</strong></span> <span class='ocrx_word' id='word_1_871' title='bbox 2548 4876 2701 4929; x_wconf 84' lang='lat' dir='ltr'><strong>nubes</strong></span> <span class='ocrx_word' id='word_1_872' title='bbox 2734 4892 2884 4946; x_wconf 86' lang='lat' dir='ltr'><strong>super</strong></span> <span class='ocrx_word' id='word_1_873' title='bbox 2919 4876 3322 4944; x_wconf 82' lang='lat' dir='ltr'><strong>tabernaculum,</strong></span> <span class='ocrx_word' id='word_1_874' title='bbox 3351 4880 3403 4932; x_wconf 90' lang='lat' dir='ltr'><strong>in</strong></span> <span class='ocrx_word' id='word_1_875' title='bbox 3444 4881 3625 4935; x_wconf 87' lang='lat' dir='ltr'><strong>castris</strong></span> 
     </span>
    </p>
   </div>
   <div class='ocr_carea' id='block_1_112' title="bbox 2041 4967 3625 5041">
    <p class='ocr_par' dir='ltr' id='par_1_112' title="bbox 2041 4967 3625 5041">
     <span class='ocr_line' id='line_1_112' title="bbox 2041 4967 3625 5041; baseline 0.002 -19"><span class='ocrx_word' id='word_1_876' title='bbox 2041 4978 2186 5022; x_wconf 89' lang='lat' dir='ltr'><strong>erunt</strong></span> <span class='ocrx_word' id='word_1_877' title='bbox 2214 4969 2309 5037; x_wconf 81' lang='lat' dir='ltr'><strong>ﬁlii</strong></span> <span class='ocrx_word' id='word_1_878' title='bbox 2336 4967 2502 5023; x_wconf 87' lang='lat' dir='ltr'><strong>Israel</strong></span> <span class='ocrx_word' id='word_1_879' title='bbox 2538 4984 2556 5022; x_wconf 91' lang='lat'><strong><em>:</em></strong></span> <span class='ocrx_word' id='word_1_880' title='bbox 2589 4979 2635 5021; x_wconf 90' lang='lat' dir='ltr'><strong>et</strong></span> <span class='ocrx_word' id='word_1_881' title='bbox 2670 4967 2870 5040; x_wconf 81' lang='lat' dir='ltr'><strong>quando</strong></span> <span class='ocrx_word' id='word_1_882' title='bbox 2904 4971 3246 5040; x_wconf 68' lang='lat' dir='ltr'><strong>protraxerit‘</strong></span> <span class='ocrx_word' id='word_1_883' title='bbox 3286 4970 3437 5025; x_wconf 89' lang='lat' dir='ltr'><strong>nubes</strong></span> <span class='ocrx_word' id='word_1_884' title='bbox 3472 4986 3625 5041; x_wconf 73' lang='lat' dir='ltr'><strong>super</strong></span> 
     </span>
    </p>
   </div>
   <div class='ocr_carea' id='block_1_113' title="bbox 2040 5060 3619 5132">
    <p class='ocr_par' dir='ltr' id='par_1_113' title="bbox 2040 5060 3619 5132">
     <span class='ocr_line' id='line_1_113' title="bbox 2040 5060 3619 5132; baseline -0.001 -17"><span class='ocrx_word' id='word_1_885' title='bbox 2040 5061 2418 5116; x_wconf 88' lang='lat' dir='ltr'><strong>tabernaculum</strong></span> <span class='ocrx_word' id='word_1_886' title='bbox 2448 5061 2555 5115; x_wconf 89' lang='lat' dir='ltr'><strong>dies</strong></span> <span class='ocrx_word' id='word_1_887' title='bbox 2584 5062 2784 5132; x_wconf 86' lang='lat' dir='ltr'><strong>plures;</strong></span> <span class='ocrx_word' id='word_1_888' title='bbox 2808 5069 2854 5114; x_wconf 86' lang='lat' dir='ltr'><strong>et</strong></span> <span class='ocrx_word' id='word_1_889' title='bbox 2880 5060 3160 5115; x_wconf 81' lang='lat' dir='ltr'><strong>custodierit</strong></span> <span class='ocrx_word' id='word_1_890' title='bbox 3199 5062 3295 5129; x_wconf 82' lang='lat' dir='ltr'><strong>ﬁlii</strong></span> <span class='ocrx_word' id='word_1_891' title='bbox 3321 5060 3486 5116; x_wconf 87' lang='lat' dir='ltr'><strong>Israel</strong></span> <span class='ocrx_word' id='word_1_892' title='bbox 3525 5080 3619 5115; x_wconf 86' lang='lat' dir='ltr'><strong>cu-</strong></span> 
     </span>
    </p>
   </div>
   <div class='ocr_carea' id='block_1_114' title="bbox 2041 5152 3620 5223">
    <p class='ocr_par' dir='ltr' id='par_1_114' title="bbox 2041 5152 3620 5223">
     <span class='ocr_line' id='line_1_114' title="bbox 2041 5152 3620 5223; baseline 0 -15"><span class='ocrx_word' id='word_1_893' title='bbox 2041 5155 2257 5208; x_wconf 81' lang='lat' dir='ltr'><strong>stodiant</strong></span> <span class='ocrx_word' id='word_1_894' title='bbox 2285 5153 2401 5219; x_wconf 91' lang='lat' dir='ltr'><strong>Dei,</strong></span> <span class='ocrx_word' id='word_1_895' title='bbox 2425 5162 2471 5208; x_wconf 88' lang='lat' dir='ltr'><strong>et</strong></span> <span class='ocrx_word' id='word_1_896' title='bbox 2506 5170 2607 5207; x_wconf 89' lang='lat' dir='ltr'><strong>non</strong></span> <span class='ocrx_word' id='word_1_897' title='bbox 2635 5153 3006 5223; x_wconf 75' lang='lat' dir='ltr'><strong>promovebant.</strong></span> <span class='ocrx_word' id='word_1_898' title='bbox 3038 5152 3103 5206; x_wconf 85' lang='lat' dir='ltr'><strong>Et</strong></span> <span class='ocrx_word' id='word_1_899' title='bbox 3137 5154 3259 5217; x_wconf 89' lang='lat' dir='ltr'><strong>erit,</strong></span> <span class='ocrx_word' id='word_1_900' title='bbox 3301 5171 3415 5206; x_wconf 89' lang='lat' dir='ltr'><strong>cum</strong></span> <span class='ocrx_word' id='word_1_901' title='bbox 3444 5164 3620 5209; x_wconf 76' lang='lat' dir='ltr'><strong>texerit</strong></span> 
     </span>
    </p>
   </div>
   <div class='ocr_carea' id='block_1_115' title="bbox 2038 5242 3615 5312">
    <p class='ocr_par' dir='ltr' id='par_1_115' title="bbox 2038 5242 3615 5312">
     <span class='ocr_line' id='line_1_115' title="bbox 2038 5242 3615 5312; baseline -0.003 -13"><span class='ocrx_word' id='word_1_902' title='bbox 2038 5246 2191 5299; x_wconf 87' lang='lat' dir='ltr'><strong>nubes</strong></span> <span class='ocrx_word' id='word_1_903' title='bbox 2210 5245 2315 5298; x_wconf 89' lang='lat' dir='ltr'><strong>dies</strong></span> <span class='ocrx_word' id='word_1_904' title='bbox 2341 5260 2548 5298; x_wconf 89' lang='lat' dir='ltr'><strong>numero</strong></span> <span class='ocrx_word' id='word_1_905' title='bbox 2572 5261 2725 5312; x_wconf 86' lang='lat' dir='ltr'><strong>super</strong></span> <span class='ocrx_word' id='word_1_906' title='bbox 2750 5242 3161 5307; x_wconf 86' lang='lat' dir='ltr'><strong>tabernaculum,</strong></span> <span class='ocrx_word' id='word_1_907' title='bbox 3193 5262 3281 5311; x_wconf 78' lang='lat' dir='ltr'><strong>per</strong></span> <span class='ocrx_word' id='word_1_908' title='bbox 3299 5259 3466 5298; x_wconf 77' lang='lat' dir='ltr'><strong>vocem</strong></span> <span class='ocrx_word' id='word_1_909' title='bbox 3507 5244 3615 5296; x_wconf 72' lang='lat' dir='ltr'><strong>Do.</strong></span> 
     </span>
    </p>
   </div>
   <div class='ocr_carea' id='block_1_116' title="bbox 2038 5334 3619 5404">
    <p class='ocr_par' dir='ltr' id='par_1_116' title="bbox 2038 5334 3619 5404">
     <span class='ocr_line' id='line_1_116' title="bbox 2038 5334 3619 5404; baseline -0.003 -16"><span class='ocrx_word' id='word_1_910' title='bbox 2038 5336 2160 5388; x_wconf 85' lang='lat' dir='ltr'><strong>mini</strong></span> <span class='ocrx_word' id='word_1_911' title='bbox 2198 5336 2250 5388; x_wconf 90' lang='lat' dir='ltr'><strong>in</strong></span> <span class='ocrx_word' id='word_1_912' title='bbox 2276 5336 2454 5387; x_wconf 83' lang='lat' dir='ltr'><strong>castris</strong></span> <span class='ocrx_word' id='word_1_913' title='bbox 2477 5342 2643 5399; x_wconf 85' lang='lat' dir='ltr'><strong>erant,</strong></span> <span class='ocrx_word' id='word_1_914' title='bbox 2668 5343 2714 5386; x_wconf 89' lang='lat' dir='ltr'><strong>et</strong></span> <span class='ocrx_word' id='word_1_915' title='bbox 2739 5350 2829 5403; x_wconf 84' lang='lat' dir='ltr'><strong>per</strong></span> <span class='ocrx_word' id='word_1_916' title='bbox 2853 5343 3152 5404; x_wconf 68' lang='lat' dir='ltr'><strong>preceptum</strong></span> <span class='ocrx_word' id='word_1_917' title='bbox 3188 5334 3391 5387; x_wconf 88' lang='lat' dir='ltr'><strong>Domini</strong></span> <span class='ocrx_word' id='word_1_918' title='bbox 3416 5353 3619 5404; x_wconf 78' lang='lat' dir='ltr'><strong>promo.</strong></span> 
     </span>
    </p>
   </div>
   <div class='ocr_carea' id='block_1_117' title="bbox 2035 5424 3613 5497">
    <p class='ocr_par' dir='ltr' id='par_1_117' title="bbox 2035 5424 3613 5497">
     <span class='ocr_line' id='line_1_117' title="bbox 2035 5424 3613 5497; baseline -0.001 -15"><span class='ocrx_word' id='word_1_919' title='bbox 2035 5428 2234 5482; x_wconf 79' lang='lat' dir='ltr'><strong>vebunt.</strong></span> <span class='ocrx_word' id='word_1_920' title='bbox 2263 5426 2329 5480; x_wconf 84' lang='lat' dir='ltr'><strong>Et</strong></span> <span class='ocrx_word' id='word_1_921' title='bbox 2346 5427 2435 5481; x_wconf 87' lang='lat' dir='ltr'><strong>erit</strong></span> <span class='ocrx_word' id='word_1_922' title='bbox 2465 5443 2577 5480; x_wconf 88' lang='lat' dir='ltr'><strong>cum</strong></span> <span class='ocrx_word' id='word_1_923' title='bbox 2598 5426 2749 5497; x_wconf 78' lang='lat' dir='ltr'><strong>fuerit</strong></span> <span class='ocrx_word' id='word_1_924' title='bbox 2774 5424 2929 5481; x_wconf 81' lang='lat' dir='ltr'><strong>nubes</strong></span> <span class='ocrx_word' id='word_1_925' title='bbox 2952 5442 2985 5479; x_wconf 91' lang='lat' dir='ltr'><strong>a</strong></span> <span class='ocrx_word' id='word_1_926' title='bbox 3014 5442 3218 5494; x_wconf 78' lang='lat' dir='ltr'><strong>vespera</strong></span> <span class='ocrx_word' id='word_1_927' title='bbox 3250 5443 3404 5497; x_wconf 87' lang='lat' dir='ltr'><strong>usque</strong></span> <span class='ocrx_word' id='word_1_928' title='bbox 3436 5444 3613 5493; x_wconf 74' lang='lat' dir='ltr'><strong>inane,</strong></span> 
     </span>
    </p>
   </div>
   <div class='ocr_carea' id='block_1_118' title="bbox 2034 5518 3620 5588">
    <p class='ocr_par' dir='ltr' id='par_1_118' title="bbox 2034 5518 3620 5588">
     <span class='ocr_line' id='line_1_118' title="bbox 2034 5518 3620 5588; baseline -0.001 -12"><span class='ocrx_word' id='word_1_929' title='bbox 2034 5530 2081 5576; x_wconf 86' lang='lat' dir='ltr'><strong>et</strong></span> <span class='ocrx_word' id='word_1_930' title='bbox 2136 5520 2414 5576; x_wconf 88' lang='lat' dir='ltr'><strong>ascenderit</strong></span> <span class='ocrx_word' id='word_1_931' title='bbox 2462 5519 2619 5575; x_wconf 83' lang='lat' dir='ltr'><strong>nubes</strong></span> <span class='ocrx_word' id='word_1_932' title='bbox 2664 5534 2850 5585; x_wconf 85' lang='lat' dir='ltr'><strong>mane,</strong></span> <span class='ocrx_word' id='word_1_933' title='bbox 2892 5526 2949 5572; x_wconf 68' lang='lat' dir='ltr'><strong>et.</strong></span> <span class='ocrx_word' id='word_1_934' title='bbox 2982 5518 3338 5588; x_wconf 78' lang='lat' dir='ltr'><strong>promovebant</strong></span> <span class='ocrx_word' id='word_1_935' title='bbox 3379 5519 3495 5584; x_wconf 87' lang='lat' dir='ltr'><strong>die;</strong></span> <span class='ocrx_word' id='word_1_936' title='bbox 3544 5521 3620 5575; x_wconf 80' lang='lat' dir='ltr'><strong>vel</strong></span> 
     </span>
    </p>
   </div>
   <div class='ocr_carea' id='block_1_119' title="bbox 2032 5690 3617 5814">
    <p class='ocr_par' dir='ltr' id='par_1_119' title="bbox 2032 5690 3617 5814">
     <span class='ocr_line' id='line_1_119' title="bbox 2032 5690 3617 5814; baseline -0.006 -64"><span class='ocrx_word' id='word_1_937' title='bbox 2032 5762 2062 5813; x_wconf 50' lang='grc' dir='ltr'><em>Κ</em></span> <span class='ocrx_word' id='word_1_938' title='bbox 2139 5700 2276 5772; x_wconf 54' lang='lat' dir='ltr'><strong>editi,</strong></span> <span class='ocrx_word' id='word_1_939' title='bbox 2298 5697 2575 5765; x_wconf 78' lang='lat' dir='ltr'><strong>protexerit.</strong></span> <span class='ocrx_word' id='word_1_940' title='bbox 2598 5705 2654 5750; x_wconf 85' lang='lat' dir='ltr'><strong>At</strong></span> <span class='ocrx_word' id='word_1_941' title='bbox 2668 5704 2807 5759; x_wconf 55' lang='grc' dir='ltr'><strong>Μδς.ι</strong></span> <span class='ocrx_word' id='word_1_942' title='bbox 2820 5698 3110 5759; x_wconf 68' lang='lat' dir='ltr'><strong>protraxerit</strong></span> <span class='ocrx_word' id='word_1_943' title='bbox 3130 5694 3299 5757; x_wconf 76' lang='lat' dir='ltr'><strong>:juxta</strong></span> <span class='ocrx_word' id='word_1_944' title='bbox 3320 5690 3617 5757; x_wconf 56' lang='grc' dir='ltr'><strong>ιχῐβριωι-</strong></span> 
     </span>
     <span class='ocr_line' id='line_1_120' title="bbox 2063 5776 2173 5814; baseline -0.027 0"><span class='ocrx_word' id='word_1_945' title='bbox 2063 5778 2091 5814; x_wconf 80' lang='lat' dir='ltr'><strong>e</strong></span> <span class='ocrx_word' id='word_1_946' title='bbox 2108 5776 2173 5814; x_wconf 81' lang='lat' dir='ltr'><strong>as.</strong></span> 
     </span>
    </p>
   </div>
   <div class='ocr_carea' id='block_1_120' title="bbox 2063 5776 2173 5815">
    <p class='ocr_par' dir='ltr' id='par_1_120' title="bbox 2063 5776 2173 5815">
     <span class='ocr_line' id='line_1_121' title="bbox 2063 5776 2173 5815; baseline -0.036 0"><span class='ocrx_word' id='word_1_947' title='bbox 2063 5776 2173 5815; x_wconf 73' lang='grc' dir='ltr'><strong>ειιη.</strong></span> 
     </span>
    </p>
   </div>
  </div>
