4136 6468
548 389 654 446 7‘23

547 511 692 555 nocte
723 508 768 554 et
813 499 858 553 si
903 499 1178 554 ascenderit
1226 499 1379 553 nubes
1405 501 1445 561 ί.
1475 497 1872 567 promovebant:
1918 494 2001 548 die
2045 492 2124 547 vel

547 605 718 642 mense
764 588 845 642 die
903 591 1188 643 abundante
1233 590 1363 642 nube
1403 587 1726 642 obumbrante
1764 603 1916 656 super
1959 585 2125 649 illud,

551 681 604 733 in
635 682 812 735 castris
855 692 998 735 erant
1024 682 1119 750 ﬁlii
1147 680 1340 743 Israel,
1377 691 1422 733 et
1455 698 1554 734 non
1589 679 1959 750 promovebant.
1984 677 2127 742 Quo-

549 772 690 824 niam
739 788 826 839 per
856 782 1156 842 preceptum
1185 770 1388 824 Domini
1422 771 1799 842 promovebant.
1836 768 2128 824 Custodiam

548 863 759 918 Domini
804 865 1145 918 custodierunt
1190 880 1279 934 per
1311 872 1617 934 prwceptuat
1645 861 1850 915 Domini
1884 861 1937 914 in
1972 876 2127 914 manu

551 953 743 1026 Moysi.

619 1045 786 1100 Totus
828 1044 912 1098 hic
951 1044 1100 1100 locus
1145 1044 1426 1114 diligenter
1466 1043 1811 1114 exponendas
1851 1050 1964 1108 est,
1993 1055 2128 1112 quo-

549 1133 689 1188 niam
716 1134 978 1189 inusitatis
1007 1136 1288 1202 generibus
1317 1136 1645 1190 locutionum
1670 1135 1984 1190 obscuratus
2022 1141 2126 1187 est.

552 1225 619 1280 Bt
645 1226 746 1288 die,
777 1227 968 1297 inquit,
989 1245 1089 1299 qua
1117 1237 1357 1282 statutum
1381 1237 1453 1280 est
1478 1227 1873 1292 tabernaculum,
1903 1225 2022 1278 texit
2044 1240 2132 1277 nu-

546 1317 630 1374 bes
659 1319 1067 1382 tabernaculum,
1101 1318 1307 1372 domum
1349 1317 1618 1371 testimonii
1645 1332 1665 1371 :
1703 1317 1844 1370 idem
1881 1315 2130 1370 taberna-

549 1409 726 1463 culum
761 1409 1048 1479 appellavit
1085 1409 1301 1463 domum
1349 1408 1657 1463 testimonii.
1687 1405 1755 1460 Et
1784 1423 1983 1475 vespere
2022 1413 2132 1458 erat

549 1515 704 1570 super
729 1497 1106 1552 tabernaculum
1132 1500 1264 1552 velut
1291 1499 1479 1563 species
1502 1498 1632 1568 ignis
1661 1513 1816 1566 usque
1843 1513 2006 1549 mane.
2041 1492 2130 1548 Ita

547 1588 699 1658 ﬁebat
723 1605 937 1656 semper.
972 1587 1170 1643 Deinde
1197 1589 1477 1658 diligenter
1505 1587 1790 1656 exprimit,
1817 1585 1941 1655 quid
1975 1584 2134 1639 ﬁebat

549 1693 782 1748 scntper,
814 1678 1005 1742 Nubes,
1030 1679 1216 1746 inquit,
1237 1677 1426 1748 tegebat
1451 1676 1582 1732 illud
1609 1676 1710 1741 die,
1728 1685 1772 1729 et
1792 1675 1980 1746 species
2000 1675 2133 1746 ignis

549 1781 711 1824 nocte.
737 1769 802 1823 Et
830 1787 944 1823 cum
964 1770 1264 1825 ascendisset
1295 1769 1446 1823 nubes
1467 1786 1497 1820 a
1527 1768 1867 1831 tabernaculo,
1891 1776 1936 1819 et
1961 1775 2135 1836 postea

549 1859 904 1931 promovebant
927 1857 1019 1929 ﬁlii
1038 1857 1221 1913 Israel.
1246 1859 1346 1913 Ista
1365 1859 1624 1913 sententia
1647 1858 1870 1912 obscura
1899 1873 2002 1911 non
2025 1865 2130 1922 est,

549 1950 650 2005 nisi
698 1960 912 2020 propter
950 1951 1092 2004 illam
1125 1951 1441 2004 locutionem
1489 1949 1574 2003 ubi
1613 1948 1851 2010 additur,
1892 1957 1957 2002 et.
1989 1946 2134 2002 Ordo

551 2043 694 2097 enim
723 2043 1010 2097 verborum
1039 2043 1241 2112 integer
1284 2041 1544 2110 sequitur,
1584 2040 1792 2095 etiamsi
1835 2039 1975 2094 desit
2022 2039 2133 2106 ipsa

551 2132 874 2201 conjttnctio,
915 2141 970 2186 ut
993 2133 1070 2186 sic
1094 2131 1320 2194 dicatur,
1354 2130 1419 2184 Et
1447 2147 1562 2184 cum
1599 2131 1897 2184 ascendisset
1925 2127 2078 2183 nubes
2103 2146 2136 2182 a

554 2223 892 2287 tabernaculo,
926 2235 1096 2293 postea
1125 2227 1477 2294 promovebant
1503 2223 1598 2291 ﬁlii
1636 2221 1802 2276 Israel
1841 2237 1859 2276 :
1896 2223 2136 2292 quamvis

553 2324 610 2370 et
643 2315 812 2382 ipsum
842 2314 984 2384 quod
1025 2315 1222 2368 dictum
1261 2324 1363 2378 est,
1397 2325 1599 2384 postea,
1630 2313 1674 2368 si
1707 2313 1950 2379 deesset,
1981 2312 2135 2381 plena

555 2415 738 2472 posset
762 2421 879 2458 esse
908 2407 1189 2459 sententia.
1224 2405 1424 2460 Deinde
1461 2405 1718 2474 sequitur,
1745 2405 1956 2468 dicens,
1989 2403 2055 2457 Et
2083 2405 2137 2458 in

555 2496 665 2549 loco
703 2497 996 2566 ubicumque
1037 2505 1238 2551 steterat
1275 2496 1449 2561 nubes,
1499 2497 1568 2550 ibi
1613 2505 1777 2551 castra
1825 2495 2138 2550 collocabant

561 2589 653 2643 lilii
681 2588 862 2642 Israel.

629 2678 741 2733 lloc
777 2687 954 2733 autem
993 2686 1160 2733 totum
1200 2677 1340 2749 quod
1381 2678 1677 2742 faciebant,
1709 2677 1774 2733 ad
1817 2688 2136 2748 praeceptum

554 2767 766 2824 Domini
808 2769 1077 2832 referens,
1119 2770 1190 2823 ita
1231 2770 1639 2838 complectitur:
1676 2768 1777 2823 Per
1803 2779 2134 2840 praceptum,

557 2860 745 2930 lnquit,
782 2858 984 2913 Domini
1026 2871 1189 2914 castra
1225 2860 1540 2914 collocabant
1585 2859 1684 2929 ﬁlii
1720 2858 1923 2926 Israel,
1963 2867 2008 2913 et
2050 2876 2141 2928 per

560 2959 863 3019 prwceptum
895 2948 1101 3002 Domini
1139 2950 1518 3016 promovebant.
1563 2949 1890 3018 l’rarceptum
1929 2947 2138 3002 Domini

557 3041 789 3108 appellat
808 3045 1012 3109 signum
1041 3039 1212 3109 ipsum
1241 3041 1380 3110 quod
1407 3040 1564 3094 liebat
1602 3040 1652 3093 in
1684 3039 1822 3093 nube
1841 3080 1855 3104 ,
1884 3038 1995 3093 sive
2015 3054 2137 3093 cum

557 3140 724 3186 staret
760 3133 1085 3185 obumbrans
1124 3130 1561 3197 tabernaculum,
1595 3139 1650 3184 ut
1682 3137 1853 3184 castra
1878 3130 2137 3184 consiste-

558 3233 709 3288 rent;
753 3225 866 3278 sive
911 3239 1032 3277 ctnn
1062 3222 1424 3286 ascendisset,
1454 3231 1612 3290 atque
1651 3223 1785 3276 ultra
1813 3230 2135 3287 moveretur,

561 3321 618 3368 ut
644 3328 761 3370 eam
787 3314 1007 3368 elevatis
1035 3313 1226 3367 castris
1264 3324 1634 3383 sequerentur.
1677 3312 1894 3366 Mutavit
1927 3327 2055 3367 sane
2085 3313 2136 3366 in

559 3402 658 3458 bac
700 3405 960 3458 Sententia
991 3404 1254 3457 narrantis
1283 3403 1519 3468 modum,
1565 3413 1618 3458 et
1655 3413 1902 3472 tanquam
1943 3402 2139 3471 praedi-

556 3511 685 3550 cens
710 3506 867 3566 atque
895 3497 1254 3564 prmnuutians
1296 3497 1454 3550 verba
1482 3495 1636 3550 futuri
1669 3496 1919 3564 temporis
1944 3495 2139 3549 habere

556 3586 737 3654 etrapit.
767 3585 947 3656 Neque
976 3588 1116 3640 enim
1145 3587 1240 3651 ait,
1275 3585 1376 3641 Per
1404 3599 1707 3656 merceptum
1739 3586 1944 3641 Domini
1972 3597 2138 3642 castra

557 3676 889 3730 Collocabant
915 3677 1011 3746 ﬁlii
1037 3677 1236 3741 Israel;
1262 3678 1379 3743 sed,
1407 3677 1722 3731 collocabant
1747 3695 1759 3730 :
1799 3695 1894 3732 nec
1919 3680 2012 3741 ait,
2050 3694 2139 3746 per

558 3778 860 3838 pra'ceptam
906 3768 1108 3824 Domini
1147 3770 1552 3839 promovebant;
1594 3770 1720 3839 sed,
1760 3771 2136 3840 promovebant.

562 3858 629 3914 Et
657 3857 794 3912 hunc
822 3860 1032 3914 tnodum
1060 3861 1218 3915 etiam
1241 3860 1294 3913 in
1333 3860 1780 3929 consequentibus
1807 3871 2016 3925 servat,
2046 3862 2135 3930 qui

560 3950 749 4005 modus
793 3967 841 4004 tn
883 3949 1170 4019 Scripturis
1209 3961 1290 4005 est
1325 3951 1772 4005 lIIIISllnlissilttllS.
1801 3950 1930 4005 Nam
1961 3951 2138 4006 verbis

561 4043 811 4110 praeteriti
864 4043 1118 4113 temporis
1166 4058 1309 4114 strpe
1363 4043 1535 4098 futura
1587 4043 1835 4113 praedicta
1880 4060 2000 4100 esse
2040 4061 2136 4099 tto-

559 4133 764 4198 viuttts;
819 4133 956 4186 sicut
995 4139 1108 4198 est,
1169 4131 1432 4186 Foderant
1483 4150 1663 4187 manus
1705 4150 1842 4188 meas
1893 4145 1940 4188 et
1986 4136 2137 4204 pedes

561 4222 581 4291 (
603 4220 746 4277 Psal.
784 4238 908 4286 ut,
958 4222 1082 4292 l7);
1119 4232 1200 4287 et,
1240 4223 1388 4278 Sicut
1422 4225 1528 4278 ovis
1567 4224 1636 4277 ad
1667 4225 2028 4279 immolandum
2068 4228 2138 4282 du

555 4325 664 4368 ctus
702 4323 773 4368 est
818 4312 988 4386 (Isai.
1033 4331 1143 4382 un,
1177 4312 1284 4386 7);
1322 4323 1374 4370 et
1419 4315 1816 4371 innttmerabilia
1857 4317 1980 4372 talia
2018 4335 2032 4372 :
2079 4330 2137 4374 ut

554 4417 730 4462 autem
759 4417 1001 4462 narrator
1025 4423 1200 4462 rerum
1250 4417 1519 4478 gestarum
1571 4408 1750 4464 verbis
1787 4419 1965 4463 utatur
2004 4419 2136 4464 tem-

559 4499 704 4567 poris
737 4499 1080 4564 luturi,sicut
1117 4499 1218 4554 hoc
1243 4499 1383 4568 loco,
1414 4499 1727 4556 diﬂlcillime
1761 4501 1814 4556 in
1850 4500 2137 4572 Scripturis

556 4589 778 4644 iuvettiri
812 4597 1004 4659 potest.

628 4680 770 4751 Ergo
793 4690 1132 4752 posteaquam
1158 4681 1328 4750 dixit,
1355 4683 1424 4739 de
1447 4683 1534 4739 die
1559 4692 1613 4739 et
1639 4693 1824 4749 nocte,
1851 4700 1958 4755 quo
1984 4686 2135 4754 signo

557 4783 893 4843 promoveret
919 4776 1164 4845 populus,
1193 4776 1274 4830 vel
1297 4785 1571 4840 maneret;
1609 4791 1676 4830 ne
1705 4786 2019 4846 putarentur
2042 4793 2136 4846 per

555 4875 764 4920 noctein
787 4865 1060 4920 ambulare
1087 4875 1139 4920 et
1162 4881 1256 4935 per
1283 4866 1422 4922 diem
1444 4867 1616 4921 solere
1645 4869 1943 4934 considere,
1974 4879 2134 4940 atque

554 4957 656 5010 hoc
684 4955 872 5010 diebus
901 4955 1148 5010 omnibus
1170 4955 1342 5011 facere
1361 4997 1375 5020 ,
1404 4965 1619 5011 secutus
1643 4957 1881 5026 adjunin
1901 5001 1916 5023 ,
1945 4967 2000 5012 et
2023 4959 2129 5024 ait,

556 5045 742 5101 Omnes
766 5046 871 5100 dies
892 5045 944 5100 in
971 5045 1147 5116 quibus
1170 5044 1430 5100 obumbrat
1464 5045 1618 5100 nubes
1648 5063 1801 5117 super
1828 5049 2131 5103 tabernacu-

553 5139 678 5203 lunt,
702 5137 754 5191 in
779 5138 955 5191 castris
985 5146 1128 5191 erant
1151 5137 1247 5205 ﬁlii
1279 5135 1480 5201 Israel;
1507 5146 1554 5191 et
1589 5139 1791 5208 quando
1829 5141 2134 5210 protraxerit

552 5229 705 5282 nubes
727 5245 876 5299 super
890 5228 1262 5282 tabernaculum
1283 5228 1388 5280 dies
1409 5228 1591 5298 plures.
1620 5230 1815 5285 Deinde
1839 5232 2132 5288 admonens

553 5333 658 5372 non
689 5320 789 5374 ltoc
807 5335 871 5373 ex
917 5319 1126 5372 illorum
1160 5317 1476 5373 necessitate
1519 5321 1654 5385 lieri,
1682 5321 1776 5375 sed
1815 5337 1878 5376 ex
1916 5323 2002 5376 Dei
2033 5339 2130 5375 vo-

553 5410 786 5473 luutate,
835 5407 899 5462 Et
942 5408 1250 5474 custodierit,
1279 5407 1482 5477 inquit,
1515 5409 1611 5477 ﬁlii
1651 5409 1816 5464 Israel
1849 5413 2130 5467 custodiant

549 5499 669 5568 Dei,
703 5499 752 5554 id
791 5510 903 5564 est,
946 5499 1241 5554 custodiam
1285 5515 1442 5568 quam
1473 5502 1721 5569 prmccpit
1754 5501 1924 5568 Deus;
1953 5512 2000 5557 et
2027 5520 2130 5558 non

551 5590 925 5660 promovebant.
944 5590 1007 5643 Et
1028 5599 1275 5659 tanquam
1305 5589 1590 5655 diceretur,
1613 5590 1834 5658 Quando
1857 5608 1985 5664 ergo
2006 5610 2130 5664 pro-

613 5725 629 5790 ξ
650 5729 1002 5790 usooustanter
1011 5728 1138 5790 Mss.
1152 5722 1434 5788 cnnuweiis
1456 5721 1657 5790 inferius
1677 5724 1966 5790 concordant
1988 5727 2127 5790 editi,

548 5785 630 5850 qui
655 5785 744 5835 hoc
766 5797 947 5839 tantum
969 5785 1074 5840 loco
1091 5785 1295 5854 habent,
1311 5795 1360 5841 et
1379 5801 1490 5840 cum
1505 5786 1576 5840 sic
1593 5788 1860 5866 ascenderit
1881 5787 2045 5840 nubes.

1328 382 1788 453 QUASSTIONUM
1829 382 1886 439 S.
1925 375 2292 436 AUGUSTIN‘
2329 375 2394 432 IN
2432 377 2990 436 lllSPTATEUCIlUM

3705 384 3815 441 714

2232 494 2559 549 movebunt!
2589 492 2656 548 Et
2682 495 2807 558 erit,
2830 494 3028 564 inquit,
3062 509 3178 547 cum
3199 493 3375 548 texerit
3398 493 3550 548 nubes
3573 495 3678 551 dies
3707 513 3817 551 nu-

2233 601 2367 639 mero
2405 603 2557 656 super
2592 585 2990 641 tabernaculum.
3022 584 3072 638 id
3098 593 3180 638 est
3199 625 3216 650 ,
3247 583 3362 640 dies
3389 594 3540 640 certo
3563 603 3815 654 numero,

2231 677 2320 743 qui
2361 690 2613 729 numerus
2641 676 2819 744 utique
2850 675 2956 729 Deo
2985 675 3256 746 placeret:
3289 691 3378 744 per
3403 691 3570 730 vocent
3595 675 3808 731 Domini

2231 766 2284 818 in
2305 766 2482 820 castris
2503 775 2668 830 erant,
2698 775 2744 819 et
2771 782 2860 836 per
2880 775 3183 836 praeceptam
3200 763 3406 819 Domini
3430 767 3792 837 promovebant
3807 807 3820 822 .

2234 856 2382 910 llanc
2408 855 2616 910 videtur
2651 855 2831 910 dicere
2855 871 3038 910 vocem
3083 855 3290 911 Domini
3319 857 3524 927 signum
3549 857 3690 926 quod
3721 857 3818 912 dat

2231 945 2301 1000 de
2320 951 2568 1012 statione,
2613 955 2670 1000 et
2713 956 2859 1000 motu
2907 945 3095 1011 nubis;
3123 946 3245 1016 quia
3287 955 3342 1001 et
3383 961 3483 1000 vox
3521 947 3814 1016 loquentis,

2234 1036 2597 1112 proculdubio
2617 1036 2825 1106 signum
2862 1045 2945 1090 est
2970 1036 3276 1091 voluntatis.
3306 1035 3457 1104 Quod
3484 1051 3612 1107 ergo
3639 1037 3741 1103 ait,
3770 1047 3818 1091 et

2234 1145 2324 1198 per
2354 1137 2676 1200 praeceptum,
2699 1128 2804 1183 hoc
2829 1127 2969 1182 idem
2996 1127 3204 1199 signum
3233 1138 3362 1198 puto
3383 1127 3812 1195 intelligendum.

2232 1219 2543 1289 Quanquam
2586 1227 2764 1288 posset
2805 1233 2907 1273 vox
2950 1228 3004 1274 et
3043 1228 3364 1287 przeceptum
3422 1216 3629 1273 Domini
3684 1217 3814 1275 illttd

2233 1311 2393 1364 etiam
2418 1310 2584 1379 accipi
2613 1309 2754 1380 quod
2778 1310 2985 1364 loeutus
3009 1319 3110 1373 est,
3135 1319 3192 1363 ut
3219 1309 3379 1375 solet,
3402 1307 3469 1364 ad
3495 1309 3737 1380 Moysen,
3763 1319 3821 1364 et

2235 1401 2487 1470 praecepit
2525 1400 2625 1454 boc
2661 1399 2796 1454 ﬁeri.
2841 1399 3023 1470 Neque
3064 1401 3207 1454 enim
3245 1398 3444 1454 scirent
3487 1399 3562 1453 illi
3594 1413 3816 1468 promo-

2234 1490 2462 1544 vendum
2488 1505 2607 1545 esse
2632 1481 3161 1560 nttbe'promovente,
3189 1499 3245 1544 et
3262 1489 3508 1545 standum
3532 1505 3653 1545 esse
3675 1491 3820 1546 nube

2235 1588 2427 1647 stante,
2457 1581 2556 1634 nisi
2575 1581 2676 1636 hoc
2697 1581 2774 1635 eis
2799 1589 2923 1635 ante
2952 1581 3351 1650 przcciperetur.

2307 1673 2362 1728 In
2407 1673 2489 1727 his
2524 1684 2702 1728 autem
2748 1689 2868 1743 qua:
2910 1673 3048 1727 dicta
3095 1682 3213 1726 sunt
3261 1672 3492 1727 nondum
3535 1672 3818 1742 apparuit,

2236 1772 2414 1818 utrum
2453 1780 2546 1834 per
2582 1765 2724 1819 diem
2767 1773 2967 1818 tantum
3008 1763 3391 1830 ambularetur,
3430 1779 3496 1818 an
3534 1764 3698 1818 etiam
3727 1780 3824 1834 per

2237 1865 2467 1920 noctem,
2499 1856 2788 1911 secundum
2814 1857 3023 1927 signum
3065 1855 3205 1926 quod
3237 1856 3402 1910 nubes
3428 1864 3574 1910 motu
3602 1871 3705 1911 suo
3730 1856 3826 1910 da-

2239 1946 2347 2000 bat.
2379 1947 2644 2002 Fortassis
2684 1948 2827 2002 enim
2861 1948 3102 2017 quamvis
3143 1949 3319 2016 plures
3363 1947 3480 2002 dies
3529 1947 3585 2002 in
3631 1949 3826 2004 castris

2237 2047 2514 2092 manerent
2539 2037 2678 2092 nube
2705 2054 2808 2092 non
2833 2048 3176 2107 promovente
3194 2079 3210 2104 ,
3241 2037 3410 2108 potuit
3439 2048 3618 2093 tamen
3650 2040 3824 2109 putari

2239 2131 2433 2185 nubem
2464 2146 2566 2185 non
2588 2130 2764 2186 solere
2791 2132 3079 2186 ascendere
3105 2133 3170 2186 de
3191 2133 3399 2198 castris,
3425 2142 3481 2188 et
3505 2133 3722 2203 signum
3745 2132 3828 2185 iti-

2239 2223 2384 2278 neris
2404 2221 2554 2286 dare,
2585 2222 2685 2276 nisi
2714 2239 2808 2292 per
2833 2221 2996 2277 diem.
3026 2223 3278 2292 Sequitur
3313 2237 3440 2292 ergo
3473 2233 3527 2277 et
3552 2222 3728 2278 dicit:
3761 2221 3826 2276 Et

2238 2314 2352 2376 erit,
2383 2329 2496 2366 cum
2524 2313 2672 2384 fuerit
2692 2313 2844 2368 nubes
2877 2330 2908 2366 a
2945 2329 3149 2384 vespera
3181 2329 3336 2384 usque
3364 2330 3529 2377 mane,
3561 2322 3611 2367 et
3645 2328 3825 2366 ascen-

2239 2404 2366 2457 derit
2393 2404 2544 2459 nubes
2572 2421 2735 2468 mane,
2762 2416 2808 2459 et
2833 2406 3188 2474 promovebant
3228 2406 3329 2458 die.
3357 2405 3452 2459 llic
3479 2405 3568 2458 illa
3607 2404 3826 2473 c0pula-

2241 2497 2345 2550 tiva
2387 2497 2690 2566 conjunctio
2731 2513 2878 2552 more
2904 2497 3191 2568 Scriptura:
3228 2498 3396 2568 posita
3436 2506 3537 2551 est.
3589 2495 3724 2551 Nam
3764 2511 3826 2550 ea

2239 2587 2476 2642 detracta
2517 2589 2702 2658 plenus
2740 2598 2823 2642 est
2861 2603 3050 2642 sensus
3081 2589 3182 2643 hoc
3210 2588 3368 2642 modo
3396 2604 3409 2640 :
3443 2585 3510 2640 Et
3549 2587 3648 2640 erit
3669 2629 3684 2651 ,
3713 2603 3826 2639 cum

2241 2679 2390 2750 fuerit
2411 2679 2563 2732 nubes
2589 2696 2620 2731 a
2649 2695 2852 2748 vespera
2877 2695 3032 2750 usque
3069 2696 3234 2744 mane,
3265 2687 3310 2732 et
3348 2677 3634 2730 ascenderit
3671 2676 3826 2730 nubes

2240 2786 2409 2835 mane,
2437 2771 2793 2839 promovebant
2818 2769 2916 2822 die.
2949 2769 3150 2824 Deinde
3175 2769 3296 2837 quia
3317 2779 3370 2822 et
3402 2775 3558 2821 nocte
3583 2767 3628 2821 si
3661 2768 3826 2820 nubes

2241 2863 2554 2914 ascenderet
2579 2859 2994 2930 promovebant,
3018 2867 3177 2928 atque
3210 2859 3308 2912 iter
3342 2865 3664 2912 nocturnam
3693 2856 3736 2909 si
3765 2857 3826 2908 il-

2241 2949 2330 3003 lud
2363 2951 2570 3020 signum
2613 2951 2917 3020 acciperent
2942 2949 3202 3018 agebant,
3230 2948 3470 3017 adjuuxit
3501 2956 3560 3026 et
3579 2948 3657 3000 ait
3694 2964 3708 3000 :
3744 2943 3830 3001 Vel

2242 3051 2386 3094 nocte
2411 3050 2456 3094 et
2485 3041 2529 3094 si
2562 3041 2839 3094 ascenderit
2865 3040 3018 3094 nubes
3037 3080 3052 3106 ,
3081 3038 3457 3111 promovebant.
3486 3037 3593 3093 Sed
3634 3038 3830 3092 locutio

2242 3143 2324 3186 est
2352 3132 2651 3186 inusitatior
2677 3149 2691 3186 :
2719 3147 2824 3186 non
2849 3132 2990 3185 enim
3015 3141 3215 3185 tantum
3245 3129 3472 3200 positum
3496 3137 3600 3192 est,
3631 3137 3679 3182 et
3698 3143 3718 3191 ;
3737 3126 3828 3181 sed

2241 3240 2307 3279 eo
2339 3240 2484 3278 more
2507 3223 2734 3293 positum
2756 3231 2858 3288 est,
2887 3239 2992 3292 quo
3022 3238 3126 3276 non
3154 3222 3308 3278 Solet.
3345 3220 3494 3276 Unde
3524 3219 3659 3274 milii
3687 3218 3833 3273 vide-

2243 3324 2328 3369 tur
2356 3323 2764 3384 praepOsteratus
2791 3314 2924 3368 ordo
2953 3313 3269 3375 verborum,
3302 3313 3439 3366 sicut
3485 3325 3633 3378 saepe
3678 3319 3734 3364 et
3777 3309 3828 3362 in

2244 3405 2420 3460 latinis
2441 3404 2792 3459 locationibus
2819 3403 2934 3460 ﬁeri
2955 3405 3121 3458 solet:
3145 3402 3286 3473 quod
3307 3417 3474 3472 genus
3494 3399 3829 3469 antistrophe

2241 3496 2453 3551 dicitur.
2479 3497 2708 3551 Proinde
2734 3497 2777 3550 si
2809 3496 2879 3550 ita
2905 3496 3130 3560 dicatur,
3155 3494 3230 3549 vel
3255 3504 3300 3547 et
3322 3502 3464 3548 nocte
3481 3493 3526 3546 si
3545 3491 3828 3546 ascenderit

2242 3589 2416 3655 nubes,
2443 3589 2836 3660 promovebant;
2865 3597 2955 3642 aut
2979 3599 3124 3642 certe
3146 3588 3237 3651 ita,
3265 3587 3310 3639 si
3332 3595 3380 3640 et
3408 3594 3550 3638 nocte
3580 3585 3826 3638 ascende-

2242 3679 2307 3733 rit
2331 3678 2504 3742 nubcs,
2525 3679 2898 3748 promovebant,
2933 3677 3274 3746 planissimus
3295 3689 3486 3730 Sensus
3510 3683 3613 3728 est.

2313 3772 2499 3827 Adhuc
2521 3782 2699 3826 autem
2737 3770 3047 3825 occurrebat
3089 3767 3362 3837 cOgitanti,
3398 3777 3453 3820 ut
3490 3765 3630 3820 scire
3671 3775 3831 3820 ve..et

2242 3875 2422 3920 utrum
2457 3864 2725 3935 quomodo
2765 3864 3033 3934 cognitum
3070 3872 3152 3918 est
3189 3862 3362 3918 solere
3408 3861 3528 3915 illos
3564 3860 3632 3912 ad
3675 3861 3830 3914 nubis

2242 3957 2448 4026 signum
2492 3957 2678 4011 diebus
2719 3965 2772 4009 et
2811 3955 3048 4009 noctibus
3090 3953 3396 4018 ambulare,
3424 3951 3508 4007 vel
3548 3951 3742 4005 diebus
3777 3961 3829 4004 ct

2243 4050 2486 4104 noctibus
2515 4049 2566 4102 in
2595 4048 2785 4102 castris
2817 4061 2935 4101 esse
2954 4088 2969 4111 ,
3000 4047 3070 4099 ita
3115 4046 3274 4100 etiam
3304 4043 3536 4098 solerent
3576 4058 3676 4112 per
3715 4042 3829 4096 dies

2241 4147 2446 4194 tantum
2474 4154 2712 4204 manere,
2741 4136 2899 4191 ctiam
2925 4152 3149 4207 quorum
3182 4136 3426 4189 noctibus
3455 4134 3824 4188 ambularent:

2240 4230 2380 4301 quod
2407 4230 2636 4284 arbitror
2663 4228 2988 4298 Scripturam
3012 4229 3062 4281 in
3083 4227 3531 4298 consequentibus
3551 4226 3828 4280 intimasse

2239 4336 2360 4374 cum
2402 4320 2564 4386 dicit,
2597 4317 2692 4373 Die
2721 4319 2795 4373 vel
2826 4335 2991 4372 mense
3017 4318 3143 4382 diei,
3170 4317 3455 4371 abundante
3487 4318 3615 4371 nube
3649 4316 3827 4371 obum-

2241 4411 2415 4465 brante
2442 4426 2590 4482 super
2616 4410 2744 4464 illud
2766 4450 2782 4474 ,
2813 4410 2866 4463 in
2893 4409 3069 4462 castris
3097 4417 3242 4462 erant
3279 4409 3376 4477 ﬁlii
3414 4406 3581 4462 Israel
3599 4448 3615 4473 ,
3649 4417 3696 4461 et
3726 4423 3826 4461 non

2239 4500 2614 4574 promovebant.
2652 4500 2783 4568 Quia
2807 4500 2948 4553 enim
2977 4498 3215 4564 dixerat,
3239 4499 3314 4552 vel
3339 4509 3484 4552 nocte
3507 4507 3556 4553 et
3575 4499 3621 4552 si
3645 4514 3824 4552 ascen-

2238 4594 2363 4648 derit
2385 4592 2558 4655 nabes,
2585 4593 2974 4662 promovebant;
2997 4601 3245 4660 tanquam
3269 4591 3502 4646 restabat
3520 4601 3576 4646 ut
3595 4591 3821 4655 diceret,

2237 4686 2325 4742 die
2349 4697 2522 4740 autem
2551 4686 2592 4739 si
2621 4699 2726 4739 non
2752 4685 3070 4746 ascenderit,
3093 4699 3199 4737 non
3227 4685 3630 4753 prontovebuut,
3655 4699 3826 4753 quan-

2237 4779 2308 4834 do
2335 4778 2482 4848 quasi
2515 4791 2827 4846 promovere
2854 4775 3053 4830 debere
3082 4775 3395 4830 videbantur
3419 4792 3432 4828 :
3455 4775 3548 4829 sed
3573 4773 3696 4843 quia
3721 4773 3824 4827 hoc

2237 4870 2395 4923 etiam
2425 4867 2610 4922 diebus
2639 4865 2874 4936 pluribus
2903 4864 3015 4920 ﬁeri
3057 4872 3294 4934 poterat,
3326 4873 3384 4918 ut
3423 4866 3664 4920 noctibus
3701 4879 3818 4918 am-

2237 4960 2500 5024 bularent,
2528 4965 2871 5027 promovente
2891 4956 3050 5021 nube,
3073 4965 3127 5010 ct
3154 4971 3212 5009 ea
3236 4966 3484 5010 manente
3499 4956 3690 5011 diebus
3710 4972 3820 5010 non

2236 5050 2583 5108 ambularent.
2617 5048 2736 5102 ideo
2767 5048 2956 5116 posuit,
2978 5048 3059 5100 die
3083 5047 3159 5101 vel
3185 5065 3351 5101 mense
3376 5048 3494 5102 diei.
3525 5048 3639 5104 Non
3661 5048 3817 5112 dixit,

2237 5157 2439 5205 mense,
2465 5156 2530 5194 ne
2556 5141 2623 5193 ibi
2654 5150 2706 5194 et
2731 5123 3173 5209 noctes'ejusdem
3196 5141 3392 5196 mensis
3411 5143 3816 5211 acciperentur;

2235 5233 2352 5296 sed,
2383 5248 2549 5285 mense
2574 5231 2690 5292 diei,
2719 5231 2767 5285 id
2797 5239 2880 5286 est
2907 5246 3091 5285 mense
3120 5247 3185 5285 ex
3211 5247 3270 5285 ea
3300 5241 3448 5300 parte
3474 5248 3574 5302 qua
3602 5233 3715 5286 dies
3745 5233 3816 5285 illi

2237 5320 2353 5389 fuit,
2377 5337 2481 5375 non
2506 5336 2568 5376 ex
2591 5337 2652 5376 ea
2679 5337 2781 5392 qua
2812 5337 2935 5375 nux.
2962 5320 3058 5375 Die
3079 5338 3195 5392 ergo
3227 5322 3303 5376 vel
3327 5339 3493 5376 mense
3517 5323 3635 5386 diei,
3657 5323 3818 5376 abun-

2234 5415 2386 5467 dante
2414 5413 2541 5466 uube
2583 5412 2939 5475 obumbrante,
2968 5411 3019 5466 id
3047 5422 3156 5478 est,
3187 5411 3488 5467 abundante
3528 5414 3580 5468 in
3622 5413 3816 5467 obum-

2233 5502 2458 5567 brando,
2476 5501 2558 5558 vel
2581 5501 2931 5557 abundantius
2951 5502 3325 5568 obumbrante,
3346 5519 3500 5574 super
3517 5501 3664 5568 illud,
3682 5498 3810 5554 illud

2233 5599 2438 5653 scilicet
2481 5595 2875 5651 tabernaculum
2895 5635 2912 5660 ,
2953 5595 3006 5650 in
3033 5595 3209 5650 castris
3235 5605 3381 5650 erant
3422 5595 3520 5665 ﬁlii
3546 5593 3737 5656 Israel,
3765 5598 3812 5646 et

2233 5707 2335 5745 non
2355 5688 2728 5759 promovebant.
2751 5687 3029 5743 Postremo
3052 5688 3283 5757 repetiit,
3303 5687 3479 5742 divina
3501 5686 3812 5743 auctoritate

2234 5781 2426 5835 factum
2447 5819 2460 5846 ,
2493 5778 2578 5834 cui
2620 5778 2792 5835 resisti
2836 5778 3018 5850 utique
3046 5795 3148 5834 non
3185 5779 3446 5848 debebat,
3476 5779 3805 5851 adjungcus:
