4136 6474
391 327 496 385 725

393 437 649 505 Quoniam
690 449 779 504 per
804 438 1106 503 prttceptum
1135 425 1337 482 Domini
1364 424 1735 497 promovebant.
1777 420 1962 479 Custo-

392 530 529 584 diam
560 526 761 582 Domini
785 524 1155 586 custodierunt,
1187 535 1276 589 per
1300 526 1601 587 prwceptum
1647 514 1869 578 Domini,
1912 511 1965 565 in

395 636 547 674 manu
573 616 743 688 Moysi
791 613 964 669 Rediit
991 611 1055 665 ad
1086 609 1304 664 verbum
1337 606 1589 675 praiteriti
1619 604 1891 672 temporis,
1913 610 1969 654 ut

394 711 611 774 diceret,
629 706 985 761 custodierunt.
1008 700 1157 769 Quod
1178 714 1306 754 vero
1330 698 1383 751 in
1408 700 1510 751 line
1532 697 1724 767 posuit,
1737 695 1791 748 in
1816 708 1969 746 manu

397 801 584 873 Moysi,
614 798 953 853 usitatissima
983 796 1034 849 in
1059 791 1343 862 Scripturis
1370 789 1566 844 locutio
1594 796 1696 856 est,
1723 786 1845 857 quia
1873 800 1971 857 per

394 892 610 961 Moysen
641 888 756 942 lucc
782 887 919 941 Deus
944 882 1301 953 praecipiebat.

467 977 629 1034 XVII.
669 974 766 1049 [lb.
794 992 846 1039 ι,
875 972 953 1045 7.]
984 972 1044 1026 Ei
1070 987 1183 1025 cum
1208 966 1621 1039 congregaveritis
1642 979 1970 1036 synagogam,

396 1070 538 1125 tabat
560 1067 771 1129 canetis,
799 1072 844 1118 et
872 1080 972 1116 non
1003 1064 1054 1118 in
1080 1064 1240 1131 signa.
1264 1060 1376 1114 Non
1400 1072 1527 1125 ergo
1550 1056 1614 1109 ad
1644 1055 1745 1109 hoc
1772 1069 1973 1108 canen-

398 1161 522 1214 dum
553 1155 823 1227 praecipit,
855 1163 912 1205 ut
936 1161 1283 1221 congregetur
1307 1161 1601 1220 synagoga;
1633 1160 1754 1199 nam
1786 1143 1829 1197 si
1874 1143 1975 1196 hoc

400 1254 480 1315 fit,
506 1250 711 1319 signum
737 1254 854 1299 est:
883 1242 977 1298 sed
1000 1243 1109 1312 jam
1134 1248 1445 1310 congregata
1472 1250 1758 1308 synagoga,
1788 1233 1975 1303 prazci-

399 1341 609 1414 pittuba
626 1352 836 1398 canere,
855 1346 1101 1404 tauquam
1119 1332 1184 1386 ad
1205 1340 1413 1385 cantum
1428 1330 1535 1398 jam
1558 1328 1849 1397 pertineat;
1870 1339 1975 1377 non

400 1430 467 1486 ad
497 1427 728 1483 dandum
755 1426 984 1493 signum,
1010 1436 1116 1491 quo
1144 1420 1266 1475 dato
1298 1420 1408 1473 fieri
1448 1416 1642 1487 aliquid
1673 1416 1977 1469 admoneat.

401 1518 634 1576 Proinde
660 1530 780 1571 cum
802 1515 902 1569 hoc
921 1512 1059 1584 quod
1081 1512 1185 1581 jam
1214 1516 1525 1578 congregata
1551 1520 1815 1577 synagoga
1840 1504 1979 1558 tubis

401 1611 661 1667 canebant
675 1649 690 1672 ,
711 1608 984 1677 quisquam
1006 1604 1167 1658 homo
1188 1602 1318 1656 Novi
1342 1600 1663 1654 Testamcnti
1693 1597 1760 1651 ad
1780 1594 1979 1663 aliquid

404 1700 676 1771 spirituale
706 1700 1112 1764 interpretatur,
1142 1692 1214 1745 illi
1239 1692 1444 1761 signum
1474 1698 1587 1753 est,
1615 1688 1703 1758 qui
1734 1685 1980 1754 intelligit

404 1808 569 1864 quare
596 1791 721 1853 liat;
750 1803 853 1842 non
876 1786 979 1840 illis
999 1785 1085 1853 qui
1115 1798 1220 1836 non
1242 1780 1622 1849 intelligebant,
1647 1778 1747 1833 nisi
1768 1775 1980 1846 quando

404 1883 471 1936 ad
499 1882 599 1934 hoc
630 1880 805 1941 lieliat,
835 1887 890 1929 ut
915 1872 1125 1943 aliquod
1153 1886 1287 1940 opus
1312 1870 1648 1923 indiceretur.

448 2007 452 2010 ~
476 1970 660 2026 XVIII.
704 1967 803 2040 [lb.
826 1982 882 2020 ιιι
902 2007 915 2028 ,
945 1962 1056 2035 17.]
1082 1962 1143 2014 Et
1169 1963 1396 2032 auferam
1424 1958 1486 2011 de
1508 1958 1687 2028 spiritu
1712 1956 1796 2025 qui
1831 1963 1901 2008 est
1928 1954 1983 2008 in

406 2073 455 2117 te
474 2104 488 2125 ,
517 2072 562 2115 et
589 2074 925 2129 superponam
953 2070 1102 2123 super
1122 2070 1206 2107 eos
1229 2069 1246 2117 ;
1289 2060 1335 2104 et
1363 2049 1672 2104 sustinebunt
1698 2058 1855 2100 tecum
1881 2047 1980 2098 im-

408 2165 574 2225 petum
599 2153 793 2224 populi,
813 2160 858 2203 et
881 2166 979 2201 non
1003 2145 1221 2217 portabis
1242 2143 1357 2197 illos
1385 2153 1437 2195 tu
1458 2143 1615 2195 solus.
1644 2139 1888 2209 Plerique
1910 2138 1987 2190 Ia-

407 2245 502 2298 tini
539 2245 853 2309 interpretes
894 2254 998 2291 non
1037 2246 1093 2289 ut
1123 2236 1173 2288 in
1214 2248 1386 2303 graeco
1410 2240 1526 2298 est,
1560 2229 1979 2292 transtulerunt;

407 2333 501 2387 sed
530 2334 794 2394 dixerunt,
828 2328 1064 2399 Auferam
1092 2326 1155 2379 de
1186 2324 1369 2393 spiritu
1406 2331 1489 2375 tuo
1520 2322 1603 2391 qui
1632 2330 1701 2374 est
1730 2320 1785 2373 in
1824 2329 1871 2373 te
1891 2360 1906 2384 ,
1937 2328 1986 2373 et

408 2439 595 2494 ponam
614 2437 764 2489 super
787 2435 892 2482 eos,
916 2425 1005 2469 aut
1025 2430 1207 2486 ponam
1227 2414 1279 2467 in
1303 2414 1411 2475 eis;
1431 2420 1483 2465 et
1507 2410 1743 2465 fecerunt
1768 2423 1983 2464 sensum

408 2513 728 2568 laboriosum
762 2508 828 2562 ad
868 2504 1285 2575 intelligendum.
1328 2501 1501 2555 Putari
1530 2501 1670 2554 enim
1715 2507 1888 2568 potest
1917 2499 1986 2553 de

410 2603 595 2672 spiritu
636 2600 798 2669 ipsius
844 2598 1071 2650 hominis
1115 2595 1353 2657 dictum,
1379 2607 1487 2662 quo
1526 2591 1755 2645 humana
1798 2600 1985 2644 natura

408 2691 704 2760 completur
730 2703 950 2756 corpore
976 2686 1224 2754 adjuncto
1240 2725 1253 2748 ,
1284 2698 1404 2753 qua:
1428 2688 1637 2736 constat
1670 2696 1734 2733 ex
1760 2693 1987 2746 corpore

410 2793 467 2837 et
506 2782 726 2850 spiritu,
754 2794 908 2848 quem
954 2778 1111 2831 ctiam
1156 2777 1381 2828 animam
1413 2773 1637 2827 dicunt:
1678 2772 1745 2827 de
1787 2786 1892 2840 quo
1933 2781 1988 2826 et

413 2871 697 2941 Apostolus
718 2869 877 2930 dicit,
910 2866 1034 2931 Quis
1062 2866 1192 2918 enim
1220 2864 1477 2917 hominum
1501 2863 1593 2915 scit
1620 2877 1730 2931 qute
1755 2870 1869 2914 sunt
1898 2861 1991 2913 ho-

411 2962 561 3015 minis
578 3001 594 3025 ,
622 2960 716 3013 nisi
741 2959 944 3028 spiritus
983 2956 1197 3008 hominis
1225 2954 1311 3020 qui
1336 2955 1387 3005 in
1415 2954 1525 3020 ipso
1555 2952 1664 3005 est?
1692 2950 1779 3004 Sic
1805 2959 1852 3003 et
1878 2965 1990 3019 qua:

414 3053 509 3105 Dei
530 3061 663 3113 sunt,
695 3065 836 3103 nemo
865 3049 955 3101 scit
980 3048 1075 3100 nisi
1097 3046 1318 3115 Spiritus
1340 3042 1454 3096 Dei.
1498 3043 1564 3096 Et
1586 3041 1723 3112 quod
1754 3041 1990 3110 adiungit

413 3160 478 3199 ac
507 3144 665 3204 dicit,
702 3141 811 3194 Nos
836 3149 998 3192 autent
1038 3154 1137 3190 non
1163 3136 1392 3205 spiritum
1421 3134 1571 3203 hujus
1595 3131 1992 3200 mundi.accepi—

413 3254 544 3302 mus,
567 3235 654 3289 sed
686 3234 936 3302 Spiritum
960 3231 1043 3298 qui
1071 3246 1132 3282 ea;
1177 3227 1283 3281 Deo
1312 3236 1382 3280 est
1424 3225 1476 3296 (Ι
1505 3224 1623 3277 Cor.
1653 3239 1720 3285 tt,
1746 3223 1803 3275 11
1824 3263 1841 3287 ,
1864 3222 1985 3290 12);

413 3328 646 3383 ostendit
674 3327 853 3394 utique
879 3323 1036 3376 alium
1065 3335 1185 3374 esse
1207 3319 1458 3387 Spiritum
1487 3317 1614 3380 Dei,
1641 3314 1791 3393 cujus
1826 3314 1990 3381 parti-

412 3433 541 3487 ceps
568 3418 622 3471 fit
651 3416 867 3485 spiritus
910 3411 1135 3464 hominis
1184 3424 1277 3477 per
1317 3408 1538 3476 gratiam
1580 3404 1692 3457 Dei.
1741 3401 1991 3467 Quamvis

415 3517 595 3579 posset
619 3508 799 3569 etiam,
823 3506 957 3558 sicut
990 3502 1075 3554 alii
1108 3498 1432 3566 interpretati
1454 3505 1604 3557 sunt,
1632 3493 1847 3561 intelligi
1869 3491 1989 3559 Spi-

416 3600 548 3652 ritus
568 3598 657 3650 Dei
680 3598 731 3649 in
756 3611 820 3650 eo
841 3594 981 3663 quod
1008 3592 1223 3653 dicitur,
1248 3589 1310 3641 de
1327 3587 1504 3657 spiritu
1523 3598 1606 3638 tuo
1626 3586 1711 3653 qui
1736 3592 1808 3636 est
1831 3584 1883 3634 in
1908 3591 1992 3646 te;

416 3700 476 3744 ut
512 3690 707 3742 dictum
735 3687 830 3749 sit,
870 3695 984 3746 tuo,
1016 3682 1137 3751 quia
1170 3680 1223 3733 lit
1254 3679 1410 3733 etiam
1440 3685 1618 3730 noster
1647 3690 1733 3744 qut
1765 3674 1855 3727 Dei
1885 3679 1989 3737 est,

416 3796 535 3834 cmn
562 3780 847 3847 accipimus
875 3790 994 3829 eum
1024 3790 1038 3827 :
1066 3775 1201 3826 sicut
1230 3771 1296 3825 de
1324 3769 1529 3823 Joanne
1554 3767 1753 3820 dictum
1782 3772 1893 3829 est,
1925 3762 1992 3817 In

415 3871 597 3941 spiritu
635 3878 680 3922 et
713 3869 890 3920 virtute
929 3864 1057 3917 lilia:
1085 3864 1101 3931 (
1131 3862 1256 3915 Luc.
1286 3861 1471 3927 ι,1”1).
1504 3858 1617 3911 Non
1644 3857 1783 3910 enim
1820 3855 1993 3907 anima

418 3964 549 4018 Elia:
568 3964 620 4014 in
644 3975 763 4014 eunt
791 3960 957 4011 fuerat
977 3957 1230 4010 revoluta.
1258 3952 1406 4018 Quod
1435 3950 1478 4003 si
1505 3948 1716 4017 quidam
1742 3946 1992 3999 haeretica

419 4054 764 4123 perversitate
791 4051 1107 4117 opinantur,
1140 4043 1264 4113 quid
1290 4040 1479 4095 dicturi
1515 4047 1637 4092 sunt
1662 4037 1712 4091 in
1748 4051 1813 4090 eo
1852 4034 1993 4103 quod

418 4145 673 4212 Scriptum
704 4150 825 4200 est,
860 4138 1083 4207 Spiritus
1128 4134 1257 4187 Elia:
1283 4131 1517 4201 requievit
1559 4144 1711 4197 super
1752 4126 1995 4180 Eliswum

421 4235 522 4307 (IV
546 4236 669 4303 Reg.
698 4249 754 4295 ll,
784 4232 871 4299 15)
900 4247 913 4291 ;
944 4228 1189 4296 cmnjam
1214 4227 1301 4279 ille
1322 4225 1501 4292 utique
1523 4222 1741 4275 haberet
1764 4220 1992 4272 animam

420 4342 569 4380 suam
594 4326 669 4392 (a)
695 4342 707 4377 :
738 4323 836 4376 nisi
860 4322 979 4391 quia
1000 4320 1197 4371 dictum
1222 4315 1387 4370 estde
1407 4314 1602 4381 Spiritu
1630 4311 1743 4377 Dei,
1760 4320 1812 4364 ut
1836 4311 1995 4363 etiam

420 4432 518 4486 per
563 4415 707 4469 illum
748 4420 1061 4481 operaretur
1094 4409 1265 4478 qualia
1309 4422 1401 4477 per
1433 4406 1598 4461 Eliam
1642 4403 1992 4474 operabatur;

422 4523 528 4561 non
566 4506 632 4559 ah
662 4506 755 4558 illo
786 4502 1071 4565 recedens,
1107 4507 1166 4552 ut
1194 4498 1350 4551 istum
1383 4503 1560 4564 posset
1603 4494 1861 4562 implere;
1906 4501 1998 4545 aut

421 4598 729 4665 dispertitos
770 4595 945 4647 minus
989 4599 1127 4645 esset
1170 4590 1222 4642 in
1270 4588 1394 4651 illo,
1424 4596 1479 4639 ut
1514 4593 1694 4654 posset
1732 4600 1794 4638 ex
1825 4584 1996 4651 aliqua

424 4696 574 4757 parte
603 4695 656 4739 et
686 4686 736 4737 in
777 4684 877 4738 isto
906 4682 1067 4735 esse?
1109 4681 1246 4732 Deus
1282 4686 1364 4731 est
1390 4676 1529 4730 enim
1556 4675 1642 4743 qui
1676 4674 1838 4741 possit
1879 4687 1998 4726 esse

425 4780 476 4833 in
503 4777 748 4830 omnibus
777 4782 982 4832 tantus,
1014 4772 1063 4824 in
1089 4770 1282 4839 quibus
1324 4783 1418 4837 per
1454 4766 1595 4818 illam
1631 4763 1853 4833 gratiam
1881 4777 1999 4815 esse

425 4868 666 4921 voluerit.
708 4865 856 4917 Nunc
895 4873 1071 4915 autem
1100 4875 1219 4913 cum
1253 4859 1321 4911 ita
1360 4858 1611 4923 scriptum
1639 4855 1733 4918 sit,
1762 4853 1828 4905 Et
1856 4853 2001 4922 aufe-

423 4976 531 5011 ram
552 4959 613 5010 de
637 4957 816 5027 spiritu
839 4954 923 5023 qui
951 4963 1020 5005 est
1046 4967 1196 5020 super
1216 4959 1261 5002 te
1280 4990 1294 5012 ,
1327 4963 1426 5001 nec
1453 4947 1650 4999 dictum
1680 4946 1748 4997 sit
1765 4984 1779 5007 ,
1808 4944 1871 4997 de
1896 4945 2001 5013 spi-

423 5051 523 5103 ritu
547 5059 631 5100 tuo
651 5088 665 5110 ,
697 5047 900 5099 facilior
924 5053 1005 5095 est
1034 5040 1296 5096 absolutio
1321 5036 1662 5107 quaestionis:
1687 5033 1807 5103 quia
1839 5034 2031 5086 intel-‘

426 5142 635 5210 ligimus
672 5138 800 5190 nihil
829 5136 967 5189 aliud
997 5135 1161 5188 Deum
1189 5131 1480 5198 significare
1506 5127 1768 5191 Voluisse,
1800 5127 1898 5178 nisi
1926 5140 1997 5179 ex

425 5234 611 5286 etulent
650 5231 846 5299 Spiritu
885 5226 1066 5295 gratiae
1105 5226 1221 5277 illos
1253 5237 1463 5291 quoque
1494 5220 1764 5281 habituros
1794 5219 1999 5284 adjuto-

424 5328 582 5385 rinm,
601 5338 666 5376 ex
692 5337 795 5391 quo
814 5316 1283 5383 habebatMoyses;
1303 5322 1360 5366 ut
1380 5322 1433 5366 et
1455 5311 1536 5364 isti
1561 5310 1815 5364 haberent
1835 5323 2000 5378 quan-

426 5427 535 5472 tum
561 5416 698 5470 Deus
721 5413 903 5474 vellet,
934 5424 1037 5462 non
1068 5416 1125 5461 ut
1152 5406 1271 5460 ideo
1299 5404 1506 5474 Moyses
1535 5402 1708 5455 minus
1735 5400 1971 5454 haberet.

497 5506 636 5561 XIX.
656 5503 755 5577 [lb.
780 5518 853 5567 xl,
875 5496 1093 5570 21-33.]
1134 5496 1200 5551 Et
1223 5495 1349 5548 dixit
1372 5493 1594 5562 Moyses,
1621 5492 1865 5546 Sexcenta
1885 5491 1999 5544 mil-

425 5600 494 5653 lia
524 5598 764 5667 peditum,
785 5594 839 5646 in
859 5590 1037 5658 quibus
1062 5604 1169 5642 sum
1196 5586 1247 5639 in
1271 5585 1393 5655 ipsis
1411 5624 1427 5649 ,
1452 5591 1500 5636 et
1523 5591 1575 5634 tu
1598 5580 1786 5647 dixisti,
1810 5578 1998 5635 Carnes

487 5707 559 5766 (a)
581 5703 750 5755 confer
770 5696 991 5760 Tertull.,
1016 5688 1099 5747 lib.
1123 5694 1186 5745 de
1210 5693 1386 5752 Anima,
1409 5702 1513 5753 cap.
1537 5688 1616 5738 :55.

1728 294 1927 369 Lmen
1948 312 2287 381 ouanrus.

3531 318 3635 372 726

2072 423 2201 476 dabo
2221 422 2311 488 eis,
2336 432 2384 477 et
2402 424 2547 478 edent
2571 440 2736 479 mense
2759 426 2974 480 dierum.
3008 425 3267 496 Numquid
3289 444 3400 482 oves
3427 439 3473 481 et
3496 430 3639 483 boves

2071 514 2356 568 occidantur
2379 516 2499 581 illis,
2530 526 2575 571 et
2599 518 2838 588 suﬂirient
2864 518 3007 572 illis?
3030 527 3117 571 aut
3145 519 3306 572 omnis
3334 520 3483 588 piscis
3512 537 3637 573 oon-

2072 606 2355 674 gregabitur
2381 608 2452 660 eis
2470 649 2484 671 ,
2509 618 2555 661 et
2581 610 2785 678 suﬁiriet
2812 610 2929 664 eis?
2964 610 3138 676 Quarri
3168 609 3299 663 solet
3328 620 3499 663 utrum
3541 611 3643 666 hoc

2072 695 2277 766 Moyses
2299 697 2586 752 dil‘fidendo
2611 700 2817 766 dixerit,
2848 715 2912 754 an
2940 700 3244 771 quaerendo.
3277 698 3382 756 Sed
3412 702 3455 755 si
3489 712 3649 770 puta-

2073 790 2305 842 verimus
2333 804 2454 845 eum
2478 790 2764 846 diffidendo
2790 792 3003 855 dixisse,
3033 800 3276 847 nascetur
3299 792 3522 862 quzestio
3550 808 3648 846 cur

2076 877 2177 932 hoc
2201 879 2251 932 ei
2280 894 2385 933 non
2414 880 2809 951 exprobraverit
2836 882 3108 947 Dominus,
3141 879 3277 935 sicut
3302 882 3647 950 exprobravit

2075 969 2215 1037 (μιοά
2244 969 2309 1023 ad
2341 980 2540 1039 petram
2571 971 2710 1026 unde
2737 987 2868 1041 aqua
2900 971 3178 1041 proﬂuxit,
3205 971 3415 1025 videtur
3452 972 3517 1026 de
3543 988 3646 1042 po-

2078 1070 2267 1115 testate
2285 1063 2489 1116 Domini
2511 1063 2795 1118 dubitasse.
2821 1064 2875 1118 Si
2898 1073 3073 1117 autem
3093 1062 3383 1117 dixerimus
3404 1066 3502 1118 hoc
3519 1078 3645 1119 eum

2076 1150 2275 1207 dixisse
2304 1154 2588 1221 quaerendo
2610 1154 2821 1208 modum
2860 1169 2964 1223 quo
2988 1151 3155 1214 ﬁeret,
3188 1154 3296 1222 ipsa
3329 1152 3531 1207 Domini
3556 1167 3645 1206 re-

2078 1245 2294 1312 sponsio
2314 1285 2328 1307 ,
2358 1245 2444 1299 ubi
2474 1244 2538 1299 ad
2566 1260 2686 1299 eum
2717 1244 2881 1307 dixit,
2922 1241 3183 1311 Numquid
3227 1260 3405 1297 manus
3446 1243 3647 1297 Domini

2079 1351 2181 1389 non
2206 1336 2431 1405 sufﬁciet,
2464 1334 2614 1405 quasi
2640 1334 3002 1404 redarguentis
3026 1333 3231 1387 videtur
3258 1333 3397 1403 quod
3428 1334 3525 1386 iste.
3552 1334 3649 1387 ista

2081 1442 2184 1481 non
2223 1427 2553 1481 credidisset.
2595 1426 2696 1481 Sed
2741 1427 2929 1481 melius
2972 1426 3199 1480 arbitror
3228 1425 3443 1494 intelligi
3476 1425 3651 1478 Domi-
3700 1428 3706 1494 ᾗ

2082 1534 2206 1573 num
2238 1520 2305 1573 ita
2354 1519 2727 1587 reSpondisse,
2760 1527 3004 1588 tanquam
3047 1517 3262 1571 modum
3311 1516 3468 1571 futuri
3508 1516 3650 1576 facti,

2081 1625 2237 1678 quem
2274 1609 2360 1664 ille
2404 1610 2768 1679 requierebat,
2811 1609 2989 1664 dicere
3036 1608 3301 1674 noluerit,
3345 1607 3437 1662 sed
3483 1603 3654 1677 potius
3716 1592 3725 1607 “

2082 1714 2244 1769 Opere
2266 1699 2381 1768 ipso
2397 1715 2544 1753 suam
2567 1701 2850 1769 potentiam
2868 1698 3251 1753 demonstrare.
3277 1700 3488 1753 Poterat
3512 1699 3652 1752 enim

2082 1797 2139 1843 et
2166 1789 2340 1842 Maria:
2368 1789 2588 1855 dicenti,
2618 1788 2878 1853 Quomodo
2904 1790 2990 1857 ﬁet
3020 1789 3155 1841 istud
3178 1830 3191 1853 ,
3217 1788 3453 1856 quoniam
3493 1788 3650 1839 virum

2082 1894 2183 1932 non
2228 1895 2509 1948 cognosco,
2535 1893 2565 1931 a
2608 1879 3052 1933 calumniantibus
3096 1878 3251 1946 objici
3295 1878 3433 1947 quod
3484 1878 3657 1930 minus

2083 1968 2384 2031 crediderit,
2410 1984 2529 2023 cum
2552 1970 2637 2023 illa
2668 1970 2879 2023 modum
2905 1969 3224 2039 qumsiverit,
3251 1985 3352 2024 non
3379 1969 3445 2023 de
3466 1970 3659 2024 virtute

2087 2057 2179 2112 Dei
2209 2058 2544 2112 dubitaverit.
2585 2058 2733 2125 Quod
2765 2066 2939 2112 autem
2966 2073 3276 2127 responsum
3305 2066 3386 2112 est
3411 2058 3506 2120 illi,
3532 2058 3658 2127 Spi-

2084 2150 2211 2203 ritus
2256 2159 2457 2204 sanctus
2504 2151 2812 2220 superveniet
2856 2166 3008 2219 super
3050 2160 3115 2215 te,
3155 2158 3200 2203 et
3237 2150 3393 2203 virtus
3421 2149 3661 2203 Altissimi

2086 2240 2395 2293 obumbrabit
2421 2250 2467 2293 te
2486 2282 2501 2306 ,
2529 2249 2736 2309 poterat
2758 2249 2810 2294 et
2837 2240 2913 2295 sic
2935 2239 3241 2309 responderi
3269 2238 3532 2309 quomodo
3555 2239 3659 2304 hic,

2086 2328 2350 2397 Numquid
2379 2330 2597 2399 Spiritui
2637 2340 2819 2385 sancto
2850 2330 3176 2399 impossibile
3216 2339 3328 2395 est,
3358 2330 3448 2399 qui
3476 2344 3664 2398 super-

2087 2421 2266 2473 veniet
2290 2422 2340 2473 in
2372 2430 2421 2473 te
2446 2419 2468 2472 ?
2505 2435 2568 2473 ac
2598 2420 2672 2473 sic
2700 2420 2835 2473 idem
2868 2420 2982 2487 ipse
3020 2434 3208 2474 sensus
3236 2428 3659 2475 conservaretur.

2090 2513 2255 2567 Porro
2279 2523 2452 2566 autem
2477 2512 2599 2565 talia
2628 2513 2868 2581 quaedam
2896 2512 3077 2566 dicens
3100 2512 3396 2574 Zacharias,
3421 2510 3665 2565 incredu-

2087 2604 2247 2658 litatis
2265 2604 2519 2672 arguitur,
2544 2613 2596 2657 et
2620 2602 2764 2655 vocis
2788 2616 3053 2672 oppressae
3078 2616 3228 2671 paena
3252 2601 3495 2670 plectitur
3513 2599 3662 2671 (Luc.

2089 2709 2126 2756 ι,
2160 2695 2247 2753 54,
2273 2694 2361 2759 55,
2388 2692 2584 2757 18,19,
2606 2690 2731 2761 20).
2773 2692 2975 2758 Quare,
3006 2691 3104 2745 nisi
3134 2692 3252 2760 quia
3286 2691 3424 2744 Deus
3450 2706 3553 2744 non
3596 2690 3665 2744 de

2091 2784 2294 2848 verbis,
2324 2782 2414 2836 sed
2440 2782 2508 2836 de
2537 2782 2783 2835 cordibus
2806 2781 3001 2847 iudicat
3024 2781 3049 2835 Ἰ
3073 2781 3317 2850 Alioquin
3347 2790 3400 2835 et
3427 2780 3492 2835 ad
3520 2781 3661 2834 illam

2092 2882 2295 2940 petram
2343 2871 2482 2926 unde
2507 2887 2639 2940 aqua
2684 2870 2949 2940 proﬂuxit,
2971 2877 3213 2940 poterant
3237 2872 3477 2924 excusari
3507 2871 3663 2925 verba

2091 2963 2396 3034 Moysi.nisi
2436 2964 2486 3017 in
2517 2980 2638 3017 eum
2668 2964 2806 3025 claro
2848 2972 2992 3018 esset
3020 2962 3195 3016 divina
3230 2964 3485 3017 sententia
3526 2964 3667 3032 quod

2090 3053 2375 3107 diffidendo
2416 3053 2537 3106 talia
2565 3053 2771 3105 dixerit.
2801 3052 2929 3105 Nam
2962 3052 3031 3106 ita
3070 3066 3128 3106 se
3159 3068 3220 3106 ea
3246 3053 3403 3105 verba
3432 3052 3665 3108 habent:

2099 3145 2281 3198 Audite
2307 3160 2387 3197 me
2404 3185 2417 3207 ,
2448 3143 2727 3206 increduli;
2755 3142 2996 3211 numquid
3032 3142 3094 3195 de
3122 3152 3262 3212 petra
3284 3144 3379 3196 ista
3406 3142 3673 3197 educamus

2091 3237 2226 3290 vobis
2246 3254 2424 3304 aquam
2445 3238 2469 3291 Ρ
2487 3235 2685 3290 Deinde
2700 3236 2937 3302 sequitur
2959 3252 2971 3287 :
2996 3234 3062 3287 Et
3085 3236 3272 3289 elevata
3294 3234 3493 3304 Moyses
3514 3251 3668 3288 manu

2092 3347 2183 3382 sua
2209 3328 2448 3399 percussit
2481 3337 2670 3396 petram
2700 3329 2837 3394 virga
2873 3326 2977 3391 bis,
3005 3335 3053 3380 et
3081 3327 3197 3380 exiit
3230 3342 3360 3394 aqua
3396 3326 3581 3388 multa,
3624 3336 3670 3379 et

2093 3420 2210 3472 bibit
2231 3436 2486 3489 synagoga
2512 3428 2557 3471 et
2583 3436 2762 3487 pecora
2788 3435 2979 3471 eorum.
3012 3417 3201 3486 Utique
3229 3416 3293 3470 ad
3325 3416 3423 3471 hoc
3448 3432 3668 3485 congre-

2094 3510 2233 3578 gavit
2258 3509 2506 3577 populum
2528 3550 2542 3572 ,
2573 3509 2636 3562 ad
2667 3509 2765 3562 hoc
2795 3508 2935 3561 illam
2960 3508 3161 3575 virgam
3194 3508 3243 3560 in
3272 3523 3371 3574 qua
3400 3516 3538 3560 tanta
3567 3510 3668 3560 mi-

2095 3600 2271 3654 racola
2293 3600 2488 3655 fecerat
2514 3601 2765 3668 sumpsit,
2788 3615 2954 3669 eaque
2978 3610 3179 3670 petram
3206 3599 3483 3667 percussit.
3513 3607 3670 3666 atque

2097 3690 2217 3744 inde
2241 3691 2408 3743 solitae
2430 3690 2632 3743 virtutis
2657 3699 2737 3743 est
2763 3698 3078 3742 consecutus
3097 3688 3331 3743 elfectus.
3355 3687 3527 3742 Vcrha
3544 3703 3675 3755 ergo

2096 3777 2182 3832 illa
2211 3779 2401 3848 quibus
2423 3779 2515 3843 ait,
2545 3776 2808 3847 Numquid
2844 3794 2907 3832 ea:
2939 3778 3033 3831 hac
3065 3788 3204 3848 petra
3237 3778 3500 3831 educamus
3536 3778 3672 3830 vobis

2094 3886 2277 3939 aquam
2297 3870 2321 3923 ?
2342 3876 2556 3937 possent
2585 3867 2662 3922 sic
2681 3868 2868 3936 accipi,
2895 3877 3140 3936 tanquam
3166 3867 3449 3933 diceretur,
3470 3865 3672 3936 Nempe

2095 3979 2159 4018 ex
2192 3962 2288 4015 hac
2318 3970 2462 4029 petra
2498 3960 2785 4014 secundum
2824 3967 3053 4014 vestram
3090 3959 3507 4014 incredulitatem
3537 3974 3672 4028 aqua

2097 4052 2249 4106 educi
2279 4066 2382 4104 non
2411 4058 2584 4118 potest
2612 4067 2626 4104 :
2651 4059 2707 4102 ut
2734 4049 2961 4118 denique
2990 4050 3335 4119 percutienda
3361 4049 3672 4104 ostendere-

2097 4154 2267 4210 retur,
2291 4144 2401 4199 fieri
2423 4143 2672 4198 divinitus
2706 4144 2943 4213 potuisse
2970 4142 3111 4213 quod
3140 4143 3210 4196 illi
3239 4142 3545 4196 infidelitate
3566 4157 3671 4194 non

2098 4236 2397 4296 crederent,
2429 4233 2659 4287 maxime
2682 4234 2801 4301 quia
2830 4232 3056 4297 dixerat,
3076 4232 3256 4284 Audite
3280 4246 3374 4294 me,
3405 4229 3670 4283 increduli.

2101 4325 2173 4379 lta
2201 4324 2413 4394 quidem
2440 4322 2658 4392 intelligi
2687 4330 2901 4391 possent
2928 4321 3041 4374 haec
3072 4320 3227 4374 verba
3248 4359 3264 4385 ,
3293 4320 3391 4373 nisi
3425 4319 3563 4372 Deus
3584 4320 3673 4387 qui

2098 4416 2273 4471 cordis
2294 4415 2560 4483 inspector
2578 4421 2680 4477 est,
2697 4428 2803 4481 quo
2828 4411 3004 4464 animo
3024 4410 3161 4463 dicta
3186 4409 3373 4462 fuerint
3395 4408 3670 4461 indicaret.

2101 4506 2349 4574 Sequitur
2376 4503 2516 4556 enim
2537 4501 2808 4569 Scriptura
2834 4510 2887 4554 et
2911 4499 3069 4552 dicit:
3100 4497 3169 4551 Et
3195 4498 3319 4550 dixit
3342 4496 3587 4550 Dominus
3606 4497 3675 4549 ad

2102 4596 2313 4665 Moysen
2343 4603 2389 4647 et
2415 4594 2583 4646 Aaron
2609 4633 2624 4656 ,
2658 4590 2907 4656 Quoniam
2933 4605 3031 4642 non
3060 4588 3340 4642 credidistis
3362 4587 3672 4654 sancti/icore

2101 4705 2182 4741 me
2202 4688 2255 4740 in
2283 4696 2549 4755 conspectu
2577 4684 2798 4752 ﬁliorum
2824 4681 2987 4736 Israel
3007 4724 3023 4749 ,
3046 4692 3248 4752 propter
3270 4681 3363 4733 hoc
3393 4697 3493 4733 non
3519 4681 3666 4733 indu-

2101 4780 2220 4833 cetis
2245 4795 2329 4832 vos
2347 4794 2653 4847 synagogam
2674 4777 2802 4829 hanc
2825 4775 2875 4829 in
2900 4786 3083 4829 terram
3100 4790 3252 4842 quam
3272 4774 3385 4827 dedi
3400 4774 3471 4827 eis
3488 4771 3666 4845 (Num.

2100 4887 2192 4933 xx,
2214 4867 2423 4938 10-12).
2448 4868 2523 4921 Ac
2538 4884 2632 4936 per
2652 4866 2752 4921 hoc
2773 4866 3077 4935 intelligitur
3098 4866 3185 4919 illa
3207 4866 3364 4920 verba
3391 4866 3460 4919 ita
3482 4864 3665 4924 dixisss

2102 4962 2340 5031 Moysen,
2372 4969 2618 5026 tanquam
2647 4957 2712 5011 ad
2739 4958 2993 5011 incertum
3025 4956 3376 5026 percusserit,
3408 4966 3463 5008 ut
3498 4956 3541 5008 si
3569 4968 3676 5007 non

2104 5064 2414 5124 sequeretur
2450 5053 2701 5115 effectus,
2731 5050 2832 5105 hoc
2871 5049 3176 5119 pnedixisse
3214 5058 3486 5118 putaretur
3510 5087 3527 5112 ,
3555 5063 3676 5101 cum

2102 5146 2196 5211 ait,
2223 5143 2485 5215 Numquid
2504 5159 2568 5197 ea:
2590 5143 2684 5195 hac
2700 5154 2839 5209 petra
2859 5140 3120 5194 educemus
3140 5141 3274 5193 vobis
3293 5156 3475 5210 aquam
3495 5140 3520 5193 Ρ
3538 5140 3677 5208 quod

2104 5238 2157 5291 in
2183 5236 2360 5288 animo
2384 5234 2498 5302 ejus
2532 5234 2718 5286 lateret
2745 5231 2981 5293 omnino,
3013 5231 3114 5283 nisi
3147 5231 3235 5284 Dei
3267 5232 3524 5284 sententia
3548 5245 3677 5299 pro-

2104 5332 2341 5385 deretur.
2385 5329 2425 5382 E
2454 5327 2717 5381 contrario
2744 5326 2917 5394 itaque
2946 5324 3048 5379 isto
3067 5323 3185 5379 loco
3208 5322 3462 5378 debemus
3486 5323 3679 5378 intelli-

2104 5439 2229 5495 gere
2271 5421 2431 5477 verha
2460 5420 2623 5490 Moysi
2664 5418 2731 5473 de
2773 5417 3048 5487 promissis
3080 5416 3362 5481 carnibus,
3392 5417 3682 5486 quterentis

2105 5515 2279 5585 potius
2299 5510 2565 5581 quomodo
2587 5509 2756 5573 fieret,
2778 5523 2933 5579 quam
2957 5507 3239 5562 diffidentis
3258 5508 3416 5561 fuisse
3434 5524 3449 5572 ;
3467 5508 3679 5576 quando

2104 5602 2363 5659 sententia
2395 5598 2601 5653 Domini
2634 5614 2735 5651 non
2766 5606 2940 5652 secuta
2969 5608 3069 5659 est,
3100 5614 3217 5667 qua:
3242 5596 3550 5661 vindicaret,
3579 5597 3675 5654 sed

2105 5694 2278 5765 potius
2305 5706 2420 5761 qum
2450 5689 2684 5743 docet-el.
