4136 6466
527 365 627 424 72⁵1

601 478 720 535 XX.
763 476 862 552 lib.
885 490 981 539 xu,
1005 474 1083 547 1.]
1110 473 1184 528 De
1212 487 1375 526 uxore
1400 469 1564 540 Moysi
1586 465 1914 538 Ethiopissa
1944 459 2109 532 quaeri

492 570 506 606 ³
530 570 689 632 solet,
721 577 894 621 utrum
930 566 1038 634 ipsa
1069 564 1139 618 sit
1164 562 1268 617 (ilia
1296 559 1511 624 Jotbor,
1542 573 1610 612 an
1639 558 1858 625 alteram
1886 552 2113 617 duxerit,

526 659 612 713 vel
643 655 1013 725 superduxerit
1042 671 1054 707 :
1087 651 1178 706 sed
1218 653 1385 721 ipsam
1426 649 1587 703 fuisse
1612 645 1867 702 credibile
1905 654 1986 700 est
2011 661 2024 696 :
2048 641 2118 697 de

412 730 428 747 ’
527 747 828 804 lladianitis
864 747 1056 818 quippe
1082 752 1225 808 erat,
1252 742 1341 812 qui
1384 742 1720 811 reperiuntur
1758 737 1810 792 in
1843 736 2116 805 Paralipo-

529 852 723 894 menon
752 834 1031 903 Etliiopes
1072 832 1232 898 dicti,
1259 830 1471 902 quando
1500 839 1685 884 contra
1731 843 1825 884 eos
1867 826 2120 898 pugnavit

528 926 805 996 Jusaphat.
843 924 976 980 Nam
1009 924 1058 977 iu
1087 923 1170 976 his
1198 922 1328 977 locis
1354 919 1547 975 dicitur
1567 934 1663 975 eos
1687 926 1997 988 persecutus
2022 930 2119 985 po-

540 1020 697 1088 pulus
736 1018 924 1081 Israel,
948 1015 1039 1070 ubi
1078 1014 1374 1068 Madiauitte
1412 1011 1652 1067 habitant
1676 1010 1756 1082 (11
1781 1007 1960 1064 Paret.
1996 1023 2117 1073 xtv,

534 1109 692 1179 9-H)
712 1152 725 1176 ,
754 1108 845 1178 qui
870 1122 1009 1162 nunc
1032 1105 1284 1162 Saraceni
1313 1103 1670 1175 appellantur.
1708 1100 1814 1157 Sed
1858 1114 1998 1154 nunc
2024 1113 2118 1153 eos

535 1200 817 1269 Ethiopes
845 1211 1005 1253 nemo
1033 1195 1144 1251 fere
1167 1194 1418 1264 appellat,
1440 1193 1579 1247 sicut
1603 1191 1781 1247 solent
1810 1190 2043 1244 locorum
2064 1195 2122 1242 et

537 1289 771 1360 gentium
802 1288 1014 1342 nomina
1041 1286 1352 1356 plerumque
1376 1290 1639 1339 vetustate
1667 1282 1882 1336 mutari.

607 1379 748 1434 XXI.
778 1377 875 1451 [11).
897 1394 1014 1443 xut,
1043 1375 1257 1449 18-26.]
1281 1376 1343 1430 Et
1365 1376 1493 1429 dixit
1518 1374 1587 1429 ad
1613 1389 1716 1440 eos,
1743 1372 2005 1428 Ascendite
2024 1372 2124 1426 ista

539 1484 702 1523 eremo
721 1508 738 1533 ,
759 1479 805 1522 et
823 1466 1100 1522 ascendetis
1140 1467 1194 1519 in
1219 1475 1436 1520 montem
1454 1473 1540 1540 ,get
1561 1462 1784 1517 videbitis
1807 1473 1989 1516 terram
2011 1476 2124 1532 quat

540 1560 642 1624 sit,
675 1566 720 1612 et
745 1560 992 1628 populum
1017 1557 1103 1627 qui
1128 1556 1309 1610 insidet
1336 1571 1486 1625 super
1509 1571 1619 1608 eam
1640 1593 1655 1619 ,
1684 1552 1728 1608 si
1755 1553 1899 1624 {ortis
1926 1561 1999 1606 est
2034 1561 2124 1606 aut

540 1650 805 1719 inﬁrmus,
819 1649 863 1704 si
893 1648 1041 1719 pauci
1070 1655 1187 1702 sunt
1213 1656 1300 1700 aut
1328 1646 1492 1700 multi.
1525 1644 1846 1714 Exposuisse
1873 1642 2123 1713 intelligi—

540 1752 647 1808 tur,
680 1740 970 1796 secundum
1000 1739 1123 1810 quid
1154 1739 1365 1802 dixerit,
1389 1737 1431 1791 si
1451 1744 1622 1806 potens
1647 1743 1719 1789 est
1746 1742 1836 1788 aut
1858 1733 2124 1802 inﬁrmus;

542 1832 644 1886 huc
664 1832 823 1895 est,si
846 1831 993 1900 pauci
1017 1839 1131 1884 sunt
1155 1840 1244 1883 aut
1269 1827 1434 1882 multi.
1459 1825 1587 1882 Nam
1614 1823 1881 1896 quomodo
1906 1833 2125 1895 possent

542 1923 610 1977 de
655 1930 837 1977 monte
876 1920 1258 1990 prospicientes
1297 1917 1499 1972 sentire
1545 1914 1895 1969 humanarum
1933 1913 2122 1967 virium

542 2011 945 2068 fortitudinem?
976 2011 1156 2065 Potest
1193 2019 1247 2067 et
1280 2008 1416 2063 alius
1440 2021 1632 2064 sensus
1657 2020 1777 2062 esse
1807 2006 1972 2061 multo
1998 2019 2129 2060 con-

541 2104 816 2173 gruentior
843 2102 1072 2157 veritati.
1099 2099 1250 2169 Quod
1278 2099 1372 2163 ait,
1395 2098 1682 2153 Ascendetis
1706 2097 1761 2150 in
1788 2105 2006 2151 montem
2025 2136 2043 2160 ,
2071 2095 2123 2150 in

544 2195 714 2263 ipsam
755 2203 949 2247 terram
992 2190 1156 2254 dixit,
1183 2205 1342 2259 quam
1388 2189 1666 2258 explorare
1704 2186 1970 2242 volebant.
2007 2184 2125 2242 Non

534 2275 922 2355 enimposseut
940 2280 1096 2337 facile
1115 2281 1479 2351 exploratores
1502 2278 1741 2349 intelligi,
1761 2278 1849 2333 ubi
1875 2289 2123 2349 tanquam

545 2377 941 2447 peregrinantes
966 2374 1141 2429 omnia
1174 2372 1568 2443 perquirebant.
1608 2371 1739 2429 Nam
1766 2373 1811 2425 si
1831 2371 1899 2427 de
1929 2372 2126 2427 montis

544 2469 743 2525 vertice
762 2482 857 2522 eos
881 2465 1239 2536 putaverimus
1259 2464 1603 2534 conspexisse
1623 2473 1840 2528 terram,
1863 2472 1918 2518 et
1942 2465 2128 2532 explo-

544 2572 691 2613 rasse
712 2573 727 2622 ;
750 2555 1016 2626 quomodo
1044 2562 1260 2624 possent
1284 2553 1563 2623 exquirere
1583 2553 1757 2609 omnia
1783 2568 1903 2624 quae
1918 2553 2128 2625 Moyses

544 2648 867 2721 exquirenda
900 2647 1185 2717 prmcepit?
1210 2645 1476 2716 quomodo
1502 2646 1699 2701 intrare
1721 2645 1981 2712 civitates,
1994 2661 2127 2717 quas

543 2755 639 2797 eos
681 2740 951 2808 Scriptura
979 2738 1115 2817 dixit
1155 2736 1413 2792 intrasse?
1454 2736 1723 2807 quomodo
1758 2737 1839 2795 de
1859 2738 1944 2792 illa
1990 2737 2127 2793 valle

543 2832 755 2888 botrum
786 2832 1002 2895 tollere,
1035 2838 1250 2900 propter
1288 2845 1444 2899 quem
1473 2837 1528 2884 et
1561 2828 1680 2884 loco
1707 2844 1902 2884 nomen
1928 2838 2012 2885 est
2040 2829 2123 2883 in-

543 2924 735 2995 ditum,
764 2931 819 2977 ut
848 2921 999 2976 vallis
1024 2921 1170 2975 Botri
1199 2922 1215 2954 ³
1247 2919 1551 2979 diceretur?
1582 2920 1637 2975 lu
1659 2920 1775 2991 ipso
1798 2935 1927 2991 ergo
1945 2929 2126 2977 monte

544 3013 918 3085 explorabatur
944 3021 1106 3077 terra,
1136 3010 1257 3081 quia
1285 3011 1396 3081 ipsa
1425 3019 1542 3066 erat
1566 3026 1686 3081 quae
1724 3010 2122 3079 esploraretur:

530 3104 701 3175 etibi
720 3112 834 3157 erat
860 3101 1075 3172 quidam
1101 3101 1405 3170 depressior
1427 3100 1596 3167 locus,
1624 3100 1693 3157 de
1719 3115 1822 3171 qua
1852 3101 1988 3157 valle
2027 3102 2126 3157 bo-

546 3203 661 3248 trus
686 3192 892 3247 ablatus
919 3199 1019 3248 est.

568 3348 572 3355 ,
627 3282 792 3341 XXII.
821 3280 919 3355 [Ib.
950 3296 1066 3349 ant,
1094 3278 1208 3352 35.]
1254 3279 1320 3334 Et
1345 3279 1657 3352 protulerunt
1699 3296 1933 3351 pavorem
1981 3291 2130 3337 teme

545 3390 694 3444 quam
719 3373 1125 3444 eaptaraverunt.
1150 3368 1395 3425 Pavorem
1424 3378 1571 3425 teme
1593 3370 1748 3435 dixit,
1775 3387 1881 3427 non
1902 3388 2008 3442 quo
2031 3388 2126 3443 pa-

544 3466 702 3522 vebat
720 3465 908 3522 eadem
933 3475 1095 3531 terra,
1117 3464 1212 3521 sed
1233 3480 1389 3536 quem
1410 3480 1475 3520 ex
1498 3480 1562 3521 ea
1588 3474 1727 3520 terra
1750 3476 2125 3537 conceperant.

623 3554 811 3612 XXIII.
841 3554 940 3629 [1b.
969 3572 1076 3623 xtv,
1104 3553 1185 3629 9.]
1220 3554 1380 3611 (laleb
1406 3564 1464 3611 et
1483 3554 1640 3612 Iesus
1675 3555 1818 3612 Nave
1849 3556 2128 3626 loquentes

546 3647 614 3704 ad
644 3648 898 3718 populum
930 3647 1091 3703 Israel
1130 3662 1199 3702 ne
1234 3647 1482 3702 timerent
1524 3646 1725 3717 ingredi
1767 3657 1960 3707 terram
2001 3664 2128 3719 pro-

546 3740 835 3804 missionis,
863 3739 1112 3795 dixerunt
1134 3737 1273 3794 inter
1299 3746 1527 3793 caetera:
1556 3735 1658 3792 Vos
1678 3748 1843 3792 autem
1870 3754 1933 3793 ne
1959 3739 2131 3794 timue-

550 3831 662 3885 ritis
687 3830 928 3901 populum
953 3839 1118 3896 tet-rte,
1138 3829 1377 3900 quoniam
1399 3828 1538 3882 cibus
1564 3828 1705 3882 nobis
1726 3839 1861 3884 sunt.
1883 3830 2129 3885 Abscessit

495 3922 507 3999 ι
550 3920 683 3972 enim
709 3927 903 3988 tempus
923 3919 985 3971 ab
1004 3919 1095 3983 eis,
1120 3917 1365 3972 Donnnus
1388 3927 1554 3971 autem
1578 3918 1630 3972 in
1655 3920 1832 3983 nobis;
1857 3936 1920 3974 ne
1944 3922 2127 3976 timue-

549 4011 661 4064 ritis
696 4027 800 4065 eos.
829 4009 983 4078 Quod
1016 4010 1213 4065 dictum
1233 4020 1356 4075 'est,
1385 4007 1534 4064 Cibus
1561 4010 1704 4064 nobis
1741 4020 1877 4075 sunt,
1909 4010 2126 4082 intelligi

550 4103 856 4169 voluerunt,
886 4116 1261 4157 consumemus
1287 4117 1400 4158 eos.
1419 4102 1572 4170 Quod
1599 4117 1725 4158 vero
1752 4102 2125 4173 adjunxernnt,

549 4194 798 4265 Abscessit
830 4194 964 4265 enim
987 4202 1182 4263 tempus
1208 4192 1272 4247 ab
1291 4194 1382 4261 eis,
1407 4193 1655 4249 Dominus
1679 4204 1847 4248 autem
1868 4196 1923 4249 in
1948 4196 2088 4251 nobis
2110 4212 2129 4251 :

547 4283 678 4338 satis
718 4281 998 4353 diligenter
1024 4298 1132 4337 non
1169 4282 1452 4350 dixerunt,
1480 4283 1753 4339 Abscessit
1779 4285 2034 4341 Dominus
2060 4287 2129 4343 ab

546 4374 657 4441 eis;
688 4372 833 4442 impii
857 4373 1055 4443 quippe
1084 4371 1377 4443 antiquitus
1402 4370 1650 4428 luerunt:
1677 4374 1770 4431 sed
1794 4377 2042 4445 quoniam
2071 4388 2128 4434 et

547 4463 725 4533 impiis
744 4464 952 4519 occulta
976 4464 1375 4535 dispensatione
1398 4464 1590 4522 divina:
1611 4468 1955 4537 providentia:
1974 4469 2131 4527 datur

548 4556 759 4623 tempus
788 4553 1012 4609 florendi
1042 4563 1202 4625 atque
1229 4556 1512 4626 regnandi,
1541 4558 1821 4625 Abscessit.
1864 4563 2127 4634 inquiunt,

551 4654 747 4713 tempus
772 4644 834 4698 ab
858 4646 951 4709 eis,
972 4643 1226 4701 Dentium
1249 4658 1416 4702 autem
1441 4649 1495 4702 in
1529 4650 1691 4705 nobis.
1717 4651 1834 4709 Non
1856 4653 2128 4723 dixerunt,

549 4734 827 4800 Absccssit
853 4744 1065 4804 tempus
1089 4735 1158 4791 ab
1184 4736 1285 4804 eis,
1320 4746 1373 4793 et
1408 4748 1651 4796 nostrum
1684 4746 1942 4800 successit
1969 4763 1982 4798 :
2010 4745 2126 4813 sed,

546 4824 798 4878 Dominus
820 4835 987 4879 autem
1008 4826 1059 4880 in
1084 4827 1247 4899 nobis,
1270 4842 1375 4882 nou
1405 4837 1633 4898 tempus.
1656 4831 1733 4886 Illi
1754 4833 1894 4887 enim
1922 4843 2130 4904 tempus

547 4915 870 4979 habuerunt,
902 4915 988 4971 isti
1021 4916 1298 4973 Dominum
1322 4918 1486 4974 Deum
1515 4929 1808 4990 temporum
1833 4932 2128 4979 creatorem

546 5018 611 5079 et,
629 5006 988 5065 ordinatorem
1009 5049 1025 5077 ,
1049 5016 1104 5064 et
1126 5009 1448 5080 quibusque,
1483 5018 1541 5064 ιιι
1565 5011 1615 5066 ei
1646 5011 1849 5080 placet,
1875 5013 2129 5071 distribu-

546 5107 739 5154 torem.

624 5187 812 5245 XXIV.
838 5188 1047 5263 [Ib.xv,
1072 5188 1284 5262 24-29.]
1321 5190 1472 5259 Quod
1522 5193 1825 5264 pnecipitur
1864 5197 2130 5267 quomodo

550 5282 834 5353 expientur
860 5291 1074 5351 peccata
1094 5297 1212 5350 quas
1237 5297 1342 5337 non
1368 5294 1558 5352 sponte
1577 5287 1997 5356 committuntur,
2021 5304 2132 5345 me-

551 5376 658 5431 rito
682 5375 938 5446 qumritur
955 5389 1073 5445 quae
1098 5373 1207 5428 sint
1231 5374 1343 5445 ipsa
1363 5386 1578 5446 peccata
1598 5377 1889 5433 nolentium
1913 5397 1927 5433 :
1953 5391 2128 5436 utrum

545 5483 668 5536 quae
713 5482 745 5522 a
794 5464 1152 5522 nescientibus
1197 5467 1629 5536 committuntur;
1656 5484 1723 5524 an
1766 5470 1925 5525 etiam
1962 5473 2133 5544 possit

546 5567 693 5614 recte
718 5558 822 5615 dici
854 5567 1129 5629 peccatum
1169 5572 1290 5614 esse
1330 5558 1579 5627 nolentis,
1606 5561 1749 5632 quod
1774 5561 1950 5619 facere
1976 5578 2127 5621 com-

552 5696 632 5806 m"
655 5702 703 5745 In
734 5702 839 5747 Mss.
865 5703 1156 5757 constanter,
1192 5693 1365 5746 rotrui.
1407 5695 1538 5761 Apud
1561 5700 1688 5746 Lxx.
1726 5705 1859 5749 smn.
1907 5712 2011 5764 cap.
2056 5703 2128 5765 l3,

576 5768 584 5795 ς
640 5771 762 5806 rues.

576 5768 632 5806 ῑοι
640 5771 762 5809 rues.

1318 350 1776 427 QUASSTIONUM
1816 352 1874 408 S.
1916 342 2277 422 AUGUSTINI
2318 342 2382 398 IN
2421 342 2971 405 HEPTATEUCHUM

3695 354 3795 411 ⁸128

2221 457 2435 526 pellitur
2464 476 2478 512 :
2508 474 2629 513 nam
2659 469 2715 515 et
2756 459 2857 514 hoc
2893 468 3078 514 contra
3103 458 3433 521 Voluntatetn
3479 462 3655 521 facere
3689 467 3787 524 dici

2218 547 2374 603 solet.
2403 548 2507 604 Sed
2539 550 2720 620 utique
2749 551 2860 604 vult
2891 560 3107 619 propter
3128 550 3269 620 quod
3299 550 3446 616 facit.
3479 562 3722 626 tanquam
3744 558 3789 613 si

2221 637 2460 707 pejerare
2480 638 2632 704 nolit,
2653 649 2707 695 et
2734 638 2860 694 facit
2877 641 2892 670 ί
2910 654 3031 696 eum
3058 640 3170 694 vult
3197 639 3395 708 vivere,
3416 643 3462 697 si
3492 644 3789 714 quisquam,

2221 731 2323 786 nisi
2351 730 2579 803 fecerit,
2604 740 2829 785 mortem
2859 731 3107 786 minetur.
3138 730 3260 785 Vult
3282 746 3412 803 ergo
3444 732 3657 799 facere,
3681 739 3795 807 quia

2221 821 2336 876 vult
2360 822 2540 878 vivere
2567 842 2582 877 :
2614 831 2669 878 et
2699 821 2817 876 ideo
2850 837 2957 877 non
2997 837 3091 892 per
3130 823 3365 897 scipsum
3407 825 3704 901 appetendo
3744 840 3799 883 ut

2222 908 2410 969 falsum
2436 914 2604 984 juret,
2635 913 2731 968 sed
2761 922 2818 969 ut
2844 912 3036 969 falsum
3059 913 3287 985 iurando
3305 915 3471 970 vivat.
3494 915 3645 983 Quod
3666 917 3710 971 si
3731 918 3798 975 ita

2223 1014 2325 1070 est,
2353 1006 2534 1077 nescio
2553 1015 2733 1061 utrum
2760 1006 2961 1076 possint
2988 1005 3093 1061 dici
3123 1006 3221 1061 ista
3243 1016 3462 1077 peccata
3488 1008 3794 1079 nolentium.

2223 1095 2398 1165 qualia
2424 1095 2510 1151 hic
2541 1095 2787 1150 dicuntur
2814 1095 3099 1164 expianda.
3124 1095 3256 1151 Nam
3285 1097 3330 1150 si
3357 1096 3645 1168 diligenter
3674 1114 3796 1155 con-

2223 1184 2509 1253 sideretur,
2533 1185 2672 1242 forte
2698 1186 2870 1256 ipsum
2892 1201 3113 1255 peccare
3132 1190 3297 1242 nemo
3309 1188 3460 1254 velit,
3479 1187 3576 1244 sed
3598 1200 3800 1259 propter

2223 1276 2366 1331 aliud
2389 1278 2465 1343 Iit,
2488 1279 2626 1347 quod
2649 1278 2759 1332 vult
2776 1278 2867 1348 qui
2892 1287 3094 1349 peccat.
3116 1272 3319 1335 Omnes
3338 1281 3542 1351 quippe
3567 1283 3801 1341 homines

2224 1367 2314 1437 qui
2360 1368 2592 1423 scientes
2641 1367 2841 1423 faciunt
2879 1369 3020 1439 quod
3060 1385 3168 1425 non
3203 1370 3348 1438 licet,
3383 1372 3583 1429 vellent
3609 1372 3800 1430 licere:

2226 1472 2397 1529 usque
2423 1459 2559 1514 adeo
2589 1459 2761 1529 ipsum
2802 1475 3024 1530 peccare
3052 1475 3210 1515 nemo
3234 1462 3441 1531 appetit
3463 1448 3681 1537 propter
3706 1463 3803 1521 hoc

2227 1549 2420 1618 ipsum.
2459 1551 2553 1606 sed
2597 1561 2819 1621 propter
2867 1552 2994 1607 illud
3044 1552 3187 1623 quod
3224 1569 3292 1607 ex
3335 1568 3405 1608 eo
3447 1538 3801 1625 consequitur.

2228 1642 2355 1697 Hrec
2397 1643 2442 1697 si
2487 1644 2559 1698 ita
2602 1659 2662 1699 se
2701 1644 2931 1713 habent,
2964 1659 3067 1699 non
3099 1653 3226 1699 sunt
3252 1655 3474 1715 peccata
3500 1646 3801 1717 nolentium,

2228 1734 2329 1788 nisi
2372 1736 2743 1803 neseentium;
2786 1752 2905 1806 quae
2950 1736 3321 1792 discernuntur
3366 1751 3401 1791 a
3432 1737 3673 1815 peccatis
3711 1753 3800 1794 vo-

2227 1828 2468 1883 lentium.

2296 1915 2464 1971 XXV.
2495 1916 2594 1988 [Ib.
2623 1917 2820 1982 ".30,
2842 1916 2956 1992 δι]
2988 1916 3053 1973 Et
3076 1917 3248 1972 anima
3269 1932 3603 1989 quacumque
3634 1933 3801 1989 pecea-

2228 2009 2351 2061 νει-ιι
2376 2009 2430 2063 in
2457 2024 2613 2063 manu
2646 2009 2893 2080 superbia
2922 2027 2985 2065 ea:
3018 2010 3286 2081 indigenis,
3315 2020 3410 2064 aut
3436 2025 3502 2066 ea:
3529 2011 3798 2081 proselytis,

2228 2097 2395 2153 Deum
2422 2099 2504 2153 hic
2522 2102 2803 2163 cauerbat;
2833 2109 2880 2154 et
2906 2101 3318 2155 exterminabitur
3336 2100 3515 2154 anima
3534 2096 3625 2154 illa
3642 2100 3703 2154 de
3716 2116 3801 2170 po-

2230 2187 2352 2258 pulo
2375 2204 2501 2253 suo;
2529 2190 2767 2258 quoniam
2792 2189 2992 2244 uerbum
3018 2189 3224 2244 Domini
3249 2189 3571 2260 contempsit,
3595 2200 3640 2244 et
3662 2205 3799 2243 man-

2229 2276 2348 2330 data
2367 2278 2476 2347 ejus
2495 2278 2795 2350 disperdidit
2825 2294 2843 2334 :
2867 2280 3163 2334 contritione
3197 2288 3482 2334 conteretur
3503 2280 3670 2333 anima
3694 2280 3798 2347 ius,

2231 2382 2490 2442 peccatum
2530 2377 2640 2439 eius
2672 2374 2727 2427 in
2763 2374 2876 2429 illa.
2897 2373 3028 2440 Qum
3051 2375 3161 2430 sint
3188 2383 3405 2444 peccata
3434 2388 3553 2445 qua:
3592 2373 3717 2428 fiunt
3749 2372 3796 2428 in

2210 2479 2393 2520 manu
2423 2466 2709 2535 superbire,
2737 2467 2790 2521 id
2818 2475 2902 2522 est
2939 2467 3185 2537 superbia
3221 2466 3644 2528 committuntur,
3663 2464 3799 2521 Scri-

2229 2566 2383 2627 ptura
2414 2556 2528 2626 ipsa
2566 2558 2618 2613 in
2646 2557 3095 2627 consequentibus
3123 2557 3254 2611 satis
3289 2557 3571 2627 exposuit,
3607 2554 3691 2613 ubi
3706 2555 3795 2618 ait.

2210 2647 2481 2712 Quoniam
2526 2650 2730 2703 verbum
2771 2648 2978 2704 Domini
3014 2649 3331 2721 contempsit.
3366 2648 3525 2703 Aliud
3566 2657 3648 2702 est
3680 2660 3798 2715 ergo

2232 2747 2496 2806 praecepta
2524 2747 2868 2794 contemnere
2886 2781 2901 2804 ,
2937 2739 3079 2795 aliud
3111 2739 3284 2809 magni
3314 2738 3535 2810 quidem
3562 2735 3795 2806 pendere.

2229 2829 2324 2885 sed
2354 2840 2445 2884 aut
2474 2830 2715 2900 ignarum
2740 2840 2925 2885 contra
2959 2830 3154 2897 facere,
3185 2840 3275 2885 aut
3301 2831 3527 2887 victum.
3551 2829 3676 2897 Qum
3699 2829 3799 2885 duo

2230 2918 2458 2975 fortasse
2500 2921 2802 2990 pertineant
2833 2919 2901 2975 ad
2941 2921 3027 2975 illa
3064 2929 3278 2992 peccata
3304 2937 3431 2990 qua
3458 2936 3488 2976 a
3516 2919 3798 2977 nolentibus

2232 3010 2390 3076 fiunt,
2415 3010 2484 3066 de
2505 3012 2699 3081 quibus
2730 3012 2972 3081 superius
2996 3011 3450 3083 quemadmodum
3488 3012 3594 3068 Deo
3629 3010 3819 3082 propio.

2232 3103 2360 3156 tiato
2383 3102 2727 3171 expiarentur
2753 3103 3059 3167 admonuit;
3087 3118 3151 3157 ac
3178 3102 3301 3158 inde
3337 3103 3569 3171 subjecit
3598 3109 3796 3172 peccata

2230 3195 2510 3263 superbiat,
2554 3209 2675 3249 cum
2716 3194 2942 3264 quisque
2990 3193 3368 3264 superbiendo,
3417 3193 3470 3249 id
3497 3201 3581 3248 est
3600 3203 3800 3263 ιρι-ωοο-

2231 3297 2378 3354 ptum
2406 3288 2794 3341 contemnendo
2822 3301 3100 3357 perperam
3142 3284 3283 3339 facit.
3310 3284 3469 3352 Quod
3501 3297 3661 3355 genus
3682 3295 3799 3354 pee-

2231 3377 2334 3430 cati
2363 3376 2620 3441 nondixit
2647 3376 2758 3430 ullo
2783 3392 2978 3445 genere
3014 3375 3264 3431 sacrificii
3303 3377 3518 3446 purgari
3545 3384 3795 3443 oportere.

2231 3472 2479 3535 tauquam
2507 3466 2799 3521 insanabile
2821 3465 3066 3535 judicans
3083 3506 3099 3532 ,
3133 3466 3218 3520 illa
3247 3467 3505 3521 duntaxat
3532 3464 3790 3520 curatione

2213 3572 2350 3626 qua:
2378 3572 2473 3625 per
2506 3558 2761 3612 sacrificia
2801 3558 3103 3628 gerebatur,
3134 3558 3306 3628 qualia
3349 3557 3593 3613 facienda
3629 3556 3681 3610 in
3708 3553 3798 3608 hac

2232 3646 2504 3717 Scriptura
2537 3648 2947 3717 praecipiuntur:
2972 3664 3090 3717 quae
3109 3649 3153 3703 si
3183 3663 3277 3718 per
3298 3663 3358 3704 se
3390 3649 3506 3719 ipsa
3532 3645 3799 3702 attendan-

2235 3745 2342 3801 tur,
2389 3737 2520 3791 nulli
2573 3747 2790 3805 peccato
2815 3739 2835 3772 ³
2861 3747 3086 3808 possunt
3136 3738 3374 3803 mederi;
3421 3739 3469 3796 si
3509 3748 3677 3793 autem
3718 3748 3797 3790 res

2233 3825 2362 3896 ipsa:
2390 3843 2609 3897 quarunt
2634 3826 2749 3883 bare
2777 3840 3107 3883 sacramenta
3136 3838 3259 3883 sunt
3285 3830 3639 3897 inquirantur,
3659 3826 3707 3880 in
3726 3824 3798 3879 eis

2234 3919 2454 3974 inveniri
2486 3920 2678 3989 poterit
2709 3920 2948 3991 purgatio
2975 3931 3330 3990 peccatorum.
3353 3921 3509 3990 Quod
3532 3934 3655 3987 ergo
3677 3915 3799 3973 scri-

2206 4038 2213 4044 «
2233 4018 2378 4078 ptum
2398 4020 2501 4074 est,
2525 4007 2786 4075 Peccator,
2804 4026 2919 4065 cum
2932 4011 3118 4065 verterit
3142 4012 3195 4065 in
3212 4012 3525 4082 profundum
3541 4008 3792 4068 malam".

2232 4102 2502 4155 contemnit
2542 4099 2720 4173 (Prov.
2745 4118 2893 4165 xvnt,
2917 4103 2993 4171 5),
3021 4102 3120 4157 iste
3156 4103 3485 4172 signiﬁcatus
3510 4109 3623 4165 est,
3651 4109 3795 4167 quem

2232 4190 2506 4261 Scriptura
2534 4191 2634 4246 hoc
2656 4192 2776 4247 loco
2802 4192 2950 4259 dicit,
2973 4192 3028 4246 in
3047 4209 3200 4246 manu
3214 4192 3465 4263 superbire
3480 4191 3794 4259 delinquere.

2234 4282 2347 4336 IIoc
2386 4282 2544 4351 igitur
2571 4283 2687 4338 sine
2716 4297 2869 4352 prmia
2898 4282 3016 4352 ejus
3042 4283 3131 4352 qui
3161 4283 3483 4351 committit,
3510 4296 3613 4336 non
3637 4281 3799 4347 potest

2232 4372 2471 4433 aboleri;
2503 4382 2661 4441 atque
2701 4373 2821 4426 ideo
2863 4387 2968 4426 non
3012 4381 3188 4442 potest
3229 4388 3350 4427 e~se
3397 4371 3799 4443 impunitum,et

2232 4480 2353 4519 cum
2384 4462 2692 4534 paenitendo
2716 4472 2933 4518 sanatur
2959 4480 2973 4517 :
3001 4463 3114 4532 ipsa
3141 4464 3284 4519 enim
3311 4463 3528 4520 afﬂictio
3552 4460 3800 4532 peniten-

2236 4557 2303 4612 tis
2330 4571 2484 4626 poena
2511 4554 2715 4626 peccati
2740 4563 2843 4620 est,
2867 4554 3108 4626 quamvis
3133 4554 3465 4610 medicinalis
3485 4562 3542 4609 et
3564 4547 3796 4607 salubris.

2234 4644 2424 4700 Merito
2445 4646 2644 4714 quippe
2673 4658 2925 4714 maguum
2951 4643 3221 4713 judicatur
3245 4653 3543 4714 peccatum,
3567 4655 3686 4697 cum
3711 4651 3799 4692 su—

2237 4737 2415 4804 perbia
2462 4746 2784 4808 prmeeptum
2833 4736 3126 4791 contemnit
3165 4754 3180 4791 :
3217 4735 3311 4793 sed
3350 4751 3382 4791 e
3414 4730 3709 4795 contrario,
3749 4732 3801 4780 ut

2211 4827 2409 4879 sanari
2441 4828 2624 4896 possit,
2658 4842 2757 4884 cor
2778 4827 3066 4881 contritum
3094 4837 3150 4882 et
3176 4825 3506 4881 humiliatum
3538 4823 3674 4878 Deus
3701 4831 3797 4872 ιιοη

2233 4918 2437 4985 spernit
2479 4917 2649 4986 (Psal.
2682 4918 2874 4989 1.,19).
2902 4916 3283 4972 Verumtamen
3327 4917 3450 4988 quia
3496 4916 3608 4971 sine
3652 4921 3798 4980 pem

2235 5024 2341 5063 non
2372 5008 2450 5073 fit,
2479 5009 2600 5064 ideo
2626 5009 2749 5065 hinc
2778 5010 2903 5065 talia
2930 5008 3067 5063 dicta
3096 5019 3256 5064 sunt:
3280 5008 3475 5074 Deum,
3505 5004 3698 5075 inquit,

2234 5098 2535 5161 exacerbat;
2557 5100 2677 5168 quia
2720 5100 2859 5155 Deus
2899 5099 3144 5168 superbis
3181 5100 3380 5154 resistit
3406 5096 3602 5173 (Jacobi
3624 5108 3693 5154 tv.
3721 5088 3797 5154 6).

2235 5187 2302 5242 Et
2338 5189 2748 5243 exterminabitur
2770 5192 2940 5245 anima
2985 5190 3078 5245 illa
3110 5191 3175 5245 de
3201 5191 3390 5262 populo
3412 5204 3539 5252 suo;
3561 5181 3795 5257 quoniam

2238 5283 2361 5336 talis
2400 5281 2620 5336 omnino
2649 5282 2701 5336 in
2733 5297 2955 5336 numero
2981 5297 3167 5338 eorum
3205 5282 3295 5352 qui
3334 5282 3400 5337 ad
3441 5282 3601 5337 Deum
3639 5268 3794 5344 perli-

2236 5379 2385 5439 nent,
2410 5385 2515 5425 non
2545 5378 2648 5427 est.
2675 5371 2929 5437 Quoniam
2959 5371 3163 5426 verbum
3183 5371 3390 5426 Domini
3420 5362 3727 5435 ωπιειιιρεὶις
3749 5365 3796 5412 ⁸⁸

2234 5462 2475 5517 mandata
2506 5464 2615 5535 ejus
2648 5461 2985 5535 disperdidit:
3004 5462 3302 5517 contritione
3324 5465 3598 5518 conteretur
3635 5449 3791 5506 αηίπια

2299 5642 2314 5673 ¹
2344 5640 2479 5699 aditi,
2505 5647 2558 5690 et
2579 5648 2684 5689 Mss.
2708 5652 2807 5702 uno
2828 5644 3041 5702 excepto
3061 5638 3343 5702 get-beieusi
3366 5636 3528 5688 codice
3547 5631 3705 5683 ωεοι
3723 5620 3791 5671 Μ’

2235 5704 2416 5759 verbis,
2442 5697 2667 5764 tanquam
2688 5698 2732 5751 si
2760 5697 2979 5763 pejerare
3000 5697 3133 5757 nolit,
3165 5706 3218 5764 et_
3228 5697 3365 5764 [πάι.

2301 5768 2319 5795 ²
2346 5758 2462 5814 ωιιι
2506 5758 2634 5813 mitto
2656 5758 2938 5827 partbitzss.
2966 5775 3103 5821 vero,
3135 5758 3255 5811 nulli
3274 5764 3483 5825 peccato.
