4136 6472
360 372 483 434 ,729

374 489 486 545 illa.
512 488 687 561 Quare
714 491 890 539 autem
919 478 1237 537 contritione
1264 484 1590 537 conteretur,
1621 486 1957 542 consequen-

379 590 462 635 ter
480 576 737 647 adjungit,
760 575 964 639 dicens,
993 569 1260 626 Peccatum
1287 569 1393 640 ejus
1422 566 1473 619 in
1504 566 1595 619 illa
1619 579 1719 619 :ae
1742 578 1838 633 per
1858 562 1959 616 hoc

377 673 421 727 si
445 670 535 726 tali
561 678 777 739 peccato
797 666 1023 721 debitam
1050 661 1421 717 contritionem
1450 659 1561 729 ipse
1585 657 1683 711 sibi
1710 656 1960 711 adhibeat

380 760 711 833 paenitendo,
757 775 851 814 cor
890 756 1195 819 contritum,
1226 762 1283 807 ut
1308 752 1507 807 dictum
1548 758 1649 815 est,
1685 751 1822 804 Deus
1853 763 1957 802 non

378 864 614 925 spernet.
639 852 889 921 Quamvis
919 850 973 903 in
1001 863 1173 918 grmco
1204 861 1308 901 non
1336 844 1535 899 dictum
1574 844 1645 896 sit
1688 841 1789 895 hoc
1818 841 1955 907 loco,

380 948 680 1002 contritione
707 952 1024 1005 conteretur;
1054 940 1146 993 sed
1164 980 1178 1005 ,
1217 937 1478 991 cxtritione
1515 943 1761 987 exteretur
1789 932 1960 985 anima

377 1038 473 1092 illa
496 1054 515 1092 :
539 1036 680 1107 quod
707 1036 775 1089 ita
802 1033 969 1102 accipi
995 1039 1185 1101 potest,
1214 1028 1364 1098 quasi
1391 1028 1533 1079 muni
1556 1024 1712 1079 modo
1741 1022 1958 1077 terendo

379 1133 762 1201 esstinguatur,
790 1142 851 1181 ac
882 1140 986 1180 non
1023 1121 1236 1177 sit-Sed
1267 1120 1409 1189 prius
1430 1126 1612 1172 natura
1641 1113 1957 1170 immortali-

380 1222 503 1276 tatis
528 1220 719 1275 animas
747 1218 886 1272 hunc
914 1214 1239 1271 intellectum
1270 1218 1498 1266 recusat.
1522 1206 1721 1263 Deinde
1750 1206 1794 1260 si
1817 1203 1957 1275 quod

379 1311 656 1373 exteritur,
677 1314 821 1363 omni
849 1306 1007 1361 modo
1033 1304 1333 1359 efﬁceretur
1358 1310 1412 1355 ut
1438 1316 1541 1354 non
1572 1299 1660 1364 sit,
1683 1314 1786 1352 non
1814 1296 1959 1351 dice-

378 1411 464 1456 ret
502 1402 570 1455 de
607 1401 867 1469 sapiente.
894 1396 959 1450 Et
998 1395 1185 1465 gradus
1224 1393 1463 1446 ostiorum
1499 1391 1607 1459 ejus
1646 1396 1833 1442 exterat
1871 1402 1957 1457 pes

379 1505 497 1549 tuus
520 1492 705 1565 (Eccli.
731 1507 801 1554 vr,
827 1488 939 1558 36).
968 1487 1163 1542 Verum
1210 1484 1298 1539 illa
1348 1481 1599 1538 discretio
1642 1480 1809 1549 magis
1845 1495 1956 1532 ma-

376 1588 569 1656 gisque
594 1582 977 1639 consideranda
1007 1589 1108 1644 est,
1137 1592 1314 1633 utrum
1342 1592 1500 1631 nemo
1531 1585 1714 1645 peccet
1738 1574 1836 1628 nisi
1866 1580 1956 1628 aut

378 1676 611 1746 ignarus,
639 1684 730 1728 aut
760 1672 950 1737 victus,
977 1680 1070 1725 aut
1095 1679 1470 1731 contemnens;
1498 1664 1638 1721 unde
1667 1680 1807 1719 nunc
1837 1664 1954 1718 Ion-

375 1781 500 1835 gum
528 1776 609 1820 est
636 1764 924 1835 disputare.

447 1855 639 1911 XXVI.
665 1853 744 1926 [Ib
791 1870 898 1918 XVI,
928 1854 1015 1916 15,
1046 1849 1156 1922 14.]
1179 1849 1313 1917 Quid
1353 1856 1436 1903 est
1475 1846 1615 1918 quod
1656 1845 1861 1900 Dathan
1901 1854 1955 1900 et

377 1945 600 2005 Abiron,
631 1959 753 1999 cum
784 1944 836 1997 in
865 1942 1181 1998 seditionem
1212 1938 1696 2000 consurrexissem,
1724 1936 1893 1989 vocati
1921 1950 1950 1988 a

376 2032 572 2105 Moyse,
604 2049 667 2088 ac
702 2034 927 2103 superbe
963 2040 1018 2087 et
1057 2031 1309 2098 iujuriose
1346 2027 1746 2097 respondentes,
1778 2024 1951 2078 Num-

375 2123 497 2191 quid
540 2122 808 2193 pussillum
848 2123 964 2186 hoc,
1002 2121 1241 2190 quoniam
1286 2118 1501 2173 eduxiin
1546 2134 1636 2170 nos
1670 2116 1722 2169 in
1767 2124 1952 2168 terram

374 2215 612 2282 ﬂuentem
646 2215 726 2267 lac
755 2223 800 2266 et
828 2212 954 2277 mel,
986 2211 1263 2278 interﬁcere
1293 2224 1382 2262 nos
1410 2208 1460 2260 in
1486 2207 1690 2261 eremo?
1714 2204 1952 2274 quoniam

376 2321 535 2373 putes
559 2305 717 2367 nobis,
743 2304 972 2372 princeps
999 2320 1050 2357 es
1082 2303 1098 2333 ¹
1126 2319 1139 2354 :
1168 2310 1215 2355 et
1243 2310 1297 2353 tu
1322 2301 1375 2353 in
1402 2309 1587 2354 terram
1606 2299 1845 2368 ﬂuentem
1871 2297 1951 2351 lac

372 2403 421 2448 et
449 2396 545 2448 mel
573 2394 817 2448 induxisti
854 2409 964 2457 nos,
1002 2402 1048 2445 et
1081 2388 1261 2445 dedisti
1290 2391 1431 2444 nobis
1459 2400 1639 2443 sortem
1669 2389 1778 2459 agri
1804 2397 1849 2441 et
1878 2387 1952 2440 ui-

373 2501 522 2547 neas;
549 2494 667 2552 post
698 2484 814 2538 lucc
854 2484 1200 2546 addiderunt,
1223 2481 1408 2535 Oculos
1448 2480 1705 2534 hominum
1742 2478 1951 2533 illorum

370 2574 663 2628 abscidisses
687 2590 706 2628 :
726 2591 825 2627 non
846 2575 1195 2628 ascendimus?
1215 2573 1449 2638 Quorum
1471 2574 1652 2627 oculos
1674 2571 1947 2626 hominum

368 2664 651 2719 dixerunt?
681 2664 867 2720 Utrum
907 2664 1084 2733 pepuli
1115 2662 1295 2724 Israel,
1329 2672 1576 2731 tanquam
1604 2661 1861 2722 dicentes,
1890 2659 1948 2714 Si

372 2759 472 2811 ista
503 2756 863 2825 prtestitisses,
903 2757 1085 2810 oculos
1125 2754 1397 2809 hominum
1438 2754 1647 2807 illorum
1688 2751 1946 2807 abscidis-

366 2864 486 2914 ses;
516 2848 567 2902 id
594 2857 697 2915 est,
728 2849 797 2902 ita
828 2857 878 2903 te
907 2848 1205 2918 diligerent,
1235 2856 1291 2900 ut
1315 2845 1499 2900 oculos
1528 2859 1652 2898 suos
1671 2852 1944 2909 eruerent,

364 2950 422 2995 ct
442 2940 630 2996 darent
657 2941 783 2995 tibi?
806 2941 958 3007 Quod
991 2940 1239 2994 indicium
1279 2954 1527 3007 magnum
1558 2937 1857 2991 dilectionis
1893 2944 1949 2991 et

365 3033 654 3102 Apostolus
680 3033 826 3095 dicit,
857 3020 1108 3097 Quoniam
1139 3031 1181 3083 si
1208 3031 1319 3099 ﬁeri
1348 3037 1533 3100 posset,
1562 3028 1733 3081 oculos
1757 3037 1946 3081 vestros

365 3110 649 3189 eruissetis,‘
667 3132 713 3175 et
738 3121 995 3175 dedissetis
1023 3120 1147 3173 mihi
1172 3122 1188 3185 (
1211 3117 1379 3173 Colat.
1409 3134 1479 3181 Iv,
1511 3116 1633 3188 15).
1662 3118 1726 3171 Et
1753 3116 1946 3171 deinde

365 3214 575 3285 plenam
601 3214 986 3269 contumaciam
1017 3212 1351 3274 addiderunt,
1382 3210 1501 3264 Non
1531 3209 1864 3272 ascendimus,
1891 3209 1942 3263 id

363 3314 469 3368 est,
507 3304 624 3358 Non
664 3304 976 3369 veniemus;
1019 3304 1141 3371 quia
1187 3308 1465 3354 vocaverat
1508 3298 1725 3352 eos.An
1771 3300 1944 3367 potius

361 3399 536 3452 oculos
555 3398 813 3451 hominum
832 3396 1056 3459 illorum,
1075 3394 1202 3448 dicit
1222 3393 1474 3456 hostium,
1498 3391 1589 3461 qui
1611 3391 1767 3445 nimis
1792 3404 1943 3444 acres

361 3499 419 3544 et
445 3488 709 3544 terribiles
736 3485 1194 3561 fuerantinuntiati
1226 3503 1239 3538 :
1271 3493 1515 3552 tauquam
1544 3483 1800 3547 dicerent,
1832 3481 1941 3535 Etsi

363 3579 467 3635 hoc
509 3578 751 3638 fecisses,
793 3593 899 3631 non
951 3576 1041 3630 tibi
1089 3575 1609 3644 obtemperaremus;
1654 3571 1753 3625 nisi
1798 3570 1939 3640 quod

359 3670 553 3726 modus
580 3670 725 3724 verbi
756 3670 889 3723 alius
918 3684 1013 3737 pro
1041 3668 1146 3721 alio
1178 3667 1379 3735 positus
1405 3674 1513 3730 est,
1552 3676 1607 3719 ut
1646 3681 1749 3719 non
1792 3665 1941 3718 dice-

358 3770 498 3823 rent,
527 3761 639 3815 Non
667 3759 1105 3823 ascenderemus;
1134 3756 1246 3822 sed,
1284 3755 1403 3810 Non
1434 3756 1769 3820 ascendimus,
1807 3769 1940 3824 quo-

357 3851 480 3905 dam
500 3866 696 3921 genere
724 3849 1044 3904 Iocutionis?
1597 3902 1601 3909 ,

428 3940 641 3996 XXVII.
667 3938 768 4013 [lb.
803 3956 907 4004 xvt,
935 3939 1025 4005 ΞΟ,
1047 3937 1162 4008 ‘21.]
1193 3937 1255 3991 Et
1285 3937 1477 3990 locutus
1505 3944 1578 3989 est
1603 3934 1850 3988 Dominus
1868 3933 1937 3986 ad

358 4031 577 4101 Moysen
597 4040 640 4086 et
656 4032 849 4094 Aaron,
873 4031 1042 4083 dicens
1070 4044 1086 4083 :
1110 4027 1369 4081 Abscedite
1392 4043 1477 4079 vos
1503 4026 1564 4078 de
1588 4024 1750 4078 medio
1778 4040 1935 4093 synn-

354 4140 502 4196 gogaa
529 4124 690 4177 istius.
714 4122 1010 4176 Notandum
1033 4130 1112 4173 est
1138 4128 1262 4172 tunc
1283 4118 1470 4187 jubere
1492 4115 1768 4169 Dominum
1791 4130 1937 4184 sepa-

356 4216 618 4270 rationem
644 4214 755 4268 ﬁeri
781 4210 1133 4281 corporalem,
1159 4225 1277 4263 cum
1304 4207 1411 4277 jam
1440 4206 1665 4259 vindicta
1695 4206 1935 4259 imminet

354 4306 512 4361 malis
540 4323 552 4358 :
587 4305 662 4358 sic
685 4303 795 4361 Noe
820 4317 938 4356 cum
968 4301 1126 4354 domo
1152 4314 1244 4352 sua
1273 4306 1546 4366 separatur
1570 4313 1599 4349 a
1628 4296 1834 4367 caeteris
1855 4295 1934 4349 di-

353 4396 496 4450 luvio
524 4395 772 4463 perituris
805 4391 965 4465 (Gen.
998 4407 1089 4452 vn,
1120 4390 1185 4444 15
1204 4389 1219 4457 )
1240 4405 1254 4453 ;
1278 4389 1354 4441 sic
1377 4388 1474 4441 Lot
1499 4403 1616 4440 cum
1645 4386 1754 4440 suis
1780 4402 1934 4455 sepa-

353 4495 503 4541 ratur
528 4499 557 4537 a
586 4482 835 4538 Sodomis
871 4483 989 4551 igne
1023 4480 1231 4535 coalitus
1260 4477 1635 4533 consumendis
1662 4477 1679 4545 (
1709 4476 1791 4529 ld.
1820 4494 1929 4541 xix,

353 4576 477 4644 i2);
508 4575 587 4629 sic
626 4575 737 4644 ipse
776 4573 999 4641 populus
1030 4571 1098 4624 ab
1126 4569 1386 4640 ASgyptiis
1421 4568 1641 4621 marinis
1688 4567 1933 4622 ﬂuctibus

354 4666 644 4719 obruendis
675 4669 693 4735 (
720 4663 889 4718 Exod.
924 4679 1030 4728 xix,
1052 4661 1122 4716 20
1150 4662 1193 4728 );
1224 4661 1300 4715 sic
1330 4660 1411 4713 isti
1443 4674 1583 4713 nunc
1606 4674 1635 4711 a
1666 4672 1930 4728 synagoga

352 4755 549 4819 Chore,
573 4754 771 4808 Abiron
799 4762 853 4808 et
876 4753 1099 4816 Dathan,
1128 4751 1215 4821 qui
1246 4767 1304 4806 se
1326 4751 1566 4821 primitus
1593 4765 1685 4819 per
1713 4750 1931 4803 seditio-

352 4860 474 4901 nem
499 4847 815 4915 abrumpere
840 4847 1118 4899 voluerunt
1147 4862 1159 4897 :
1186 4858 1307 4897 cum
1337 4842 1527 4912 quibus
1556 4852 1731 4896 tamen
1762 4842 1929 4895 sancti

348 4945 507 4992 antea
537 4937 776 4990 viventes
801 4944 855 4990 et
880 4941 1290 4998 conversantes,
1326 4942 1380 4987 et
1409 4947 1527 4986 cum
1563 4932 1769 4986 cteteris
1796 4946 1931 5000 quos

353 5028 604 5097 reprobat
629 5028 787 5092 Deus,
812 5025 1098 5080 secundum
1122 5025 1283 5079 verba
1312 5040 1429 5094 qua:
1456 5025 1506 5077 in
1537 5038 1629 5079 eos
1652 5024 1930 5093 increpans

351 5116 512 5183 dicit,
550 5116 896 5171 contaminari
926 5126 1099 5169 tamen
1140 5115 1208 5168 ab
1236 5116 1315 5169 eis
1357 5114 1575 5169 minime
1604 5123 1923 5183 potuerunt:

349 5223 453 5265 nec
472 5222 722 5276 separare
741 5222 800 5261 se
814 5207 945 5276 jussi
972 5215 1112 5269 sunt,
1136 5205 1345 5275 quando
1366 5203 1647 5259 vindictam
1675 5205 1926 5259 Dominus

346 5299 465 5355 sive
488 5297 791 5361 diﬁ‘erebat,
823 5297 934 5351 sive
966 5298 1122 5351 talem
1150 5296 1465 5363 adhibebat,
1494 5312 1603 5365 qua
1624 5296 1930 5352 innocentes

351 5388 642 5457 periclitari
678 5387 863 5442 Iredive
892 5402 997 5440 non
1027 5394 1261 5455 possent,
1284 5386 1420 5439 sicut
1447 5394 1750 5456 serpentum
1784 5402 1929 5441 mor-

349 5480 519 5547 sibus,
542 5480 678 5534 sicut
699 5488 876 5548 strage
902 5479 1171 5544 mortium,
1194 5492 1296 5547 qua
1325 5477 1482 5541 Deus,
1506 5492 1663 5547 quem
1692 5476 1925 5544 volebat,

350 5572 490 5626 sicut
510 5571 742 5639 volebat,
765 5570 868 5624 alio
899 5568 1226 5645 percutiebat
1254 5569 1486 5633 intacto;
1510 5582 1615 5622 non
1636 5568 1770 5622 sicut
1793 5583 1927 5639 aqua

388 5702 427 5772 _'
453 5703 525 5772 sie
547 5704 595 5751 in
618 5710 723 5751 Mss.
752 5709 811 5772 et
830 5700 956 5764 apud
977 5707 1103 5751 Lxx.
1142 5706 1196 5751 At
1230 5699 1278 5750 in
1301 5707 1444 5751 antea
1468 5701 1627 5764 editis,
1652 5708 1825 5767 prwcst
1848 5714 1930 5753 no-

352 5763 419 5813 bis
441 5764 660 5829 princeps
689 5777 706 5814 :
727 5772 772 5815 et
795 5769 863 5814 tu.

1710 357 1913 413 LIBER
1951 358 2293 426 QUARTUS.

3537 373 3643 433 730

2066 471 2283 539 diluvii,
2314 482 2404 527 aut
2447 474 2594 545 ignea
2625 474 2801 547 pluvia
2823 518 2836 539 ,
2865 491 2955 533 aut
2983 493 3116 548 aqua
3148 480 3338 545 maris,
3367 489 3456 535 aut
3495 481 3643 539 hiatu

2065 572 2255 631 teme,
2295 580 2412 634 quze
2466 569 2755 634 permixtos
2802 577 3007 637 poterat
3056 571 3251 639 pariter
3301 571 3581 628 absumere
3628 591 3644 629 :

2066 669 2170 707 non
2192 654 2314 724 quia
2342 664 2395 709 et
2420 656 2489 711 ibi
2519 657 2655 711 Deus
2683 673 2806 713 suos
2833 674 3149 714 conservare
3174 676 3277 714 non
3307 670 3516 731 posset;
3545 663 3638 718 sed

2066 745 2190 815 quid
2220 761 2352 815 opus
2380 738 2493 801 erat
2523 750 2813 803 tentatione
2843 750 3079 805 miraculi
3114 751 3201 805 ubi
3236 753 3500 822 separatio
3527 752 3645 809 ﬁeri

2068 844 2293 903 poterat,
2322 846 2379 890 ut
2410 838 2489 892 vel
2519 854 2673 906 aqua,
2707 841 2789 894 vel
2822 840 2978 910 ignis,
3002 841 3084 895 vel
3112 841 3286 896 hiatus
3314 854 3488 907 terras,
3510 857 3646 914 quos

2065 924 2375 993 invenisset,
2407 928 2675 984 auferret?
2699 930 2787 985 Sic
2828 940 2882 985 et
2919 932 2969 985 in
2999 931 3103 987 ﬁne
3128 947 3157 986 a
3184 933 3397 987 zizaniis
3432 948 3648 1003 separa-

2066 1019 2263 1074 buntur
2314 1021 2617 1087 frumenta,
2672 1033 2730 1077 ut
2777 1026 2944 1079 mulos
2992 1026 3351 1079 cremantibus
3394 1025 3641 1093 flammis,

2060 1107 2188 1178 justi
2215 1109 2448 1179 fulgeant
2474 1114 2613 1167 sicut
2637 1115 2713 1168 sol
2742 1114 2793 1167 in
2819 1130 2983 1186 regno
3000 1116 3170 1171 Patris
3194 1116 3276 1171 sui
3296 1116 3505 1187 (Matth.
3528 1132 3640 1184 stu,

2064 1199 2374 1273 30.4045).

2134 1290 2370 1345 XXVIII.
2398 1290 2494 1364 [lb.
2525 1309 2630 1359 xvt,
2657 1294 2771 1368 50.]
2784 1295 2935 1363 Quod
2964 1296 3038 1351 ait
3061 1296 3269 1368 Moyses
3298 1298 3365 1355 de
3387 1297 3563 1354 Chore
3603 1310 3659 1355 et

2065 1378 2265 1435 Abiron
2293 1392 2345 1436 et
2368 1383 2594 1450 Datban,
2618 1382 2683 1437 In
2711 1386 2899 1440 visione
2921 1388 3139 1442 ostendet
3159 1387 3314 1455 Deus,
3342 1400 3388 1444 et
3411 1390 3580 1459 aperie
3598 1406 3659 1444 ns

2064 1481 2196 1526 terra
2225 1491 2280 1527 os
2312 1492 2457 1529 suum
2482 1475 2757 1531 absorbebit
2786 1494 2887 1541 eos,
2911 1479 3121 1548 quidam
3150 1480 3477 1550 interpretati
3498 1492 3641 1547 sunt,

2046 1554 2132 1616 'In
2180 1563 2321 1617 hiatu
2364 1566 2586 1619 ostendet
2624 1566 3117 1635 Dominus:credo,
3152 1559 3639 1639 putantes'dictum

2063 1660 2296 1722 χάσματι,
2317 1656 2457 1724 quod
2482 1672 2655 1727 graece
2682 1659 2909 1727 positum
2932 1663 3022 1714 ‘est
3042 1667 3271 1733 φάσματι,
3296 1662 3435 1732 quod
3451 1677 3555 1732 pro
3576 1678 3644 1717 eo

2062 1744 2258 1799 dictum
2290 1756 2400 1812 est,
2429 1761 2491 1801 ac
2525 1748 2569 1801 si
2605 1748 2888 1816 diceretur,
2918 1749 2974 1803 In
3006 1750 3462 1815 manifestatione,
3500 1752 3641 1822 quod

2061 1848 2242 1906 aperte
2266 1841 2436 1895 oculis
2467 1842 2758 1909 apparebit.
2783 1840 2895 1895 Non
2919 1842 3059 1896 enim
3100 1842 3176 1896 sic
3205 1842 3401 1897 dictum
3441 1852 3541 1908 est,
3574 1841 3643 1898 In

2059 1930 2282 1995 visione,
2334 1930 2776 1999 quemadmodum
2830 1932 3004 1986 solent
3054 1931 3157 1987 dici
3206 1931 3474 1997 visiones,
3530 1933 3642 1988 sive

2058 2022 2407 2087 somniorum,
2446 2023 2558 2077 sive
2603 2039 2931 2093 quarumque
2978 2025 3030 2077 in
3078 2024 3270 2078 ecstasi
3314 2025 3638 2094 ﬁgurarum;

2057 2110 2150 2165 sed
2178 2121 2234 2165 ut
2261 2111 2387 2177 dixi,
2420 2112 2471 2167 in
2499 2114 2946 2169 manifestalione.
2991 2114 3239 2169 Nonnulli
3283 2124 3459 2171 autem
3496 2116 3641 2171 aliud

2056 2202 2373 2271 opinantes,
2424 2202 2492 2258 In
2545 2206 2895 2274 phantasmate
2942 2206 3278 2275 interpretari
3320 2208 3637 2273 voluerunt;

2056 2293 2197 2363 quod
2228 2296 2447 2350 omnino
2486 2295 2564 2350 sic
2598 2295 2851 2351 abhorret
2879 2311 2908 2349 a
2938 2297 3324 2352 consuetudine
3358 2297 3640 2353 locutionis

2056 2392 2271 2451 nostrm,
2302 2395 2359 2439 ut
2384 2401 2641 2456 nusquam
2670 2386 2781 2441 fere
2803 2388 3009 2443 dicatur
3037 2388 3346 2457 phantasma
3369 2429 3384 2454 ,
3416 2387 3513 2443 nisi
3549 2389 3637 2443 ubi

2055 2472 2285 2529 falsitate
2314 2475 2547 2529 visorum
2584 2492 2772 2532 sensus
2810 2487 2991 2533 noster
3022 2478 3259 2535 illuditur
3284 2498 3295 2533 :
3320 2480 3559 2548 quamvis
3583 2489 3639 2534 et

2055 2563 2156 2618 hoc
2176 2580 2204 2618 a
2225 2565 2453 2620 videndo
2479 2567 2547 2621 sit
2569 2567 2803 2632 dictum;
2833 2568 2948 2636 sed,
2974 2579 3033 2624 ut
3060 2570 3189 2637 dixi,
3220 2570 3361 2624 aliud
3388 2570 3635 2640 loquendi

2054 2656 2386 2711 consuetudo
2417 2658 2793 2728 prmjudicavit.

2122 2748 2312 2803 XXIX.
2331 2749 2427 2822 [lb.
2445 2767 2549 2815 xw,
2567 2750 2654 2815 3‘2,
2668 2750 2785 2824 33.]
2801 2750 2865 2805 Et
2884 2752 3242 2806 descenderunt
3263 2768 3380 2821 ipsi,
3400 2759 3445 2817 et
3464 2750 3635 2806 omnia

2050 2858 2378 2915 quotcumque
2404 2853 2519 2899 sunt
2544 2845 2635 2911 eis,
2665 2845 2876 2899 viventes
2898 2844 2966 2897 ad
2990 2832 3517 2915 inferos.Notandum
3542 2858 3632 2898 se-

2052 2933 2283 2988 cundum
2310 2936 2484 2990 locum
2521 2944 2788 2991 terrenum
2822 2936 2991 2991 dictos
3021 2952 3141 2991 esse
3170 2935 3395 3001 inferos,
3421 2934 3524 2989 hoc
3549 2943 3633 2990 est

2053 3023 2475 3080 iri-inferioribus
2520 3035 2673 3080 terra:
2712 3027 2970 3095 partibus.
3006 3024 3159 3080 Varie
3186 3025 3380 3095 quippe
3410 3025 3460 3079 in
3490 3023 3633 3079 Scri-

2053 3117 2223 3183 pturis
2249 3126 2303 3170 et
2328 3116 2427 3170 sub
2454 3116 2727 3171 intellectu
2756 3116 3055 3186 multiplici,
3074 3117 3207 3170 sicut
3232 3130 3410 3169 rerum
3431 3114 3496 3169 de
3516 3115 3633 3184 qui-

2053 3207 2151 3262 bus
2181 3209 2352 3278 agitur
2394 3222 2582 3262 sensus
2618 3208 2814 3277 exigit,
2840 3222 3032 3261 nomen
3068 3206 3282 3277 ponitur
3320 3205 3628 3270 inferorum,

2049 3309 2104 3355 et
2131 3300 2360 3354 maxime
2397 3301 2448 3353 in
2487 3301 2709 3354 mortuis
2738 3299 2839 3354 hoc
2864 3299 3030 3369 accipi
3059 3299 3216 3353 solet.
3242 3296 3349 3353 Sed
3380 3299 3627 3368 quoniam

2048 3392 2179 3447 istos
2208 3392 2447 3447 viventes
2475 3392 2675 3447 dictum
2713 3401 2796 3446 est
2830 3391 2896 3445 ad
2935 3390 3134 3448 inferos
3168 3389 3539 3456 descendisse,
3575 3398 3632 3444 et

2047 3482 2161 3552 ipsa
2188 3484 2493 3536 narratione
2523 3481 2647 3550 quid
2680 3483 2870 3536 factum
2900 3480 3058 3536 fuerit
3087 3481 3217 3535 satis
3243 3488 3493 3549 apparet;
3519 3495 3631 3533 rna-

2046 3572 2295 3627 nifestum
2326 3581 2432 3637 est,
2459 3581 2517 3625 ut
2541 3572 2672 3637 dixi,
2703 3570 2980 3626 inferiores
3007 3579 3183 3641 partes
3230 3580 3388 3625 terrm
3432 3568 3631 3624 infero-

2046 3678 2161 3716 rum
2210 3662 2467 3716 vocabulo
2517 3671 2878 3731 nuncupatas,
2929 3662 2981 3715 in
3031 3660 3427 3730 comparatione
3469 3659 3626 3729 hujus

2043 3752 2336 3821 superioris
2371 3761 2525 3807 teme
2563 3752 2613 3807 in
2644 3752 2795 3821 cujus
2820 3752 2952 3807 facie
2974 3752 3165 3806 vivitur
3189 3770 3200 3804 :
3229 3752 3366 3806 sicut
3393 3751 3449 3806 in
3476 3766 3625 3806 com-

2044 3844 2315 3913 paratione
2354 3844 2475 3899 cmli
2517 3844 2827 3912 superioris,
2863 3843 2948 3898 ubi
2989 3836 3626 3897 sanctorum'demoratio

2043 3941 2126 3987 est
2147 3934 2491 4003 Angelorum,
2523 3941 2805 4002 peccantes
2832 3933 3053 4001 angelos
3090 3934 3142 3986 in
3175 3930 3333 4001 hujus
3359 3931 3499 3984 aeris
3526 3930 3623 3985 de-

2042 4026 2523 4098 trusos‘caliginem
2558 4025 2827 4095 Scriptura
2866 4024 2995 4079 dicit
3034 4034 3282 4094 tanquam
3321 4023 3625 4078 carceribus

2040 4115 2195 4170 inferi
2228 4116 2529 4186 puniendos
2556 4116 2837 4170 reservari.
2871 4114 2933 4169 Si
2960 4115 3093 4168 enim
3118 4115 3275 4179 Deus,
3306 4113 3493 4183 inquit,
3524 4130 3622 4165 an-

2038 4210 2163 4279 gelis
2204 4209 2520 4278 peccantibus
2558 4225 2657 4262 non
2694 4208 2942 4279 pepercit,
2974 4208 3062 4262 sed
3086 4207 3365 4261 carceribus
3393 4206 3623 4277 caliginis

2038 4301 2189 4371 inferi
2220 4301 2480 4355 retrudens
2523 4301 2733 4353 tradidit
2770 4302 2822 4353 in
2850 4300 3049 4369 judicio
3079 4297 3355 4368 puniendos
3378 4297 3621 4351 reservari

2039 4393 2104 4464 (II
2134 4393 2275 4447 Pctr.
2298 4409 2357 4459 ιι,
2388 4393 2443 4463 4)
2473 4411 2485 4446 :
2513 4407 2631 4446 cum
2672 4392 2944 4461 apostolus
2973 4390 3167 4445 Paulus
3213 4390 3487 4459 principem
3529 4405 3622 4459 po-

2039 4483 2228 4536 testatis
2279 4484 2409 4536 aeris
2448 4481 2717 4537 diabolum
2766 4481 2943 4549 dicat,
2988 4481 3074 4551 qui
3114 4488 3349 4551 operatur
3396 4480 3451 4533 in
3497 4479 3620 4548 filiis

2038 4572 2326 4643 difﬁdentia:
2351 4573 2565 4645 (Epltes.
2590 4589 2647 4639 tt,
2677 4572 2757 4643 2).
3638 4612 3643 4619 .

2034 4720 2037 4723 ,
2108 4663 2275 4717 XXX.
2297 4662 2397 4735 [11).
2425 4679 2550 4725 xvt,
2573 4662 2779 4735 56-40.]
2800 4662 2867 4717 Et
2889 4662 3015 4716 dixit
3042 4661 3289 4716 Dominus
3311 4661 3379 4714 ad
3408 4660 3620 4732 Moysen

2036 4767 2082 4808 et
2108 4758 2173 4807 ad
2200 4755 2499 4809 Eleazarum
2531 4756 2694 4824 ﬁlium
2721 4756 2891 4809 Aaron
2918 4756 3227 4810 sacerdotem
3247 4772 3265 4809 :
3289 4754 3469 4809 Tollite
3493 4755 3613 4809 thit-

2035 4847 2199 4900 ribula
2227 4862 2357 4900 terea
2382 4863 2409 4900 e
2435 4848 2600 4900 medio
2625 4858 2941 4912 exustorum,
2974 4856 3019 4901 et
3048 4848 3213 4917 ignem
3238 4846 3459 4901 alienum
3483 4848 3619 4901 hunc

2037 4937 2227 4989 semina
2260 4935 2362 5003 ibi;
2399 4938 2517 5006 quia
2556 4938 2991 5005 sanctiﬁcaverunt
3020 4937 3275 4991 thuribula
3300 4947 3619 5007 peccatorum

2037 5027 2216 5080 horum
2263 5027 2317 5081 in
2354 5027 2616 5082 animabus
2664 5029 2769 5083 suis
2808 5044 2827 5083 :
2852 5038 2899 5081 et
2939 5031 3021 5099 fac
3053 5045 3114 5082 ea
3147 5029 3361 5081 laminas
3405 5028 3617 5081 ductiles

2035 5116 2523 5185 circumpositionem
2552 5118 2735 5182 altari;
2765 5119 3004 5187 quoniam
3037 5118 3205 5172 oblata
3230 5127 3346 5172 sunt
3370 5128 3490 5173 ante
3508 5117 3616 5171 Do-

2035 5207 2227 5259 minum
2270 5217 2315 5260 et
2364 5208 2674 5275 sanctiﬁcata
2714 5217 2862 5274 sunt,
2902 5217 2946 5262 et
2985 5211 3121 5280 facta
3159 5218 3273 5262 sunt
3320 5210 3373 5262 in
3412 5209 3615 5279 signant

2035 5296 2158 5367 ﬁliis
2175 5296 2357 5351 Israel.
2378 5297 2488 5353 iloc
2506 5298 2622 5352 loco
2638 5314 2733 5353 cur
2750 5314 2852 5352 non
2870 5298 2934 5353 ad
2956 5299 3171 5370 Moysen
3194 5308 3246 5353 et
3260 5301 3459 5366 Aaron,
3478 5301 3617 5355 sicut

2036 5391 2092 5445 in
2107 5391 2487 5460 superioribus,
2514 5390 2765 5445 Dominus
2782 5390 2990 5444 locutus
3018 5391 3105 5456 sit,
3126 5390 3219 5445 sed
3238 5390 3305 5445 ad
3327 5390 3542 5462 Moysen
3560 5401 3612 5447 et

2035 5483 2103 5538 ad
2136 5484 2442 5539 Eleazarum
2475 5482 2641 5537 ﬁlium
2671 5482 2879 5549 Aaron,
2908 5482 3022 5537 luce
3058 5482 3186 5536 mihi
3211 5497 3369 5537 causa
3400 5482 3607 5539 interim

2036 5574 2267 5629 occurrit
2297 5592 2309 5626 :
2337 5574 2585 5643 quoniam
2627 5574 2849 5643 quaastio
2890 5582 3003 5629 erat
3043 5574 3111 5629 de
3147 5575 3396 5644 progenie
3435 5589 3611 5630 sacer-

2036 5664 2240 5726 dotum,
2272 5664 2320 5717 id
2350 5672 2431 5717 est
2457 5664 2522 5717 de
2548 5680 2651 5733 quo
2680 5678 2870 5732 genere
2901 5679 3020 5718 esse
3047 5663 3302 5719 deberent
3330 5662 3491 5736 (unde
3535 5664 3613 5722 illi

2037 5775 2102 5815 ex
2145 5757 2249 5811 alio
2289 5772 2510 5827 genere,
2543 5756 2665 5825 quia
2699 5754 2801 5810 sibi
2828 5769 3082 5827 usurpare
3111 5754 3464 5813 sacerdotium
3484 5761 3599 5819 ausi
