4136 6464
537 322 635 379 751

540 442 693 500 sunt,
725 439 829 487 tam
860 429 1127 486 horrcndo
1151 438 1207 485 et
1231 430 1453 485 mirabili
1478 427 1735 499 supplicio
1769 419 2105 497 perierunt);

542 540 645 577 mu
673 521 740 576 ad
762 524 935 575 Aaron
957 562 973 586 ,
1007 521 1092 591 qui
1119 520 1228 590 jam
1266 534 1503 575 summus
1542 517 1790 573 sacerdos
1824 522 1974 580 erat,
2014 512 2107 566 sed

541 612 608 666 ad
649 612 955 667 Eleazarum
997 612 1163 665 voluit
1201 611 1339 681 loqui
1378 609 1553 673 Deus,
1590 608 1679 678 qui
1728 605 1779 661 ei
1824 604 2109 659 succedere

540 703 802 769 debebat,
843 711 899 756 et
937 700 1170 757 secundo
1212 700 1316 769 jam
1356 698 1650 755 sacerdotio
1694 695 2023 767 fungebatur,
2052 700 2110 747 ut

540 810 606 850 eo
640 793 797 848 modo
833 792 1026 848 seriem
1066 791 1278 863 generis
1302 789 1733 851 commendaret,
1762 801 1878 856 qua:
1903 785 1959 839 in
1988 798 2111 839 suc-

539 886 867 942 cessionibus
901 884 1232 939 sacerdotum
1269 897 1387 938 esse
1415 881 1653 937 deberet.
1682 877 1836 935 Unde
1864 877 2023 932 etiam
2052 873 2106 928 in

540 975 983 1044 consequentibus
1011 972 1174 1028 dicit:
1204 971 1272 1026 Et
1308 972 1496 1042 accepit
1528 968 1746 1024 Eleazar
1778 967 1914 1036 ﬁlius
1936 966 2107 1019 Aaron

539 1067 811 1122 sacerdotis
831 1065 1084 1119 thurilmla
1105 1080 1256 1128 terea,
1282 1073 1473 1135 quanta
1489 1063 1506 1095 ¹
1535 1061 1816 1117 obtulerunt
1843 1058 1930 1133 qui
1947 1055 2109 1111 exusti

539 1167 683 1223 sunt,
715 1166 760 1210 et
784 1155 980 1209 addidit
1009 1172 1067 1210 ea
1094 1154 1580 1223 circumpositionem
1599 1152 1795 1214 altaris,
1817 1146 2109 1204 memoriale

536 1246 660 1315 ﬁliis
688 1243 883 1311 Israel,
924 1253 977 1299 ut
1010 1262 1109 1300 non
1145 1245 1349 1300 accedat
1385 1244 1646 1315 quisquam
1679 1241 1990 1312 alienigena,
2020 1237 2108 1308 qui

539 1351 639 1389 non
674 1345 750 1389 est
783 1334 845 1388 de
868 1335 1054 1391 semine
1080 1334 1269 1398 Aaron,
1301 1334 1555 1403 imponere
1591 1333 1849 1386 incensum
1875 1338 1992 1383 ante
2007 1327 2108 1382 Do-

538 1426 730 1480 minum
762 1442 782 1481 :
808 1438 856 1481 et
895 1444 995 1481 non
1039 1428 1131 1481 erit
1168 1427 1294 1480 sicut
1348 1423 1510 1481 Chore
1546 1433 1591 1479 et
1634 1423 1764 1477 sicut
1804 1420 2106 1491 conspiratio

536 1517 680 1586 ejus,
719 1516 849 1570 sicut
893 1518 1088 1571 locutus
1116 1525 1187 1571 est
1214 1516 1459 1570 Dominus
1500 1516 1552 1568 in
1589 1529 1744 1568 manu
1781 1511 1967 1582 Moysi.
1997 1511 2108 1566 Hoc

537 1623 665 1677 ergo
691 1608 849 1663 modo
877 1608 1044 1661 voluit
1084 1623 1178 1678 per
1208 1607 1514 1661 Eleazarum
1545 1605 1683 1659 Deus
1716 1617 1822 1657 non
1861 1600 2109 1656 sacerdo-

539 1697 667 1750 tium
689 1737 703 1760 ,
733 1698 871 1773 quod
896 1698 1006 1767 jam
1049 1704 1162 1752 erat
1194 1698 1247 1751 in
1274 1698 1476 1758 Aaron,
1506 1693 1598 1748 sed
1636 1690 1986 1749 successionis
2021 1704 2107 1744 sa-

541 1788 823 1843 cerdotalis
844 1787 1147 1858 progeniem
1168 1784 1560 1841 commendare.
1588 1783 1736 1850 Quod
1762 1797 1892 1837 vero
1916 1782 2009 1846 ait,
2039 1778 2106 1835 Et

540 1871 703 1946 ignem
730 1880 952 1932 alienum
979 1878 1110 1931 hunc
1137 1878 1331 1931 semina
1354 1875 1450 1941 ibi,
1492 1890 1681 1944 sparge
1706 1871 2104 1943 intelligendum

540 1975 642 2023 est.
679 1969 741 2022 Et
765 1968 905 2038 quod
941 1967 1179 2030 addidit,
1214 1966 1346 2032 Quia
1381 1967 1816 2033 sancti/icaverunt
1855 1963 2107 2017 thuribula

540 2067 857 2130 peccatorum
880 2059 1057 2111 horum
1086 2058 1138 2111 in
1162 2056 1425 2110 animabus
1448 2055 1580 2122 suis,
1607 2054 1871 2109 locutione
1894 2052 2104 2123 quidem

542 2147 789 2202 inusitata
818 2162 1065 2216 expressa
1095 2146 1352 2201 sententia
1385 2155 1467 2200 est
1491 2164 1504 2198 :
1525 2145 1617 2199 sed
1653 2143 1941 2199 notandum
1970 2158 2106 2196 novo

541 2239 700 2293 modo
739 2237 878 2293 dicta
925 2238 1245 2294 sanctiﬁcata
1284 2252 1438 2307 paena
1478 2252 1696 2300 eorum,
1728 2251 1758 2290 a
1787 2235 1979 2306 quibus
2005 2234 2108 2289 hoc

537 2336 807 2398 peccatum
836 2327 1003 2382 fuerat
1028 2336 1383 2398 perpetratum
1402 2345 1417 2393 ;
1440 2327 1561 2397 quia
1579 2342 1675 2398 per
1693 2341 1787 2381 eos
1806 2324 2105 2394 exemplum

535 2417 718 2472 datum
756 2426 839 2473 est
871 2418 1107 2484 caneris,
1136 2432 1241 2488 quo
1279 2417 1545 2472 timerent.
1579 2414 2107 2486 Circumpositionem

537 2516 713 2561 autem
748 2508 898 2562 altari
936 2522 1032 2563 cur
1069 2523 1134 2562 ex
1177 2506 1253 2561 eis
1293 2506 1404 2561 ﬁeri
1448 2504 1642 2570 voluit,
1670 2504 1869 2560 addidit
1901 2504 2105 2570 dicens,

538 2596 789 2661 Quoniam
838 2595 1007 2650 oblata
1055 2606 1172 2650 sunt
1213 2605 1327 2648 ante
1366 2594 1670 2661 Dominum,
1710 2604 1759 2648 et
1794 2594 2109 2661 sanctiﬁcata

538 2685 673 2755 facta
699 2694 817 2739 sunt
850 2686 903 2738 in
937 2686 1134 2755 signum
1160 2685 1279 2754 [iliis
1305 2683 1466 2738 Israel
1490 2699 1510 2738 :
1532 2699 1634 2737 non
1666 2698 1792 2753 ergo
1826 2683 1876 2737 in
1919 2683 1995 2736 eis
2025 2698 2109 2738 re-

539 2775 749 2844 prohari
779 2776 974 2839 voluit,
1005 2775 1143 2844 quod
1188 2791 1216 2829 a
1257 2776 1451 2830 talibus
1489 2775 1660 2828 oblata
1700 2783 1854 2837 sunt;
1887 2775 1979 2829 sed
2009 2774 2110 2830 hoc

538 2864 713 2936 potius
737 2866 954 2935 cogitari
983 2875 1034 2920 et
1061 2866 1296 2930 attendi,
1324 2875 1447 2920 ante
1475 2881 1633 2934 quem
1668 2865 1841 2918 oblata
1869 2865 1975 2920 sint
1995 2906 2009 2929 ,
2055 2865 2109 2920 id

540 2963 621 3008 est
641 2955 762 3025 quia
790 2965 913 3009 ante
946 2955 1226 3009 Dominum
1247 2997 1262 3020 ,
1298 2968 1350 3009 ut
1378 2957 1493 3024 plus
1515 2955 1565 3009 in
1588 2956 1665 3009 eis
1690 2957 1889 3010 valeret
1917 2971 2108 3011 nomen

540 3042 750 3098 Domini
780 3052 903 3098 ante
928 3060 1084 3114 quem
1110 3043 1285 3097 oblata
1315 3053 1437 3098 sunt
1456 3085 1471 3109 ,
1501 3060 1656 3114 quam
1686 3045 1971 3113 pessimum
1998 3059 2111 3100 me-

540 3134 701 3189 ritum
738 3151 922 3189 eormn
949 3152 976 3188 a
999 3136 1190 3207 quibus
1218 3137 1389 3190 oblata
1418 3145 1558 3190 sunt.
1586 3135 1698 3191 Hoc
1723 3145 1897 3190 autem
1921 3136 2029 3206 jam
2057 3146 2113 3193 et

540 3224 593 3278 in
627 3224 812 3280 Exodo
837 3236 1347 3281 commemoraverat
1370 3226 1641 3295 Scriptura
1662 3266 1677 3290 ,
1705 3226 2112 3296 quando'altare

540 3315 850 3369 fabricatum
881 3316 1007 3372 dicit
1046 3315 1243 3388 (Exod.
1274 3332 1453 3379 xxvu,
1481 3318 1554 3383 2)
1581 3335 1594 3370 :
1625 3319 1765 3372 unde
1803 3317 2113 3387 intelligitur

537 3420 732 3474 genera
778 3421 955 3462 rerum
1009 3416 1275 3476 gestarum
1302 3407 1578 3462 distributa
1620 3423 1737 3463 esse
1779 3423 1871 3475 per
1912 3408 2109 3473 libros,

540 3509 644 3549 non
674 3504 969 3565 temporum
995 3497 1128 3551 ordo
1163 3506 1462 3553 contextus.
1495 3496 1625 3552 Nam
1651 3506 1706 3552 et
1732 3497 1798 3552 de
1832 3497 1978 3568 virga
2008 3501 2113 3552 Aa-

541 3600 658 3651 ron,
681 3585 946 3654 quomodo
968 3602 1054 3641 res
1079 3597 1225 3655 gesta
1248 3588 1335 3649 sit,
1360 3596 1415 3640 ut
1437 3598 1489 3640 et
1515 3587 1711 3642 ﬂoreus
1729 3597 1783 3641 et
1808 3588 2113 3658 geminans

539 3674 850 3729 electionem
876 3677 1154 3731 sacerdotii
1181 3679 1294 3744 ejus
1319 3677 1571 3731 divinitus
1596 3677 1883 3743 indicaret,
1925 3678 1975 3731 in
2012 3679 2113 3733 hoc

541 3763 676 3817 libro
699 3764 969 3834 Scriptura
996 3768 1231 3820 narravit
1264 3766 1447 3838 (Nam.
1474 3783 1614 3831 xvtt,
1645 3767 1700 3838 8)
1723 3783 1738 3831 ;
1766 3776 1819 3821 et
1840 3768 2024 3822 'tamen
2044 3768 2113 3825 de

541 3852 653 3921 ipsa
683 3855 824 3924 virga
858 3857 908 3908 in
948 3856 1134 3910 Exodo
1155 3858 1366 3919 dicitur,
1400 3866 1455 3911 ut
1485 3858 1534 3911 in
1577 3859 1776 3912 sanctis
1804 3866 2109 3913 sanctorum

540 3958 661 3996 cum
688 3960 876 3998 manna
908 3946 958 3999 in
988 3961 1109 4000 arca
1139 3955 1438 4015 poneretur,
1480 3947 1689 4017 quando
1716 3947 2019 4017 prtccipilur
2045 3947 2113 4002 de

544 4032 885 4088 tabernaculo
924 4033 1229 4090 fabricando
1279 4024 1881 4109 (Exod.xxvt);‘quod
1933 4040 2113 4107 utique

543 4121 700 4193 longe
736 4131 857 4179 ante
902 4137 1221 4196 praeceptum
1257 4136 1369 4194 est,
1400 4145 1557 4196 quam
1594 4129 1763 4197 ipsum
1791 4129 2112 4183 tabernacu-

546 4212 654 4267 lum
687 4212 992 4270 fabricalum
1025 4219 1420 4286 perfectumque
1454 4219 1768 4274 consisteret
1794 4234 1809 4273 :
1831 4223 1977 4273 stetit
2016 4236 2111 4272 an-

546 4313 651 4358 tem
681 4307 849 4375 primo
883 4321 1065 4360 mense
1092 4305 1308 4360 secundi
1351 4307 1502 4369 anni,
1531 4322 1598 4361 ex
1648 4324 1753 4377 quo
1793 4308 1859 4362 de
1879 4307 2113 4379 Egypto

544 4397 745 4466 egressi
776 4406 898 4452 sunt
933 4396 1052 4470 (Id.
1076 4411 1178 4463 (ι,
1209 4398 1310 4461 15)
1330 4438 1346 4464 ,
1374 4408 1427 4453 et
1468 4398 1602 4453 liber
1629 4398 1727 4453 iste
1755 4399 1936 4470 incipit
1964 4415 1992 4451 a
2027 4414 2115 4452 se-

543 4487 715 4543 cundo
745 4501 924 4540 mense
950 4486 1185 4556 ejusdem
1210 4489 1333 4542 anni
1367 4487 1622 4554 secundi,
1658 4489 1832 4559 primo
1854 4490 1942 4545 die
1966 4505 2116 4543 men-

545 4580 658 4635 sis:
681 4579 818 4633 unde
850 4579 1051 4634 clarum
1079 4589 1165 4635 est
1192 4581 1290 4634 ista
1313 4620 1326 4643 ,
1356 4581 1400 4636 si
1431 4581 1685 4635 librorum
1717 4581 1958 4638 ordinent
1985 4596 2115 4635 con-

545 4670 859 4735 sideremus,
884 4685 980 4738 per
998 4669 1482 4741 recapitulatiouem
1499 4715 1512 4738 ,
1542 4673 1593 4727 id
1622 4683 1703 4727 est
1730 4674 2113 4742 praeteritorum

545 4760 964 4816 recordationem
1003 4765 1442 4830 commemorari,
1482 4780 1600 4834 qua:
1634 4774 1846 4834 putant,
1888 4764 1979 4833 qui
2017 4767 2117 4818 tn?-

544 4865 646 4905 nus
683 4852 960 4921 diligenter
1005 4854 1316 4921 intendunt,
1357 4855 1548 4911 eodem
1598 4854 1734 4910 facta
1775 4856 1965 4911 ordine
2010 4870 2117 4924 quo

546 4952 845 4996 narrantur.

618 5030 812 5086 XXXI.
855 5030 954 5105 [Ib.
986 5049 1140 5096 xvm,
1195 5031 1280 5106 1.]
1310 5033 1375 5087 Et
1407 5034 1480 5088 ait
1521 5033 1767 5089 Dominus
1802 5035 1870 5088 ad
1910 5034 2116 5099 Aaron,

544 5122 714 5176 dicens
738 5138 757 5177 :
783 5122 859 5176 Tu
894 5133 940 5177 et
965 5124 1059 5193 ﬁlii
1090 5126 1195 5192 tui,
1222 5136 1268 5179 et
1293 5125 1473 5180 domus
1503 5132 1661 5196 patris
1685 5130 1755 5181 tui
1780 5138 1961 5193 tecum,
1987 5128 2122 5182 acci-

544 5214 690 5282 pietis
715 5224 917 5277 peccata
936 5225 1257 5279 sanctorum;
1282 5227 1329 5270 et
1360 5228 1413 5270 lu
1439 5228 1486 5271 et
1512 5218 1607 5287 ﬁlii
1633 5218 1704 5272 lui
1727 5220 1981 5288 accipietis
2008 5235 2124 5287 pec-

545 5314 657 5358 cata
676 5305 941 5359 sacerdotii
959 5309 1122 5360 vestri.
1154 5308 1275 5361 Ilmc
1304 5319 1429 5363 sunt
1458 5317 1672 5378 peccata
1711 5325 1828 5378 qua:
1850 5309 2125 5378 appellan-

544 5403 634 5450 tur
659 5397 919 5453 sacriﬁcia
940 5414 1035 5469 pro
1060 5400 1311 5469 peccatis.
1340 5399 1570 5455 Proinde
1598 5409 1802 5471 peccata
1838 5409 2125 5454 sanctorum

546 5488 745 5545 dictum
785 5498 901 5559 est,
933 5507 1038 5547 non
1078 5507 1197 5564 qua:
1241 5492 1408 5549 sancti
1436 5493 1805 5559 committant;
1830 5492 1925 5549 sed
1964 5492 2032 5550 ab
2058 5508 2126 5550 eo

1336 312 1795 386 QUIESTIONUM
1831 313 1889 370 S.
1929 306 2291 368 AUGUSTINI
2328 307 2394 363 IN
2426 307 2975 365 IIEPTATEUCIIUM
3016 374 3017 377 η

3680 311 3788 370 73‘!

2210 420 2352 493 quod
2396 430 2520 477 sunt
2561 427 2774 486 sancta,
2805 420 3001 475 dictum
3048 425 3131 474 est
3173 428 3501 485 sanctorum,
3552 421 3674 491 quia
3724 424 3777 476 in

2210 511 2409 566 sanctis
2436 509 2731 566 oderuntur
2757 528 2772 565 :
2798 519 2846 564 et
2880 516 3092 578 peccata
3116 506 3365 564 dicuntur
3395 507 3653 564 sacriﬁcia
3683 525 3781 579 pro

2209 602 2472 674 peccatis;
2512 601 2633 657 ideo
2669 599 2928 670 appellata
2964 607 3088 653 sunt
3125 606 3327 671 peccata
3365 608 3670 653 sanctorum.
3714 599 3783 654 Et

2210 702 2412 763 peccata
2430 691 2696 747 sacerdotii
2708 689 2875 755 uestri,
2901 689 2952 743 id
2969 696 3052 744 est
3064 730 3080 756 ,
3094 687 3278 743 eadem
3296 687 3408 758 ipsa
3422 703 3538 758 quze
3552 688 3780 744 offerun-

2213 792 2298 837 tur
2322 797 2417 852 pro
2446 781 2677 853 peccatis
2706 780 2880 835 :sicut
2902 779 3060 834 etiam
3097 778 3149 833 in
3185 776 3418 833 Levitico
3444 776 3701 843 declarat,
3724 787 3782 835 et

2210 875 2472 946 pertinere
2487 873 2681 928 debere
2697 871 2824 926 dicit
2833 871 2898 926 ad
2918 870 3243 926 sacerdotem
3263 868 3444 943 (Leuit.
3458 885 3535 937 vt,
3549 869 3641 934 25,
3657 868 3777 941 26).

2279 962 2496 1018 XXVII.
2524 961 2624 1036 [lb.
2655 977 2810 1028 xvut,
2827 958 2939 1033 12.]
2962 958 3302 1031 Primogenita
3321 959 3507 1024 omnia,
3522 974 3777 1030 quacum-

2209 1071 2307 1125 quc
2332 1054 2518 1125 fuerint
2564 1054 2619 1108 in
2667 1062 2800 1108 terra
2845 1067 3016 1107 eorum
3035 1093 3050 1118 ,
3079 1059 3475 1122 quantacumque
3520 1050 3779 1104 attulerint

2209 1144 2465 1209 Domino,
2500 1145 2591 1200 tibi
2618 1153 2778 1199 erunt.
2811 1143 2907 1198 Hie
2934 1142 3279 1214 primogenita
3299 1184 3315 1209 ,
3346 1157 3452 1197 non
3495 1140 3632 1197 fetus
3665 1142 3775 1211 pri-

2210 1237 2421 1291 mitivos
2460 1250 2708 1306 pecorum
2751 1233 2879 1289 dicit
2917 1250 2932 1288 :
2966 1240 3091 1288 nam‘
3133 1232 3246 1302 ipsa
3288 1246 3461 1302 graece
3504 1239 3777 1301 πρωτότοκα

2211 1329 2528 1392 nominatur,
2560 1327 2672 1382 haec
2696 1335 2872 1381 autem
2893 1337 3305 1396 πρωτογινήματα.
3332 1322 3439 1379 Sed
3461 1323 3621 1377 latine
3644 1322 3777 1376 dua-

2209 1422 2309 1478 bus
2334 1421 2416 1477 his
2441 1422 2600 1477 rebus
2620 1461 2635 1486 ,
2661 1419 2767 1475 duo
2792 1418 3005 1473 nomina
3023 1424 3230 1487 reperta
3258 1431 3362 1471 non
3386 1423 3527 1470 sunt.
3565 1413 3634 1469 Et
3659 1413 3780 1468 ideo

2209 1514 2309 1569 ista
2339 1524 2733 1585 πρωτογινήματα
2756 1509 2969 1580 quidam
2991 1507 3237 1578 primitias
3260 1505 3593 1576 interpretati
3619 1511 3776 1558 sunt:

2209 1602 2303 1657 sed
2347 1601 2591 1672 primitiae
2634 1603 2851 1671 ἀπαρχαὶ
2890 1598 3156 1664 dicuntur,
3198 1604 3254 1652 et
3289 1595 3429 1650 aliud
3470 1604 3612 1650 sunt.
3654 1593 3784 1649 Haec

2210 1692 2368 1763 igitur
2389 1691 2487 1745 tria
2514 1691 2584 1745 ita
2604 1689 2993 1753 discernuntur,
3015 1688 3135 1757 quia
3157 1693 3434 1758 πρωτότοκα
3453 1694 3574 1739 sunt
3600 1685 3784 1754 primi-

2210 1783 2301 1837 tivi
2325 1781 2629 1837 animalium
2659 1778 2828 1844 fetus,
2850 1778 3008 1833 etiam
3034 1776 3304 1832 hominum
3334 1792 3349 1829 :
3375 1797 3604 1845 προτοντν
3618 1787 3785 1842 ἤματα

2207 1887 2365 1939 vero,
2393 1870 2550 1942 primi
2584 1868 2785 1924 fructus
2812 1868 2880 1923 de
2907 1876 3045 1922 terra
3068 1867 3295 1936 sumpti,
3323 1865 3410 1921 vel
3452 1864 3522 1919 de
3556 1864 3784 1928 arbore,

2209 1965 2291 2022 vel
2319 1963 2388 2019 de
2415 1963 2523 2017 vite
2548 1979 2562 2014 :
2587 1960 2831 2031 primitia:
2855 1967 3033 2014 autem
3060 1957 3127 2013 de
3150 1955 3408 2012 fructibus
3429 1954 3664 2025 quidem,
3686 1954 3783 2007 sed

2205 2060 2316 2131 jam
2359 2056 2586 2113 redactis
2609 2056 2677 2112 ab
2701 2069 2868 2125 agro;
2911 2054 3048 2108 sicut
3072 2051 3140 2107 de
3178 2064 3386 2115 massa,
3428 2048 3497 2104 de
3522 2048 3675 2114 lacu,
3713 2046 3785 2102 de

2210 2148 2374 2213 dolio,
2404 2147 2472 2203 de
2495 2161 2649 2216 cupa,
2680 2159 2800 2217 quae
2826 2142 3069 2214 primitus
3106 2139 3470 2196 sumebantur.

2279 2237 2518 2296 XXXIII.
2546 2236 2660 2311 [lh.
2689 2232 2838 2308 xtx.]
2868 2233 2942 2289 De
2961 2233 3185 2303 iuvenca
3213 2228 3351 2296 rufa,
3378 2228 3527 2298 cujus
3550 2225 3785 2281 cinerem

2211 2332 2277 2387 ad
2312 2346 2505 2403 aquam
2539 2327 2861 2399 aspersionis
2881 2366 2899 2393 ,
2941 2336 3233 2393 eorumque
3265 2318 3662 2376 mundationem
3693 2317 3785 2386 qui

2211 2432 2477 2478 mortuum
2507 2420 2796 2491 tetigerint,
2830 2416 3090 2488 prolicere
3112 2412 3222 2469 Lex
3245 2410 3542 2475 mandavit,
3574 2423 3673 2465 nec
3700 2418 3785 2462 ta-

2212 2512 2367 2569 cere‘
2395 2510 2783 2581 permittimur;
2824 2504 3277 2562 evidentissimum
3309 2500 3450 2556 enim
3480 2499 3687 2569 signum
3727 2497 3785 2550 in

2210 2618 2275 2659 ea
2308 2602 2439 2658 Novi
2478 2599 2803 2658 Testamenti
2854 2596 3254 2668 praeﬁguntur;
3302 2606 3402 2647 nec
3447 2589 3577 2646 satis
3622 2588 3784 2658 digne

2213 2693 2522 2747 festinantes
2568 2690 2749 2745 dicere
2807 2688 2876 2743 de
2937 2696 3086 2745 tanto
3140 2689 3474 2738 sacramento
3525 2678 3785 2734 valemus.

2212 2782 2392 2839 Primo
2411 2781 2551 2837 enim
2576 2778 2716 2850 quod
2746 2778 2817 2832 ita
2838 2775 3000 2846 capit
3024 2775 3092 2829 de
3118 2773 3219 2827 hac
3243 2786 3302 2827 re
3328 2769 3471 2841 loqui
3491 2768 3784 2839 Scriptura,

2212 2889 2372 2945 quem
2399 2888 2502 2927 non
2527 2877 2756 2935 moveat,
2786 2877 2840 2923 et
2866 2866 3281 2922 intentissimum
3316 2862 3475 2917 faciat
3515 2860 3570 2915 in
3607 2860 3788 2914 altitu-

2214 2964 2337 3021 dine
2368 2959 2725 3018 sacramenti?
2755 2958 2820 3013 Et
2848 2958 3043 3013 locutus
3077 2963 3150 3010 est
3171 2996 3183 3017 ,
3215 2953 3412 3023 inquit,
3450 2950 3695 3005 Dominus
3717 2948 3789 3003 ad

2216 3054 2428 3126 Moysen
2464 3061 2511 3107 et
2546 3052 2743 3110 Aaron,
2782 3048 2954 3102 dicens
2980 3061 2999 3100 :
3028 3043 3135 3099 Ista
3162 3043 3415 3097 distinctio
3440 3039 3620 3113 Legis,
3649 3054 3788 3109 quae

2214 3159 2426 3212 cumque
2451 3140 2705 3195 constituit
2727 3138 2993 3209 Dominus.
3022 3133 3210 3189 Procul
3241 3132 3403 3188 dubio
3429 3144 3535 3185 non
3572 3138 3657 3185 est
3675 3128 3790 3183 dis-

2216 3235 2430 3300 tinctio,
2470 3232 2572 3288 nisi
2617 3231 2755 3286 inter
2797 3228 2971 3299 aliqua
3011 3225 3150 3293 duo,
3179 3224 3264 3278 vel
3306 3223 3453 3291 plura
3481 3239 3495 3277 :
3519 3234 3640 3275 nam
3676 3219 3791 3273 dis-

2217 3325 2524 3397 tinctionem
2586 3318 2922 3390 singularitas
2980 3329 3088 3371 non
3143 3312 3384 3383 requirit.
3429 3310 3538 3366 Nec
3598 3307 3792 3363 distin-

2216 3415 2447 3470 ctionem
2484 3410 2766 3481 cujuslibet
2806 3407 2885 3463 rei
2927 3402 3399 3465 commemoravit,
3424 3399 3521 3457 sed
3552 3397 3788 3463 addidit,

2215 3507 2364 3580 Legis
2391 3523 2410 3562 :
2448 3521 2545 3562 nec
2592 3507 2972 3575 cujuscumque
3015 3501 3187 3572 legis:
3239 3498 3450 3554 assidue
3492 3496 3690 3567 quippe
3732 3493 3787 3550 iu

2215 3599 2487 3670 Scriptura
2520 3594 2713 3652 dicitur
2754 3596 2822 3652 de
2861 3607 3175 3664 unaquaque
3220 3606 3300 3656 re,
3330 3590 3397 3646 de
3422 3604 3522 3660 qua
3561 3588 3794 3659 legitime

2216 3689 2539 3762 praecipitur,
2571 3686 2696 3742 Ilzec
2730 3693 2814 3742 est
2838 3685 2923 3740 lex
2950 3684 3090 3738 illius
3113 3680 3197 3736 vel
3223 3681 3368 3735 illius
3393 3679 3501 3744 rei;
3532 3692 3637 3732 non
3667 3676 3792 3731 uni-

2218 3781 2439 3836 versalis
2468 3779 2574 3834 Lex
2595 3820 2610 3843 ,
2638 3793 2756 3848 qua:
2778 3775 3014 3831 continet
3042 3772 3216 3829 omnia
3244 3786 3367 3843 qua:
3407 3770 3639 3841 legitime
3662 3780 3793 3838 prae-

2216 3876 2480 3948 cipiuntur
2506 3890 2521 3927 :
2552 3872 2638 3927 hic
2672 3885 2799 3925 vero
2836 3883 2958 3923 cum
2998 3867 3249 3928 dixisset,
3277 3863 3406 3919 Haec
3430 3870 3501 3917 est
3539 3859 3791 3915 distinctio

2222 3964 2366 4036 Legis
2388 3980 2407 4030 ;
2451 3970 2665 4017 secutus
2712 3958 2952 4028 adjunxit
2998 3970 3324 4025 quaecumque
3375 3952 3628 4007 constituit
3678 3949 3790 4003 Do-

2217 4057 2410 4117 minus,
2450 4050 2800 4124 praecipiendo
2832 4050 3031 4119 utique,
3055 4061 3161 4101 non
3199 4042 3447 4100 creando.
3475 4041 3606 4096 Nam
3630 4040 3790 4095 etiam

2218 4144 2456 4200 nonnulli
2486 4142 2831 4211 interpretes,
2880 4151 3201 4207 quaecumque
3244 4133 3479 4205 pracepit
3520 4129 3790 4194 Dominus,

2221 4235 2619 4292 transtulerunt.
2645 4231 2702 4287 Si
2730 4245 2857 4299 ergo
2887 4228 3001 4282 lucc
3038 4234 3125 4282 est
3150 4224 3422 4278 distinctio
3447 4221 3622 4290 Legis,
3643 4232 3792 4288 qua:-

2217 4340 2446 4395 cumque
2491 4322 2741 4394 praecepit
2784 4319 3074 4383 Dominus;
3103 4315 3282 4387 procul
3312 4314 3473 4368 dubio
3494 4325 3681 4381 magna
3707 4316 3791 4364 est

2220 4419 2320 4474 ista
2358 4415 2664 4473 distinctio:
2693 4422 2749 4469 et
2787 4421 2933 4468 recte
2979 4409 3285 4480 intelligitur
3321 4407 3427 4463 duo
3454 4406 3791 4460 Testamenta

2218 4510 2562 4580 distinguere.
2603 4505 2805 4561 Eadem
2837 4503 3030 4574 quippe
3057 4509 3181 4555 sunt
3221 4500 3273 4553 in
3306 4498 3497 4554 Vetere
3529 4504 3583 4551 et
3607 4493 3794 4549 Novo:

2219 4601 2294 4657 ibi
2342 4597 2674 4660 obumbrata,
2725 4595 2812 4650 ltic
2846 4592 3115 4654 revelata;
3166 4589 3237 4644 ibi
3285 4587 3657 4658 praeﬁgurata,
3708 4582 3798 4637 hic

2221 4691 2571 4747 manifestata.
2589 4687 2717 4742 Nam
2739 4700 2844 4739 non
2864 4684 3033 4738 solum
3051 4682 3391 4736 Sacramenta
3411 4677 3622 4732 diversa
3641 4683 3793 4739 sunt,

2220 4799 2404 4839 verum
2435 4782 2593 4835 etiam
2634 4776 2912 4848 promissa.
2947 4772 3019 4827 Ibi
3046 4771 3291 4826 videntur
3319 4768 3629 4837 temporalia
3665 4778 3796 4835 pro.

2224 4870 2368 4937 poni,
2391 4865 2581 4936 quibus
2605 4859 2876 4930 Spirituale
2900 4856 3179 4929 praemium
3208 4854 3412 4909 occulte
3437 4849 3793 4920 signiﬁcetur.

2225 4959 2311 5012 hic
2337 4965 2512 5010 autem
2543 4950 2969 5008 manifestissime
2996 4945 3283 5018 spiritualia
3311 4942 3709 5015 promittuntur,
3739 4947 3797 4994 et

2226 5060 2443 5105 interna.
2473 5044 2867 5114 Temporalium
2913 5050 3089 5096 autem
3134 5041 3392 5094 bonorum
3420 5045 3581 5105 atque
3604 5048 3801 5089 carna-

2225 5141 2377 5205 lium,
2408 5146 2463 5192 et
2488 5135 2838 5206 spiritualium
2867 5141 3026 5202 atque
3062 5141 3412 5192 :eternorum,
3443 5141 3563 5197 quae
3598 5124 3796 5180 clarior

2227 5231 2524 5297 certiorque
2548 5226 2816 5281 distinctio
2850 5231 2962 5289 est,
2995 5236 3152 5293 quam
3183 5219 3358 5290 passio
3393 5216 3603 5272 Domini
3630 5213 3801 5270 nostri

2227 5322 2355 5378 Jestt
2379 5316 2614 5375 Christi?
2640 5317 2692 5371 in
2718 5314 2867 5385 cujus
2885 5323 3057 5369 morte
3084 5315 3211 5366 satis
3233 5308 3490 5372 constitit,
3515 5322 3620 5361 non
3645 5306 3806 5360 istam

2233 5423 2496 5469 terrenam
2538 5406 2996 5474 transitoriamque
3020 5402 3324 5458 felicitatem
3371 5413 3401 5453 a
3440 5394 3805 5453 DominoDeo

2231 5520 2330 5577 pro
2353 5514 2544 5573 magno
2564 5512 2783 5555 munere
2807 5494 3120 5567 sperandam
3147 5500 3201 5549 et
3221 5489 3539 5563 optandam:
3562 5484 3809 5577 quaan

611 5622 755 5695 tua.
778 5630 856 5677 Er,
879 5632 934 5677 ει
951 5631 1083 5691 ιρι,
1102 5638 1212 5695 φη
1227 5632 1385 5681 ama,
1405 5634 1506 5680 με,
1528 5634 1581 5681 ει
1598 5634 1727 5692 ωε..
1751 5633 1928 5694 mm
1953 5640 1972 5684 τ
1987 5629 2129 5694 in,“
2472 5594 2525 5648 in
2550 5590 2819 5695 unigenito
2839 5587 2972 5695 Fili?
2990 5600 3110 5695 suo,
3136 5599 3295 5655 quem
3322 5591 3465 5640 tanta
3481 5580 3574 5638 illa
3592 5575 3808 5651 perpeti

547 5686 687 5747 tax,
708 5687 839 5737 Ima.

2299 5689 2317 5721 ⁸
2340 5687 2415 5738 sic
2435 5687 2485 5737 in
2505 5691 2613 5737 uss.
2639 5689 2695 5735 Αι
2712 5682 2765 5734 in
2786 5678 2998 5740 excusis,
3020 5682 3234 5742 turgere.
