4136 6474
402 382 509 443 733

401 501 604 566 voluit,
635 498 791 569 longe
818 495 959 552 aliud
988 512 1019 551 a
1047 511 1105 552 se
1139 496 1244 567 peti
1284 497 1684 568 esspeetarique
1727 506 1977 567 oportere

398 590 734 660 rpertissima
763 589 1100 643 distinctione
1127 588 1438 643 declaravit.
1468 589 1612 642 lianc
1651 588 1808 657 igitur
1849 601 1973 656 pas-

399 681 605 735 sionem
632 679 838 733 Domini
857 679 1022 733 nostri
1042 677 1166 734 Jesu
1187 677 1401 743 Christi,
1425 679 1566 732 velut
1584 677 1974 732 distinctionem

398 769 625 822 duorum
655 769 1108 822 Testamentorum
1126 808 1142 834 ,
1171 767 1272 822 hoc
1311 767 1449 838 quod
1475 768 1542 823 de
1579 768 1818 837 juvenem
1847 766 1976 821 rufa:

396 861 714 914 maetatione
738 871 1001 925 narratur,
1034 852 1161 912 satis
1188 874 1422 928 congrue
1447 859 1771 929 praeﬁgurat.

468 934 690 1005 Locutus
717 960 792 1005 est
820 949 1071 1003 Dominus
1104 951 1174 1004 ad
1199 949 1411 1020 Moysen
1453 957 1498 1003 et
1534 948 1738 1014 Aaron,
1767 950 1936 1002 dicens
1955 988 1970 1011 ,

396 1038 508 1093 Ista
557 1039 811 1094 distinctio
848 1039 998 1110 Legis
1037 1055 1357 1109 quacumque
1400 1039 1653 1091 constituit
1696 1037 1975 1090 Dominus:

394 1147 458 1186 ac
482 1131 674 1186 deinde
704 1131 956 1185 mandare
993 1131 1174 1200 incipit
1210 1130 1323 1183 hrec
1363 1129 1653 1198 adjungens
1683 1137 1737 1182 ct
1767 1128 1970 1189 dicens,

395 1219 622 1292 Loquere
648 1221 767 1288 ﬁliis
793 1219 976 1274 Israel.
1007 1220 1186 1275 Potest
1205 1221 1362 1274 etiam
1391 1219 1461 1272 ita
1486 1217 1756 1286 distingui,
1791 1217 1856 1270 Et
1892 1218 1972 1270 lo-

393 1321 536 1364 cutus
584 1320 657 1363 est
703 1309 947 1363 Dominus
988 1310 1056 1362 ad
1084 1308 1292 1379 Moysen
1327 1317 1375 1361 et
1415 1308 1584 1362 Aaron
1615 1308 1826 1370 dicens;
1867 1306 1973 1360 Ista

394 1401 648 1455 distinctio
679 1399 846 1470 Legis,
868 1415 1191 1469 qua-cumque
1214 1398 1468 1451 constituit
1489 1396 1757 1462 Dominus,
1779 1397 1972 1450 dicens:

397 1507 501 1545 non
552 1505 902 1561 quazcumque
949 1489 1224 1543 constituit
1273 1489 1524 1541 Dominus
1573 1502 1790 1550 creans,
1837 1489 1970 1540 sicut

394 1583 586 1636 cretum
614 1589 666 1635 et
695 1589 889 1634 terram
915 1588 969 1633 et
995 1583 1168 1632 omnia
1197 1595 1314 1648 qua:
1340 1579 1391 1633 in
1418 1580 1497 1634 eis
1526 1589 1674 1645 sunt;
1705 1579 1800 1633 sed
1828 1595 1972 1648 qua:-

393 1685 622 1740 cumque
648 1671 920 1724 constituit
956 1670 1208 1724 Dominus
1248 1669 1461 1734 dicens,
1496 1671 1546 1724 in
1584 1670 1790 1723 duobus
1819 1669 1969 1722 vide-

393 1761 518 1816 licet
541 1759 930 1822 Testamentis;
974 1769 1031 1813 ut
1058 1759 1250 1815 deinde
1279 1769 1552 1829 sequatur,
1586 1760 1809 1828 Loquere
1839 1759 1968 1827 ﬁliis

393 1849 588 1915 Israel,
645 1859 690 1903 et
754 1850 1001 1920 accipiant
1042 1851 1110 1903 ad
1160 1859 1206 1902 te
1245 1851 1261 1882 ¹
1300 1853 1572 1919 juvencam
1632 1851 1798 1918 rufam
1861 1851 1970 1902 sine

389 1942 524 1995 stitio.
569 1940 802 1996 Juvenea
833 1941 950 1996 rufa
998 1957 1211 1995 carnem
1241 1941 1437 1995 Christi
1480 1941 1758 2009 signiﬁcat.
1800 1939 1970 1994 Sexus

389 2033 650 2088 femineus
695 2041 809 2099 est,
854 2041 1070 2103 propter
1099 2033 1456 2087 inﬁrmitatem
1506 2035 1770 2086 carnalem
1808 2031 1966 2093 ;rufa

387 2135 504 2189 est,
554 2133 769 2193 propter
807 2125 974 2192 ipsam
1019 2133 1290 2178 cruentam
1332 2122 1651 2193 passionem.
1683 2122 1833 2190 Quod
1871 2138 1967 2176 au-

388 2229 496 2274 tem
523 2218 631 2280 ait,
679 2217 947 2288 Accipiunt
977 2216 1045 2269 ad
1071 2225 1136 2281 te,
1165 2216 1217 2270 in
1247 2217 1360 2284 ipso
1394 2215 1574 2286 Moyse
1604 2215 1819 2285 figuram
1864 2215 1968 2268 Le-

384 2308 466 2378 gis
489 2307 723 2361 ostendit
747 2324 760 2360 :
789 2307 1035 2376 quoniam
1063 2306 1352 2360 secundum
1379 2305 1572 2375 Legem
1596 2305 1694 2359 sibi
1721 2304 1818 2357 visi
1845 2315 1969 2358 sunt
2027 2372 2034 2379 _

385 2397 634 2452 occidere
677 2396 983 2462 Christum,
1027 2396 1148 2465 quia
1197 2395 1433 2450 solvebat
1473 2395 1764 2449 secundum
1822 2394 1968 2462 ἰρειιδ

383 2487 682 2552 sabbatum,
712 2495 768 2540 et
797 2487 932 2540 sicut
969 2487 1254 2555 putabant,
1285 2486 1680 2540 observationes
1708 2485 1967 2554 legitimas

383 2579 718 2649 profanabat.
745 2577 894 2644 Quod
918 2593 1044 2648 ergo
1071 2579 1186 2633 sine
1207 2577 1336 2631 vitio
1363 2576 1556 2630 dicitur
1580 2575 1694 2629 hmc
1714 2575 1962 2644 juveuca,

383 2671 574 2724 mirum
629 2685 733 2722 non
779 2677 860 2723 est
893 2683 908 2722 :
944 2669 1078 2721 hanc
1117 2667 1258 2720 enim
1299 2681 1512 2720 carnem
1555 2665 1713 2718 etiam
1757 2672 1965 2717 eadem

387 2759 579 2814 hostia-3
620 2759 931 2828 ﬁgurabant,
965 2758 1052 2812 ubi
1083 2757 1325 2811 similiter
1349 2756 1463 2809 sine
1486 2754 1611 2808 vitio
1642 2769 1829 2822 pecora
1861 2754 1956 2805 im-

386 2851 574 2905 molari
593 2850 863 2920 jubentur.
893 2850 1025 2904 Erat
1053 2848 1246 2918 quippe
1277 2847 1360 2900 illa
1388 2862 1512 2900 caro
1539 2847 1589 2900 in
1618 2844 1963 2899 similitudine

380 2940 559 2993 carnis
605 2940 805 3008 peccati
836 2939 1010 3009 (Rom.
1039 2953 1158 3002 vui,
1193 2938 1270 3008 ὅ),
1305 2936 1396 2991 Sed
1426 2952 1531 2989 non
1574 2951 1698 2989 caro
1737 2935 1958 3004 peccati.

389 3029 763 3085 Verumtamen
808 3031 894 3086 hic
938 3031 1027 3084 ubi
1070 3030 1365 3084 evidentius
1390 3028 1542 3097 Legis
1572 3027 1960 3081 distinctionem

382 3120 527 3176 Deus
556 3122 723 3176 voluit
747 3120 1155 3185 commendare,
1185 3134 1365 3189 parum
1400 3118 1495 3172 fuit
1524 3118 1720 3180 dicere,
1752 3119 1858 3170 sine
1886 3119 1962 3171 vi-

380 3213 471 3278 tio,
501 3213 603 3267 nisi
645 3213 928 3278 diceretur,
957 3226 1070 3281 quae
1096 3227 1197 3264 non
1226 3209 1370 3263 habet
1400 3209 1453 3261 in
1498 3225 1552 3262 se
1585 3208 1757 3260 vitium
1783 3208 1960 3276 :quod

379 3303 422 3356 si
453 3304 729 3372 repetendi
777 3318 936 3358 causa
986 3303 1184 3357 dictum
1227 3311 1336 3364 est,
1367 3299 1591 3354 fortasse
1623 3315 1728 3352 non
1767 3300 1958 3353 frustra

379 3405 482 3460 est,
506 3395 648 3466 quod
680 3411 796 3450 eam
829 3411 942 3451 rem
975 3395 1086 3463 ipsa
1114 3394 1356 3464 repetitio
1393 3392 1594 3445 ﬁrmius
1619 3390 1960 3445 commenda-

379 3486 474 3539 vit.
503 3488 814 3554 Quanquam
841 3493 897 3540 et
940 3485 1064 3539 illud
1097 3501 1202 3538 non
1229 3483 1482 3538 abhorret
1509 3497 1537 3534 a
1569 3497 1716 3547 vero,
1745 3491 1802 3534 ut
1842 3481 1959 3535 ideo

377 3574 610 3628 additum
643 3575 988 3645 intelligatur,
1019 3589 1131 3644 qum
1155 3591 1252 3627 non
1276 3572 1422 3625 habet
1448 3573 1499 3624 in
1522 3588 1575 3625 se
1602 3571 1773 3623 vitium
1791 3613 1805 3631 ,
1837 3585 1955 3624 eum

369 3665 480 3735 jam
509 3668 710 3722 dictum
736 3676 906 3731 esset,
927 3668 1196 3738 juvencam
1227 3665 1336 3717 sine
1362 3664 1480 3716 vitio
1503 3704 1516 3726 ,
1546 3663 1665 3731 quia
1697 3662 1745 3713 iu
1769 3676 1828 3715 se
1850 3678 1952 3713 non

376 3758 558 3812 habuit
584 3759 765 3812 vitium
795 3773 920 3812 caro
946 3757 1160 3821 Christi,
1194 3756 1243 3809 in
1274 3755 1389 3808 aliis
1416 3763 1590 3808 autem
1618 3751 1835 3818 habuit,
1867 3753 1954 3820 qui

373 3851 612 3903 metnbra
642 3858 765 3902 sunt
796 3849 929 3916 ejus.
978 3847 1106 3913 Quae
1142 3848 1282 3902 enim
1313 3861 1440 3899 caro
1479 3845 1529 3898 in
1577 3843 1677 3898 hac
1708 3845 1810 3896 vita
1842 3845 1956 3898 sine

373 3951 620 4010 peccato,
654 3942 754 3995 nisi
786 3941 873 3994 illa
918 3940 1029 3993 sola
1056 3955 1173 4008 qua:
1216 3954 1319 3991 non
1355 3937 1514 3990 habet
1549 3936 1598 3988 in
1641 3951 1698 3988 se
1729 3935 1954 3988 vitium?

372 4030 442 4085 Et
477 4048 578 4085 non
619 4042 689 4085 est
733 4031 1098 4101 superpositum
1127 4045 1280 4098 super
1306 4044 1416 4081 eam
1438 4029 1639 4097 jugum.
1670 4025 1784 4080 Non
1811 4025 1950 4078 enim

370 4123 645 4192 subjugata
676 4132 756 4177 est
783 4121 1080 4191 iniquitati,
1113 4121 1196 4174 cui
1221 4120 1526 4189 subjugatos
1571 4118 1844 4172 inveniens
1891 4118 1955 4170 li-

369 4212 605 4278 beravit,
647 4221 700 4266 et
747 4228 934 4266 eorum
979 4210 1186 4266 vincula
1217 4205 1485 4277 disrupit,
1520 4217 1576 4262 ut
1622 4209 1669 4263 ei
1713 4208 1948 4272 dicatur,

369 4301 653 4373 Disrupisti
687 4302 887 4355 vincula
924 4317 1065 4365 mea,
1098 4301 1185 4353 tibi
1222 4298 1512 4368 sacriﬁcabo
1539 4300 1751 4352 hostiam
1785 4299 1951 4352 laudis

369 4393 557 4464 (Psal.
581 4410 705 4458 cxv,
747 4396 833 4459 l6,
863 4395 982 4463 l7).
1011 4393 1183 4461 Super
1213 4392 1351 4445 illius
1379 4393 1572 4460 quippe
1600 4406 1812 4444 carnem
1844 4407 1948 4445 non

367 4495 449 4540 est
492 4486 726 4556 positum
759 4486 979 4555 jugum,
1011 4485 1100 4554 qui
1145 4493 1458 4553 potestatem
1500 4483 1679 4537 habuit
1715 4482 1948 4554 ponendi

370 4575 603 4628 animam
632 4591 782 4630 suam
813 4585 867 4629 et
892 4576 1082 4630 iterum
1111 4573 1353 4629 sumendi
1381 4589 1499 4629 eam
1533 4573 1708 4644 (Joan.
1747 4590 1802 4638 χ,
1833 4573 1944 4642 18).

436 4668 504 4722 Et
529 4669 672 4724 dabis
697 4686 828 4733 eam,
857 4669 1043 4738 inquit,
1065 4669 1133 4721 ad
1160 4667 1463 4722 Eleazarum
1483 4667 1808 4721 sacerdotem.
1839 4665 1948 4721 Cur

362 4775 470 4815 non
496 4761 560 4814 ad
589 4761 788 4824 Aaron,
813 4760 912 4814 nisi
942 4760 1076 4814 forte
1102 4760 1170 4813 ita
1199 4758 1588 4829 przeﬁguratum
1616 4767 1718 4820 est,
1750 4772 1853 4810 non
1879 4756 1944 4810 ad

363 4861 574 4918 tempus
601 4850 741 4920 quod
771 4861 894 4903 tunc
919 4861 1053 4912 erat,
1085 4849 1177 4903 sed
1205 4849 1267 4902 ad
1301 4860 1541 4918 posteros
1571 4847 1727 4916 hujus
1762 4862 1942 4902 sacer-

359 4941 490 4994 dotii
521 4941 817 5010 passionem
848 4940 1053 4994 Domini
1082 4939 1498 5010 perventuram?
1525 4937 1587 4991 Et
1617 4939 1811 5009 ejicient
1834 4954 1943 4990 eam

357 5041 503 5084 extra
549 5040 717 5083 castra
747 5045 766 5084 :
795 5029 872 5084 sic
917 5040 971 5084 et
1012 5030 1219 5097 ejectus
1270 5038 1352 5084 est
1393 5029 1645 5082 Dominus
1693 5043 1944 5097 passurus

355 5133 508 5176 extra
533 5123 822 5177 civitatem.
853 5122 1003 5188 Quod
1034 5133 1210 5176 autem
1241 5123 1330 5188 ait,
1378 5123 1431 5175 in
1463 5123 1626 5176 locum
1656 5121 1940 5187 mundum;

357 5215 429 5267 ita
461 5215 812 5284 signiﬁcatum
844 5224 945 5276 est,
975 5215 1094 5284 quia
1127 5232 1230 5268 non
1260 5214 1442 5267 habuit
1469 5230 1681 5268 causam
1721 5214 1936 5268 malam.

357 5304 424 5358 Et
455 5306 681 5358 occident
726 5322 836 5359 eam
874 5305 926 5358 in
967 5317 1234 5375 conspectu
1275 5307 1383 5378 ejus
1414 5322 1432 5359 :
1456 5307 1593 5360 sicut
1640 5307 1813 5360 occisa
1856 5316 1940 5361 est

353 5409 480 5450 caro
504 5394 700 5449 Christi
728 5395 780 5449 iu
811 5407 1100 5465 conspectu
1125 5411 1309 5450 eorum
1339 5395 1427 5466 qui
1453 5395 1562 5465 jam
1595 5394 1757 5450 futuri
1787 5405 1940 5450 erant

355 5485 407 5540 in
439 5503 578 5541 novo
603 5487 944 5542 Testamento
976 5486 1180 5541 Domini
1215 5486 1543 5541 sacerdotes.

424 5577 495 5631 Et
519 5579 730 5648 accipiet
757 5577 977 5632 Eleazar
1001 5579 1296 5647 sanguinem
1319 5579 1450 5647 ejus,
1479 5585 1526 5630 et
1553 5583 1784 5648 asperge!
1813 5593 1936 5631 con-

354 5677 434 5723 tra
455 5669 637 5738 facient
659 5668 964 5722 tabernaculi
993 5667 1262 5722 testimonii
1280 5683 1312 5720 a
1339 5668 1583 5738 sanguine
1601 5668 1710 5740 ejus
1731 5667 1934 5736 septies.

418 5782 438 5816 ι
462 5779 602 5840 aliti.
623 5793 654 5832 a
674 5786 736 5833 te.
761 5789 816 5832 At
836 5787 942 5832 Mss.
957 5779 1094 5837 iuxta
1116 5786 1246 5837 LXX.
1267 5777 1334 5830 ad
1356 5785 1420 5831 te.

1724 382 1926 438 LIBER
1962 379 2304 448 QUARTUS.

3559 389 3663 444 734

2084 495 2209 552 Haec
2256 496 2554 554 testiﬁcatio
2590 507 2690 565 est,
2738 496 3002 555 Christum
3035 499 3324 555 secundum
3355 499 3657 572 Scripturas

2083 587 2282 644 fudisse
2309 592 2614 658 sanguinem
2640 590 2695 645 in
2719 590 3086 647 remissionem
3113 601 3445 661 peccatorum
3477 592 3655 663 (Rom.

2081 695 2159 746 lll,
2186 680 2257 736 25
2281 695 2296 744 ;
2324 689 2373 734 et
2398 680 2586 751 Ephes.
2619 697 2658 749 t,
2689 682 2764 748 7).
2794 681 2917 736 Ideo
2943 691 3118 736 contra
3143 683 3324 753 faciem
3349 682 3658 737 tabernaculi

2081 773 2366 840 testimonii,
2388 774 2508 844 quia
2532 789 2636 828 non
2664 775 2818 829 aliter
2841 774 3161 830 declaratum
3183 785 3284 840 est,
3307 791 3462 846 quam
3486 776 3660 833 fuerat

2080 861 2258 916 divino
2286 865 2586 919 testimonio
2609 867 3013 935 praenuntiatum
3045 885 3058 920 :
3087 878 3140 921 et
3164 866 3283 921 ideo
3307 867 3505 937 septies,
3529 868 3651 939 quia

2079 951 2192 1023 ipse
2213 969 2465 1010 numerus
2485 955 2548 1009 ad
2571 956 2961 1011 mundatiooem
2979 957 3204 1026 pertinet
3230 957 3580 1026 spiritualem.

2151 1043 2218 1098 Et
2241 1047 2528 1100 cremabant
2553 1063 2662 1100 eam
2689 1048 2741 1101 in
2765 1060 3029 1118 conspectu
3053 1051 3182 1120 ejus.
3210 1049 3342 1104 Puto
3368 1051 3486 1120 quia
3511 1066 3655 1107 con-

2077 1134 2332 1210 crematio
2361 1135 2425 1188 ad
2468 1135 2676 1204 signum
2720 1139 2948 1207 pertinet
2978 1140 3398 1194 resurrectionis.
3446 1139 3645 1196 Natura

2077 1232 2158 1277 est
2185 1225 2378 1294 quippe
2407 1226 2540 1295 ignis
2585 1235 2640 1280 ut
2666 1227 2716 1280 in
2744 1243 2970 1296 superna
3019 1238 3312 1296 moveatur,
3343 1238 3398 1285 et
3440 1230 3492 1285 in
3525 1247 3646 1287 eum

2076 1314 2398 1367 convertitur
2422 1314 2558 1384 quod
2583 1325 2864 1370 crematur.
2890 1315 3021 1371 Nam
3044 1325 3096 1370 et
3122 1318 3288 1386 ipsum
3313 1335 3551 1376 cremare
3577 1321 3644 1375 de

2073 1417 2247 1471 graeco
2263 1403 2312 1456 in
2336 1404 2552 1458 latinum
2570 1405 2782 1460 ductum
2800 1407 3014 1461 verbum
3038 1417 3117 1462 est
3136 1423 3164 1460 a
3184 1409 3528 1478 suspensione
3543 1409 3622 1484 (a)
3635 1448 3650 1468 .

2075 1493 2222 1560 Quod
2253 1509 2378 1548 vero
2421 1495 2652 1550 additum
2680 1505 2778 1562 est,
2825 1498 2875 1550 in
2903 1508 3166 1567 conspectu
3205 1500 3332 1569 ejus,
3372 1499 3423 1553 id
3463 1511 3546 1555 est
3587 1502 3642 1556 in

2073 1593 2358 1651 conspectu
2386 1586 2694 1650 sacerdoﬁs,
2742 1585 2844 1641 hoc
2873 1587 2998 1641 mihi
3037 1589 3357 1643 insinuatum
3385 1589 3594 1645 videtur
3619 1633 3636 1656 ,

2074 1674 2195 1742 quia
2224 1674 2330 1728 illis
2349 1678 2590 1744 apparuit
2614 1679 2930 1732 resurrectio
2951 1677 3163 1744 Christi,
3194 1680 3280 1748 qui
3308 1678 3468 1734 futuri
3491 1691 3648 1736 erant

2073 1764 2249 1832 regale
2276 1766 2648 1820 sacerdotium.
2677 1767 2792 1821 Jam
2822 1767 2959 1837 quod
2987 1769 3242 1837 sequitur,
3272 1768 3338 1822 Et
3365 1770 3510 1840 pellis
3538 1772 3648 1842 ejus

2072 1861 2120 1904 et
2145 1869 2320 1908 carnes
2343 1865 2388 1908 et
2411 1857 2616 1925 sanguis
2645 1858 2753 1926 ejus
2775 1874 2889 1910 cum
2915 1867 3128 1912 stercore
3153 1860 3263 1929 ejus
3289 1861 3603 1914 comburetur
3623 1902 3640 1926 ,

2073 1944 2125 1998 id
2156 1945 2324 2014 ipsum
2351 1949 2646 2016 expositum
2690 1958 2771 2002 est
2796 1950 3060 2018 quomodo
3086 1951 3513 2005 concremabitur
3544 1969 3557 2004 :
3590 1959 3646 2005 et

2072 2035 2420 2104 signiﬁcatum
2448 2045 2530 2092 est
2571 2037 2711 2107 quod
2739 2055 2843 2092 non
2871 2039 3042 2092 solum
3072 2039 3361 2094 substantia
3405 2041 3646 2096 mortalis

2072 2125 2310 2193 corporis
2335 2125 2552 2192 Christi,
2583 2141 2700 2196 quae
2725 2128 3228 2182 commemoratione
3260 2129 3410 2197 pellis
3446 2137 3500 2183 et
3526 2144 3648 2183 car-

2071 2213 2216 2267 nium
2248 2224 2301 2268 et
2327 2215 2596 2286 sanguinis
2639 2216 2874 2270 intimata
2899 2226 3018 2284 est;
3051 2233 3232 2270 verum
3264 2219 3421 2272 etiam
3452 2228 3647 2273 contu-

2071 2305 2229 2359 melia
2249 2314 2303 2358 et
2327 2305 2552 2374 abjectio
2577 2305 2766 2374 plebis,
2787 2322 2942 2376 quam
2970 2307 3182 2361 nomine
3209 2307 3455 2360 stercoris
3477 2307 3646 2376 signi-

2072 2394 2276 2448 ﬁcatam
2308 2404 2453 2464 puto,
2485 2404 2883 2450 converteretur
2908 2396 2960 2450 in
2996 2394 3243 2467 gloriam,
3292 2410 3449 2467 quam
3493 2411 3644 2452 com-

2069 2482 2329 2538 bustionis
2349 2483 2559 2538 flamma
2589 2484 2868 2554 signiﬁcat.

2140 2573 2208 2627 Et
2235 2577 2443 2645 accipiet
2471 2577 2703 2630 sacerdos
2726 2577 2917 2647 lignum
2946 2578 3204 2630 cedrinum
3229 2586 3276 2630 et
3301 2577 3573 2647 hyssopum
3596 2586 3645 2632 et

2067 2667 2345 2732 coccinum,
2378 2678 2421 2720 et
2452 2668 2678 2720 immittet
2699 2667 2752 2720 in
2777 2667 2994 2719 medium
3019 2666 3372 2720 combustionis
3389 2667 3641 2738 juvenca’.

2069 2757 2287 2827 Lignqu
2331 2759 2604 2812 cedrinum
2635 2773 2757 2826 spes
2799 2768 2898 2821 est,
2947 2773 3064 2826 qua:
3102 2757 3260 2811 debet
3307 2759 3357 2811 in
3398 2758 3642 2827 supernis

2068 2846 2287 2902 ﬁrmiter
2314 2845 2570 2901 habitare.
2603 2847 2875 2918 HySSOpus
2901 2847 3052 2911 ﬁdes,
3083 2863 3201 2916 qua!
3230 2863 3348 2902 cum
3378 2849 3447 2903 sit
3477 2847 3642 2902 herba

2066 2937 2298 3005 humilis,
2328 2938 2590 2992 radicibus
2617 2937 2786 2991 lueret
2811 2938 2860 2990 iu
2880 2946 3047 3004 petra.
3079 2936 3360 2991 Coccinqu
3386 2937 3640 3000 charitas,

2064 3031 2202 3101 quod
2226 3030 2486 3086 fervorem
2506 3029 2721 3099 spiritus
2745 3030 2899 3099 igneo
2917 3029 3096 3083 colore
3122 3036 3361 3082 testatur.
3394 3028 3516 3081 [huc
3541 3027 3637 3081 tria

2064 3123 2318 3176 debemus
2346 3122 2556 3176 mittere
2586 3121 2636 3174 in
2676 3119 3120 3196 resurrectionem
3145 3117 3361 3183 Christi,
3392 3125 3638 3186 tanquam

2065 3213 2114 3266 in
2144 3213 2372 3266 medium
2399 3211 2778 3265 combustionis
2805 3209 2964 3275 illius,
2990 3219 3047 3263 ut
3067 3223 3185 3263 cum
3210 3208 3301 3261 illo
3321 3209 3388 3260 sit
3412 3207 3640 3260 abscon-

2061 3303 2169 3358 dita
2202 3305 2304 3356 vita
2334 3311 2531 3366 nostra,
2577 3303 2713 3355 sicut
2737 3301 2864 3354 dicit
2891 3299 3174 3369 Apostolus
3205 3317 3217 3352 :
3251 3297 3317 3352 Et
3343 3299 3444 3350 vita
3471 3309 3634 3352 vestra

2061 3395 2353 3449 abscondita
2374 3405 2442 3448 est
2463 3411 2574 3446 cum
2599 3392 2795 3448 Christo
2823 3393 2874 3445 in
2903 3391 3007 3444 Deo
3034 3389 3248 3459 (Coloss.
3280 3406 3354 3452 ιιι,
3384 3390 3463 3459 5).

2133 3485 2198 3539 Ει
2228 3485 2408 3539 lavabit
2438 3485 2723 3538 vestimenta
2751 3500 2842 3536 sua
2869 3482 3120 3545 sacerdos,
3167 3491 3212 3534 et
3242 3482 3424 3534 levabit
3454 3496 3636 3549 corpus

2060 3592 2208 3630 suum
2249 3593 2399 3646 aqua,
2440 3585 2486 3628 et
2527 3584 2695 3645 postea
2721 3574 2939 3627 introibit
2967 3574 3018 3626 in
3046 3582 3232 3638 castra,
3273 3582 3318 3625 et
3347 3571 3632 3624 immundus

2059 3669 2151 3722 erit
2175 3668 2406 3721 sacerdos
2435 3683 2590 3736 usque
2630 3667 2696 3719 ad
2724 3681 2997 3734 vesperam.
3047 3664 3259 3718 Lavatio
3289 3663 3637 3716 vestimento-

2060 3777 2175 3814 rum
2205 3774 2257 3814 et
2287 3761 2522 3828 corporis
2552 3759 2674 3827 quid
2703 3768 2805 3821 est,
2852 3757 2950 3810 nisi
2995 3757 3278 3810 inundatio
3309 3741 3632 3809 exteriorum

2058 3863 2112 3906 et
2157 3849 2500 3904 interiorum?
2544 3850 2645 3903 hoc
2682 3847 2949 3902 sacerdos.
3002 3846 3202 3899 Deinde
3250 3845 3533 3913 sequitur:
3568 3843 3636 3897 Et

2056 3943 2143 4014 qui
2185 3943 2440 3995 comburat
2483 3957 2613 4003 eam,
2663 3939 2846 3992 lavabit
2883 3937 3170 3991 vestimenta
3208 3951 3315 3997 sua,
3360 3943 3406 3988 et
3449 3934 3635 3988 Iuvabit

2055 4050 2236 4102 corpus
2251 4048 2398 4086 suum
2414 4047 2565 4098 aqua,
2591 4039 2635 4084 et
2659 4029 2945 4082 immundus
2971 4029 3063 4080 erit
3088 4043 3241 4095 usque
3260 4025 3326 4079 ad
3349 4041 3628 4094 vesperam.

2057 4125 2112 4179 lu
2141 4139 2205 4178 eo
2225 4124 2312 4194 qui
2343 4121 2623 4184 comburit,
2648 4135 2740 4174 eos
2766 4121 3017 4189 ﬁguratus
3040 4117 3287 4182 arbitror,
3320 4116 3407 4185 qui
3435 4116 3628 4171 Christi

2054 4232 2268 4271 carnem
2304 4215 2646 4284 sepelierunt,
2678 4211 3052 4267 resurrectioui
3084 4225 3199 4264 eam
3239 4209 3397 4262 veluti
3425 4209 3629 4264 conﬂa-

2053 4308 2276 4380 grationi
2313 4306 2644 4360 mandantcs.
3133 4369 3136 4372 Α

2128 4398 2521 4471 Etcongregabit
2544 4399 2690 4450 homo
2712 4396 2929 4449 mundus
2951 4395 3163 4447 cinerem
3183 4407 3436 4462 Juvencat,
3465 4401 3509 4445 et
3538 4408 3611 4462 po

2052 4501 2132 4545 net
2161 4501 2301 4544 extra
2327 4499 2492 4542 castra
2517 4488 2568 4540 in
2590 4488 2752 4540 locum
2775 4485 3036 4538 mundum.
3066 4483 3200 4550 Quid
3229 4483 3456 4537 dicimus
3482 4484 3606 4537 eine

2051 4597 2164 4636 rem
2189 4580 2451 4648 juvenem,
2496 4576 2744 4646 reliquias
2786 4574 3031 4629 videlicet
3073 4573 3214 4628 illius
3241 4570 3626 4628 interfectionis

2049 4681 2103 4724 et
2129 4669 2529 4728 combustionis,
2571 4667 2668 4720 nisi
2701 4667 2889 4719 famam
2918 4681 3035 4736 qua:
3073 4671 3354 4719 consecuta
3394 4672 3476 4718 est
3503 4677 3624 4731 pas-

2048 4761 2250 4816 sionem
2316 4759 2861 4826 resurrectioiiemquc
2905 4755 3138 4811 Christi?
3185 4755 3443 4821 Quoniam
3501 4762 3624 4808 sunt

2048 4851 2283 4922 reliquiae
2328 4849 2527 4903 homini
2573 4849 2796 4920 paciﬁca
2827 4847 2994 4921 (Psal.
3043 4847 3383 4916 xxxvr.'57).,
3416 4845 3545 4899 Nam
3573 4853 3623 4898 et

2046 4946 2180 5000 cinis
2217 4952 2350 5006 erat,
2395 4941 2516 5011 quia
2561 4941 2704 4995 velut
2739 4948 2980 4995 mortuus
3021 4939 3088 4993 ab
3117 4938 3414 4992 inﬁdelibus
3439 4945 3624 4990 eonte-

2047 5035 2364 5099 mnehatur;
2395 5043 2450 5086 et
2490 5043 2662 5086 tamen
2694 5032 2998 5094 mundabat,
3032 5031 3152 5100 quia
3182 5040 3235 5083 et
3271 5029 3624 5083 resurrexisse

2044 5143 2072 5180 a
2104 5125 2342 5179 ﬁdelibus
2373 5124 2715 5200 credebatur.
2767 5123 2830 5177 Et
2857 5124 2976 5192 quia
3023 5120 3137 5175 haec
3181 5119 3315 5173 fama
3363 5121 3499 5188 apud
3529 5133 3622 5173 eos

2045 5219 2272 5272 maxime
2299 5217 2510 5280 claruit,
2539 5214 2626 5284 qui
2655 5213 2706 5268 in
2736 5213 2943 5266 caeteris
2967 5212 3208 5281 gentibus
3233 5219 3404 5272 erant,
3439 5216 3491 5261 et
3516 5224 3620 5262 non

2044 5320 2195 5364 erant
2219 5309 2284 5364 de
2313 5307 2585 5362 consortio
2630 5305 2955 5364 Judaeorum,
2986 5303 3105 5356 ideo
3130 5303 3325 5354 dictum
3357 5316 3474 5356 esse
3512 5303 3604 5354 exi-

2043 5402 2218 5465 stimo,
2249 5399 2314 5452 Et
2342 5397 2662 5470 cougregabit
2694 5396 2843 5449 homo
2874 5395 3092 5447 mundus
3117 5394 3330 5446 cinerem
3350 5394 3582 5463 juvencw
3603 5407 3624 5447 .°

2043 5491 2271 5548 mundus
2312 5490 2497 5559 utique
2525 5490 2592 5540 ab
2622 5469 2988 5541 interfectione
3016 5484 3233 5548 Christi,
3265 5499 3382 5552 qua:
3408 5481 3620 5539 JudmOI

2040 5582 2240 5638 fecerat
2267 5595 2407 5635 reos.
2441 5578 2505 5632 Et
2531 5587 2737 5647 reponet
2759 5577 2810 5630 in
2834 5575 2998 5629 locum
3021 5573 3284 5640 mundum,
3315 5571 3369 5627 id
3397 5581 3495 5637 est,
3525 5570 3624 5626 ho-

2040 5673 2346 5730 norabiliter
2390 5669 2678 5725 tractabit:
2707 5678 2883 5723 tamen
2910 5676 3050 5721 castra
3077 5676 3262 5734 castra,
3309 5663 3432 5735 quia
3473 5673 3625 5722 extra

2104 5774 2179 5837 (a)
2205 5771 2413 5835 neuter),
2436 5770 2696 5836 suspendo.
