4136 6490
497 346 601 402 735

499 454 909 511 celebrationem
945 454 1178 510 iudaicze
1205 452 1602 508 consuetudinis
1641 451 1812 504 honor
1847 464 2072 518 evange-

499 545 635 601 licus
661 545 871 616 claruit.
901 544 968 597 Et
992 546 1084 598 erit
1110 558 1377 620 synagoga:
1416 543 1636 620 ﬁliorum
1667 539 1843 604 Israel,
1871 530 1922 599 in
1947 531 2069 599 conf

497 636 843 689 servationem.
891 635 1032 704 Aqua
1071 617 1389 704 aspersionis,
1425 617 1710 701 puriﬁcatio
1753 639 1846 683 est.
1883 629 2072 684 Postea

497 726 733 780 declarat
759 725 963 795 plenius
991 723 1431 794 quemadmodum
1457 739 1523 777 ex
1550 724 1651 776 isto
1688 721 1869 777 cinere
1912 721 2073 776 ﬁebat

496 831 632 884 aqua
660 816 1002 884 aspersionis,
1029 814 1168 870 unde
1191 813 1580 867 mandabantur
1597 828 1626 866 a
1647 821 1894 866 contactu
1922 826 2068 866 mor-

497 914 748 970 tuorum;
793 904 931 974 quod
964 905 1142 973 utique
1181 903 1442 973 signiﬁcat
1484 903 1552 957 ab
1598 903 1870 972 iniquitate
1918 901 2072 972 hujus

496 993 825 1048 moribundae
864 993 946 1047 vel
976 993 1267 1046 morticina:
1298 991 1438 1046 vitm.

567 1083 672 1138 Sed
712 1084 900 1137 mirum
946 1092 1029 1138 est
1063 1081 1202 1152 quod
1237 1083 1475 1151 sequitur
1503 1099 1516 1134 :
1550 1080 1616 1134 Et
1642 1083 1727 1151 qui
1753 1089 2025 1151 congregat
2053 1122 2070 1148 ,

497 1176 686 1244 inquit,
715 1176 928 1228 cinerem
945 1176 1193 1246 juvenem,
1225 1175 1407 1229 lavabit
1434 1176 1719 1229 vestimenta
1745 1190 1870 1237 sua;
1896 1184 1942 1226 et
1979 1173 2073 1225 int-

500 1267 718 1320 mundus
755 1268 848 1319 erit
874 1283 1025 1335 usque
1043 1267 1110 1318 ad
1136 1283 1408 1335 vesperam.
1455 1267 1730 1332 Quomodo
1756 1267 1857 1320 erit
1884 1282 1947 1320 ex
1975 1266 2074 1319 hoc

502 1355 824 1417 inmmndus,
853 1355 943 1425 qui
972 1356 1200 1411 mundus
1223 1365 1555 1421 accesserat;
1585 1356 1682 1410 nisi
1706 1356 1824 1426 quia
1852 1364 1906 1410 et
1929 1355 1963 1409 ii
1983 1354 2074 1424 qui

498 1446 598 1499 sibi
629 1446 870 1500 videntur
900 1446 1099 1510 nnmdi,
1144 1448 1195 1500 in
1224 1446 1326 1501 ﬁde
1355 1447 1654 1501 Christiana
1693 1463 1752 1501 se
1781 1455 2076 1516 agnoscunt

497 1539 620 1606 quia
645 1551 832 1592 omnes
858 1547 1208 1607 peccaverunt
1233 1548 1287 1592 et
1329 1546 1487 1606 egent
1511 1538 1676 1607 gloria
1723 1537 1836 1600 Dei,
1878 1537 2073 1606 justiﬁ-

496 1627 600 1680 cati
627 1628 789 1696 gratis
831 1643 926 1695 per
964 1631 1274 1696 sanguinem
1308 1629 1472 1697 ipsius
1503 1628 1675 1699 (Rom.
1709 1644 1783 1693 Ill,
1814 1628 1902 1690 25,
1933 1627 2076 1700 24)?

502 1719 654 1772 llunc
696 1728 869 1772 tamen
910 1715 1222 1774 Vestimenta
1249 1735 1342 1773 sua
1388 1720 1561 1774 lavare
1588 1719 1739 1782 dixit,
1773 1734 1877 1773 non
1915 1719 2074 1773 etiam

497 1825 691 1879 corpus
721 1825 914 1874 suum;
963 1811 1143 1874 credo,
1189 1811 1329 1881 quod
1373 1811 1512 1865 illius
1551 1810 1746 1864 cineris
1785 1824 2077 1878 congrega-

501 1900 646 1954 tione
681 1910 733 1955 et
764 1903 1082 1971 repositione
1108 1902 1157 1955 in
1187 1902 1304 1956 loco
1331 1902 1550 1967 mundo,
1579 1901 1621 1954 si
1646 1900 1760 1955 inec
1787 1900 2077 1968 spirituali-

501 1998 583 2044 ter
613 1991 984 2060 intelligantur,
1015 1993 1122 2058 jam
1159 1992 1474 2045 intrinsecus
1517 1991 1628 2044 vult
1667 1991 1884 2059 intelligi
1915 1989 2078 2043 fuisse

503 2081 814 2135 Inundalum
849 2099 860 2134 :
894 2083 1030 2136 sicut
1059 2081 1334 2136 Cornelius
1357 2081 1577 2136 audiens
1605 2089 1660 2135 et
1684 2081 1909 2135 credens
1933 2079 2076 2149 quod

506 2173 882 2241 praedicaverat
912 2173 1116 2239 Petrus,
1149 2174 1218 2226 ita
1250 2173 1531 2227 mundatus
1561 2181 1662 2236 est,
1701 2182 1756 2226 ut
1784 2181 1906 2226 ante
1946 2171 2075 2225 visi-

505 2264 665 2320 bilem
709 2265 1052 2333 Baptismmn,
1093 2279 1211 2318 cum
1237 2265 1346 2319 suis
1388 2264 1477 2332 qui
1517 2263 1773 2328 aderant,
1814 2263 2079 2330 acciperet

449 2357 454 2363 '
503 2353 700 2407 donum
726 2354 952 2422 Spiritus
977 2354 1178 2418 sancti;
1219 2363 1580 2407 verumtamen
1624 2369 1724 2406 nec
1750 2353 1954 2406 visibile
1977 2352 2077 2407 Sa-

503 2455 832 2497 cramenlum
859 2445 1126 2497 contemni
1155 2445 1324 2513 potuit
1344 2444 1478 2512 (Act.
1506 2459 1562 2508 χ,
1587 2444 1802 2512 4448),
1844 2455 1899 2498 ιιι
1923 2444 2075 2498 ablu-

503 2543 589 2588 tus
627 2535 784 2588 etiam
828 2536 1164 2590 extrinsecus
1203 2537 1219 2567 ⁸
1248 2537 1446 2590 lavaret
1487 2537 1875 2604 quodammodo
1920 2536 2080 2590 vesti-

503 2632 678 2675 menta
719 2638 834 2676 sua.
871 2623 933 2675 Et
969 2625 1085 2686 erit,
1133 2625 1319 2693 inquit,
1364 2624 1485 2693 ﬁliis
1515 2624 1697 2689 Israel,
1727 2635 1773 2678 et
1814 2626 2078 2696 proselgtis

500 2713 585 2780 qui
612 2723 950 2782 apponuntur,
971 2714 1239 2784 legitimum
1267 2726 1527 2769 azternum.
1559 2717 1696 2782 Quid
1729 2717 1870 2771 aliud
1898 2727 2080 2771 osten-

500 2802 600 2865 dit,
635 2804 732 2856 nisi
779 2803 1094 2872 baptismnm
1137 2805 1353 2870 (lltristi,
1400 2823 1555 2875 quem
1584 2809 1912 2876 signiﬁcabat
1941 2823 2076 2876 aqua

501 2893 845 2960 aspersionis,
889 2903 945 2948 et
987 2893 1183 2948 Judaeis
1220 2905 1274 2949 et
1313 2895 1571 2951 Gentibus
1617 2896 1991 2966 profuturmn;
2026 2897 2076 2951 id

500 2991 584 3035 est
625 2981 743 3036 ﬁliis
792 2981 946 3038 Israel
994 2993 1050 3037 et
1098 2987 1405 3055 prosclytis,
1458 2995 1704 3055 tanquam
1751 2987 2078 3042 naturalibus

503 3073 663 3126 ramis
685 3082 737 3126 et
765 3074 965 3128 inserto
995 3075 1296 3144 pinguedini
1323 3076 1512 3129 radicis
1537 3078 1764 3130 oleastro
1793 3076 1965 3148 (Rom.
1996 3093 2071 3140 xl,

505 3163 574 3216 16
607 3161 740 3233 24γῖ
767 3165 932 3228 Quem
975 3173 1150 3218 autem
1179 3181 1282 3218 non
1313 3165 1466 3218 faciat
1488 3166 1768 3233 intentum,
1793 3166 1931 3234 quod
1960 3175 2078 3236 post

500 3253 823 3306 ablutionem
850 3255 915 3307 dc
943 3254 1162 3323 singulis
1189 3255 1481 3323 quibusque
1505 3255 1716 3317 dicitur,
1751 3254 1818 3307 Et
1853 3256 2072 3308 immun-

501 3343 598 3396 dus
626 3345 716 3396 erit
759 3344 1004 3412 usquead
1043 3346 1338 3414 vesperam?
1363 3343 1544 3412 Neque
1587 3344 1670 3398 hic
1713 3353 1936 3411 tantum,
1981 3345 2076 3400 sed

503 3435 555 3489 in
583 3436 848 3498 omnibus,
874 3446 962 3488 aut
991 3453 1123 3504 pene
1151 3437 1200 3490 in
1228 3438 1473 3492 omnibus
1503 3437 1695 3492 talibus
1721 3437 2078 3492 inundationi-

502 3527 600 3582 bus
628 3529 727 3581 hoc
753 3529 962 3582 dicitur.
992 3528 1092 3584 Ubi
1117 3530 1296 3583 nescio
1320 3538 1493 3582 utrum
1517 3528 1711 3596 aliquid
1739 3529 1880 3583 aliud
1911 3519 2078 3599 po‘ssit

501 3617 740 3687 intelligi,
791 3606 890 3672 nisi
935 3619 1076 3687 quod
1119 3619 1291 3673 omnis
1340 3617 1500 3671 homo
1547 3628 1664 3686 post
1704 3619 2074 3673 remissionem

501 3707 861 3778 pleniSsimam
885 3720 1216 3777 peccatorum
1245 3708 1602 3778 permanendo
1625 3709 1678 3762 in
1701 3709 1799 3763 hac
1824 3711 1926 3763 vita
1947 3724 2076 3762 con-

503 3797 664 3850 trahit
689 3798 906 3866 aliquid,
936 3799 1075 3853 unde
1113 3800 1182 3852 sit
1210 3798 1514 3853 immundus
1537 3815 1704 3869 usque
1726 3799 1791 3852 ad
1834 3800 2073 3869 ejusdem

504 3888 622 3941 vitae
673 3889 849 3951 linem,
883 3889 968 3943 ubi
1009 3890 1057 3943 ei
1087 3889 1201 3944 dies
1231 3891 1328 3943 iste
1357 3889 1749 3959 quodammodo
1789 3889 2070 3956 clauditur,

502 3975 642 4045 quod
669 3975 926 4045 signiﬁcat
947 3993 1187 4046 vespera.

578 4067 776 4120 Deinde
799 4067 978 4135 incipit
998 4069 1266 4135 Scriptura
1289 4066 1486 4132 dicere,
1507 4074 1562 4122 et
1582 4066 1885 4136 exsequitur
1899 4082 2076 4136 quem-

500 4157 786 4213 admodum
815 4157 1063 4210 immundi
1088 4156 1210 4211 facti
1241 4157 1504 4219 homines,
1535 4173 1667 4224 aqua
1701 4155 1782 4209 illa
1812 4157 2077 4224 aSpersio-

503 4249 585 4302 nis
611 4249 953 4316 purilieentnr
975 4266 987 4301 :
1020 4248 1120 4312 Qui
1144 4250 1378 4317 tetigerit,
1408 4248 1596 4316 inquit,
1619 4257 1888 4312 mortuum,
1913 4249 2075 4302 omnis

503 4341 671 4392 animo
698 4341 912 4394 hominis
934 4341 1190 4394 immunda
1211 4341 1302 4394 erit
1328 4352 1514 4411 septem
1541 4341 1712 4394 diebus
1741 4355 1758 4392 :
1785 4341 1862 4393 hic
1889 4341 2073 4408 puriﬁ-

503 4430 696 4482 robitur
724 4429 806 4482 die
830 4431 972 4483 tertio
999 4441 1041 4484 et
1071 4431 1151 4484 die
1178 4432 1406 4501 septimo,
1437 4439 1484 4484 et
1510 4430 1726 4484 mundus
1753 4431 1864 4482 erit.
1898 4429 1962 4482 Et
1991 4429 2076 4484 hie

503 4522 633 4576 nihil
663 4523 803 4576 aliud
833 4522 1226 4591 intelligendum
1264 4522 1435 4584 video,
1469 4521 1567 4574 nisi
1597 4529 1898 4574 contactum
1930 4536 2073 4573 mor-

503 4613 597 4675 tui,
642 4627 762 4667 esse
789 4613 1016 4666 hominis
1048 4613 1396 4683 iniquitatem.
1447 4612 1658 4682 Septem
1699 4627 1827 4665 vero
1870 4611 2074 4666 dierum

505 4703 892 4757 immunditiam
921 4715 1136 4772 prepter
1157 4706 1382 4758 animam
1415 4711 1468 4758 ct
1486 4719 1680 4772 corpus
1706 4703 1897 4756 dictam
1928 4713 2072 4772 pulo;

501 4797 732 4846 animam
782 4795 831 4846 in
871 4795 1130 4857 ternario,
1183 4809 1375 4862 corpus
1419 4794 1469 4846 in
1518 4794 1876 4862 quaternario.
1923 4793 2073 4861 Quod

502 4900 665 4954 quare
709 4884 777 4937 ita
823 4884 910 4948 sit,
960 4883 1171 4952 longum
1203 4895 1282 4936 cst
1310 4884 1599 4952 disputare.
1641 4883 1943 4937 Secumlum
1975 4883 2076 4939 hoc

499 4975 730 5028 arbitror
753 4975 949 5028 dictum
993 4990 1087 5042 per
1117 4975 1446 5043 prephetam,
1483 4973 1543 5028 In
1586 4976 1741 5028 tribus
1779 4985 1825 5029 et
1861 4987 2076 5045 quatuor

499 5065 834 5132 impietatibus
875 5082 972 5116 non
1012 5063 1310 5118 adversabor
1335 5065 1355 5096 ³
1393 5064 1575 5136 (Amos
1621 5079 1658 5126 1,
1706 5065 1795 5125 '5).
1829 5065 2077 5134 Adjungit

499 5166 698 5222 autem,
728 5165 781 5209 et
804 5155 950 5217 dicit,
982 5155 1040 5209 Si
1065 5165 1230 5208 autem
1259 5172 1358 5208 non
1386 5155 1680 5224 puri/iculus
1701 5155 1850 5217 fuerit
1873 5155 1954 5209 die
1974 5165 2074 5209 ter-

499 5249 570 5299 tio
599 5259 643 5300 et
671 5248 752 5300 die
775 5247 1004 5317 septimo,
1034 5263 1131 5300 non
1158 5246 1248 5300 erit
1275 5247 1512 5299 mundus.
1557 5245 1732 5300 Omnis
1759 5247 1844 5316 qui
1868 5248 2078 5317 tetigerit

504 5348 754 5392 mortuum
779 5338 842 5390 ab
867 5339 1003 5392 onmi
1030 5339 1200 5391 anima
1239 5337 1474 5404 hominis,
1515 5347 1562 5391 et
1589 5347 1814 5390 mortuus
1837 5337 2003 5405 fuerit,
2032 5347 2078 5391 et

503 5445 604 5483 non
629 5429 778 5500 fuerit
804 5429 1143 5499 puriﬁcatus;
1173 5425 1226 5482 id
1256 5435 1338 5483 est
1360 5436 1483 5482 ante
1503 5433 1743 5481 mortuus
1759 5425 1914 5480 fuerit
1937 5435 2079 5482 tacto

564 5542 581 5573 ί
606 5547 712 5591 Mss.
739 5539 1042 5591 Michaelinus
1058 5547 1110 5589 et
1131 5513 1400 5598 Beooensis,
1423 5551 1510 5588 nec
1531 5536 1710 5590 uisibile
1731 5543 2082 5590 sacramentum

499 5599 734 5665 contemni
754 5600 902 5665 potuit
923 5601 1146 5665 oblatum,
1173 5601 1288 5664 quin
1308 5600 1454 5652 etiam
1479 5601 1791 5665 extrinsecus,
1820 5608 1914 5650 etc.

562 5665 584 5694 ι
609 5660 1073 5722 Fditi,'adversabor.
1097 5660 1152 5715 at
1169 5660 1299 5728 ῆεεη
1321 5660 1573 5715 aversabor
1600 5663 1775 5727 :juxta
1804 5666 1936 5725 LXX.
1963 5673 2080 5727 apo-

499 5723 858 5787 straphc‘somai.

1336 338 1797 409 QUES'l'lONUll
1834 336 2294 422 S._AUGUSTINI
2330 338 2398 398 IN
2435 344 2983 409 llEPTATEUCllUM

3653 363 3760 421 756

2182 463 2410 522 mortuo,
2457 474 2614 525 quam
2656 463 2812 518 fuerit
2860 466 3202 535 puriﬁcatus;
3232 469 3610 531 tabernaculum
3639 475 3753 531 Do-

2179 547 2303 605 mini
2343 549 2561 625 polluit:
2603 561 2847 613 exteretur
2873 557 2888 586 ¹
2917 558 3085 612 anima
3110 561 3200 614 illa
3231 579 3295 616 ea:
3327 563 3516 620 Israel.
3544 566 3746 623 Notan-

2179 633 2303 689 dum
2332 648 2414 692 est
2454 641 2593 709 quod
2636 643 2942 702 difﬁcillime
2969 651 3231 718 reperitur
3268 653 3322 707 in
3348 653 3431 710 his
3461 657 3610 713 libris
3651 661 3752 714 ali-

2179 724 2304 792 quid
2345 728 2639 785 evidentius
2683 732 2750 787 de
2790 735 2895 789 vita
2939 738 3130 794 animre
3157 753 3276 810 post
3310 756 3534 801 mortem
3580 747 3750 806 fuisse

2178 819 2557 888 conscriptum.
2603 823 2700 879 Hie
2727 840 2854 896 ergo
2895 815 3024 882 cum.
3044 830 3190 897 dicit,
3220 834 3266 889 si
3310 836 3465 892 fuerit
3507 852 3755 902 mortuus

2177 919 2301 966 ante
2328 913 2764 984 puriﬁcationem,
2796 936 3012 977 manere
3040 923 3091 978 in
3131 925 3221 981 illo
3246 928 3661 999 immunditiam,
3697 944 3754 988 et

2177 1005 2342 1057 exteri
2373 1007 2601 1061 animam
2629 1010 2769 1064 illam
2797 1029 2860 1067 ex
2899 1013 3080 1078 Israel,
3123 1018 3172 1072 id
3202 1029 3283 1074 est
3306 1035 3333 1073 a
3361 1025 3631 1079 consortio
3656 1041 3752 1094 po»

2179 1095 2285 1164 puli
2332 1096 2458 1161 Dei;
2491 1100 2615 1168 quid
2644 1101 2787 1156 aliud
2829 1106 2942 1159 vult
2977 1106 3213 1178 intelligi,
3257 1111 3355 1164 nisi
3386 1128 3603 1169 manere
3631 1105 3751 1168 ani.-

2179 1199 2279 1237 ma:
2305 1200 2537 1254 pinnam,
2566 1191 2724 1245 etiam
2755 1204 2874 1262 post
2913 1205 3160 1263 mortem,
3186 1199 3230 1253 si
3268 1215 3388 1254 cum
3416 1203 3562 1269 vivit,
3591 1220 3751 1258 man:-

2178 1272 2297 1328 data
2315 1292 2420 1331 non
2443 1277 2601 1333 fuerit
2623 1295 2955 1339 sacramento
2978 1287 3095 1350 isto,
3119 1304 3224 1356 quo
3243 1289 3438 1346 Christi
3461 1293 3758 1363 haptismus

2178 1367 2464 1437 ﬁguratur?
2494 1371 2746 1438 Quoniam
2768 1393 2899 1447 aqua
2941 1381 3263 1448 aspersionis,
3307 1383 3497 1454 inquit,
3544 1402 3644 1439 non
3675 1397 3752 1442 est

2178 1459 2572 1532 circumaspersa
2595 1483 2746 1536 super
2763 1485 2897 1533 eum,
2919 1469 3204 1524 immundus
3219 1481 3291 1526 est
3308 1488 3329 1536 ,°
3352 1473 3516 1527 adhuc
3536 1476 3754 1530 immun-

2179 1551 2302 1604 ditia
2328 1555 2436 1623 ejus
2461 1555 2513 1608 in
2549 1557 2658 1624 ipso
2682 1566 2772 1610 est.
2820 1558 3017 1624 Adhuc,
3049 1561 3253 1616 scilicet
3279 1565 3436 1633 etiam
3465 1558 3584 1634 post
3609 1581 3755 1620 mor-

2180 1652 2307 1698 tem.
2359 1646 2510 1713 Quod
2551 1663 2676 1702 vero
2712 1663 2871 1717 supra
2913 1651 3064 1715 dixit,
3109 1652 3509 1710 Tabernacutum
3552 1656 3758 1711 Domini

2180 1733 2381 1802 polluit,
2413 1747 2665 1804 quantum
2690 1739 2744 1791 in
2773 1739 2885 1807 ipso
2905 1750 2986 1796 est
3012 1741 3211 1812 utique,
3237 1744 3375 1799 dixit
3402 1763 3416 1800 :
3447 1747 3585 1802 sicut
3611 1748 3751 1815 Apo-

2180 1825 2368 1891 stolus,
2415 1827 2666 1894 Spiritum
2703 1832 2856 1886 nolite
2883 1834 3198 1904 exstinguere
3224 1836 3242 1907 (
3265 1837 3282 1889 l
3308 1837 3485 1893 Thess.
3515 1855 3568 1908 ν,
3615 1839 3752 1906 19);

2179 1931 2300 1972 cum
2329 1921 2589 1990 exstingui
2611 1922 2699 1976 ille
2725 1938 2828 1978 non
2853 1927 3036 1993 possit.
3067 1927 3195 1982 Nam
3221 1929 3264 1983 si
3291 1945 3353 1984 ex
3384 1931 3483 1985 hoc
3503 1931 3752 1996 taberna-

2179 2010 2354 2064 culum
2406 2012 2731 2070 immundum
2775 2015 2970 2072 iactent
3020 2019 3180 2076 vellet
3219 2021 3460 2092 intelligi,
3508 2024 3757 2078 mundari

2182 2094 2361 2162 utique
2381 2094 2612 2163 juberet.

2253 2185 2441 2240 Postea
2470 2203 2593 2242 vero
2623 2187 2922 2244 immundos
2949 2206 2980 2244 a
3011 2192 3232 2248 mortuis
3271 2193 3452 2260 iactos,
3482 2195 3583 2250 hoc
3613 2206 3696 2252 est
3722 2214 3754 2252 a

2181 2275 2406 2329 mortuis
2449 2277 2717 2344 operibus,
2764 2295 2883 2349 qum
2933 2289 3058 2335 sunt
3089 2296 3275 2337 omnes
3315 2283 3637 2354 iniquitates,
3683 2287 3758 2342 ita

2181 2365 2424 2420 mandari
2461 2366 2609 2435 jubet
2649 2368 2757 2423 :Et
2796 2371 3040 2439 accipient
3069 2373 3146 2426 illi
3190 2373 3468 2444 immundo,
3507 2374 3694 2447 inquit,
3723 2395 3761 2430 α

2180 2460 2346 2510 cinere
2386 2457 2525 2511 illius
2570 2470 2756 2513 exusti:
2802 2447 3198 2537 purificationis,
3241 2473 3286 2516 et
3313 2462 3567 2529 e/fnndent
3604 2482 3756 2535 super

2181 2546 2345 2611 illum,
2381 2547 2430 2600 id
2459 2557 2541 2602 est
2565 2562 2723 2617 super
2745 2551 2991 2605 eumdem
3017 2553 3270 2616 cinerem,
3306 2570 3489 2623 aquam
3515 2556 3670 2607 vivam
3701 2555 3762 2610 in

2182 2652 2296 2690 vase
2323 2652 2342 2690 :
2367 2648 2412 2690 et
2433 2639 2682 2708 accipiens
2703 2641 2991 2711 hyssopum,
3015 2644 3264 2714 intingens
3287 2645 3339 2698 in
3359 2661 3491 2715 aqua
3514 2646 3587 2698 vir
3610 2663 3762 2700 inuu-

2183 2726 2298 2790 dus,
2325 2738 2372 2780 et
2396 2729 2854 2802 circumaspergens
2879 2749 3028 2801 super
3050 2734 3272 2800 domum,
3299 2743 3345 2788 et
3373 2752 3524 2805 super
3547 2751 3683 2800 vasa,
3707 2747 3761 2790 at

2181 2834 2332 2884 super
2379 2821 2592 2886 animas,
2623 2832 2860 2889 quotquot
2889 2824 3074 2893 fuerint
3113 2823 3242 2889 illic,
3283 2833 3328 2878 et
3355 2841 3506 2894 super
3530 2842 3644 2879 eum
3668 2826 3756 2896 qui

2183 2908 2392 2978 tetigerit
2417 2925 2471 2962 os
2492 2911 2787 2976 humanum,
2805 2922 2893 2966 aut
2915 2913 3245 2980 vulneratum,
3269 2925 3354 2967 aut
3376 2924 3643 2980 mortuum,
3665 2924 3759 2970 aut.

2183 3009 2591 3064 monumentum;
2627 3010 2673 3054 et
2714 3013 2941 3072 aspergat
2993 3003 3211 3057 mundus
3253 3021 3403 3074 super
3442 3006 3761 3059 immundum

2179 3090 2234 3143 in
2258 3093 2276 3121 '
2304 3091 2386 3144 die
2409 3092 2550 3144 tertio
2573 3101 2618 3144 et
2646 3093 2698 3144 in
2724 3092 2805 3145 die
2830 3093 3041 3162 septimo
3071 3109 3089 3147 :
3117 3102 3162 3147 et
3191 3094 3540 3164 puri/icabitur
3564 3096 3644 3147 die
3668 3091 3768 3149 se?

2182 3184 2357 3252 ptimo,
2399 3193 2445 3238 et
2484 3182 2664 3236 lavubit
2693 3187 2980 3239 vestimenta
3021 3203 3134 3250 sua,
3164 3197 3210 3240 et
3240 3185 3488 3240 iuvabitur
3525 3204 3675 3258 aqua,
3705 3196 3756 3241 et

2180 3265 2468 3327 immundus
2486 3274 2576 3326 erit
2599 3291 2754 3343 usque
2775 3273 2844 3326 ad
2868 3289 3141 3344 vesperam.
3173 3275 3286 3329 Alia
3313 3285 3393 3330 es:
3415 3291 3548 3345 aqua
3573 3290 3756 3344 asper-

2180 3364 2365 3429 sionis,
2403 3372 2458 3417 et
2482 3363 2585 3417 alia
2614 3364 2793 3433 utique
2821 3363 2907 3417 illa
2943 3379 3044 3434 qua
3075 3364 3268 3419 lavahit
3301 3365 3610 3420 vestimenta
3636 3381 3755 3421 sua.

2183 3453 2248 3508 Et
2277 3455 2524 3508 tavabitur
2562 3471 2714 3523 aqua,
2746 3471 2900 3524 quam
2935 3465 3060 3524 puto
3089 3456 3410 3526 spiritualem
3451 3457 3750 3526 intelligen-

2179 3543 2332 3610 dam,
2382 3560 2477 3612 per
2525 3545 2994 3614 signiﬁcationem,
3050 3561 3153 3600 non
3202 3561 3295 3616 per
3347 3548 3746 3617 proprietatem.

2178 3633 2310 3688 Nam
2349 3635 2464 3689 sine
2493 3635 2653 3690 dubio
2681 3636 2901 3690 visibilis
2941 3645 3073 3703 erat,
3105 3637 3242 3693 sicut
3282 3639 3385 3693 illa:
3413 3653 3599 3692 omnes
3637 3653 3754 3692 um-

2182 3729 2290 3783 bra:
2343 3727 2659 3782 hitnrormn.
2707 3728 2934 3783 Proinde
2981 3729 3068 3799 qui
3117 3744 3453 3784 sacramento
3498 3730 3756 3799 Baptismi

2180 3829 2323 3874 recte
2346 3820 2597 3893 abluitur,
2621 3820 2759 3888 quod
2787 3819 2875 3874 illa
2904 3821 3226 3890 aspersiouis
3246 3836 3379 3891 aqua
3405 3822 3751 3890 ﬁgurabatur,

2178 3911 2461 3966 inundatur
2499 3922 2552 3967 et
2589 3912 2954 3980 Spiritualitcr,
2988 3911 3039 3966 id
3082 3922 3164 3965 est
3205 3912 3556 3980 invisibiliter,
3602 3924 3657 3969 et
3699 3917 3754 3970 in

2177 4020 2338 4060 carne
2377 4013 2429 4058 et
2458 4003 2511 4058 in
2554 4005 2750 4067 anima,
2784 4012 2841 4058 ut
2868 4005 2938 4058 sit
2965 4003 3192 4059 mundus
3217 4013 3271 4058 et
3297 4019 3521 4076 corpore
3546 4014 3600 4062 et
3636 4008 3750 4077 Spi-

2179 4093 2303 4148 ritu.
2354 4093 2503 4160 Quod
2556 4107 2682 4146 vero
2731 4091 2960 4164 hyssopo
3001 4091 3135 4146 dixit
3192 4108 3381 4162 aquam
3429 4095 3750 4165 aSpersionis

2177 4184 2407 4252 aspergi,
2438 4197 2540 4252 qua
2587 4181 2748 4237 herba
2793 4197 2950 4250 supra
2981 4181 3210 4236 diximus
3239 4181 3394 4237 fidem
3425 4184 3706 4254 signiﬁcari
3731 4201 3756 4252 ς.

2178 4274 2302 4344 quid
2323 4273 2461 4327 aliud
2488 4273 2738 4336 occurrit,
2763 4273 2860 4326 nisi
2885 4271 3024 4342 quod
3051 4273 3302 4341 scriptum
3319 4283 3420 4340 est,
3452 4274 3578 4327 Fide
3599 4293 3749 4329 mun-

2178 4367 2305 4419 dans
2345 4365 2496 4418 corda
2538 4381 2709 4419 eorum
2743 4364 2890 4435 (Act.
2926 4378 3021 4431 xv,
3053 4363 3166 4433 9)?
3202 4363 3317 4419 Non
3367 4366 3506 4419 enim
3539 4367 3755 4434 prodest

2179 4453 2497 4522 Baptismus,
2539 4454 2581 4507 si
2613 4453 2749 4508 desit
2793 4452 2943 4506 ﬁdes.
2974 4455 3017 4505 A
3045 4453 3159 4506 viro
3182 4463 3357 4508 autem
3399 4454 3594 4508 mundo
3617 4454 3753 4510 dixit

2179 4547 2281 4600 hoc
2305 4545 2440 4611 ﬁeri,
2490 4544 2577 4598 ubi
2613 4543 2974 4614 signiﬁcantur
3003 4544 3227 4598 ministri
3273 4553 3543 4614 portantes
3571 4561 3754 4614 perso-

2179 4653 2299 4690 nam
2331 4633 2534 4690 Domini
2563 4635 2666 4700 sui,
2711 4634 2798 4704 qui
2826 4649 2952 4688 vere
2982 4634 3061 4687 vir
3097 4633 3324 4688 mundus
3353 4642 3438 4689 cst
3460 4634 3501 4688 ³.
3541 4635 3668 4688 Nam
3696 4643 3752 4689 et

2177 4729 2344 4783 dehis
2367 4727 2621 4781 ministris
2642 4727 2692 4779 in
2716 4725 3159 4794 consequentibus
3175 4724 3319 4790 dicit,
3345 4723 3412 4777 Et
3431 4726 3515 4794 qui
3538 4727 3755 4777 circum-

2177 4828 2405 4889 asperget
2433 4833 2618 4887 aquam
2645 4816 2966 4886 aspersionis,
3015 4813 3197 4868 lavabit
3227 4816 3514 4868 vestimenta
3542 4829 3669 4879 sua;
3698 4815 3754 4872 id

2177 4925 2276 4980 est,
2317 4911 2618 4968 observabit
2657 4919 2712 4965 et
2749 4925 2974 4979 corpore
2997 4907 3038 4962 ‘.
3082 4907 3149 4961 Et
3190 4908 3275 4979 qui
3316 4908 3527 4979 tetigerit
3567 4924 3752 4977 aquam

2241 5050 2260 5082 ι
2283 5048 2420 5104 editi,
2439 5041 2828 5096 exterminabitur
2845 5055 2864 5104 ;
2880 5047 3090 5103 excepto
3104 5046 3202 5090 ttat.
3222 5042 3307 5104 qui
3321 5053 3432 5090 eum
3452 5047 3560 5090 Mss.
3583 5040 3755 5102 habet.

2178 5115 2680 5234 cqegdii‘ietaliquot
2702 5173 2806 5234 Mss.
2831 5169 2939 5234 post
2969 5160 3114 5234 fuisse
3137 5159 3481 5234 emiseriptnrn._
3495 5162 3760 5234 subjiciunt

2167 5233 2418 5294 proxime.
2543 5221 2689 5294 ἔᾷνιίο.
2701 5233 2747 5276 ει
2767 5221 3142 5294 “diem
3163 5236 3182 5274 -'
3197 5231 3244 5273 α
3259 5221 3608 5294 W‘W,
3630 5232 3758 5294 5M-

2177 5286 2414 5344 detractis'
2431 5287 2656 5339 videlicet
2677 5287 2980 5337 intermediis
2995 5286 3215 5349 quinque
3248 5286 3300 5334 et
3323 5286 3489 5347 viginti
3513 5286 3757 5349 versibus,

2179 5368 2302 5419 quos
2317 5351 2618 5419 restituimus
2637 5361 2732 5419 0pc
2766 5356 2986 5398 veterum
3249 5345 3568 5419 corbeiensis,
3581 5345 3758 5419 abna—

2179 5406 2279 5474 iiei,
2304 5420 2356 5463 et
2374 5406 2720 5470 Cisterciensis,
2743 5422 2934 5474 necnon
2953 5407 3374 5474 auctoritateflori
3390 5420 3480 5457 seu
3502 5408 3640 5474 Beda
3655 5406 3762 5458 vul-

2180 5469 2279 5540 gati
2303 5477 2353 5524 in
2373 5478 2636 5540 Comment.
2659 5469 2806 5540 super
2814 5469 3073 5540 _Epistolam
3090 5469 3150 5518 ad
3170 5471 3414 5540 lichanos,
3434 5481 3537 5540 cap.
3561 5469 3616 5539 9..

2245 5539 2266 5569 ³
2288 5545 2337 5600 In
2360 5536 2589 5584 excusis:
2618 5529 2875 5600 portantes
2915 5543 3142 5600 personas
3179 5530 3370 5581 Domini
3405 5529 3503 5600 sui,
3533 5529 3764 5600 guinem

2180 5598 2387 5649 mundus
2407 5603 2492 5646 est.
2519 5602 2590 5644 At.
2615 5596 2664 5643 in
2683 5601 2806 5653 Mss,
2835 5591 3073 5658 portantes
3095 5605 3344 5659 personam
3361 5591 3548 5643 Domini
3562 5591 3657 5652 sui,
3673 5601 3761 5653 qus

2183 5673 2292 5712 vere
2312 5659 2384 5710 vir
2406 5659 2614 5707 mundus
2633 5661 2722 5706 est.

2247 5722 2269 5756 ⁸
2386 5729 2489 5770 Mss.
2515 5726 2569 5770 Al
2591 5717 2727 5782 editi,
2748 5722 2795 5769 et
2817 5729 3006 5781 corpus.
