4136 6474
359 403 461 458 737

356 514 679 587 aspersionis,
708 510 996 565 immundus
1021 509 1112 563 erit
1136 525 1292 579 usque
1316 509 1384 561 ad
1407 524 1679 576 uesperam.
1708 507 1771 560 Et
1793 522 1953 560 omne

358 606 706 676 quodcumque
727 602 941 671 tetigerit
972 600 1101 654 illud
1125 600 1431 662 immundus,
1461 598 1772 651 immundum
1800 596 1892 649 erit
1920 610 1940 650 :

359 707 406 751 et
432 696 601 749 anima
624 708 737 763 qua
754 690 984 763 tetigerit,
1009 691 1269 743 immunda
1289 690 1380 743 erit
1405 705 1558 757 usque
1579 688 1645 740 ad
1663 702 1935 756 vesperam.

359 787 475 844 lam
520 785 630 842 dixi
673 784 920 853 superius
962 781 1089 852 quid
1135 781 1262 835 mihi
1305 780 1604 850 signiﬁcare
1657 779 1937 841 videatur,

358 895 517 948 usque
544 877 612 929 ad
640 891 916 945 uesperam.

433 966 673 1022 XXXIV.
705 963 806 1037 [lb.
830 962 1081 1036 xix,16.]
1113 962 1287 1017 Omnis
1311 961 1397 1031 qui
1430 961 1642 1031 tetigerit
1671 975 1842 1028 super,
1857 962 1941 1029 fa-

358 1061 487 1113 ciem
509 1057 675 1126 campi
702 1056 1033 1120 vulneratum,
1075 1063 1162 1106 aut
1200 1062 1474 1118 mortuum,
1506 1060 1592 1104 aut
1616 1067 1671 1104 os
1703 1050 1939 1115 hominis,

360 1156 449 1201 aut
471 1154 881 1201 monumentum.
915 1145 1089 1211 Qua-ri
1116 1153 1288 1213 potest
1312 1141 1434 1211 quid
1452 1142 1649 1196 dictum
1680 1141 1749 1194 sit
1766 1141 1941 1193 vulne-

361 1246 547 1303 mtum,
574 1246 659 1290 aut
679 1244 949 1289 mortuum.
976 1234 1031 1290 Si
1055 1234 1195 1288 enim
1225 1232 1366 1286 aliud
1393 1232 1560 1286 voluit
1584 1231 1801 1300 intelligi
1829 1231 1946 1284 vul-

364 1339 628 1395 neratum,
655 1328 798 1382 aliud
828 1335 1126 1386 mortuum;
1173 1323 1464 1379 cavendum
1504 1330 1589 1377 est
1629 1338 1697 1377 ne
1732 1331 1945 1391 putetur

364 1419 669 1475 immundus
692 1433 813 1472 esse
834 1417 994 1471 etiam
1020 1417 1107 1486 qui
1130 1415 1361 1486 tetigerit
1378 1415 1711 1469 vulneratum
1742 1415 1942 1477 vivum,

362 1510 505 1576 quod
552 1509 731 1577 utique
756 1508 1042 1562 absurdum
1069 1514 1169 1561 est.
1196 1505 1299 1561 Sed
1327 1506 1447 1575 quia
1476 1513 1696 1575 possunt
1718 1512 1772 1557 et
1797 1519 1945 1557 mor—

366 1600 441 1654 tui
466 1614 585 1655 esse
608 1598 888 1663 vulnerati,
920 1597 1063 1667 ipsos
1085 1605 1321 1651 mortuos
1343 1596 1649 1665 intelligitur
1667 1594 1947 1650 disci-evis-

364 1706 443 1753 se.
484 1700 543 1745 ut
569 1698 625 1746 et
660 1690 987 1744 vulneratum
1035 1697 1301 1743 mortuum
1351 1687 1729 1757 intelligamus,
1764 1686 1815 1741 id
1841 1695 1941 1751 est,

364 1782 587 1836 vulnere
618 1788 943 1850 peremptum
966 1789 1055 1835 aut
1081 1788 1344 1835 mortuum
1371 1779 1486 1833 sine
1512 1780 1749 1833 vulnere.

434 1872 652 1929 XXXV.
682 1871 780 1943 [lb.
801 1888 890 1938 xx,
907 1871 1017 1945 11.]
1039 1871 1272 1938 Quodde
1296 1881 1444 1941 petra
1466 1885 1599 1939 aqua
1621 1870 1811 1925 educta
1839 1877 1943 1932 est,

366 1965 638 2035 apostolus
655 1964 850 2020 Paulus
866 1964 991 2035 quid
1015 1972 1161 2021 esset
1179 1964 1442 2034 exposuit,
1462 1963 1546 2017 ubi
1570 1965 1662 2028 ait,
1687 1960 1755 2015 Et
1774 1977 1946 2015 omnes

366 2060 594 2115 eumdem
619 2070 791 2132 potum
818 2060 1134 2129 spiritualem
1157 2059 1399 2113 biberunt.
1430 2054 1673 2109 Bibebant
1684 2057 1828 2119 ,enim
1852 2053 1949 2107 ‘de

366 2152 620 2220 spirituali
638 2150 860 2220 sequenti
871 2158 1011 2219 petra
1030 2165 1048 2204 :
1064 2159 1203 2219 petra
1222 2158 1387 2201 autem
1401 2156 1507 2200 erat
1526 2145 1755 2201 Christus
1768 2144 1809 2215 (I
1828 2145 1947 2198 Cor.

367 2256 418 2303 x,
443 2240 520 2311 4).
550 2240 852 2309 Signiﬁcata
890 2247 972 2294 est
999 2254 1126 2310 ergo
1148 2238 1215 2293 de
1242 2237 1454 2292 Christo
1489 2235 1755 2306 proﬂuens
1781 2234 1947 2303 gratia

366 2330 675 2399 spiritualis,
725 2346 827 2401 qua
877 2330 1096 2384 interior
1144 2328 1259 2382 sitis
1309 2328 1630 2395 irrigaretur.
1675 2324 1778 2379 Sed
1806 2323 1947 2394 quod

366 2421 512 2489 virga
542 2428 691 2490 petra
720 2420 1032 2491 percutitur,
1055 2435 1187 2473 crux
1218 2417 1414 2473 Christi
1459 2416 1729 2484 ﬁguratur.
1780 2414 1949 2482 Ligno

368 2512 509 2566 enim
537 2508 823 2567 accedente
861 2510 926 2565 ad
960 2519 1184 2580 petram,
1214 2507 1378 2579 gratia
1418 2506 1648 2560 manavit
1681 2515 1771 2559 :et
1808 2504 1949 2574 quod

369 2603 451 2658 bis
502 2603 839 2673 percutitur,
893 2600 1188 2655 evidentius
1240 2599 1501 2669 signiﬁcat
1552 2612 1784 2651 crucem.
1837 2597 1951 2650 Duo

367 2696 563 2768 quippe
589 2694 728 2764 ligna
758 2700 880 2747 sunt
898 2706 1048 2746 crux.

440 2787 679 2842 XXXVI.
713 2785 812 2860 [lb.
844 2801 931 2849 xx,
962 2781 1074 2855 15.]
1087 2782 1238 2850 Quod
1263 2782 1330 2837 de
1354 2796 1489 2851 aqua
1511 2782 1597 2836 illa
1622 2798 1740 2852 qua!
1766 2781 1832 2835 de
1854 2796 1949 2851 pe-

372 2889 453 2934 tra
501 2880 752 2951 proﬂuxit
791 2878 988 2933 dictum
1037 2888 1138 2939 est,
1180 2875 1304 2929 Ilaec
1342 2893 1473 2943 aqua
1517 2875 1945 2941 contradictiouis,

369 2971 487 3040 quia
515 2970 880 3024 maledixerunt
920 2968 1016 3037 ﬁlii
1045 2966 1208 3020 Israel
1233 2976 1348 3020 ante
1377 2966 1666 3033 Dominum,
1691 2976 1737 3019 et
1762 2967 1951 3020 sancti-

375 3065 557 3133 ficatus
582 3065 724 3118 estin
756 3063 877 3131 ipsis
900 3078 919 3115 :
943 3063 1089 3131 prius
1119 3059 1525 3124 maledixeruut,
1557 3059 1768 3129 quando
1791 3058 1951 3114 locuti

371 3166 497 3212 sunt
517 3166 703 3211 contra
733 3155 1043 3209 benelicium
1078 3151 1303 3215 Domini,
1330 3167 1436 3221 quo
1477 3151 1653 3206 educti
1697 3159 1849 3206 erant
1885 3150 1954 3205 de

378 3249 645 3320 Egypto;
673 3255 725 3302 et
755 3255 935 3316 postea
961 3244 1318 3300 sanctiﬁcatus
1341 3253 1422 3296 est
1449 3243 1499 3296 in
1525 3241 1672 3312 ipsis.
1717 3256 1835 3297 cum
1862 3240 1954 3296 illo

372 3341 633 3396 miraculo
654 3338 967 3409 proﬁuentis
991 3352 1142 3406 aqua:
1157 3336 1271 3405 ejus
1292 3333 1542 3388 sanctitas
1557 3333 1819 3388 declarata
1850 3342 1951 3388 est.

375 3433 459 3487 An
483 3430 620 3486 forte
645 3429 751 3484 duo
776 3441 969 3498 genera
1012 3425 1283 3479 hominum
1310 3424 1711 3491 demonstravit,
1738 3433 1807 3479 et-
1829 3439 1957 3478 con-

373 3523 745 3581 tradicentium
793 3521 977 3591 gratia;
1021 3518 1255 3583 Christi,
1295 3528 1348 3573 et
1384 3518 1785 3587 percipientium
1834 3533 1951 3587 gra-

375 3615 503 3669 tiam
542 3613 768 3678 Christi;
810 3621 867 3665 ιιι
894 3612 1002 3666 illis
1042 3611 1111 3665 sit
1152 3624 1286 3679 aqua
1326 3609 1791 3674 contradictionis,
1840 3609 1956 3663 istis

374 3701 838 3760 sanctiﬁcationis?
859 3699 990 3755 Nam
1017 3707 1073 3755 et
1096 3698 1164 3754 de
1209 3700 1323 3768 ipso
1352 3697 1639 3752 Dominoin
1672 3697 1957 3768 Evangelio

374 3795 587 3865 legitur,
621 3793 687 3847 Et
714 3795 768 3847 in
812 3794 1015 3863 signum
1044 3791 1131 3844 cui
1174 3791 1545 3843 contradicetur
1570 3789 1716 3859 (Luc.
1752 3807 1807 3857 ιι,
1839 3791 1954 3863 54).

445 3886 706 3944 XXXVII.
740 3888 837 3963 [lb.
852 3904 943 3953 xx,
974 3888 1060 3953 17,
1088 3883 1355 3959 l9.]’Quod
1384 3885 1520 3938 inter
1535 3886 1777 3939 mandata
1809 3886 1957 3957 Moy-

374 3993 464 4035 ses
490 3980 556 4033 ad
578 3995 756 4050 regem
786 3978 954 4034 Edom
979 3978 1108 4034 dicit
1127 3978 1265 4032 inter
1289 3985 1503 4039 cetera,
1539 3975 1715 4046 Neque
1737 3978 1957 4032 bibemus

373 4071 558 4140 aquam
582 4070 646 4125 de
685 4070 800 4124 lacu
844 4079 951 4134 tuo,
993 4067 1388 4138 intelligendum
1434 4076 1516 4121 est
1556 4068 1742 4137 gratis,
1772 4068 1823 4123 id
1854 4077 1955 4135 est,

372 4162 498 4232 quia
521 4175 626 4215 non
650 4160 814 4231 gratis
843 4160 1084 4215 bibemus
1115 4176 1129 4212 ι
1160 4159 1299 4229 quod
1331 4167 1511 4227 postea
1534 4158 1852 4222 manifestat,
1880 4159 1959 4213 di-

373 4268 524 4320 cens,
558 4251 618 4309 Si
641 4262 806 4307 autem
826 4252 888 4307 de
912 4268 1043 4316 aqua
1065 4260 1151 4304 tua
1177 4250 1414 4317 bibemus,
1442 4265 1533 4321 ego
1550 4260 1596 4303 et
1618 4266 1798 4319 pecora
1822 4267 1955 4318 mea,

374 4346 507 4401 dabo
536 4344 881 4415 pretiumtibi.

446 4437 735 4494 XXXVII].
760 4434 862 4511 [lb.
885 4452 976 4502 xx,
1004 4435 1116 4508 17.]
1139 4434 1259 4489 Non
1276 4434 1639 4491 declinabimus
1660 4435 1713 4490 in
1755 4435 1960 4489 dextera

375 4544 535 4599 neque
576 4530 630 4583 in
672 4529 877 4583 sinistra
904 4543 923 4581 :
947 4527 1217 4597 pluraliter
1249 4526 1447 4580 dictum
1496 4537 1598 4594 est,
1643 4527 1696 4581 in
1734 4542 1797 4581 ea
1841 4542 1960 4597 qua:

376 4618 596 4674 dextera
626 4627 770 4684 sunt,
789 4613 885 4673 vel
904 4602 1028 4688 qua:
1050 4616 1259 4671 sinistra
1290 4624 1430 4670 sunt.

448 4707 691 4763 XXXIX.
724 4707 822 4781 [lb.
852 4725 939 4772 xx,
964 4707 1079 4780 ει]
1108 4705 1225 4761 Νοη
1244 4707 1510 4761 introibitis
1529 4708 1580 4760 in
1610 4717 1793 4761 terram
1809 4723 1961 4778 quam

375 4799 496 4852 dedi
517 4799 639 4867 ﬁliis
666 4797 831 4853 Israel
854 4799 906 4851 in
943 4798 1339 4868 possessionem;
1367 4798 1602 4867 quoniam
1632 4798 1961 4851 exacerbastis

378 4906 460 4943 me
493 4906 644 4959 super
684 4905 869 4961 aquam
910 4888 1290 4943 maledictionis.
1329 4887 1497 4954 Quam
1544 4888 1675 4943 dixit
1716 4890 1961 4960 superius

377 4998 571 5053 aquam
599 4981 1050 5051 contradictionis,
1078 4980 1244 5050 ipsam
1273 4979 1401 5034 dicit
1421 4980 1506 5035 hic
1529 4981 1916 5037 maledictionis
1944 5001 1958 5037 :

379 5088 489 5129 non
516 5073 660 5129 enim
684 5073 757 5127 ait
778 5077 1065 5139 αντιλονίας,
1096 5069 1191 5125 sed
1222 5074 1475 5140 λοιδορίας.

450 5163 565 5219 XL.
589 5162 697 5236 [lb.
731 5179 840 5229 xxi,
870 5161 949 5234 2.]
982 5162 1049 5215 Et
1072 5162 1199 5216 vovit
1224 5159 1387 5215 Israel
1432 5170 1599 5215 votum
1648 5161 1884 5230 Domino,
1914 5173 1963 5218 et

374 5256 530 5323 dixit,
557 5255 618 5310 Si
642 5256 765 5309 milii
812 5253 1078 5308 tradideris
1116 5253 1358 5323 populum
1390 5254 1538 5307 istum
1575 5253 1868 5323 subjectum,
1912 5256 1963 5310 id

380 5356 485 5411 est,
512 5347 559 5400 si
585 5345 711 5400 mihi
738 5360 859 5399 eum
907 5343 1161 5399 tradendo
1205 5344 1518 5412 subjeceris,
1548 5344 1876 5397 anathcmabo
1899 5345 1965 5397 il-

381 5439 492 5494 lum
504 5449 552 5495 et
571 5440 788 5493 ciuitates
803 5439 929 5509 ejus.
959 5437 1054 5491 llic
1082 5435 1365 5490 videndum
1389 5444 1491 5498 est,
1521 5436 1787 5504 quomodo
1814 5436 1963 5491 dira-

384 5543 471 5587 tur
496 5530 848 5595 anatliemabo,
870 5527 1013 5598 quod
1034 5534 1273 5591 vovetur,
1290 5534 1345 5581 et
1366 5534 1539 5579 tamen
1564 5541 1657 5594 pro
1682 5526 1962 5581 maledicto

382 5624 619 5696 ponitur,
645 5623 783 5695 sicut
802 5620 939 5677 etde
959 5620 1062 5676 isto
1087 5618 1282 5691 populo
1306 5617 1532 5673 dicitur:
1558 5617 1697 5674 unde
1717 5617 1842 5673 illud
1859 5626 1960 5685 cst,

444 5824 468 5856 ¹
492 5822 629 5885 aditi,
652 5827 827 5874 autem
867 5828 975 5873 Mss.
1000 5833 1137 5886 vero,
1161 5819 1288 5873 enim
1304 5855 1319 5884 ,
1346 5821 1483 5886 juxta
1506 5834 1735 5886 graecum.

1662 393 1857 447 LIBER
1899 392 2246 460 QUARTUS.

2045 509 2225 575 Siquis
2245 510 2378 565 vobis
2396 512 2799 583 euangelizaverit
2831 526 3160 588 prazterquam
3180 518 3314 588 quod
3332 524 3616 592 accepistis,

2043 603 2310 655 anathema
2337 604 2403 656 sit
2426 604 2617 678 (Galut.
2648 623 2683 669 ι,
2707 606 2784 676 9).
2819 607 2948 662 llinc
2976 610 3131 677 vulgo
3168 608 3380 664 ductum
3419 620 3520 677 est,
3564 620 3624 667 ut

2044 692 2308 747 devolatiu
2345 696 2588 750 dicatur:
2624 714 2741 751 nam
2785 698 3036 755 devotare
3061 715 3121 755 se
3149 687 3487 772 quemquam,
3524 719 3622 759 ne-

2044 801 2133 841 mo
2164 788 2271 841 fere
2300 787 2443 852 chit,
2470 788 2568 842 nisi
2600 790 2940 845 maledicens.

2114 877 2251 930 XLI.
2285 876 2381 949 [lb.
2414 895 2521 941 χιιι,
2554 879 2631 951 5.]
2678 881 2741 933 Et
2784 882 3120 935 anathemavit
3145 900 3256 937 eum
3288 894 3335 938 et
3378 884 3631 938 civitatem

2047 965 2155 1029 eius
2182 981 2202 1020 :
2228 978 2275 1019 et
2302 978 2527 1021 vocatum
2553 981 2622 1022 est
2659 986 2835 1023 nomen
2866 972 2964 1024 loci
3000 973 3136 1026 illius
3164 972 3461 1026 Anatltema.
3494 974 3635 1027 Hinc

2047 1055 2261 1110 ductum
2290 1065 2374 1111 est
2402 1065 2458 1110 ut
2484 1058 2785 1123 anathema,
2814 1060 3123 1115 detestabile
3158 1063 3354 1132 aliquid
3402 1072 3455 1117 et
3492 1063 3624 1117 abo-

2048 1148 2296 1202 minabile
2324 1147 2580 1202 videatur.
2610 1150 2675 1204 Ut
2700 1151 2842 1204 enim
2870 1151 2995 1204 nihil
3036 1150 3159 1206 inde
3188 1152 3352 1207 vietor
3392 1150 3445 1205 in
3491 1168 3620 1206 usus

2048 1253 2174 1292 suos
2198 1240 2447 1300 auferret,
2475 1240 2567 1294 sed
2596 1249 2760 1294 totum
2793 1242 2844 1294 in
2877 1257 3095 1312 prunam
3113 1244 3355 1298 luendam
3385 1253 3622 1307 voveret,

2052 1328 2151 1383 hoc
2193 1340 2306 1383 erat
2349 1330 2710 1393 anathemare,
2752 1331 2891 1395 quod
2924 1332 3078 1400 vulgo
3105 1332 3297 1386 dicitur
3348 1333 3645 1387 devolare.-

2049 1422 2209 1493 Origo
2234 1432 2408 1478 autem
2441 1422 2595 1493 hujus
2640 1424 2783 1477 verbi
2815 1434 2894 1477 est
2926 1424 2975 1477 in
3002 1439 3172 1493 grteca
3224 1425 3393 1494 lingua
3433 1425 3501 1477 ab
3545 1425 3627 1478 his

2050 1516 2229 1580 rebus,
2258 1531 2376 1585 quae
2403 1525 2538 1569 vota:
2577 1522 2628 1567 et
2670 1514 2977 1584 persoluta),
3010 1514 3107 1567 hoc
3133 1522 3233 1578 est,
3262 1528 3534 1583 promissu:
3576 1523 3631 1567 et

2052 1605 2291 1669 redditae,
2310 1621 2517 1659 sursum
2546 1605 2941 1673 ponclmntnrin
2960 1604 3188 1673 templis.
3211 1608 3308 1659 ἀπὸ
3328 1615 3409 1658 τοῦ
3435 1610 3529 1658 ἄνω
3550 1629 3628 1659 τι·
3726 1658 3741 1671 ι

2049 1705 2176 1750 tum
2207 1714 2219 1749 :
2253 1697 2352 1751 hoc
2380 1704 2505 1789 est,.
2519 1711 2729 1750 sursum
2774 1710 2989 1765 ponere,
3019 1695 3101 1749 vel
3130 1694 3357 1765 ﬁgendo,
3401 1695 3484 1749 vel
3507 1710 3639 1750 sus-t

2052 1788 2356 1860 pendendo.

2125 1881 2278 1936 XLII.
2306 1879 2404 1953 [lb.
2425 1881 2636 1947 XXI,15,
2666 1878 2776 1951 1-1.]
2799 1880 2853 1932 ln
2870 1878 3057 1933 itinere
3076 1879 3300 1932 ﬁliorum
3328 1878 3507 1941 Israel.
3527 1893 3647 1947 quo

2053 1982 2221 2027 castra
2248 1973 2643 2040 promovebant,
2661 1980 2818 2038 atque
2839 1969 3120 2038 ponebant,
3142 1968 3279 2023 inter
3295 1979 3485 2022 caitera
3505 1970 3633 2021 scri-

2055 2072 2200 2131 ptum
2230 2070 2330 2127 est,
2363 2060 2430 2114 Et
2455 2061 2571 2114 inde
2595 2070 2759 2113 castra
2793 2059 3156 2112 collocaverunt
3185 2069 3322 2111 trans
3364 2059 3537 2111 Arnon
3576 2060 3627 2110 in

2054 2170 2216 2208 eremo
2243 2154 2282 2218 ι,
2300 2152 2433 2222 quod
2443 2160 2649 2205 exstata
2676 2150 2912 2203 limitibus
2930 2150 3357 2203 Amorrhteorum.
3382 2146 3466 2201 Est
3494 2151 3626 2202 enim

2054 2244 2227 2297 Arnon
2245 2245 2382 2297 limes
2395 2242 2546 2296 Moab
2558 2244 2578 2273 '
2594 2242 2723 2295 inter
2737 2240 2885 2294 Moab
2902 2251 2945 2293 et
2962 2241 3091 2295 inter
3112 2242 3474 2293 Amori-lucum.
3501 2238 3635 2293 Pro-

2057 2347 2224 2401 pterea
2240 2335 2422 2387 dicitur
2440 2336 2492 2387 in
2512 2334 2657 2396 libro,
2678 2331 2872 2386 Bellum
2894 2331 3093 2385 Domini
3112 2330 3249 2385 Zoeb
3278 2332 3629 2400 inﬂammavit,

2055 2436 2103 2479 et
2122 2435 2358 2478 torrentes
2380 2426 2570 2487 Arnon,
2586 2433 2632 2477 et
2646 2433 2885 2476 torrentes
2895 2422 3436 2475 constituitinhabitare
3450 2420 3542 2473 Er.
3569 2420 3628 2473 In

2054 2532 2160 2585 quo
2190 2517 2323 2570 libro
2352 2514 2454 2569 hoc
2479 2514 2730 2582 Scriptum
2757 2512 2844 2578 sit,
2864 2528 2967 2566 non
2993 2511 3444 2573 commemoravit,
3464 2525 3640 2578 neque

2056 2607 2194 2661 ullus
2216 2615 2297 2660 est
2327 2607 2376 2658 in
2400 2606 2483 2658 his
2510 2619 2645 2674 quos
2671 2604 2862 2657 divina:
2900 2603 3205 2671 Scripturm
3228 2603 3511 2656 (:anouicos
3534 2617 3633 2670 ap-

2056 2697 2337 2767 pellamus.
2372 2696 2444 2749 De
2471 2695 2662 2749 talibus
2690 2694 2995 2748 occasiones
3033 2693 3320 2761 reperiunt,
3346 2693 3435 2761 qui
3473 2692 3636 2749 libros

2057 2787 2389 2857 apocryphos
2418 2787 2743 2840 incautorum
2768 2785 2985 2839 auribus
3011 2794 3065 2839 et
3089 2786 3418 2839 curiosorum
3449 2799 3637 2840 conauc

2060 2888 2145 2933 tur
2173 2881 2425 2943 inserere,
2467 2878 2531 2932 ad
2571 2876 2962 2947 persuadendas
3002 2876 3264 2930 fabulosas
3317 2876 3635 2945 impietates.

2059 2970 2163 3025 Sed
2195 2971 2279 3023 hic
2302 2970 2497 3024 dictum
2528 2978 2610 3022 est
2651 2968 2902 3037 scriptum
2933 2968 2984 3020 in
3014 2966 3169 3029 libro,
3202 2981 3304 3019 non
3330 2966 3526 3020 dictum
3556 2975 3640 3021 est

2057 3061 2111 3117 in
2138 3062 2291 3130 cujus
2323 3060 2591 3129 propheta:
2619 3059 2702 3112 vel
2732 3057 3041 3127 patriarcha:
3066 3066 3252 3111 sancto
3279 3058 3435 3112 libro.
3456 3056 3639 3127 Neque

2059 3141 2358 3225 negandum
2410 3159 2491 3206 est
2534 3150 2694 3205 fuisse
2736 3150 2844 3218 jam
2868 3150 3027 3202 libros
3077 3149 3191 3202 sive
3234 3147 3638 3212 Chaldaeorum,

2060 3247 2198 3301 unde
2222 3260 2468 3315 egressus
2495 3253 2575 3297 est
2609 3243 2903 3306 Abraham;
2952 3242 3068 3295 sive
3116 3240 3507 3311 IEgyptiorum,
3550 3238 3643 3294 ubi

2060 3337 2317 3392 didicerat
2342 3336 2546 3405 Moyses
2571 3350 2781 3387 omnem
2814 3333 3019 3385 illorum
3050 3330 3394 3400 sapientiam;
3426 3332 3536 3383 sive
3550 3344 3639 3383 cu-

2056 3426 2249 3496 jusque
2273 3426 2445 3495 gentis
2474 3424 2714 3488 alterius,
2739 3423 2790 3475 in
2819 3437 3043 3491 quorum
3072 3421 3323 3473 libroruin
3353 3420 3529 3489 aliquo
3556 3435 3640 3487 po-

2063 3520 2158 3572 tuit
2186 3518 2287 3571 huc
2312 3532 2430 3571 esse
2456 3520 2711 3584 scriptum
2746 3532 2758 3566 :
2790 3513 2876 3583 qtti
2910 3522 3081 3566 tamen
3114 3525 3217 3564 non
3244 3510 3363 3563 ideo
3390 3511 3459 3564 sit
3489 3524 3639 3564 assu-

2064 3611 2288 3665 mendns
2317 3609 2370 3662 in
2396 3623 2485 3661 eas
2510 3606 2810 3674 Scripturas
2833 3604 3023 3672 quibus
3043 3603 3215 3656 divina
3238 3602 3640 3656 commendatur

2061 3703 2376 3763 auctoritas;
2408 3701 2543 3753 sicut
2586 3713 2683 3753 nec
2728 3696 2980 3767 preplieta
3006 3695 3108 3749 ille
3147 3693 3437 3758 Cretensis,
3487 3692 3638 3761 cujus

2064 3794 2385 3847 mentionem
2433 3790 2555 3843 facit
2599 3788 2883 3857 Apostolus
2928 3783 3052 3855 (Tit.
3084 3783 3266 3851 1,12);
3298 3798 3396 3837 nec
3423 3782 3639 3837 σκιερο-

2062 3900 2178 3938 rum
2224 3883 2507 3949 scriptorcs
2552 3880 2631 3933 vel
2679 3878 2969 3948 phil050phi
3002 3876 3081 3930 vel
3114 3884 3308 3944 poeta),
3340 3889 3472 3943 quos
3499 3873 3637 3929 idem

2063 3976 2177 4046 ipse
2203 3975 2470 4044 apostolus
2494 3986 2738 4041 magnum
2757 3983 2885 4023 sane
2906 3966 3101 4037 aliquid
3123 3974 3175 4019 et
3188 3965 3442 4019 veraciter
3464 3979 3640 4032 promo

2063 4079 2211 4139 ptum
2248 4066 2315 4119 ad
2359 4063 2711 4119 Athenienses
2755 4060 3011 4129 loquens.
3058 4057 3255 4111 dixisse
3307 4055 3631 4109 conﬁrmat:

2066 4160 2129 4214 In
2156 4159 2245 4213 illo
2270 4158 2401 4210 enim
2444 4156 2673 4215 uiuimus,
2696 4166 2741 4206 et
2774 4166 3046 4212 movemur,
3077 4160 3121 4203 et
3140 4164 3310 4201 sumus
3345 4146 3481 4215 (Act.
3506 4162 3636 4208 xvu.

2062 4250 2177 4319 28).
2201 4249 2348 4303 Licet
2373 4246 2513 4302 enim
2539 4244 2732 4299 divinae
2747 4239 3040 4296 auctoritati
3063 4237 3201 4293 unde
3226 4236 3473 4300 voluerit,
3498 4235 3638 4304 quod

2064 4356 2249 4396 verum
2280 4336 2559 4401 invenerit,
2594 4332 2948 4387 testimonium
2986 4343 3225 4393 sumere;
3252 4325 3343 4380 sed
3376 4340 3479 4378 non
3519 4325 3641 4379 ideo

2064 4431 2240 4486 omnia
2269 4444 2386 4499 qum
2414 4427 2483 4481 ibi
2511 4425 2707 4492 scripta
2728 4428 2870 4483 sunt,
2890 4415 3190 4486 accipienda
3216 4416 3510 4469 conlirmat.
3534 4415 3640 4468 Cur

2062 4536 2239 4578 autem
2263 4523 2362 4575 hoc
2383 4521 2484 4574 isto
2503 4522 2970 4573 commemoratum
2995 4510 3057 4564 sit
3078 4510 3212 4570 loco,
3238 4523 3342 4561 non
3369 4506 3640 4561 evidenter

2064 4621 2310 4684 apparet;
2361 4610 2461 4664 nisi
2508 4608 2660 4667 forte,
2708 4613 2766 4658 ut
2804 4605 2936 4656 lines
2962 4601 3066 4655 illic
3112 4599 3250 4653 inter
3291 4598 3420 4652 duas
3453 4606 3640 4667 gentes

2062 4705 2528 4764 constituerentur,
2561 4697 2700 4751 bello
2727 4702 2899 4748 actum
2944 4702 3045 4753 est,
3093 4689 3231 4759 quod
3276 4689 3467 4743 bellum
3499 4688 3639 4755 ejus-

2064 4796 2184 4851 deni
2221 4794 2322 4849 loci
2356 4790 2594 4845 homines
2621 4795 2837 4856 propter
2864 4780 3295 4853 magnitudinem,
3320 4779 3515 4834 bellum
3542 4779 3640 4833 Do-

2066 4886 2193 4941 mini
2224 4898 2344 4938 esse
2372 4881 2636 4942 dixerunt,
2665 4886 2722 4930 ut
2768 4874 3089 4930 scriberetur
3138 4872 3191 4925 in
3236 4871 3410 4938 aliquo
3453 4883 3637 4924 eorum

2064 4978 2221 5040 libro,
2249 4973 2448 5028 Bellum
2476 4968 2680 5022 Domini
2715 4965 2851 5020 Zoob
2874 4962 3202 5034 inﬂammavit
3235 4976 3252 5013 :
3280 4959 3418 5030 quod
3446 4959 3527 5013 vel
3556 4974 3637 5014 ar-

2063 5071 2189 5128 serit
2220 5068 2408 5125 eodcm
2439 5065 2578 5121 bello
2603 5063 2699 5116 ista
2734 5060 2943 5122 civitas,
2971 5068 3062 5111 aut
3085 5056 3150 5110 ad
3181 5052 3517 5124 pugnandum
3560 5051 3640 5105 in-

2066 5164 2330 5219 ﬂammata
2367 5160 2454 5224 sit,
2497 5158 2596 5210 hoc
2639 5162 2741 5213 est,
2792 5152 3038 5213 excitata,
3088 5148 3171 5203 vel
3195 5147 3241 5202 si
3267 5145 3389 5215 quid
3416 5144 3556 5198 aliud
3585 5143 3636 5196 in

2065 5255 2385 5311 obscuritate
2414 5249 2513 5304 loci
2546 5247 2700 5315 hujus
2721 5244 2864 5297 ldtet.

2135 5344 2315 5399 XLIII.
2347 5339 2446 5414 [lb.
2470 5334 2711 5407 xx1,16.]
2739 5332 2838 5387 llic
2852 5339 2924 5386 est
2951 5339 3126 5399 puteus
3149 5343 3291 5397 quem
3317 5323 3647 5379 dixitDomi-

2067 5455 2160 5492 nus
2188 5436 2255 5489 ad
2282 5434 2513 5505 Moysen,
2557 5430 2815 5499 Congrega
2845 5423 3109 5495 papulum,
3146 5429 3192 5473 et
3212 5417 3338 5471 dabo
3364 5418 3433 5470 eis
3461 5429 3644 5484 aquam

2131 5576 2146 5604 ι
2172 5571 2371 5620 Codices
2390 5578 2561 5617 omnes
2580 5564 2659 5612 hic
2681 5560 2935 5620 terebant,
2961 5555 3010 5606 in
3036 5564 3223 5620 tternon
3251 5564 3268 5602 :
3291 5555 3514 5611 corrupte
3536 5561 3647 5611 pro,

2066 5634 2117 5685 in
2137 5617 2417 5692 ειῖειὶιόξιιιὶ
2439 5641 2502 5677 ex
2525 5632 2634 5692 ut);
2657 5617 2708 5673 et
2730 5636 2794 5671 ex
2812 5620 3016 5692 )‘ulgata
3039 5617 3207 5692 liquet.
3242 5688 3323 5692 μ’
3360 5666 3379 5692 ὁ

2130 5671 2679 5745 ὀῖιῖἷιῖιῖιιῖἷιὶεξ
2698 5671 2866 5741 Moab;
2897 5671 3043 5742 atque
3082 5671 3203 5747 intra
3228 5688 3329 5747 pro
3356 5671 3495 5747 720b,
3533 5682 3649 5747 con:

2066 5739 2472 5813 stant—er'habeut,
2487 5748 2619 5800 MOab
2637 5739 2778 5810 {quae
2802 5739 3300 5794 errata—emendantur
3312 5749 3373 5785 ex
3386 5740 3491 5782 uss.
3518 5739 3569 5781 et
3587 5743 3645 5779 es
