  <div class='ocr_page' id='page_1' title='image "/cluster/home/n/w/nwhite01/storage/ocr_20150623/34/hvd.32044015706310/375.png"; bbox 0 0 4136 6466; ppageno 0'>
   <div class='ocr_carea' id='block_1_1' title="bbox 496 392 591 450">
    <p class='ocr_par' dir='ltr' id='par_1_1' title="bbox 496 392 591 450">
     <span class='ocr_line' id='line_1_1' title="bbox 496 392 591 450; baseline 0 -2"><span class='ocrx_word' id='word_1_1' title='bbox 496 392 591 450; x_wconf 70' lang='grc'><strong>759</strong></span> 
     </span>
    </p>
   </div>
   <div class='ocr_carea' id='block_1_2' title="bbox 489 490 2073 563">
    <p class='ocr_par' dir='ltr' id='par_1_2' title="bbox 489 490 2073 563">
     <span class='ocr_line' id='line_1_2' title="bbox 489 490 2073 563; baseline -0.011 -2"><span class='ocrx_word' id='word_1_2' title='bbox 489 504 669 562; x_wconf 76' lang='lat' dir='ltr'><strong>bibere.</strong></span> <span class='ocrx_word' id='word_1_3' title='bbox 700 499 778 556; x_wconf 90' lang='lat' dir='ltr'><strong>Ita</strong></span> <span class='ocrx_word' id='word_1_4' title='bbox 797 498 900 555; x_wconf 93' lang='lat' dir='ltr'><strong>hoc</strong></span> <span class='ocrx_word' id='word_1_5' title='bbox 927 506 1400 554; x_wconf 84' lang='lat' dir='ltr'><strong>commemoratum</strong></span> <span class='ocrx_word' id='word_1_6' title='bbox 1437 502 1540 558; x_wconf 89' lang='lat' dir='ltr'><strong>est,</strong></span> <span class='ocrx_word' id='word_1_7' title='bbox 1569 492 1716 563; x_wconf 91' lang='lat' dir='ltr'><strong>quasi</strong></span> <span class='ocrx_word' id='word_1_8' title='bbox 1751 490 1942 544; x_wconf 91' lang='lat' dir='ltr'><strong>alicuhi</strong></span> <span class='ocrx_word' id='word_1_9' title='bbox 1982 505 2073 544; x_wconf 90' lang='lat' dir='ltr'><strong>su-</strong></span> 
     </span>
    </p>
   </div>
   <div class='ocr_carea' id='block_1_3' title="bbox 485 579 2070 668">
    <p class='ocr_par' dir='ltr' id='par_1_3' title="bbox 485 579 2070 668">
     <span class='ocr_line' id='line_1_3' title="bbox 485 579 2070 668; baseline -0.011 -17"><span class='ocrx_word' id='word_1_10' title='bbox 485 596 666 668; x_wconf 77' lang='lat' dir='ltr'><strong>perius</strong></span> <span class='ocrx_word' id='word_1_11' title='bbox 690 593 794 649; x_wconf 86' lang='lat' dir='ltr'><strong>hoc</strong></span> <span class='ocrx_word' id='word_1_12' title='bbox 829 591 895 646; x_wconf 86' lang='lat' dir='ltr'><strong>ad</strong></span> <span class='ocrx_word' id='word_1_13' title='bbox 922 589 1134 659; x_wconf 84' lang='lat' dir='ltr'><strong>Moysen</strong></span> <span class='ocrx_word' id='word_1_14' title='bbox 1171 586 1371 640; x_wconf 77' lang='lat' dir='ltr'><strong>dixisse</strong></span> <span class='ocrx_word' id='word_1_15' title='bbox 1409 585 1662 638; x_wconf 83' lang='lat' dir='ltr'><strong>Dominus</strong></span> <span class='ocrx_word' id='word_1_16' title='bbox 1691 583 1934 651; x_wconf 76' lang='lat' dir='ltr'><strong>legatur:</strong></span> <span class='ocrx_word' id='word_1_17' title='bbox 1975 579 2070 634; x_wconf 84' lang='lat' dir='ltr'><strong>sed</strong></span> 
     </span>
    </p>
   </div>
   <div class='ocr_carea' id='block_1_4' title="bbox 487 669 2072 754">
    <p class='ocr_par' dir='ltr' id='par_1_4' title="bbox 487 669 2072 754">
     <span class='ocr_line' id='line_1_4' title="bbox 487 669 2072 754; baseline -0.009 -15"><span class='ocrx_word' id='word_1_18' title='bbox 487 685 609 754; x_wconf 89' lang='lat' dir='ltr'><strong>quia</strong></span> <span class='ocrx_word' id='word_1_19' title='bbox 648 697 905 750; x_wconf 82' lang='lat' dir='ltr'><strong>nusquam</strong></span> <span class='ocrx_word' id='word_1_20' title='bbox 932 677 1217 750; x_wconf 84' lang='lat' dir='ltr'><strong>reperitur,</strong></span> <span class='ocrx_word' id='word_1_21' title='bbox 1247 675 1332 729; x_wconf 90' lang='lat' dir='ltr'><strong>hic</strong></span> <span class='ocrx_word' id='word_1_22' title='bbox 1353 673 1747 742; x_wconf 83' lang='lat' dir='ltr'><strong>intelligendum</strong></span> <span class='ocrx_word' id='word_1_23' title='bbox 1770 678 1852 725; x_wconf 89' lang='lat' dir='ltr'><strong>est</strong></span> <span class='ocrx_word' id='word_1_24' title='bbox 1881 679 1936 725; x_wconf 89' lang='lat' dir='ltr'><strong>et</strong></span> <span class='ocrx_word' id='word_1_25' title='bbox 1963 669 2072 725; x_wconf 90' lang='lat' dir='ltr'><strong>illic</strong></span> 
     </span>
    </p>
   </div>
   <div class='ocr_carea' id='block_1_5' title="bbox 487 763 1908 844">
    <p class='ocr_par' dir='ltr' id='par_1_5' title="bbox 487 763 1908 844">
     <span class='ocr_line' id='line_1_5' title="bbox 487 763 1908 844; baseline -0.01 -14"><span class='ocrx_word' id='word_1_26' title='bbox 487 774 684 830; x_wconf 84' lang='lat' dir='ltr'><strong>bibisse</strong></span> <span class='ocrx_word' id='word_1_27' title='bbox 711 774 980 844; x_wconf 79' lang='lat' dir='ltr'><strong>pupulum,</strong></span> <span class='ocrx_word' id='word_1_28' title='bbox 1010 771 1096 838; x_wconf 91' lang='lat' dir='ltr'><strong>qui</strong></span> <span class='ocrx_word' id='word_1_29' title='bbox 1124 767 1190 822; x_wconf 88' lang='lat' dir='ltr'><strong>de</strong></span> <span class='ocrx_word' id='word_1_30' title='bbox 1214 766 1450 822; x_wconf 89' lang='lat' dir='ltr'><strong>siccitate</strong></span> <span class='ocrx_word' id='word_1_31' title='bbox 1468 763 1908 834; x_wconf 86' lang='lat' dir='ltr'><strong>conquerebatur.</strong></span> 
     </span>
    </p>
   </div>
   <div class='ocr_carea' id='block_1_6' title="bbox 557 852 2074 936">
    <p class='ocr_par' dir='ltr' id='par_1_6' title="bbox 557 852 2074 936">
     <span class='ocr_line' id='line_1_6' title="bbox 557 852 2074 936; baseline -0.009 -16"><span class='ocrx_word' id='word_1_32' title='bbox 557 863 737 920; x_wconf 81' lang='lat' dir='ltr'><strong>XLIV.</strong></span> <span class='ocrx_word' id='word_1_33' title='bbox 760 862 858 936; x_wconf 82' lang='lat' dir='ltr'><strong>[Ib.</strong></span> <span class='ocrx_word' id='word_1_34' title='bbox 890 876 997 925; x_wconf 83' lang='lat' dir='ltr'><strong>xxi,</strong></span> <span class='ocrx_word' id='word_1_35' title='bbox 1022 859 1112 920; x_wconf 73' lang='grc'><strong>24.</strong></span> <span class='ocrx_word' id='word_1_36' title='bbox 1133 855 1249 928; x_wconf 70' lang='lat'><strong>25.]</strong></span> <span class='ocrx_word' id='word_1_37' title='bbox 1272 855 1336 910; x_wconf 80' lang='lat' dir='ltr'><strong>Et</strong></span> <span class='ocrx_word' id='word_1_38' title='bbox 1364 855 1604 925; x_wconf 87' lang='lat' dir='ltr'><strong>percussit</strong></span> <span class='ocrx_word' id='word_1_39' title='bbox 1627 871 1739 908; x_wconf 87' lang='lat' dir='ltr'><strong>eum</strong></span> <span class='ocrx_word' id='word_1_40' title='bbox 1765 852 1928 908; x_wconf 89' lang='lat' dir='ltr'><strong>Israel</strong></span> <span class='ocrx_word' id='word_1_41' title='bbox 1955 868 2074 907; x_wconf 85' lang='lat' dir='ltr'><strong>nece</strong></span> 
     </span>
    </p>
   </div>
   <div class='ocr_carea' id='block_1_7' title="bbox 497 941 2071 1026">
    <p class='ocr_par' dir='ltr' id='par_1_7' title="bbox 497 941 2071 1026">
     <span class='ocr_line' id='line_1_7' title="bbox 497 941 2071 1026; baseline -0.008 -18"><span class='ocrx_word' id='word_1_42' title='bbox 497 955 656 1026; x_wconf 82' lang='lat' dir='ltr'><strong>gladii</strong></span> <span class='ocrx_word' id='word_1_43' title='bbox 687 969 706 1007; x_wconf 91' lang='lat'><strong><em>:</em></strong></span> <span class='ocrx_word' id='word_1_44' title='bbox 733 961 780 1007; x_wconf 84' lang='lat' dir='ltr'><strong>et</strong></span> <span class='ocrx_word' id='word_1_45' title='bbox 807 949 1049 1005; x_wconf 87' lang='lat' dir='ltr'><strong>dominati</strong></span> <span class='ocrx_word' id='word_1_46' title='bbox 1067 958 1181 1001; x_wconf 90' lang='lat' dir='ltr'><strong>sunt</strong></span> <span class='ocrx_word' id='word_1_47' title='bbox 1213 957 1357 1000; x_wconf 68' lang='lat' dir='ltr'><strong>terra:</strong></span> <span class='ocrx_word' id='word_1_48' title='bbox 1384 946 1492 1015; x_wconf 88' lang='lat' dir='ltr'><strong>ejus</strong></span> <span class='ocrx_word' id='word_1_49' title='bbox 1507 946 1570 998; x_wconf 89' lang='lat' dir='ltr'><strong>ab</strong></span> <span class='ocrx_word' id='word_1_50' title='bbox 1595 945 1766 998; x_wconf 80' lang='lat' dir='ltr'><strong>Arnon</strong></span> <span class='ocrx_word' id='word_1_51' title='bbox 1797 959 1949 1004; x_wconf 86' lang='lat' dir='ltr'><strong>usque</strong></span> <span class='ocrx_word' id='word_1_52' title='bbox 1971 941 2071 995; x_wconf 80' lang='lat' dir='ltr'><strong>Ja-</strong></span> 
     </span>
    </p>
   </div>
   <div class='ocr_carea' id='block_1_8' title="bbox 496 1033 2072 1112">
    <p class='ocr_par' dir='ltr' id='par_1_8' title="bbox 496 1033 2072 1112">
     <span class='ocr_line' id='line_1_8' title="bbox 496 1033 2072 1112; baseline -0.008 -14"><span class='ocrx_word' id='word_1_53' title='bbox 496 1046 607 1112; x_wconf 82' lang='lat' dir='ltr'><strong>boc,</strong></span> <span class='ocrx_word' id='word_1_54' title='bbox 638 1055 684 1097; x_wconf 87' lang='lat' dir='ltr'><strong>et</strong></span> <span class='ocrx_word' id='word_1_55' title='bbox 703 1043 863 1110; x_wconf 67' lang='lat' dir='ltr'><strong>usque</strong></span> <span class='ocrx_word' id='word_1_56' title='bbox 890 1040 957 1093; x_wconf 91' lang='lat' dir='ltr'><strong>ad</strong></span> <span class='ocrx_word' id='word_1_57' title='bbox 989 1039 1122 1109; x_wconf 82' lang='lat' dir='ltr'><strong>ﬁlios</strong></span> <span class='ocrx_word' id='word_1_58' title='bbox 1147 1038 1360 1090; x_wconf 85' lang='lat' dir='ltr'><strong><em>Ammon</em></strong></span> <span class='ocrx_word' id='word_1_59' title='bbox 1383 1035 1657 1103; x_wconf 87' lang='lat' dir='ltr'><strong>:quoniam</strong></span> <span class='ocrx_word' id='word_1_60' title='bbox 1693 1033 1848 1088; x_wconf 75' lang='lat' dir='ltr'><strong>Jazer</strong></span> <span class='ocrx_word' id='word_1_61' title='bbox 1873 1033 2072 1087; x_wconf 88' lang='lat' dir='ltr'><strong>termini</strong></span> 
     </span>
    </p>
   </div>
   <div class='ocr_carea' id='block_1_9' title="bbox 489 1125 2072 1206">
    <p class='ocr_par' dir='ltr' id='par_1_9' title="bbox 489 1125 2072 1206">
     <span class='ocr_line' id='line_1_9' title="bbox 489 1125 2072 1206; baseline -0.006 -17"><span class='ocrx_word' id='word_1_62' title='bbox 489 1137 709 1206; x_wconf 74' lang='lat' dir='ltr'><strong>ﬁliorum</strong></span> <span class='ocrx_word' id='word_1_63' title='bbox 734 1133 947 1186; x_wconf 79' lang='lat' dir='ltr'><strong>Ammon</strong></span> <span class='ocrx_word' id='word_1_64' title='bbox 973 1139 1106 1183; x_wconf 87' lang='lat' dir='ltr'><strong>sunt.</strong></span> <span class='ocrx_word' id='word_1_65' title='bbox 1141 1127 1210 1182; x_wconf 87' lang='lat' dir='ltr'><strong>Et</strong></span> <span class='ocrx_word' id='word_1_66' title='bbox 1245 1128 1434 1197; x_wconf 86' lang='lat' dir='ltr'><strong>accepit</strong></span> <span class='ocrx_word' id='word_1_67' title='bbox 1463 1125 1625 1180; x_wconf 87' lang='lat' dir='ltr'><strong>Israel</strong></span> <span class='ocrx_word' id='word_1_68' title='bbox 1650 1141 1820 1180; x_wconf 88' lang='lat' dir='ltr'><strong>omnes</strong></span> <span class='ocrx_word' id='word_1_69' title='bbox 1849 1125 2072 1180; x_wconf 74' lang='lat' dir='ltr'><strong>civitates</strong></span> 
     </span>
    </p>
   </div>
   <div class='ocr_carea' id='block_1_10' title="bbox 485 1214 2073 1280">
    <p class='ocr_par' dir='ltr' id='par_1_10' title="bbox 485 1214 2073 1280">
     <span class='ocr_line' id='line_1_10' title="bbox 485 1214 2073 1280; baseline -0.009 0"><span class='ocrx_word' id='word_1_70' title='bbox 485 1229 627 1280; x_wconf 88' lang='lat' dir='ltr'><strong>istas.</strong></span> <span class='ocrx_word' id='word_1_71' title='bbox 645 1225 706 1278; x_wconf 83' lang='lat' dir='ltr'><strong>Et</strong></span> <span class='ocrx_word' id='word_1_72' title='bbox 723 1223 959 1276; x_wconf 79' lang='lat' dir='ltr'><strong>habitavit</strong></span> <span class='ocrx_word' id='word_1_73' title='bbox 975 1219 1142 1275; x_wconf 85' lang='lat' dir='ltr'><strong>Israel</strong></span> <span class='ocrx_word' id='word_1_74' title='bbox 1159 1221 1210 1272; x_wconf 87' lang='lat' dir='ltr'><strong>in</strong></span> <span class='ocrx_word' id='word_1_75' title='bbox 1224 1217 1451 1272; x_wconf 87' lang='lat' dir='ltr'><strong>omnibus</strong></span> <span class='ocrx_word' id='word_1_76' title='bbox 1467 1215 1742 1270; x_wconf 75' lang='lat' dir='ltr'><strong>civitatibus</strong></span> <span class='ocrx_word' id='word_1_77' title='bbox 1757 1214 2073 1268; x_wconf 71' lang='grc' dir='ltr'><strong>1411101111ωο-</strong></span> 
     </span>
    </p>
   </div>
   <div class='ocr_carea' id='block_1_11' title="bbox 484 1306 2073 1376">
    <p class='ocr_par' dir='ltr' id='par_1_11' title="bbox 484 1306 2073 1376">
     <span class='ocr_line' id='line_1_11' title="bbox 484 1306 2073 1376; baseline -0.007 -6"><span class='ocrx_word' id='word_1_78' title='bbox 484 1329 600 1371; x_wconf 86' lang='lat' dir='ltr'><strong>rum</strong></span> <span class='ocrx_word' id='word_1_79' title='bbox 644 1316 698 1368; x_wconf 91' lang='lat' dir='ltr'><strong>in</strong></span> <span class='ocrx_word' id='word_1_80' title='bbox 740 1313 954 1367; x_wconf 80' lang='lat' dir='ltr'><strong>Esebon.</strong></span> <span class='ocrx_word' id='word_1_81' title='bbox 1003 1312 1100 1365; x_wconf 90' lang='lat' dir='ltr'><strong>IIic</strong></span> <span class='ocrx_word' id='word_1_82' title='bbox 1145 1319 1290 1364; x_wconf 88' lang='lat' dir='ltr'><strong>certe</strong></span> <span class='ocrx_word' id='word_1_83' title='bbox 1342 1308 1504 1362; x_wconf 82' lang='lat' dir='ltr'><strong>Israel</strong></span> <span class='ocrx_word' id='word_1_84' title='bbox 1547 1307 1780 1376; x_wconf 73' lang='lat' dir='ltr'><strong>possedit</strong></span> <span class='ocrx_word' id='word_1_85' title='bbox 1831 1306 2073 1360; x_wconf 78' lang='lat' dir='ltr'><strong>civitates</strong></span> 
     </span>
    </p>
   </div>
   <div class='ocr_carea' id='block_1_12' title="bbox 485 1397 2072 1470">
    <p class='ocr_par' dir='ltr' id='par_1_12' title="bbox 485 1397 2072 1470">
     <span class='ocr_line' id='line_1_12' title="bbox 485 1397 2072 1470; baseline -0.008 -10"><span class='ocrx_word' id='word_1_86' title='bbox 485 1405 940 1466; x_wconf 77' lang='lat' dir='ltr'><strong>Amorrlneorum,</strong></span> <span class='ocrx_word' id='word_1_87' title='bbox 989 1416 1120 1470; x_wconf 89' lang='lat' dir='ltr'><strong>quas</strong></span> <span class='ocrx_word' id='word_1_88' title='bbox 1165 1401 1302 1454; x_wconf 90' lang='lat' dir='ltr'><strong>bello</strong></span> <span class='ocrx_word' id='word_1_89' title='bbox 1348 1399 1651 1467; x_wconf 74' lang='lat' dir='ltr'><strong>superavit;</strong></span> <span class='ocrx_word' id='word_1_90' title='bbox 1689 1397 1812 1466; x_wconf 82' lang='lat' dir='ltr'><strong>quia</strong></span> <span class='ocrx_word' id='word_1_91' title='bbox 1845 1411 1948 1450; x_wconf 91' lang='lat' dir='ltr'><strong>non</strong></span> <span class='ocrx_word' id='word_1_92' title='bbox 1979 1409 2072 1448; x_wconf 86' lang='lat' dir='ltr'><strong>eas</strong></span> 
     </span>
    </p>
   </div>
   <div class='ocr_carea' id='block_1_13' title="bbox 483 1485 2064 1555">
    <p class='ocr_par' dir='ltr' id='par_1_13' title="bbox 483 1485 2064 1555">
     <span class='ocr_line' id='line_1_13' title="bbox 483 1485 2064 1555; baseline -0.007 -5"><span class='ocrx_word' id='word_1_93' title='bbox 483 1495 840 1550; x_wconf 85' lang='lat' dir='ltr'><strong>anathemavit</strong></span> <span class='ocrx_word' id='word_1_94' title='bbox 868 1510 881 1546; x_wconf 92' lang='lat'><strong>:</strong></span> <span class='ocrx_word' id='word_1_95' title='bbox 911 1507 1032 1546; x_wconf 85' lang='lat' dir='ltr'><strong>nam</strong></span> <span class='ocrx_word' id='word_1_96' title='bbox 1082 1491 1126 1544; x_wconf 90' lang='lat' dir='ltr'><strong>si</strong></span> <span class='ocrx_word' id='word_1_97' title='bbox 1173 1506 1265 1544; x_wconf 84' lang='lat' dir='ltr'><strong>eas</strong></span> <span class='ocrx_word' id='word_1_98' title='bbox 1305 1490 1727 1550; x_wconf 86' lang='lat' dir='ltr'><strong>auathemasset,</strong></span> <span class='ocrx_word' id='word_1_99' title='bbox 1789 1485 2064 1555; x_wconf 56' lang='lat' dir='ltr'><strong>possidere</strong></span> 
     </span>
    </p>
   </div>
   <div class='ocr_carea' id='block_1_14' title="bbox 491 1575 2075 1647">
    <p class='ocr_par' dir='ltr' id='par_1_14' title="bbox 491 1575 2075 1647">
     <span class='ocr_line' id='line_1_14' title="bbox 491 1575 2075 1647; baseline -0.008 -5"><span class='ocrx_word' id='word_1_100' title='bbox 491 1589 569 1642; x_wconf 87' lang='lat' dir='ltr'><strong>illi</strong></span> <span class='ocrx_word' id='word_1_101' title='bbox 595 1602 700 1640; x_wconf 91' lang='lat' dir='ltr'><strong>non</strong></span> <span class='ocrx_word' id='word_1_102' title='bbox 748 1585 949 1647; x_wconf 84' lang='lat' dir='ltr'><strong>liceret,</strong></span> <span class='ocrx_word' id='word_1_103' title='bbox 979 1597 1077 1636; x_wconf 90' lang='lat' dir='ltr'><strong>nec</strong></span> <span class='ocrx_word' id='word_1_104' title='bbox 1105 1580 1227 1636; x_wconf 88' lang='lat' dir='ltr'><strong>inde</strong></span> <span class='ocrx_word' id='word_1_105' title='bbox 1254 1579 1320 1634; x_wconf 90' lang='lat' dir='ltr'><strong>ad</strong></span> <span class='ocrx_word' id='word_1_106' title='bbox 1345 1594 1471 1633; x_wconf 89' lang='lat' dir='ltr'><strong>usus</strong></span> <span class='ocrx_word' id='word_1_107' title='bbox 1493 1593 1617 1632; x_wconf 88' lang='lat' dir='ltr'><strong>suos</strong></span> <span class='ocrx_word' id='word_1_108' title='bbox 1643 1576 1841 1646; x_wconf 87' lang='lat' dir='ltr'><strong>aliquid</strong></span> <span class='ocrx_word' id='word_1_109' title='bbox 1881 1575 2075 1646; x_wconf 60' lang='lat' dir='ltr'><strong>praeda:</strong></span> 
     </span>
    </p>
   </div>
   <div class='ocr_carea' id='block_1_15' title="bbox 490 1666 2074 1748">
    <p class='ocr_par' dir='ltr' id='par_1_15' title="bbox 490 1666 2074 1748">
     <span class='ocr_line' id='line_1_15' title="bbox 490 1666 2074 1748; baseline -0.009 -16"><span class='ocrx_word' id='word_1_110' title='bbox 490 1687 792 1748; x_wconf 83' lang='lat' dir='ltr'><strong>usurparet.</strong></span> <span class='ocrx_word' id='word_1_111' title='bbox 838 1673 1136 1730; x_wconf 77' lang='lat' dir='ltr'><strong>Notandum</strong></span> <span class='ocrx_word' id='word_1_112' title='bbox 1175 1681 1258 1726; x_wconf 91' lang='lat' dir='ltr'><strong>est</strong></span> <span class='ocrx_word' id='word_1_113' title='bbox 1295 1685 1425 1724; x_wconf 89' lang='lat' dir='ltr'><strong>sane</strong></span> <span class='ocrx_word' id='word_1_114' title='bbox 1452 1666 1893 1748; x_wconf 72' lang='lat' dir='ltr'><strong>quemadmodum</strong></span> <span class='ocrx_word' id='word_1_115' title='bbox 1932 1666 2074 1735; x_wconf 87' lang='lat' dir='ltr'><strong>justa</strong></span> 
     </span>
    </p>
   </div>
   <div class='ocr_carea' id='block_1_16' title="bbox 487 1743 2071 1840">
    <p class='ocr_par' dir='ltr' id='par_1_16' title="bbox 487 1743 2071 1840">
     <span class='ocr_line' id='line_1_16' title="bbox 487 1743 2071 1840; baseline -0.01 -14"><span class='ocrx_word' id='word_1_116' title='bbox 487 1743 638 1826; x_wconf 34' lang='lat' dir='ltr'><strong>bella.</strong></span> <span class='ocrx_word' id='word_1_117' title='bbox 659 1768 997 1840; x_wconf 85' lang='lat' dir='ltr'><strong>gerebantur.</strong></span> <span class='ocrx_word' id='word_1_118' title='bbox 1029 1764 1277 1817; x_wconf 87' lang='lat' dir='ltr'><strong>Iunoxius</strong></span> <span class='ocrx_word' id='word_1_119' title='bbox 1315 1762 1456 1815; x_wconf 88' lang='lat' dir='ltr'><strong>enim</strong></span> <span class='ocrx_word' id='word_1_120' title='bbox 1486 1743 1736 1813; x_wconf 74' lang='lat' dir='ltr'><strong>transitus</strong></span> <span class='ocrx_word' id='word_1_121' title='bbox 1765 1757 2071 1827; x_wconf 86' lang='lat' dir='ltr'><strong>negabatur,</strong></span> 
     </span>
    </p>
   </div>
   <div class='ocr_carea' id='block_1_17' title="bbox 488 1849 2072 1932">
    <p class='ocr_par' dir='ltr' id='par_1_17' title="bbox 488 1849 2072 1932">
     <span class='ocr_line' id='line_1_17' title="bbox 488 1849 2072 1932; baseline -0.009 -16"><span class='ocrx_word' id='word_1_122' title='bbox 488 1863 578 1932; x_wconf 88' lang='lat' dir='ltr'><strong>qui</strong></span> <span class='ocrx_word' id='word_1_123' title='bbox 599 1863 716 1929; x_wconf 83' lang='lat' dir='ltr'><strong>jure</strong></span> <span class='ocrx_word' id='word_1_124' title='bbox 743 1861 986 1914; x_wconf 68' lang='lat' dir='ltr'><strong>humanae</strong></span> <span class='ocrx_word' id='word_1_125' title='bbox 1010 1855 1276 1910; x_wconf 76' lang='lat' dir='ltr'><strong>societatis</strong></span> <span class='ocrx_word' id='word_1_126' title='bbox 1301 1852 1602 1922; x_wconf 59' lang='lat' dir='ltr'><strong>aequissimo</strong></span> <span class='ocrx_word' id='word_1_127' title='bbox 1626 1859 1806 1919; x_wconf 82' lang='lat' dir='ltr'><strong>patere</strong></span> <span class='ocrx_word' id='word_1_128' title='bbox 1825 1849 2072 1904; x_wconf 86' lang='lat' dir='ltr'><strong>debebat.</strong></span> 
     </span>
    </p>
   </div>
   <div class='ocr_carea' id='block_1_18' title="bbox 491 1941 2077 2020">
    <p class='ocr_par' dir='ltr' id='par_1_18' title="bbox 491 1941 2077 2020">
     <span class='ocr_line' id='line_1_18' title="bbox 491 1941 2077 2020; baseline -0.009 -12"><span class='ocrx_word' id='word_1_129' title='bbox 491 1953 597 2008; x_wconf 84' lang='lat' dir='ltr'><strong>Sed</strong></span> <span class='ocrx_word' id='word_1_130' title='bbox 635 1952 744 2020; x_wconf 86' lang='lat' dir='ltr'><strong>jam</strong></span> <span class='ocrx_word' id='word_1_131' title='bbox 773 1959 831 2004; x_wconf 93' lang='lat' dir='ltr'><strong>ut</strong></span> <span class='ocrx_word' id='word_1_132' title='bbox 857 1951 994 2004; x_wconf 90' lang='lat' dir='ltr'><strong>Deus</strong></span> <span class='ocrx_word' id='word_1_133' title='bbox 1020 1963 1110 2001; x_wconf 91' lang='lat' dir='ltr'><strong>sua</strong></span> <span class='ocrx_word' id='word_1_134' title='bbox 1145 1944 1398 2014; x_wconf 88' lang='lat' dir='ltr'><strong>promissa</strong></span> <span class='ocrx_word' id='word_1_135' title='bbox 1417 1943 1726 2011; x_wconf 89' lang='lat' dir='ltr'><strong>compleret,</strong></span> <span class='ocrx_word' id='word_1_136' title='bbox 1761 1941 1966 2010; x_wconf 83' lang='lat' dir='ltr'><strong>adjuvit</strong></span> <span class='ocrx_word' id='word_1_137' title='bbox 1992 1941 2077 1994; x_wconf 90' lang='lat' dir='ltr'><strong>hic</strong></span> 
     </span>
    </p>
   </div>
   <div class='ocr_carea' id='block_1_19' title="bbox 491 2034 2074 2112">
    <p class='ocr_par' dir='ltr' id='par_1_19' title="bbox 491 2034 2074 2112">
     <span class='ocr_line' id='line_1_19' title="bbox 491 2034 2074 2112; baseline -0.01 -11"><span class='ocrx_word' id='word_1_138' title='bbox 491 2046 778 2110; x_wconf 85' lang='lat' dir='ltr'><strong>Israelitas,</strong></span> <span class='ocrx_word' id='word_1_139' title='bbox 801 2043 994 2112; x_wconf 87' lang='lat' dir='ltr'><strong>quibus</strong></span> <span class='ocrx_word' id='word_1_140' title='bbox 1021 2038 1453 2095; x_wconf 67' lang='lat' dir='ltr'><strong>Amorrhmorum</strong></span> <span class='ocrx_word' id='word_1_141' title='bbox 1484 2046 1680 2090; x_wconf 89' lang='lat' dir='ltr'><strong>terram</strong></span> <span class='ocrx_word' id='word_1_142' title='bbox 1707 2034 1820 2088; x_wconf 91' lang='lat' dir='ltr'><strong>dari</strong></span> <span class='ocrx_word' id='word_1_143' title='bbox 1859 2040 2074 2101; x_wconf 88' lang='lat' dir='ltr'><strong>oporte-</strong></span> 
     </span>
    </p>
   </div>
   <div class='ocr_carea' id='block_1_20' title="bbox 491 2126 2073 2196">
    <p class='ocr_par' dir='ltr' id='par_1_20' title="bbox 491 2126 2073 2196">
     <span class='ocr_line' id='line_1_20' title="bbox 491 2126 2073 2196; baseline -0.012 -1"><span class='ocrx_word' id='word_1_144' title='bbox 491 2138 746 2196; x_wconf 88' lang='lat' dir='ltr'><strong>bat.Nam</strong></span> <span class='ocrx_word' id='word_1_145' title='bbox 774 2136 936 2190; x_wconf 81' lang='lat' dir='ltr'><strong>Edam</strong></span> <span class='ocrx_word' id='word_1_146' title='bbox 957 2150 1078 2190; x_wconf 91' lang='lat' dir='ltr'><strong>cum</strong></span> <span class='ocrx_word' id='word_1_147' title='bbox 1099 2132 1342 2186; x_wconf 86' lang='lat' dir='ltr'><strong>similiter</strong></span> <span class='ocrx_word' id='word_1_148' title='bbox 1367 2130 1445 2184; x_wconf 89' lang='lat' dir='ltr'><strong>eis</strong></span> <span class='ocrx_word' id='word_1_149' title='bbox 1467 2129 1741 2182; x_wconf 85' lang='lat' dir='ltr'><strong>transitum</strong></span> <span class='ocrx_word' id='word_1_150' title='bbox 1771 2126 2073 2194; x_wconf 88' lang='lat' dir='ltr'><strong>denegaret,</strong></span> 
     </span>
    </p>
   </div>
   <div class='ocr_carea' id='block_1_21' title="bbox 493 2212 2077 2295">
    <p class='ocr_par' dir='ltr' id='par_1_21' title="bbox 493 2212 2077 2295">
     <span class='ocr_line' id='line_1_21' title="bbox 493 2212 2077 2295; baseline -0.009 -14"><span class='ocrx_word' id='word_1_151' title='bbox 493 2243 601 2281; x_wconf 88' lang='lat' dir='ltr'><strong>non</strong></span> <span class='ocrx_word' id='word_1_152' title='bbox 627 2233 986 2295; x_wconf 89' lang='lat' dir='ltr'><strong>pugnaverunt</strong></span> <span class='ocrx_word' id='word_1_153' title='bbox 1009 2237 1133 2276; x_wconf 91' lang='lat' dir='ltr'><strong>cum</strong></span> <span class='ocrx_word' id='word_1_154' title='bbox 1165 2221 1279 2289; x_wconf 91' lang='lat' dir='ltr'><strong>ipsa</strong></span> <span class='ocrx_word' id='word_1_155' title='bbox 1303 2227 1458 2287; x_wconf 83' lang='lat' dir='ltr'><strong>gente</strong></span> <span class='ocrx_word' id='word_1_156' title='bbox 1482 2217 1754 2280; x_wconf 63' lang='lat' dir='ltr'><strong>Israelitaz,</strong></span> <span class='ocrx_word' id='word_1_157' title='bbox 1783 2214 1833 2269; x_wconf 91' lang='lat' dir='ltr'><strong>id</strong></span> <span class='ocrx_word' id='word_1_158' title='bbox 1859 2224 1940 2268; x_wconf 90' lang='lat' dir='ltr'><strong>est</strong></span> <span class='ocrx_word' id='word_1_159' title='bbox 1984 2212 2077 2267; x_wconf 86' lang='grc'><strong>11111</strong></span> 
     </span>
    </p>
   </div>
   <div class='ocr_carea' id='block_1_22' title="bbox 490 2309 2080 2375">
    <p class='ocr_par' dir='ltr' id='par_1_22' title="bbox 490 2309 2080 2375">
     <span class='ocr_line' id='line_1_22' title="bbox 490 2309 2080 2375; baseline -0.009 -5"><span class='ocrx_word' id='word_1_160' title='bbox 490 2315 656 2370; x_wconf 83' lang='lat' dir='ltr'><strong>Jacob</strong></span> <span class='ocrx_word' id='word_1_161' title='bbox 685 2329 806 2367; x_wconf 92' lang='lat' dir='ltr'><strong>cum</strong></span> <span class='ocrx_word' id='word_1_162' title='bbox 833 2313 954 2366; x_wconf 85' lang='lat' dir='ltr'><strong>liliis</strong></span> <span class='ocrx_word' id='word_1_163' title='bbox 979 2309 1144 2375; x_wconf 82' lang='lat' dir='ltr'><strong>Esau,</strong></span> <span class='ocrx_word' id='word_1_164' title='bbox 1166 2311 1387 2362; x_wconf 90' lang='lat' dir='ltr'><strong>duorum</strong></span> <span class='ocrx_word' id='word_1_165' title='bbox 1409 2320 1782 2375; x_wconf 82' lang='lat' dir='ltr'><strong>germanorum</strong></span> <span class='ocrx_word' id='word_1_166' title='bbox 1811 2312 1968 2372; x_wconf 88' lang='lat' dir='ltr'><strong>atque</strong></span> <span class='ocrx_word' id='word_1_167' title='bbox 1993 2317 2080 2372; x_wconf 81' lang='lat' dir='ltr'><strong>ge-</strong></span> 
     </span>
    </p>
   </div>
   <div class='ocr_carea' id='block_1_23' title="bbox 492 2392 2075 2472">
    <p class='ocr_par' dir='ltr' id='par_1_23' title="bbox 492 2392 2075 2472">
     <span class='ocr_line' id='line_1_23' title="bbox 492 2392 2075 2472; baseline -0.01 -13"><span class='ocrx_word' id='word_1_168' title='bbox 492 2405 777 2466; x_wconf 83' lang='lat' dir='ltr'><strong>minorum,</strong></span> <span class='ocrx_word' id='word_1_169' title='bbox 808 2403 928 2472; x_wconf 90' lang='lat' dir='ltr'><strong>quia</strong></span> <span class='ocrx_word' id='word_1_170' title='bbox 953 2409 1146 2455; x_wconf 88' lang='lat' dir='ltr'><strong>terram</strong></span> <span class='ocrx_word' id='word_1_171' title='bbox 1177 2398 1321 2452; x_wconf 80' lang='lat' dir='ltr'><strong>illam</strong></span> <span class='ocrx_word' id='word_1_172' title='bbox 1340 2395 1588 2451; x_wconf 89' lang='lat' dir='ltr'><strong>lsraelitis</strong></span> <span class='ocrx_word' id='word_1_173' title='bbox 1608 2410 1712 2448; x_wconf 88' lang='lat' dir='ltr'><strong>non</strong></span> <span class='ocrx_word' id='word_1_174' title='bbox 1741 2392 2075 2462; x_wconf 85' lang='lat' dir='ltr'><strong>promiserat;</strong></span> 
     </span>
    </p>
   </div>
   <div class='ocr_carea' id='block_1_24' title="bbox 493 2489 1230 2549">
    <p class='ocr_par' dir='ltr' id='par_1_24' title="bbox 493 2489 1230 2549">
     <span class='ocr_line' id='line_1_24' title="bbox 493 2489 1230 2549; baseline -0.011 0"><span class='ocrx_word' id='word_1_175' title='bbox 493 2493 586 2549; x_wconf 82' lang='lat' dir='ltr'><strong>sed</strong></span> <span class='ocrx_word' id='word_1_176' title='bbox 616 2493 1015 2548; x_wconf 87' lang='lat' dir='ltr'><strong>declinaverunt</strong></span> <span class='ocrx_word' id='word_1_177' title='bbox 1035 2490 1104 2543; x_wconf 88' lang='lat' dir='ltr'><strong>ab</strong></span> <span class='ocrx_word' id='word_1_178' title='bbox 1131 2489 1230 2543; x_wconf 88' lang='lat' dir='ltr'><strong>eis.</strong></span> 
     </span>
    </p>
   </div>
   <div class='ocr_carea' id='block_1_25' title="bbox 564 2569 2076 2654">
    <p class='ocr_par' dir='ltr' id='par_1_25' title="bbox 564 2569 2076 2654">
     <span class='ocr_line' id='line_1_25' title="bbox 564 2569 2076 2654; baseline -0.005 -16"><span class='ocrx_word' id='word_1_179' title='bbox 564 2583 725 2638; x_wconf 80' lang='lat' dir='ltr'><strong>XLV.</strong></span> <span class='ocrx_word' id='word_1_180' title='bbox 750 2581 850 2654; x_wconf 88' lang='lat' dir='ltr'><strong>[Ib.</strong></span> <span class='ocrx_word' id='word_1_181' title='bbox 874 2596 989 2646; x_wconf 66' lang='lat' dir='ltr'><strong>ut,</strong></span> <span class='ocrx_word' id='word_1_182' title='bbox 1032 2577 1148 2654; x_wconf 71' lang='lat'><strong>27.]</strong></span> <span class='ocrx_word' id='word_1_183' title='bbox 1199 2576 1472 2652; x_wconf 80' lang='lat' dir='ltr'><strong>Propterea</strong></span> <span class='ocrx_word' id='word_1_184' title='bbox 1513 2573 1676 2627; x_wconf 79' lang='lat' dir='ltr'><strong>dicent</strong></span> <span class='ocrx_word' id='word_1_185' title='bbox 1711 2569 2076 2645; x_wconf 39' lang='lat' dir='ltr'><strong>(Eniqmitlt&#39;sltr,</strong></span> 
     </span>
    </p>
   </div>
   <div class='ocr_carea' id='block_1_26' title="bbox 505 2668 2078 2742">
    <p class='ocr_par' dir='ltr' id='par_1_26' title="bbox 505 2668 2078 2742">
     <span class='ocr_line' id='line_1_26' title="bbox 505 2668 2078 2742; baseline -0.007 -7"><span class='ocrx_word' id='word_1_186' title='bbox 505 2674 673 2735; x_wconf 72' lang='lat' dir='ltr'><strong>Venite</strong></span> <span class='ocrx_word' id='word_1_187' title='bbox 698 2676 748 2734; x_wconf 88' lang='lat' dir='ltr'><strong>in</strong></span> <span class='ocrx_word' id='word_1_188' title='bbox 779 2680 996 2742; x_wconf 83' lang='lat' dir='ltr'><strong>Esebon,</strong></span> <span class='ocrx_word' id='word_1_189' title='bbox 1025 2688 1078 2731; x_wconf 89' lang='grc'><strong>01</strong></span> <span class='ocrx_word' id='word_1_190' title='bbox 1097 2684 1308 2730; x_wconf 62' lang='lat' dir='ltr'><strong>etc-tera.</strong></span> <span class='ocrx_word' id='word_1_191' title='bbox 1331 2671 1428 2739; x_wconf 86' lang='lat' dir='ltr'><strong>Qui</strong></span> <span class='ocrx_word' id='word_1_192' title='bbox 1447 2670 1934 2739; x_wconf 67' lang='lat' dir='ltr'><strong>sintaanigmatistze</strong></span> <span class='ocrx_word' id='word_1_193' title='bbox 1955 2668 2078 2724; x_wconf 89' lang='lat' dir='ltr'><strong>ideo</strong></span> 
     </span>
    </p>
   </div>
   <div class='ocr_carea' id='block_1_27' title="bbox 493 2761 2080 2842">
    <p class='ocr_par' dir='ltr' id='par_1_27' title="bbox 493 2761 2080 2842">
     <span class='ocr_line' id='line_1_27' title="bbox 493 2761 2080 2842; baseline -0.01 -13"><span class='ocrx_word' id='word_1_194' title='bbox 493 2790 598 2829; x_wconf 86' lang='lat' dir='ltr'><strong>non</strong></span> <span class='ocrx_word' id='word_1_195' title='bbox 624 2780 860 2842; x_wconf 87' lang='lat' dir='ltr'><strong>apparet,</strong></span> <span class='ocrx_word' id='word_1_196' title='bbox 877 2771 998 2840; x_wconf 86' lang='lat' dir='ltr'><strong>quia</strong></span> <span class='ocrx_word' id='word_1_197' title='bbox 1025 2784 1128 2822; x_wconf 80' lang='lat' dir='ltr'><strong>non</strong></span> <span class='ocrx_word' id='word_1_198' title='bbox 1146 2766 1340 2822; x_wconf 87' lang='lat' dir='ltr'><strong>suntin</strong></span> <span class='ocrx_word' id='word_1_199' title='bbox 1362 2761 1744 2818; x_wconf 86' lang='lat' dir='ltr'><strong>consuetudine</strong></span> <span class='ocrx_word' id='word_1_200' title='bbox 1770 2761 2080 2814; x_wconf 70' lang='lat' dir='ltr'><strong>litteraturae</strong></span> 
     </span>
    </p>
   </div>
   <div class='ocr_carea' id='block_1_28' title="bbox 496 2850 2082 2931">
    <p class='ocr_par' dir='ltr' id='par_1_28' title="bbox 496 2850 2082 2931">
     <span class='ocr_line' id='line_1_28' title="bbox 496 2850 2082 2931; baseline -0.01 -12"><span class='ocrx_word' id='word_1_201' title='bbox 496 2874 712 2927; x_wconf 69' lang='lat' dir='ltr'><strong>nostrae,</strong></span> <span class='ocrx_word' id='word_1_202' title='bbox 743 2876 914 2931; x_wconf 87' lang='lat' dir='ltr'><strong>neque</strong></span> <span class='ocrx_word' id='word_1_203' title='bbox 937 2862 987 2913; x_wconf 93' lang='lat' dir='ltr'><strong>in</strong></span> <span class='ocrx_word' id='word_1_204' title='bbox 1016 2859 1143 2929; x_wconf 89' lang='lat' dir='ltr'><strong>ipsis</strong></span> <span class='ocrx_word' id='word_1_205' title='bbox 1170 2857 1364 2912; x_wconf 88' lang='lat' dir='ltr'><strong>divinis</strong></span> <span class='ocrx_word' id='word_1_206' title='bbox 1389 2852 1674 2922; x_wconf 86' lang='lat' dir='ltr'><strong>Scripturis</strong></span> <span class='ocrx_word' id='word_1_207' title='bbox 1705 2850 1814 2907; x_wconf 82' lang='lat' dir='ltr'><strong>iere</strong></span> <span class='ocrx_word' id='word_1_208' title='bbox 1834 2851 1940 2904; x_wconf 91' lang='lat' dir='ltr'><strong>alio</strong></span> <span class='ocrx_word' id='word_1_209' title='bbox 1965 2850 2082 2904; x_wconf 92' lang='lat' dir='ltr'><strong>loco</strong></span> 
     </span>
    </p>
   </div>
   <div class='ocr_carea' id='block_1_29' title="bbox 493 2939 2080 3024">
    <p class='ocr_par' dir='ltr' id='par_1_29' title="bbox 493 2939 2080 3024">
     <span class='ocr_line' id='line_1_29' title="bbox 493 2939 2080 3024; baseline -0.011 -15"><span class='ocrx_word' id='word_1_210' title='bbox 493 2955 756 3024; x_wconf 88' lang='lat' dir='ltr'><strong>reperitur</strong></span> <span class='ocrx_word' id='word_1_211' title='bbox 785 2952 884 3006; x_wconf 89' lang='lat' dir='ltr'><strong>hoc</strong></span> <span class='ocrx_word' id='word_1_212' title='bbox 910 2965 1102 3005; x_wconf 90' lang='lat' dir='ltr'><strong>nomen</strong></span> <span class='ocrx_word' id='word_1_213' title='bbox 1130 2966 1143 3002; x_wconf 90' lang='lat'><strong>:</strong></span> <span class='ocrx_word' id='word_1_214' title='bbox 1175 2947 1270 3003; x_wconf 89' lang='lat' dir='ltr'><strong>sed</strong></span> <span class='ocrx_word' id='word_1_215' title='bbox 1294 2945 1416 3016; x_wconf 89' lang='lat' dir='ltr'><strong>quia</strong></span> <span class='ocrx_word' id='word_1_216' title='bbox 1445 2944 1690 2999; x_wconf 91' lang='lat' dir='ltr'><strong>videntur</strong></span> <span class='ocrx_word' id='word_1_217' title='bbox 1713 2941 1864 3012; x_wconf 90' lang='lat' dir='ltr'><strong>quasi</strong></span> <span class='ocrx_word' id='word_1_218' title='bbox 1905 2939 2080 2995; x_wconf 87' lang='lat' dir='ltr'><strong>canti-</strong></span> 
     </span>
    </p>
   </div>
   <div class='ocr_carea' id='block_1_30' title="bbox 493 3030 2082 3109">
    <p class='ocr_par' dir='ltr' id='par_1_30' title="bbox 493 3030 2082 3109">
     <span class='ocr_line' id='line_1_30' title="bbox 493 3030 2082 3109; baseline -0.008 -12"><span class='ocrx_word' id='word_1_219' title='bbox 493 3058 614 3097; x_wconf 88' lang='lat' dir='ltr'><strong>cum</strong></span> <span class='ocrx_word' id='word_1_220' title='bbox 636 3043 834 3105; x_wconf 87' lang='lat' dir='ltr'><strong>dicere,</strong></span> <span class='ocrx_word' id='word_1_221' title='bbox 875 3055 981 3109; x_wconf 91' lang='lat' dir='ltr'><strong>quo</strong></span> <span class='ocrx_word' id='word_1_222' title='bbox 1006 3039 1314 3093; x_wconf 89' lang='lat' dir='ltr'><strong>cecinerunt</strong></span> <span class='ocrx_word' id='word_1_223' title='bbox 1343 3035 1537 3090; x_wconf 91' lang='lat' dir='ltr'><strong>bellum</strong></span> <span class='ocrx_word' id='word_1_224' title='bbox 1581 3034 1718 3088; x_wconf 87' lang='lat' dir='ltr'><strong>inter</strong></span> <span class='ocrx_word' id='word_1_225' title='bbox 1741 3030 2082 3086; x_wconf 73' lang='lat' dir='ltr'><strong>Amorrhams</strong></span> 
     </span>
    </p>
   </div>
   <div class='ocr_carea' id='block_1_31' title="bbox 494 3125 2080 3202">
    <p class='ocr_par' dir='ltr' id='par_1_31' title="bbox 494 3125 2080 3202">
     <span class='ocr_line' id='line_1_31' title="bbox 494 3125 2080 3202; baseline -0.009 -12"><span class='ocrx_word' id='word_1_226' title='bbox 494 3145 551 3190; x_wconf 90' lang='lat' dir='ltr'><strong>et</strong></span> <span class='ocrx_word' id='word_1_227' title='bbox 593 3136 849 3190; x_wconf 78' lang='lat' dir='ltr'><strong>Moabitas</strong></span> <span class='ocrx_word' id='word_1_228' title='bbox 889 3141 1117 3202; x_wconf 88' lang='lat' dir='ltr'><strong>gestum,</strong></span> <span class='ocrx_word' id='word_1_229' title='bbox 1149 3131 1202 3184; x_wconf 92' lang='lat' dir='ltr'><strong>in</strong></span> <span class='ocrx_word' id='word_1_230' title='bbox 1228 3144 1333 3199; x_wconf 92' lang='lat' dir='ltr'><strong>quo</strong></span> <span class='ocrx_word' id='word_1_231' title='bbox 1358 3129 1498 3182; x_wconf 89' lang='lat' dir='ltr'><strong>Seou</strong></span> <span class='ocrx_word' id='word_1_232' title='bbox 1526 3141 1618 3181; x_wconf 84' lang='lat' dir='ltr'><strong>rex</strong></span> <span class='ocrx_word' id='word_1_233' title='bbox 1649 3125 2080 3180; x_wconf 67' lang='lat' dir='ltr'><strong>Amorrhaaorum</strong></span> 
     </span>
    </p>
   </div>
   <div class='ocr_carea' id='block_1_32' title="bbox 492 3212 2078 3291">
    <p class='ocr_par' dir='ltr' id='par_1_32' title="bbox 492 3212 2078 3291">
     <span class='ocr_line' id='line_1_32' title="bbox 492 3212 2078 3291; baseline -0.009 -10"><span class='ocrx_word' id='word_1_234' title='bbox 492 3226 748 3281; x_wconf 73' lang='lat' dir='ltr'><strong>Hoabitas</strong></span> <span class='ocrx_word' id='word_1_235' title='bbox 787 3224 1075 3291; x_wconf 88' lang='lat' dir='ltr'><strong>superavit,</strong></span> <span class='ocrx_word' id='word_1_236' title='bbox 1112 3236 1218 3275; x_wconf 90' lang='lat' dir='ltr'><strong>non</strong></span> <span class='ocrx_word' id='word_1_237' title='bbox 1267 3217 1646 3274; x_wconf 88' lang='lat' dir='ltr'><strong>incredibiliter</strong></span> <span class='ocrx_word' id='word_1_238' title='bbox 1691 3222 1943 3284; x_wconf 86' lang='lat' dir='ltr'><strong>putantur</strong></span> <span class='ocrx_word' id='word_1_239' title='bbox 1992 3212 2078 3268; x_wconf 91' lang='lat' dir='ltr'><strong>isti</strong></span> 
     </span>
    </p>
   </div>
   <div class='ocr_carea' id='block_1_33' title="bbox 493 3310 2082 3386">
    <p class='ocr_par' dir='ltr' id='par_1_33' title="bbox 493 3310 2082 3386">
     <span class='ocr_line' id='line_1_33' title="bbox 493 3310 2082 3386; baseline -0.009 -14"><span class='ocrx_word' id='word_1_240' title='bbox 493 3316 862 3386; x_wconf 65' lang='lat' dir='ltr'><strong>tenigntatistse</strong></span> <span class='ocrx_word' id='word_1_241' title='bbox 891 3315 970 3369; x_wconf 90' lang='lat' dir='ltr'><strong>sic</strong></span> <span class='ocrx_word' id='word_1_242' title='bbox 997 3322 1122 3368; x_wconf 91' lang='lat' dir='ltr'><strong>tunc</strong></span> <span class='ocrx_word' id='word_1_243' title='bbox 1146 3310 1414 3379; x_wconf 86' lang='lat' dir='ltr'><strong>appellati,</strong></span> <span class='ocrx_word' id='word_1_244' title='bbox 1445 3322 1580 3378; x_wconf 91' lang='lat' dir='ltr'><strong>quos</strong></span> <span class='ocrx_word' id='word_1_245' title='bbox 1619 3315 1804 3377; x_wconf 89' lang='lat' dir='ltr'><strong>poetas</strong></span> <span class='ocrx_word' id='word_1_246' title='bbox 1847 3318 1947 3359; x_wconf 86' lang='lat' dir='ltr'><strong>nos</strong></span> <span class='ocrx_word' id='word_1_247' title='bbox 1987 3318 2082 3373; x_wconf 89' lang='lat' dir='ltr'><strong>ap-</strong></span> 
     </span>
    </p>
   </div>
   <div class='ocr_carea' id='block_1_34' title="bbox 495 3394 2081 3478">
    <p class='ocr_par' dir='ltr' id='par_1_34' title="bbox 495 3394 2081 3478">
     <span class='ocr_line' id='line_1_34' title="bbox 495 3394 2081 3478; baseline -0.011 -14"><span class='ocrx_word' id='word_1_248' title='bbox 495 3409 783 3478; x_wconf 78' lang='lat' dir='ltr'><strong>pellamus;</strong></span> <span class='ocrx_word' id='word_1_249' title='bbox 813 3421 880 3461; x_wconf 91' lang='lat' dir='ltr'><strong>eo</strong></span> <span class='ocrx_word' id='word_1_250' title='bbox 903 3404 1042 3475; x_wconf 90' lang='lat' dir='ltr'><strong>quod</strong></span> <span class='ocrx_word' id='word_1_251' title='bbox 1075 3411 1344 3473; x_wconf 87' lang='lat' dir='ltr'><strong>poetarum</strong></span> <span class='ocrx_word' id='word_1_252' title='bbox 1369 3400 1441 3454; x_wconf 92' lang='lat' dir='ltr'><strong>sit</strong></span> <span class='ocrx_word' id='word_1_253' title='bbox 1465 3397 1794 3454; x_wconf 85' lang='lat' dir='ltr'><strong>consuetudo</strong></span> <span class='ocrx_word' id='word_1_254' title='bbox 1819 3405 1978 3465; x_wconf 87' lang='lat' dir='ltr'><strong>atque</strong></span> <span class='ocrx_word' id='word_1_255' title='bbox 2015 3394 2081 3448; x_wconf 79' lang='lat' dir='ltr'><strong>li-</strong></span> 
     </span>
    </p>
   </div>
   <div class='ocr_carea' id='block_1_35' title="bbox 495 3486 2077 3559">
    <p class='ocr_par' dir='ltr' id='par_1_35' title="bbox 495 3486 2077 3559">
     <span class='ocr_line' id='line_1_35' title="bbox 495 3486 2077 3559; baseline -0.009 -6"><span class='ocrx_word' id='word_1_256' title='bbox 495 3501 668 3554; x_wconf 88' lang='lat' dir='ltr'><strong>centia</strong></span> <span class='ocrx_word' id='word_1_257' title='bbox 697 3498 921 3552; x_wconf 86' lang='lat' dir='ltr'><strong>miscere</strong></span> <span class='ocrx_word' id='word_1_258' title='bbox 947 3493 1272 3549; x_wconf 91' lang='lat' dir='ltr'><strong>carminibus</strong></span> <span class='ocrx_word' id='word_1_259' title='bbox 1315 3489 1426 3545; x_wconf 88' lang='lat' dir='ltr'><strong>suis</strong></span> <span class='ocrx_word' id='word_1_260' title='bbox 1449 3489 1728 3559; x_wconf 66' lang='lat' dir='ltr'><strong>aanigmata</strong></span> <span class='ocrx_word' id='word_1_261' title='bbox 1760 3486 2077 3550; x_wconf 81' lang='lat' dir='ltr'><strong>fabularum,</strong></span> 
     </span>
    </p>
   </div>
   <div class='ocr_carea' id='block_1_36' title="bbox 493 3577 2079 3662">
    <p class='ocr_par' dir='ltr' id='par_1_36' title="bbox 493 3577 2079 3662">
     <span class='ocr_line' id='line_1_36' title="bbox 493 3577 2079 3662; baseline -0.009 -18"><span class='ocrx_word' id='word_1_262' title='bbox 493 3592 683 3662; x_wconf 88' lang='lat' dir='ltr'><strong>quibus</strong></span> <span class='ocrx_word' id='word_1_263' title='bbox 708 3588 902 3659; x_wconf 91' lang='lat' dir='ltr'><strong>aliquid</strong></span> <span class='ocrx_word' id='word_1_264' title='bbox 932 3587 1228 3655; x_wconf 83' lang='lat' dir='ltr'><strong>signiﬁcare</strong></span> <span class='ocrx_word' id='word_1_265' title='bbox 1256 3582 1636 3651; x_wconf 80' lang='lat' dir='ltr'><strong>intelligantur.</strong></span> <span class='ocrx_word' id='word_1_266' title='bbox 1663 3577 1780 3633; x_wconf 86' lang='lat' dir='ltr'><strong>Non</strong></span> <span class='ocrx_word' id='word_1_267' title='bbox 1809 3577 1950 3633; x_wconf 90' lang='lat' dir='ltr'><strong>enim</strong></span> <span class='ocrx_word' id='word_1_268' title='bbox 1979 3577 2079 3630; x_wconf 89' lang='lat' dir='ltr'><strong>ali-</strong></span> 
     </span>
    </p>
   </div>
   <div class='ocr_carea' id='block_1_37' title="bbox 496 3667 2077 3749">
    <p class='ocr_par' dir='ltr' id='par_1_37' title="bbox 496 3667 2077 3749">
     <span class='ocr_line' id='line_1_37' title="bbox 496 3667 2077 3749; baseline -0.011 -10"><span class='ocrx_word' id='word_1_269' title='bbox 496 3691 579 3739; x_wconf 89' lang='lat' dir='ltr'><strong>ter</strong></span> <span class='ocrx_word' id='word_1_270' title='bbox 610 3690 790 3737; x_wconf 84' lang='lat' dir='ltr'><strong>essent</strong></span> <span class='ocrx_word' id='word_1_271' title='bbox 831 3680 1132 3749; x_wconf 78' lang='lat' dir='ltr'><strong>:enigmata,</strong></span> <span class='ocrx_word' id='word_1_272' title='bbox 1179 3675 1280 3731; x_wconf 87' lang='lat' dir='ltr'><strong>nisi</strong></span> <span class='ocrx_word' id='word_1_273' title='bbox 1317 3673 1425 3728; x_wconf 90' lang='lat' dir='ltr'><strong>illic</strong></span> <span class='ocrx_word' id='word_1_274' title='bbox 1461 3681 1602 3726; x_wconf 85' lang='lat' dir='ltr'><strong>esset</strong></span> <span class='ocrx_word' id='word_1_275' title='bbox 1630 3671 1828 3739; x_wconf 88' lang='lat' dir='ltr'><strong>tropica</strong></span> <span class='ocrx_word' id='word_1_276' title='bbox 1859 3667 2077 3734; x_wconf 91' lang='lat' dir='ltr'><strong>locutio,</strong></span> 
     </span>
    </p>
   </div>
   <div class='ocr_carea' id='block_1_38' title="bbox 494 3756 2080 3840">
    <p class='ocr_par' dir='ltr' id='par_1_38' title="bbox 494 3756 2080 3840">
     <span class='ocr_line' id='line_1_38' title="bbox 494 3756 2080 3840; baseline -0.011 -14"><span class='ocrx_word' id='word_1_277' title='bbox 494 3787 596 3840; x_wconf 89' lang='lat' dir='ltr'><strong>qua</strong></span> <span class='ocrx_word' id='word_1_278' title='bbox 619 3771 853 3824; x_wconf 87' lang='lat' dir='ltr'><strong>discussa</strong></span> <span class='ocrx_word' id='word_1_279' title='bbox 882 3768 1244 3837; x_wconf 88' lang='lat' dir='ltr'><strong>perveniretur</strong></span> <span class='ocrx_word' id='word_1_280' title='bbox 1266 3763 1334 3817; x_wconf 88' lang='lat' dir='ltr'><strong>ad</strong></span> <span class='ocrx_word' id='word_1_281' title='bbox 1364 3760 1690 3816; x_wconf 89' lang='lat' dir='ltr'><strong>intellectum</strong></span> <span class='ocrx_word' id='word_1_282' title='bbox 1717 3758 1806 3828; x_wconf 89' lang='lat' dir='ltr'><strong>qui</strong></span> <span class='ocrx_word' id='word_1_283' title='bbox 1833 3757 1888 3812; x_wconf 86' lang='lat' dir='ltr'><strong>in</strong></span> <span class='ocrx_word' id='word_1_284' title='bbox 1911 3756 2080 3827; x_wconf 62' lang='lat' dir='ltr'><strong>aenig-</strong></span> 
     </span>
    </p>
   </div>
   <div class='ocr_carea' id='block_1_39' title="bbox 495 3860 916 3916">
    <p class='ocr_par' dir='ltr' id='par_1_39' title="bbox 495 3860 916 3916">
     <span class='ocr_line' id='line_1_39' title="bbox 495 3860 916 3916; baseline -0.019 0"><span class='ocrx_word' id='word_1_285' title='bbox 495 3870 639 3916; x_wconf 86' lang='lat' dir='ltr'><strong>mate</strong></span> <span class='ocrx_word' id='word_1_286' title='bbox 667 3860 916 3912; x_wconf 87' lang='lat' dir='ltr'><strong>latitaret.</strong></span> 
     </span>
    </p>
   </div>
   <div class='ocr_carea' id='block_1_40' title="bbox 569 3940 2081 4021">
    <p class='ocr_par' dir='ltr' id='par_1_40' title="bbox 569 3940 2081 4021">
     <span class='ocr_line' id='line_1_40' title="bbox 569 3940 2081 4021; baseline -0.012 -15"><span class='ocrx_word' id='word_1_287' title='bbox 569 3949 754 4006; x_wconf 82' lang='lat' dir='ltr'><strong>XLVI.</strong></span> <span class='ocrx_word' id='word_1_288' title='bbox 782 3947 884 4021; x_wconf 88' lang='lat' dir='ltr'><strong>[Ib.</strong></span> <span class='ocrx_word' id='word_1_289' title='bbox 909 3963 1038 4013; x_wconf 84' lang='lat' dir='ltr'><strong>xxu,</strong></span> <span class='ocrx_word' id='word_1_290' title='bbox 1070 3943 1209 4018; x_wconf 64' lang='lat'><strong>4-6.]</strong></span> <span class='ocrx_word' id='word_1_291' title='bbox 1235 3943 1387 4012; x_wconf 86' lang='lat' dir='ltr'><strong>Quod</strong></span> <span class='ocrx_word' id='word_1_292' title='bbox 1411 3942 1539 3998; x_wconf 91' lang='lat' dir='ltr'><strong>dicit</strong></span> <span class='ocrx_word' id='word_1_293' title='bbox 1563 3940 1855 4009; x_wconf 87' lang='lat' dir='ltr'><strong>Scriptura,</strong></span> <span class='ocrx_word' id='word_1_294' title='bbox 1871 3945 2081 4006; x_wconf 89' lang='lat' dir='ltr'><strong>postea-</strong></span> 
     </span>
    </p>
   </div>
   <div class='ocr_carea' id='block_1_41' title="bbox 496 4025 2081 4113">
    <p class='ocr_par' dir='ltr' id='par_1_41' title="bbox 496 4025 2081 4113">
     <span class='ocr_line' id='line_1_41' title="bbox 496 4025 2081 4113; baseline -0.01 -16"><span class='ocrx_word' id='word_1_295' title='bbox 496 4057 652 4113; x_wconf 88' lang='lat' dir='ltr'><strong>quam</strong></span> <span class='ocrx_word' id='word_1_296' title='bbox 677 4039 838 4096; x_wconf 89' lang='lat' dir='ltr'><strong>Israel</strong></span> <span class='ocrx_word' id='word_1_297' title='bbox 862 4039 985 4092; x_wconf 88' lang='lat' dir='ltr'><strong>vicit</strong></span> <span class='ocrx_word' id='word_1_298' title='bbox 1010 4037 1369 4100; x_wconf 68' lang='lat' dir='ltr'><strong>Amorrhazos,</strong></span> <span class='ocrx_word' id='word_1_299' title='bbox 1397 4042 1452 4088; x_wconf 89' lang='lat' dir='ltr'><strong>et</strong></span> <span class='ocrx_word' id='word_1_300' title='bbox 1476 4030 1708 4102; x_wconf 89' lang='lat' dir='ltr'><strong>possedit</strong></span> <span class='ocrx_word' id='word_1_301' title='bbox 1727 4043 1916 4084; x_wconf 89' lang='lat' dir='ltr'><strong>omnes</strong></span> <span class='ocrx_word' id='word_1_302' title='bbox 1950 4025 2081 4082; x_wconf 91' lang='lat' dir='ltr'><strong>civi-</strong></span> 
     </span>
    </p>
   </div>
   <div class='ocr_carea' id='block_1_42' title="bbox 497 4119 2078 4194">
    <p class='ocr_par' dir='ltr' id='par_1_42' title="bbox 497 4119 2078 4194">
     <span class='ocr_line' id='line_1_42' title="bbox 497 4119 2078 4194; baseline -0.01 -6"><span class='ocrx_word' id='word_1_303' title='bbox 497 4141 634 4188; x_wconf 89' lang='lat' dir='ltr'><strong>tates</strong></span> <span class='ocrx_word' id='word_1_304' title='bbox 658 4142 865 4192; x_wconf 80' lang='lat' dir='ltr'><strong>earum,</strong></span> <span class='ocrx_word' id='word_1_305' title='bbox 896 4127 1104 4181; x_wconf 89' lang='lat' dir='ltr'><strong>misisse</strong></span> <span class='ocrx_word' id='word_1_306' title='bbox 1131 4126 1334 4194; x_wconf 77' lang='lat' dir='ltr'><strong>legatos</strong></span> <span class='ocrx_word' id='word_1_307' title='bbox 1354 4123 1514 4178; x_wconf 85' lang='lat' dir='ltr'><strong>Baiae</strong></span> <span class='ocrx_word' id='word_1_308' title='bbox 1538 4136 1716 4191; x_wconf 83' lang='lat' dir='ltr'><strong>regem</strong></span> <span class='ocrx_word' id='word_1_309' title='bbox 1735 4119 2078 4174; x_wconf 80' lang='lat' dir='ltr'><strong>Moabitarum</strong></span> 
     </span>
    </p>
   </div>
   <div class='ocr_carea' id='block_1_43' title="bbox 494 4207 2075 4283">
    <p class='ocr_par' dir='ltr' id='par_1_43' title="bbox 494 4207 2075 4283">
     <span class='ocr_line' id='line_1_43' title="bbox 494 4207 2075 4283; baseline -0.011 -5"><span class='ocrx_word' id='word_1_310' title='bbox 494 4221 562 4277; x_wconf 78' lang='lat' dir='ltr'><strong>ad</strong></span> <span class='ocrx_word' id='word_1_311' title='bbox 581 4218 981 4276; x_wconf 87' lang='lat' dir='ltr'><strong>conducendum</strong></span> <span class='ocrx_word' id='word_1_312' title='bbox 1006 4216 1240 4279; x_wconf 86' lang='lat' dir='ltr'><strong>Balaam,</strong></span> <span class='ocrx_word' id='word_1_313' title='bbox 1265 4229 1297 4269; x_wconf 88' lang='lat' dir='ltr'><strong>a</strong></span> <span class='ocrx_word' id='word_1_314' title='bbox 1323 4228 1428 4283; x_wconf 91' lang='lat' dir='ltr'><strong>quo</strong></span> <span class='ocrx_word' id='word_1_315' title='bbox 1455 4211 1856 4266; x_wconf 88' lang='lat' dir='ltr'><strong>tnalediceretur</strong></span> <span class='ocrx_word' id='word_1_316' title='bbox 1895 4207 2075 4273; x_wconf 88' lang='lat' dir='ltr'><strong>Israel,</strong></span> 
     </span>
    </p>
   </div>
   <div class='ocr_carea' id='block_1_44' title="bbox 493 4299 2081 4368">
    <p class='ocr_par' dir='ltr' id='par_1_44' title="bbox 493 4299 2081 4368">
     <span class='ocr_line' id='line_1_44' title="bbox 493 4299 2081 4368; baseline -0.013 1"><span class='ocrx_word' id='word_1_317' title='bbox 493 4314 621 4368; x_wconf 84' lang='lat' dir='ltr'><strong>satis</strong></span> <span class='ocrx_word' id='word_1_318' title='bbox 647 4310 944 4366; x_wconf 86' lang='lat' dir='ltr'><strong>ostenditur</strong></span> <span class='ocrx_word' id='word_1_319' title='bbox 981 4323 1087 4361; x_wconf 91' lang='lat' dir='ltr'><strong>non</strong></span> <span class='ocrx_word' id='word_1_320' title='bbox 1128 4319 1314 4360; x_wconf 89' lang='lat' dir='ltr'><strong>onmes</strong></span> <span class='ocrx_word' id='word_1_321' title='bbox 1348 4302 1602 4357; x_wconf 76' lang='lat' dir='ltr'><strong>Moabitas</strong></span> <span class='ocrx_word' id='word_1_322' title='bbox 1628 4302 1838 4356; x_wconf 86' lang='lat' dir='ltr'><strong>venisse</strong></span> <span class='ocrx_word' id='word_1_323' title='bbox 1868 4299 1919 4352; x_wconf 91' lang='lat' dir='ltr'><strong>in</strong></span> <span class='ocrx_word' id='word_1_324' title='bbox 1951 4313 2081 4352; x_wconf 92' lang='lat' dir='ltr'><strong>con-</strong></span> 
     </span>
    </p>
   </div>
   <div class='ocr_carea' id='block_1_45' title="bbox 494 4389 2080 4469">
    <p class='ocr_par' dir='ltr' id='par_1_45' title="bbox 494 4389 2080 4469">
     <span class='ocr_line' id='line_1_45' title="bbox 494 4389 2080 4469; baseline -0.01 -9"><span class='ocrx_word' id='word_1_325' title='bbox 494 4405 747 4460; x_wconf 89' lang='lat' dir='ltr'><strong>ditionem</strong></span> <span class='ocrx_word' id='word_1_326' title='bbox 801 4401 942 4457; x_wconf 88' lang='lat' dir='ltr'><strong>Seon</strong></span> <span class='ocrx_word' id='word_1_327' title='bbox 994 4398 1133 4469; x_wconf 86' lang='lat' dir='ltr'><strong>regis</strong></span> <span class='ocrx_word' id='word_1_328' title='bbox 1178 4395 1607 4452; x_wconf 65' lang='lat' dir='ltr'><strong>Amorrhazorum</strong></span> <span class='ocrx_word' id='word_1_329' title='bbox 1637 4433 1653 4458; x_wconf 94' lang='lat'><strong>,</strong></span> <span class='ocrx_word' id='word_1_330' title='bbox 1713 4389 1926 4460; x_wconf 88' lang='lat' dir='ltr'><strong>quando</strong></span> <span class='ocrx_word' id='word_1_331' title='bbox 1984 4404 2080 4444; x_wconf 86' lang='lat' dir='ltr'><strong>eos</strong></span> 
     </span>
    </p>
   </div>
   <div class='ocr_carea' id='block_1_46' title="bbox 492 4483 2082 4563">
    <p class='ocr_par' dir='ltr' id='par_1_46' title="bbox 492 4483 2082 4563">
     <span class='ocr_line' id='line_1_46' title="bbox 492 4483 2082 4563; baseline -0.009 -12"><span class='ocrx_word' id='word_1_332' title='bbox 492 4496 634 4551; x_wconf 88' lang='lat' dir='ltr'><strong>bello</strong></span> <span class='ocrx_word' id='word_1_333' title='bbox 656 4493 922 4563; x_wconf 87' lang='lat' dir='ltr'><strong>superavit</strong></span> <span class='ocrx_word' id='word_1_334' title='bbox 951 4510 966 4547; x_wconf 89' lang='lat'><strong>:</strong></span> <span class='ocrx_word' id='word_1_335' title='bbox 997 4493 1040 4545; x_wconf 88' lang='lat' dir='ltr'><strong>si</strong></span> <span class='ocrx_word' id='word_1_336' title='bbox 1062 4490 1271 4560; x_wconf 86' lang='lat' dir='ltr'><strong>quidem</strong></span> <span class='ocrx_word' id='word_1_337' title='bbox 1290 4487 1540 4542; x_wconf 87' lang='lat' dir='ltr'><strong>remansit</strong></span> <span class='ocrx_word' id='word_1_338' title='bbox 1570 4500 1699 4554; x_wconf 88' lang='lat' dir='ltr'><strong>gens</strong></span> <span class='ocrx_word' id='word_1_339' title='bbox 1729 4483 2082 4543; x_wconf 82' lang='lat' dir='ltr'><strong>Moabitarum</strong></span> 
     </span>
    </p>
   </div>
   <div class='ocr_carea' id='block_1_47' title="bbox 491 4573 2074 4656">
    <p class='ocr_par' dir='ltr' id='par_1_47' title="bbox 491 4573 2074 4656">
     <span class='ocr_line' id='line_1_47' title="bbox 491 4573 2074 4656; baseline -0.009 -15"><span class='ocrx_word' id='word_1_340' title='bbox 491 4601 661 4656; x_wconf 88' lang='lat' dir='ltr'><strong>usque</strong></span> <span class='ocrx_word' id='word_1_341' title='bbox 697 4587 762 4640; x_wconf 89' lang='lat' dir='ltr'><strong>ad</strong></span> <span class='ocrx_word' id='word_1_342' title='bbox 805 4585 929 4639; x_wconf 89' lang='lat' dir='ltr'><strong>illud</strong></span> <span class='ocrx_word' id='word_1_343' title='bbox 962 4593 1186 4651; x_wconf 89' lang='lat' dir='ltr'><strong>tempus,</strong></span> <span class='ocrx_word' id='word_1_344' title='bbox 1211 4581 1296 4634; x_wconf 91' lang='lat' dir='ltr'><strong>ubi</strong></span> <span class='ocrx_word' id='word_1_345' title='bbox 1328 4587 1575 4648; x_wconf 85' lang='lat' dir='ltr'><strong>regnaret</strong></span> <span class='ocrx_word' id='word_1_346' title='bbox 1600 4577 1757 4632; x_wconf 86' lang='lat' dir='ltr'><strong>Balac</strong></span> <span class='ocrx_word' id='word_1_347' title='bbox 1785 4590 1872 4630; x_wconf 82' lang='lat' dir='ltr'><strong>rex</strong></span> <span class='ocrx_word' id='word_1_348' title='bbox 1902 4573 2074 4627; x_wconf 88' lang='lat' dir='ltr'><strong>Moab.</strong></span> 
     </span>
    </p>
   </div>
   <div class='ocr_carea' id='block_1_48' title="bbox 493 4664 2078 4746">
    <p class='ocr_par' dir='ltr' id='par_1_48' title="bbox 493 4664 2078 4746">
     <span class='ocr_line' id='line_1_48' title="bbox 493 4664 2078 4746; baseline -0.009 -15"><span class='ocrx_word' id='word_1_349' title='bbox 493 4676 644 4746; x_wconf 85' lang='lat' dir='ltr'><strong>Quod</strong></span> <span class='ocrx_word' id='word_1_350' title='bbox 676 4691 806 4730; x_wconf 91' lang='lat' dir='ltr'><strong>vero</strong></span> <span class='ocrx_word' id='word_1_351' title='bbox 826 4675 978 4730; x_wconf 82' lang='lat' dir='ltr'><strong>Moab</strong></span> <span class='ocrx_word' id='word_1_352' title='bbox 1002 4674 1136 4727; x_wconf 80' lang='lat' dir='ltr'><strong>dixit</strong></span> <span class='ocrx_word' id='word_1_353' title='bbox 1158 4671 1456 4726; x_wconf 89' lang='lat' dir='ltr'><strong>senioribus</strong></span> <span class='ocrx_word' id='word_1_354' title='bbox 1475 4668 1703 4729; x_wconf 80' lang='lat' dir='ltr'><strong>Madian,</strong></span> <span class='ocrx_word' id='word_1_355' title='bbox 1727 4665 1778 4720; x_wconf 93' lang='lat' dir='ltr'><strong>id</strong></span> <span class='ocrx_word' id='word_1_356' title='bbox 1808 4675 1910 4731; x_wconf 90' lang='lat' dir='ltr'><strong>est,</strong></span> <span class='ocrx_word' id='word_1_357' title='bbox 1941 4664 2078 4718; x_wconf 82' lang='lat' dir='ltr'><strong>Moa-</strong></span> 
     </span>
    </p>
   </div>
   <div class='ocr_carea' id='block_1_49' title="bbox 491 4759 2078 4828">
    <p class='ocr_par' dir='ltr' id='par_1_49' title="bbox 491 4759 2078 4828">
     <span class='ocr_line' id='line_1_49' title="bbox 491 4759 2078 4828; baseline -0.01 -5"><span class='ocrx_word' id='word_1_358' title='bbox 491 4769 615 4824; x_wconf 61' lang='lat' dir='ltr'><strong>bitas</strong></span> <span class='ocrx_word' id='word_1_359' title='bbox 643 4766 936 4822; x_wconf 85' lang='lat' dir='ltr'><strong>senioribus</strong></span> <span class='ocrx_word' id='word_1_360' title='bbox 948 4764 1368 4825; x_wconf 85' lang='lat' dir='ltr'><strong>Madianitarum,</strong></span> <span class='ocrx_word' id='word_1_361' title='bbox 1395 4759 1550 4814; x_wconf 87' lang='lat' dir='ltr'><strong>Nunc</strong></span> <span class='ocrx_word' id='word_1_362' title='bbox 1571 4759 1791 4828; x_wconf 85' lang='lat' dir='ltr'><strong>ablinget</strong></span> <span class='ocrx_word' id='word_1_363' title='bbox 1817 4771 2078 4827; x_wconf 76' lang='lat' dir='ltr'><strong>synagoga</strong></span> 
     </span>
    </p>
   </div>
   <div class='ocr_carea' id='block_1_50' title="bbox 493 4851 2076 4925">
    <p class='ocr_par' dir='ltr' id='par_1_50' title="bbox 493 4851 2076 4925">
     <span class='ocr_line' id='line_1_50' title="bbox 493 4851 2076 4925; baseline -0.01 -12"><span class='ocrx_word' id='word_1_364' title='bbox 493 4860 601 4913; x_wconf 67' lang='lat' dir='ltr'><strong>haec</strong></span> <span class='ocrx_word' id='word_1_365' title='bbox 623 4872 794 4912; x_wconf 85' lang='lat' dir='ltr'><strong>omnes</strong></span> <span class='ocrx_word' id='word_1_366' title='bbox 826 4856 843 4888; x_wconf 72' lang='grc' dir='ltr'>ί</span> <span class='ocrx_word' id='word_1_367' title='bbox 873 4855 958 4925; x_wconf 97' lang='lat' dir='ltr'><strong>qui</strong></span> <span class='ocrx_word' id='word_1_368' title='bbox 982 4853 1035 4907; x_wconf 89' lang='lat' dir='ltr'><strong>in</strong></span> <span class='ocrx_word' id='word_1_369' title='bbox 1059 4851 1272 4906; x_wconf 85' lang='lat' dir='ltr'><strong>circuitu</strong></span> <span class='ocrx_word' id='word_1_370' title='bbox 1315 4858 1484 4904; x_wconf 90' lang='lat' dir='ltr'><strong>nostro</strong></span> <span class='ocrx_word' id='word_1_371' title='bbox 1508 4857 1661 4911; x_wconf 88' lang='lat' dir='ltr'><strong>sunt;</strong></span> <span class='ocrx_word' id='word_1_372' title='bbox 1690 4862 1794 4900; x_wconf 89' lang='lat' dir='ltr'><strong>non</strong></span> <span class='ocrx_word' id='word_1_373' title='bbox 1817 4860 1920 4900; x_wconf 90' lang='lat' dir='ltr'><strong>una</strong></span> <span class='ocrx_word' id='word_1_374' title='bbox 1947 4858 2076 4912; x_wconf 89' lang='lat' dir='ltr'><strong>gens</strong></span> 
     </span>
    </p>
   </div>
   <div class='ocr_carea' id='block_1_51' title="bbox 489 4937 2075 5016">
    <p class='ocr_par' dir='ltr' id='par_1_51' title="bbox 489 4937 2075 5016">
     <span class='ocr_line' id='line_1_51' title="bbox 489 4937 2075 5016; baseline -0.01 -12"><span class='ocrx_word' id='word_1_375' title='bbox 489 4957 626 5016; x_wconf 87' lang='lat' dir='ltr'><strong>erat,</strong></span> <span class='ocrx_word' id='word_1_376' title='bbox 649 4948 744 5003; x_wconf 91' lang='lat' dir='ltr'><strong>sed</strong></span> <span class='ocrx_word' id='word_1_377' title='bbox 775 4946 929 5001; x_wconf 86' lang='lat' dir='ltr'><strong>vicini</strong></span> <span class='ocrx_word' id='word_1_378' title='bbox 959 4944 1026 4998; x_wconf 89' lang='lat' dir='ltr'><strong>ad</strong></span> <span class='ocrx_word' id='word_1_379' title='bbox 1065 4942 1268 4998; x_wconf 87' lang='lat' dir='ltr'><strong>vicinos</strong></span> <span class='ocrx_word' id='word_1_380' title='bbox 1302 4941 1548 4996; x_wconf 83' lang='lat' dir='ltr'><strong>dixerunt</strong></span> <span class='ocrx_word' id='word_1_381' title='bbox 1595 4937 1737 5008; x_wconf 92' lang='lat' dir='ltr'><strong>quod</strong></span> <span class='ocrx_word' id='word_1_382' title='bbox 1763 4938 1958 5006; x_wconf 89' lang='lat' dir='ltr'><strong>pariter</strong></span> <span class='ocrx_word' id='word_1_383' title='bbox 1981 4949 2075 4989; x_wconf 88' lang='lat' dir='ltr'><strong>ca-</strong></span> 
     </span>
    </p>
   </div>
   <div class='ocr_carea' id='block_1_52' title="bbox 491 5025 2074 5094">
    <p class='ocr_par' dir='ltr' id='par_1_52' title="bbox 491 5025 2074 5094">
     <span class='ocr_line' id='line_1_52' title="bbox 491 5025 2074 5094; baseline -0.011 0"><span class='ocrx_word' id='word_1_384' title='bbox 491 5039 721 5094; x_wconf 90' lang='lat' dir='ltr'><strong>vendum</strong></span> <span class='ocrx_word' id='word_1_385' title='bbox 748 5045 910 5091; x_wconf 86' lang='lat' dir='ltr'><strong>esset.</strong></span> <span class='ocrx_word' id='word_1_386' title='bbox 946 5033 1079 5090; x_wconf 88' lang='lat' dir='ltr'><strong>Nam</strong></span> <span class='ocrx_word' id='word_1_387' title='bbox 1102 5033 1256 5088; x_wconf 78' lang='lat' dir='ltr'><strong>Moab</strong></span> <span class='ocrx_word' id='word_1_388' title='bbox 1283 5031 1423 5085; x_wconf 85' lang='lat' dir='ltr'><strong>Iilius</strong></span> <span class='ocrx_word' id='word_1_389' title='bbox 1451 5028 1549 5084; x_wconf 83' lang='lat' dir='ltr'><strong>fuit</strong></span> <span class='ocrx_word' id='word_1_390' title='bbox 1577 5028 1675 5083; x_wconf 90' lang='lat' dir='ltr'><strong>Lot</strong></span> <span class='ocrx_word' id='word_1_391' title='bbox 1700 5043 1764 5082; x_wconf 91' lang='lat' dir='ltr'><strong>ex</strong></span> <span class='ocrx_word' id='word_1_392' title='bbox 1794 5041 1896 5080; x_wconf 90' lang='lat' dir='ltr'><strong>una</strong></span> <span class='ocrx_word' id='word_1_393' title='bbox 1939 5025 2074 5079; x_wconf 90' lang='lat' dir='ltr'><strong>lilia-</strong></span> 
     </span>
    </p>
   </div>
   <div class='ocr_carea' id='block_1_53' title="bbox 490 5113 2078 5201">
    <p class='ocr_par' dir='ltr' id='par_1_53' title="bbox 490 5113 2078 5201">
     <span class='ocr_line' id='line_1_53' title="bbox 490 5113 2078 5201; baseline -0.009 -18"><span class='ocrx_word' id='word_1_394' title='bbox 490 5144 607 5184; x_wconf 90' lang='lat' dir='ltr'><strong>rum</strong></span> <span class='ocrx_word' id='word_1_395' title='bbox 635 5126 784 5201; x_wconf 80' lang='lat' dir='ltr'><strong>(Gen.</strong></span> <span class='ocrx_word' id='word_1_396' title='bbox 814 5142 926 5192; x_wconf 80' lang='lat' dir='ltr'><strong>xtx,</strong></span> <span class='ocrx_word' id='word_1_397' title='bbox 957 5124 1072 5194; x_wconf 78' lang='lat'><strong>37),</strong></span> <span class='ocrx_word' id='word_1_398' title='bbox 1097 5123 1301 5177; x_wconf 79' lang='lat' dir='ltr'><strong>Madian</strong></span> <span class='ocrx_word' id='word_1_399' title='bbox 1323 5136 1448 5175; x_wconf 88' lang='lat' dir='ltr'><strong>vero</strong></span> <span class='ocrx_word' id='word_1_400' title='bbox 1475 5119 1612 5174; x_wconf 84' lang='lat' dir='ltr'><strong>Illius</strong></span> <span class='ocrx_word' id='word_1_401' title='bbox 1641 5117 1870 5173; x_wconf 62' lang='lat' dir='ltr'><strong>Abrahae</strong></span> <span class='ocrx_word' id='word_1_402' title='bbox 1897 5117 1963 5170; x_wconf 90' lang='lat' dir='ltr'><strong>de</strong></span> <span class='ocrx_word' id='word_1_403' title='bbox 1983 5113 2078 5170; x_wconf 87' lang='lat' dir='ltr'><strong>Ce-</strong></span> 
     </span>
    </p>
   </div>
   <div class='ocr_carea' id='block_1_54' title="bbox 491 5207 2112 5296">
    <p class='ocr_par' dir='ltr' id='par_1_54' title="bbox 491 5207 2112 5296">
     <span class='ocr_line' id='line_1_54' title="bbox 491 5207 2112 5296; baseline -0.008 -22"><span class='ocrx_word' id='word_1_404' title='bbox 491 5219 644 5274; x_wconf 68' lang='grc'><strong>11111111</strong></span> <span class='ocrx_word' id='word_1_405' title='bbox 668 5217 778 5288; x_wconf 90' lang='lat' dir='ltr'><strong>(Id.</strong></span> <span class='ocrx_word' id='word_1_406' title='bbox 806 5233 930 5283; x_wconf 89' lang='lat' dir='ltr'><strong>xxv,</strong></span> <span class='ocrx_word' id='word_1_407' title='bbox 961 5216 1041 5285; x_wconf 77' lang='lat'><strong>‘2).</strong></span> <span class='ocrx_word' id='word_1_408' title='bbox 1063 5213 1181 5270; x_wconf 84' lang='lat' dir='ltr'><strong>Non</strong></span> <span class='ocrx_word' id='word_1_409' title='bbox 1208 5215 1382 5284; x_wconf 86' lang='lat' dir='ltr'><strong>itaque</strong></span> <span class='ocrx_word' id='word_1_410' title='bbox 1404 5226 1505 5266; x_wconf 91' lang='lat' dir='ltr'><strong>una</strong></span> <span class='ocrx_word' id='word_1_411' title='bbox 1533 5225 1663 5282; x_wconf 85' lang='lat' dir='ltr'><strong>gens</strong></span> <span class='ocrx_word' id='word_1_412' title='bbox 1691 5217 1826 5276; x_wconf 91' lang='lat' dir='ltr'><strong>erat,</strong></span> <span class='ocrx_word' id='word_1_413' title='bbox 1843 5207 1937 5263; x_wconf 85' lang='lat' dir='ltr'><strong>sed</strong></span> <span class='ocrx_word' id='word_1_414' title='bbox 1956 5207 2074 5296; x_wconf 63' lang='lat' dir='ltr'><strong>duae</strong></span> <span class='ocrx_word' id='word_1_415' title='bbox 2106 5210 2112 5216; x_wconf 87' lang='lat'>&#39;</span> 
     </span>
    </p>
   </div>
   <div class='ocr_carea' id='block_1_55' title="bbox 493 5306 1239 5378">
    <p class='ocr_par' dir='ltr' id='par_1_55' title="bbox 493 5306 1239 5378">
     <span class='ocr_line' id='line_1_55' title="bbox 493 5306 1239 5378; baseline -0.008 -14"><span class='ocrx_word' id='word_1_416' title='bbox 493 5309 675 5365; x_wconf 41' lang='lat' dir='ltr'><strong>vicinae</strong></span> <span class='ocrx_word' id='word_1_417' title='bbox 700 5319 858 5378; x_wconf 91' lang='lat' dir='ltr'><strong>atque</strong></span> <span class='ocrx_word' id='word_1_418' title='bbox 877 5306 1239 5363; x_wconf 67' lang='lat' dir='ltr'><strong>conterminae.</strong></span> 
     </span>
    </p>
   </div>
   <div class='ocr_carea' id='block_1_56' title="bbox 560 5388 2072 5473">
    <p class='ocr_par' dir='ltr' id='par_1_56' title="bbox 560 5388 2072 5473">
     <span class='ocr_line' id='line_1_56' title="bbox 560 5388 2072 5473; baseline -0.011 -17"><span class='ocrx_word' id='word_1_419' title='bbox 560 5400 769 5456; x_wconf 74' lang='lat' dir='ltr'><strong>XLVII.</strong></span> <span class='ocrx_word' id='word_1_420' title='bbox 814 5399 914 5473; x_wconf 91' lang='lat' dir='ltr'><strong>[Ib.</strong></span> <span class='ocrx_word' id='word_1_421' title='bbox 942 5415 1084 5466; x_wconf 82' lang='lat' dir='ltr'><strong>xxn,</strong></span> <span class='ocrx_word' id='word_1_422' title='bbox 1115 5395 1293 5470; x_wconf 60' lang='lat'><strong>745.]</strong></span> <span class='ocrx_word' id='word_1_423' title='bbox 1344 5393 1480 5463; x_wconf 87' lang='lat' dir='ltr'><strong>Quid</strong></span> <span class='ocrx_word' id='word_1_424' title='bbox 1507 5401 1589 5448; x_wconf 85' lang='lat' dir='ltr'><strong>est</strong></span> <span class='ocrx_word' id='word_1_425' title='bbox 1632 5389 1774 5463; x_wconf 92' lang='lat' dir='ltr'><strong>quod</strong></span> <span class='ocrx_word' id='word_1_426' title='bbox 1819 5388 2072 5458; x_wconf 89' lang='lat' dir='ltr'><strong>scriptum</strong></span> 
     </span>
    </p>
   </div>
   <div class='ocr_carea' id='block_1_57' title="bbox 489 5477 2072 5561">
    <p class='ocr_par' dir='ltr' id='par_1_57' title="bbox 489 5477 2072 5561">
     <span class='ocr_line' id='line_1_57' title="bbox 489 5477 2072 5561; baseline -0.011 -11"><span class='ocrx_word' id='word_1_427' title='bbox 489 5504 604 5561; x_wconf 82' lang='lat' dir='ltr'><strong>est,</strong></span> <span class='ocrx_word' id='word_1_428' title='bbox 636 5492 700 5546; x_wconf 82' lang='lat' dir='ltr'><strong>Et</strong></span> <span class='ocrx_word' id='word_1_429' title='bbox 731 5491 1062 5546; x_wconf 85' lang='lat' dir='ltr'><strong>divinationes</strong></span> <span class='ocrx_word' id='word_1_430' title='bbox 1086 5489 1138 5542; x_wconf 87' lang='lat' dir='ltr'><strong>in</strong></span> <span class='ocrx_word' id='word_1_431' title='bbox 1162 5489 1392 5542; x_wconf 88' lang='lat' dir='ltr'><strong>manibus</strong></span> <span class='ocrx_word' id='word_1_432' title='bbox 1412 5501 1582 5538; x_wconf 87' lang='lat' dir='ltr'><strong>eorum</strong></span> <span class='ocrx_word' id='word_1_433' title='bbox 1601 5525 1615 5548; x_wconf 94' lang='lat'><strong>,</strong></span> <span class='ocrx_word' id='word_1_434' title='bbox 1644 5498 1765 5538; x_wconf 90' lang='lat' dir='ltr'><strong>cum</strong></span> <span class='ocrx_word' id='word_1_435' title='bbox 1796 5481 1862 5535; x_wconf 88' lang='lat' dir='ltr'><strong>de</strong></span> <span class='ocrx_word' id='word_1_436' title='bbox 1888 5480 1952 5534; x_wconf 88' lang='lat' dir='ltr'><strong>iis</strong></span> <span class='ocrx_word' id='word_1_437' title='bbox 1985 5477 2072 5534; x_wconf 86' lang='lat' dir='ltr'><strong>di-</strong></span> 
     </span>
    </p>
   </div>
   <div class='ocr_carea' id='block_1_58' title="bbox 488 5573 2070 5654">
    <p class='ocr_par' dir='ltr' id='par_1_58' title="bbox 488 5573 2070 5654">
     <span class='ocr_line' id='line_1_58' title="bbox 488 5573 2070 5654; baseline -0.011 -13"><span class='ocrx_word' id='word_1_438' title='bbox 488 5595 702 5641; x_wconf 71' lang='lat' dir='ltr'><strong>ceretur</strong></span> <span class='ocrx_word' id='word_1_439' title='bbox 724 5596 859 5654; x_wconf 86' lang='lat' dir='ltr'><strong>quos</strong></span> <span class='ocrx_word' id='word_1_440' title='bbox 889 5583 1102 5636; x_wconf 88' lang='lat' dir='ltr'><strong>miserat</strong></span> <span class='ocrx_word' id='word_1_441' title='bbox 1121 5580 1282 5635; x_wconf 88' lang='lat' dir='ltr'><strong>Balac</strong></span> <span class='ocrx_word' id='word_1_442' title='bbox 1300 5577 1366 5632; x_wconf 92' lang='lat' dir='ltr'><strong>ad</strong></span> <span class='ocrx_word' id='word_1_443' title='bbox 1387 5575 1787 5631; x_wconf 90' lang='lat' dir='ltr'><strong>conducendum</strong></span> <span class='ocrx_word' id='word_1_444' title='bbox 1822 5573 2032 5626; x_wconf 87' lang='lat' dir='ltr'><strong>Balaam</strong></span> <span class='ocrx_word' id='word_1_445' title='bbox 2053 5612 2070 5640; x_wconf 87' lang='lat'><strong>,</strong></span> 
     </span>
    </p>
   </div>
   <div class='ocr_carea' id='block_1_59' title="bbox 1329 5704 2070 5772">
    <p class='ocr_par' dir='ltr' id='par_1_59' title="bbox 1329 5704 2070 5772">
     <span class='ocr_line' id='line_1_59' title="bbox 1329 5704 2070 5772; baseline -0.007 -11"><span class='ocrx_word' id='word_1_446' title='bbox 1329 5708 1492 5772; x_wconf 75' lang='lat' dir='ltr'><strong>ce,lue</strong></span> <span class='ocrx_word' id='word_1_447' title='bbox 1521 5720 1700 5760; x_wconf 57' lang='lat' dir='ltr'><strong>omnes</strong></span> <span class='ocrx_word' id='word_1_448' title='bbox 1735 5713 1787 5759; x_wconf 84' lang='lat' dir='ltr'><strong>la</strong></span> <span class='ocrx_word' id='word_1_449' title='bbox 1822 5713 1949 5771; x_wconf 56' lang='lat' dir='ltr'><strong>Mss,</strong></span> <span class='ocrx_word' id='word_1_450' title='bbox 1983 5704 2070 5757; x_wconf 86' lang='lat' dir='ltr'><strong>ab-</strong></span> 
     </span>
    </p>
   </div>
   <div class='ocr_carea' id='block_1_60' title="bbox 553 5715 1088 5780">
    <p class='ocr_par' dir='ltr' id='par_1_60' title="bbox 553 5715 1088 5780">
     <span class='ocr_line' id='line_1_60' title="bbox 553 5715 1088 5780; baseline -0.007 -12"><span class='ocrx_word' id='word_1_451' title='bbox 553 5723 572 5752; x_wconf 77' lang='grc' dir='ltr'><strong><em>ι</em></strong></span> <span class='ocrx_word' id='word_1_452' title='bbox 598 5726 648 5768; x_wconf 90' lang='grc'><strong>111</strong></span> <span class='ocrx_word' id='word_1_453' title='bbox 673 5718 834 5777; x_wconf 83' lang='lat' dir='ltr'><strong>editis,</strong></span> <span class='ocrx_word' id='word_1_454' title='bbox 857 5715 1088 5780; x_wconf 82' lang='lat' dir='ltr'><strong>adjunget</strong></span> 
     </span>
    </p>
   </div>
   <div class='ocr_carea' id='block_1_61' title="bbox 1045 5773 1608 5838">
    <p class='ocr_par' dir='ltr' id='par_1_61' title="bbox 1045 5773 1608 5838">
     <span class='ocr_line' id='line_1_61' title="bbox 1045 5773 1608 5838; baseline -0.016 -9"><span class='ocrx_word' id='word_1_455' title='bbox 1045 5788 1064 5829; x_wconf 90' lang='lat'><strong><em>:</em></strong></span> <span class='ocrx_word' id='word_1_456' title='bbox 1085 5773 1196 5838; x_wconf 71' lang='lat' dir='ltr'><strong>qua:</strong></span> <span class='ocrx_word' id='word_1_457' title='bbox 1219 5773 1461 5827; x_wconf 41' lang='lat' dir='ltr'><strong>e&#39;st’lectio</strong></span> <span class='ocrx_word' id='word_1_458' title='bbox 1481 5777 1608 5822; x_wconf 75' lang='lat' dir='ltr'><strong>Lxx.</strong></span> 
     </span>
    </p>
   </div>
   <div class='ocr_carea' id='block_1_62' title="bbox 489 5729 1019 5845">
    <p class='ocr_par' dir='ltr' id='par_1_62' title="bbox 489 5729 1019 5845">
     <span class='ocr_line' id='line_1_62' title="bbox 511 5729 1019 5829; baseline -0.008 -60"><span class='ocrx_word' id='word_1_459' title='bbox 511 5779 524 5792; x_wconf 79' lang='lat'><strong>_</strong></span> <span class='ocrx_word' id='word_1_460' title='bbox 553 5729 572 5752; x_wconf 83' lang='grc' dir='ltr'><strong>ι</strong></span> <span class='ocrx_word' id='word_1_461' title='bbox 598 5729 648 5768; x_wconf 90' lang='grc'><strong>111</strong></span> <span class='ocrx_word' id='word_1_462' title='bbox 673 5729 834 5777; x_wconf 72' lang='lat' dir='ltr'><strong>euntis,</strong></span> <span class='ocrx_word' id='word_1_463' title='bbox 857 5729 1019 5829; x_wconf 55' lang='lat' dir='ltr'><strong>nam</strong></span> 
     </span>
     <span class='ocr_line' id='line_1_63' title="bbox 489 5779 895 5845; baseline -0.005 -15"><span class='ocrx_word' id='word_1_464' title='bbox 489 5779 632 5844; x_wconf 74' lang='lat' dir='ltr'><strong>tinget</strong></span> <span class='ocrx_word' id='word_1_465' title='bbox 652 5791 895 5845; x_wconf 82' lang='lat' dir='ltr'><strong>synagoga</strong></span> 
     </span>
    </p>
   </div>
   <div class='ocr_carea' id='block_1_63' title="bbox 1267 374 2923 450">
    <p class='ocr_par' dir='ltr' id='par_1_63' title="bbox 1267 374 2923 450">
     <span class='ocr_line' id='line_1_64' title="bbox 1267 374 2923 450; baseline -0.002 -12"><span class='ocrx_word' id='word_1_466' title='bbox 1267 375 1724 450; x_wconf 65' lang='lat' dir='ltr'><strong>QUESTIONUM</strong></span> <span class='ocrx_word' id='word_1_467' title='bbox 1762 377 1819 433; x_wconf 87' lang='lat' dir='ltr'><strong>S.</strong></span> <span class='ocrx_word' id='word_1_468' title='bbox 1859 374 2222 433; x_wconf 82' lang='lat' dir='ltr'><strong>AUGUSTINI</strong></span> <span class='ocrx_word' id='word_1_469' title='bbox 2262 374 2328 430; x_wconf 87' lang='lat' dir='ltr'><strong>IN</strong></span> <span class='ocrx_word' id='word_1_470' title='bbox 2366 375 2923 435; x_wconf 74' lang='lat' dir='ltr'><strong>HEPTATEUCIIUM</strong></span> 
     </span>
    </p>
   </div>
   <div class='ocr_carea' id='block_1_64' title="bbox 3662 383 3769 440">
    <p class='ocr_par' dir='ltr' id='par_1_64' title="bbox 3662 383 3769 440">
     <span class='ocr_line' id='line_1_65' title="bbox 3662 383 3769 440; baseline 0 -1"><span class='ocrx_word' id='word_1_471' title='bbox 3662 383 3769 440; x_wconf 55' lang='lat'><strong>7‘0</strong></span> 
     </span>
    </p>
   </div>
   <div class='ocr_carea' id='block_1_65' title="bbox 2181 489 3768 565">
    <p class='ocr_par' dir='ltr' id='par_1_65' title="bbox 2181 489 3768 565">
     <span class='ocr_line' id='line_1_66' title="bbox 2181 489 3768 565; baseline 0.006 -23"><span class='ocrx_word' id='word_1_472' title='bbox 2181 497 2238 543; x_wconf 90' lang='lat' dir='ltr'><strong>ut</strong></span> <span class='ocrx_word' id='word_1_473' title='bbox 2277 489 2616 545; x_wconf 87' lang='lat' dir='ltr'><strong>malediceret</strong></span> <span class='ocrx_word' id='word_1_474' title='bbox 2650 489 2849 546; x_wconf 85' lang='lat' dir='ltr'><strong>Israel?</strong></span> <span class='ocrx_word' id='word_1_475' title='bbox 2875 490 3262 562; x_wconf 85' lang='lat' dir='ltr'><strong>Numquidnam</strong></span> <span class='ocrx_word' id='word_1_476' title='bbox 3293 492 3394 565; x_wconf 85' lang='lat' dir='ltr'><strong>ipsi</strong></span> <span class='ocrx_word' id='word_1_477' title='bbox 3423 493 3768 552; x_wconf 79' lang='lat' dir='ltr'><strong>divinabam?</strong></span> 
     </span>
    </p>
   </div>
   <div class='ocr_carea' id='block_1_66' title="bbox 2177 582 3767 658">
    <p class='ocr_par' dir='ltr' id='par_1_66' title="bbox 2177 582 3767 658">
     <span class='ocr_line' id='line_1_67' title="bbox 2177 582 3767 658; baseline 0.006 -24"><span class='ocrx_word' id='word_1_478' title='bbox 2177 596 2241 634; x_wconf 89' lang='lat' dir='ltr'><strong>an</strong></span> <span class='ocrx_word' id='word_1_479' title='bbox 2282 582 2453 650; x_wconf 87' lang='lat' dir='ltr'><strong>aliqua</strong></span> <span class='ocrx_word' id='word_1_480' title='bbox 2495 582 2732 637; x_wconf 82' lang='lat' dir='ltr'><strong>ferebant</strong></span> <span class='ocrx_word' id='word_1_481' title='bbox 2775 584 2912 637; x_wconf 85' lang='lat' dir='ltr'><strong>uude</strong></span> <span class='ocrx_word' id='word_1_482' title='bbox 2946 582 3143 639; x_wconf 77' lang='lat' dir='ltr'><strong>faceret</strong></span> <span class='ocrx_word' id='word_1_483' title='bbox 3175 585 3386 640; x_wconf 85' lang='lat' dir='ltr'><strong>Balaam</strong></span> <span class='ocrx_word' id='word_1_484' title='bbox 3406 629 3420 651; x_wconf 96' lang='lat'><strong>,</strong></span> <span class='ocrx_word' id='word_1_485' title='bbox 3449 605 3555 657; x_wconf 90' lang='lat' dir='ltr'><strong>quo</strong></span> <span class='ocrx_word' id='word_1_486' title='bbox 3582 601 3767 658; x_wconf 85' lang='lat' dir='ltr'><strong>posset</strong></span> 
     </span>
    </p>
   </div>
   <div class='ocr_carea' id='block_1_67' title="bbox 2177 669 3762 742">
    <p class='ocr_par' dir='ltr' id='par_1_67' title="bbox 2177 669 3762 742">
     <span class='ocr_line' id='line_1_68' title="bbox 2177 669 3762 742; baseline 0.007 -18"><span class='ocrx_word' id='word_1_487' title='bbox 2177 669 2443 736; x_wconf 87' lang='lat' dir='ltr'><strong>divinare,</strong></span> <span class='ocrx_word' id='word_1_488' title='bbox 2473 681 2716 742; x_wconf 88' lang='lat' dir='ltr'><strong>tanquam</strong></span> <span class='ocrx_word' id='word_1_489' title='bbox 2747 673 2920 742; x_wconf 89' lang='lat' dir='ltr'><strong>aliqua</strong></span> <span class='ocrx_word' id='word_1_490' title='bbox 2953 689 3071 742; x_wconf 70' lang='lat' dir='ltr'><strong>qua:</strong></span> <span class='ocrx_word' id='word_1_491' title='bbox 3107 676 3160 729; x_wconf 91' lang='grc'><strong>111</strong></span> <span class='ocrx_word' id='word_1_492' title='bbox 3199 679 3470 732; x_wconf 88' lang='lat' dir='ltr'><strong>sacriliciis</strong></span> <span class='ocrx_word' id='word_1_493' title='bbox 3500 679 3762 735; x_wconf 88' lang='lat' dir='ltr'><strong>incende-</strong></span> 
     </span>
    </p>
   </div>
   <div class='ocr_carea' id='block_1_68' title="bbox 2099 763 3766 832">
    <p class='ocr_par' dir='ltr' id='par_1_68' title="bbox 2099 763 3766 832">
     <span class='ocr_line' id='line_1_69' title="bbox 2099 763 3766 832; baseline 0.004 -16"><span class='ocrx_word' id='word_1_494' title='bbox 2099 813 2102 816; x_wconf 83' lang='lat'><strong>.</strong></span> <span class='ocrx_word' id='word_1_495' title='bbox 2177 770 2380 824; x_wconf 90' lang='lat' dir='ltr'><strong>rentur,</strong></span> <span class='ocrx_word' id='word_1_496' title='bbox 2403 771 2496 814; x_wconf 73' lang='lat' dir='ltr'><strong>‘aut</strong></span> <span class='ocrx_word' id='word_1_497' title='bbox 2526 776 2736 830; x_wconf 87' lang='lat' dir='ltr'><strong>quoquo</strong></span> <span class='ocrx_word' id='word_1_498' title='bbox 2761 763 2920 816; x_wconf 87' lang='lat' dir='ltr'><strong>modo</strong></span> <span class='ocrx_word' id='word_1_499' title='bbox 2949 763 3414 832; x_wconf 83' lang='lat' dir='ltr'><strong>impenderentur;</strong></span> <span class='ocrx_word' id='word_1_500' title='bbox 3451 777 3502 821; x_wconf 91' lang='lat' dir='ltr'><strong>et</strong></span> <span class='ocrx_word' id='word_1_501' title='bbox 3538 767 3656 822; x_wconf 86' lang='lat' dir='ltr'><strong>ideo</strong></span> <span class='ocrx_word' id='word_1_502' title='bbox 3677 768 3766 822; x_wconf 84' lang='lat' dir='ltr'><strong>di-</strong></span> 
     </span>
    </p>
   </div>
   <div class='ocr_carea' id='block_1_69' title="bbox 2176 850 3766 924">
    <p class='ocr_par' dir='ltr' id='par_1_69' title="bbox 2176 850 3766 924">
     <span class='ocr_line' id='line_1_70' title="bbox 2176 850 3766 924; baseline 0.007 -22"><span class='ocrx_word' id='word_1_503' title='bbox 2176 860 2273 902; x_wconf 76' lang='grc' dir='ltr'><strong>01ςο</strong></span> <span class='ocrx_word' id='word_1_504' title='bbox 2296 860 2420 904; x_wconf 85' lang='grc'><strong>811111</strong></span> <span class='ocrx_word' id='word_1_505' title='bbox 2447 850 2832 914; x_wconf 71' lang='lat' dir='ltr'><strong>divinationes,</strong></span> <span class='ocrx_word' id='word_1_506' title='bbox 2859 853 2981 921; x_wconf 90' lang='lat' dir='ltr'><strong>quia</strong></span> <span class='ocrx_word' id='word_1_507' title='bbox 3013 868 3106 921; x_wconf 90' lang='lat' dir='ltr'><strong>per</strong></span> <span class='ocrx_word' id='word_1_508' title='bbox 3136 852 3250 908; x_wconf 61' lang='lat' dir='ltr'><strong>hate</strong></span> <span class='ocrx_word' id='word_1_509' title='bbox 3276 855 3365 908; x_wconf 90' lang='lat' dir='ltr'><strong>ille</strong></span> <span class='ocrx_word' id='word_1_510' title='bbox 3393 865 3597 924; x_wconf 88' lang='lat' dir='ltr'><strong>poterat</strong></span> <span class='ocrx_word' id='word_1_511' title='bbox 3623 857 3766 912; x_wconf 79' lang='lat' dir='ltr'><strong>divi-</strong></span> 
     </span>
    </p>
   </div>
   <div class='ocr_carea' id='block_1_70' title="bbox 2177 940 3757 1010">
    <p class='ocr_par' dir='ltr' id='par_1_70' title="bbox 2177 940 3757 1010">
     <span class='ocr_line' id='line_1_71' title="bbox 2177 940 3757 1010; baseline 0.005 -18"><span class='ocrx_word' id='word_1_512' title='bbox 2177 940 2340 993; x_wconf 87' lang='lat' dir='ltr'><strong>nare?</strong></span> <span class='ocrx_word' id='word_1_513' title='bbox 2376 956 2442 993; x_wconf 89' lang='lat' dir='ltr'><strong>an</strong></span> <span class='ocrx_word' id='word_1_514' title='bbox 2476 941 2599 1010; x_wconf 91' lang='lat' dir='ltr'><strong>quid</strong></span> <span class='ocrx_word' id='word_1_515' title='bbox 2632 941 2813 995; x_wconf 84' lang='lat' dir='ltr'><strong>aliud?</strong></span> <span class='ocrx_word' id='word_1_516' title='bbox 2853 943 3079 996; x_wconf 87' lang='lat' dir='ltr'><strong>obscure</strong></span> <span class='ocrx_word' id='word_1_517' title='bbox 3115 945 3258 998; x_wconf 88' lang='lat' dir='ltr'><strong>enim</strong></span> <span class='ocrx_word' id='word_1_518' title='bbox 3287 945 3482 999; x_wconf 91' lang='lat' dir='ltr'><strong>dictum</strong></span> <span class='ocrx_word' id='word_1_519' title='bbox 3511 956 3616 1002; x_wconf 90' lang='lat' dir='ltr'><strong>est.</strong></span> <span class='ocrx_word' id='word_1_520' title='bbox 3644 947 3757 1001; x_wconf 77' lang='lat' dir='ltr'><strong>No-</strong></span> 
     </span>
    </p>
   </div>
   <div class='ocr_carea' id='block_1_71' title="bbox 2178 1030 3759 1110">
    <p class='ocr_par' dir='ltr' id='par_1_71' title="bbox 2178 1030 3759 1110">
     <span class='ocr_line' id='line_1_72' title="bbox 2178 1030 3759 1110; baseline 0.006 -29"><span class='ocrx_word' id='word_1_521' title='bbox 2178 1030 2392 1110; x_wconf 85' lang='lat' dir='ltr'><strong>tandum</strong></span> <span class='ocrx_word' id='word_1_522' title='bbox 2415 1045 2574 1095; x_wconf 85' lang='lat' dir='ltr'><strong>sane,</strong></span> <span class='ocrx_word' id='word_1_523' title='bbox 2604 1031 2743 1100; x_wconf 87' lang='lat' dir='ltr'><strong>quod</strong></span> <span class='ocrx_word' id='word_1_524' title='bbox 2771 1032 2902 1086; x_wconf 79' lang='lat' dir='ltr'><strong>venit</strong></span> <span class='ocrx_word' id='word_1_525' title='bbox 2946 1031 3080 1086; x_wconf 90' lang='lat' dir='ltr'><strong>Deus</strong></span> <span class='ocrx_word' id='word_1_526' title='bbox 3119 1034 3187 1087; x_wconf 89' lang='lat' dir='ltr'><strong>ad</strong></span> <span class='ocrx_word' id='word_1_527' title='bbox 3214 1032 3429 1087; x_wconf 83' lang='lat' dir='ltr'><strong>Balaam</strong></span> <span class='ocrx_word' id='word_1_528' title='bbox 3455 1044 3504 1089; x_wconf 86' lang='lat' dir='ltr'><strong>et</strong></span> <span class='ocrx_word' id='word_1_529' title='bbox 3529 1036 3656 1091; x_wconf 76' lang='lat' dir='ltr'><strong>dixit</strong></span> <span class='ocrx_word' id='word_1_530' title='bbox 3680 1038 3759 1102; x_wconf 86' lang='lat' dir='ltr'><strong>ei,</strong></span> 
     </span>
    </p>
   </div>
   <div class='ocr_carea' id='block_1_72' title="bbox 2180 1119 3763 1191">
    <p class='ocr_par' dir='ltr' id='par_1_72' title="bbox 2180 1119 3763 1191">
     <span class='ocr_line' id='line_1_73' title="bbox 2180 1119 3763 1191; baseline 0.006 -19"><span class='ocrx_word' id='word_1_531' title='bbox 2180 1119 2314 1184; x_wconf 82' lang='lat' dir='ltr'><strong>Quid</strong></span> <span class='ocrx_word' id='word_1_532' title='bbox 2339 1121 2561 1174; x_wconf 79' lang='lat' dir='ltr'><strong>homines</strong></span> <span class='ocrx_word' id='word_1_533' title='bbox 2586 1122 2639 1174; x_wconf 75' lang='lat' dir='ltr'><strong>lii</strong></span> <span class='ocrx_word' id='word_1_534' title='bbox 2664 1137 2814 1191; x_wconf 88' lang='lat' dir='ltr'><strong>penes</strong></span> <span class='ocrx_word' id='word_1_535' title='bbox 2845 1123 2930 1178; x_wconf 75' lang='lat' dir='ltr'><strong>te?</strong></span> <span class='ocrx_word' id='word_1_536' title='bbox 2953 1132 3058 1178; x_wconf 87' lang='lat' dir='ltr'><strong>etc.</strong></span> <span class='ocrx_word' id='word_1_537' title='bbox 3101 1123 3214 1179; x_wconf 81' lang='lat' dir='ltr'><strong>Nec</strong></span> <span class='ocrx_word' id='word_1_538' title='bbox 3237 1125 3434 1179; x_wconf 83' lang='lat' dir='ltr'><strong>dictum</strong></span> <span class='ocrx_word' id='word_1_539' title='bbox 3470 1136 3552 1180; x_wconf 89' lang='lat' dir='ltr'><strong>est</strong></span> <span class='ocrx_word' id='word_1_540' title='bbox 3585 1138 3763 1182; x_wconf 86' lang='lat' dir='ltr'><strong>utrum</strong></span> 
     </span>
    </p>
   </div>
   <div class='ocr_carea' id='block_1_73' title="bbox 2177 1213 3762 1286">
    <p class='ocr_par' dir='ltr' id='par_1_73' title="bbox 2177 1213 3762 1286">
     <span class='ocr_line' id='line_1_74' title="bbox 2177 1213 3762 1286; baseline 0.006 -20"><span class='ocrx_word' id='word_1_541' title='bbox 2177 1213 2228 1266; x_wconf 90' lang='grc'><strong>111</strong></span> <span class='ocrx_word' id='word_1_542' title='bbox 2255 1213 2456 1267; x_wconf 89' lang='lat' dir='ltr'><strong>somnis</strong></span> <span class='ocrx_word' id='word_1_543' title='bbox 2481 1213 2581 1267; x_wconf 88' lang='lat' dir='ltr'><strong>hoc</strong></span> <span class='ocrx_word' id='word_1_544' title='bbox 2609 1213 2804 1268; x_wconf 83' lang='lat' dir='ltr'><strong>factum</strong></span> <span class='ocrx_word' id='word_1_545' title='bbox 2830 1216 2932 1278; x_wconf 92' lang='lat' dir='ltr'><strong>sit,</strong></span> <span class='ocrx_word' id='word_1_546' title='bbox 2955 1217 3197 1285; x_wconf 88' lang='lat' dir='ltr'><strong>quamvis</strong></span> <span class='ocrx_word' id='word_1_547' title='bbox 3219 1233 3313 1286; x_wconf 89' lang='lat' dir='ltr'><strong>per</strong></span> <span class='ocrx_word' id='word_1_548' title='bbox 3330 1228 3539 1272; x_wconf 90' lang='lat' dir='ltr'><strong>noctem</strong></span> <span class='ocrx_word' id='word_1_549' title='bbox 3565 1218 3762 1276; x_wconf 82' lang='lat' dir='ltr'><strong>factum</strong></span> 
     </span>
    </p>
   </div>
   <div class='ocr_carea' id='block_1_74' title="bbox 2175 1305 3762 1381">
    <p class='ocr_par' dir='ltr' id='par_1_74' title="bbox 2175 1305 3762 1381">
     <span class='ocr_line' id='line_1_75' title="bbox 2175 1305 3762 1381; baseline 0.006 -23"><span class='ocrx_word' id='word_1_550' title='bbox 2175 1305 2304 1359; x_wconf 86' lang='lat' dir='ltr'><strong>satis</strong></span> <span class='ocrx_word' id='word_1_551' title='bbox 2328 1306 2562 1370; x_wconf 89' lang='lat' dir='ltr'><strong>eluceat,</strong></span> <span class='ocrx_word' id='word_1_552' title='bbox 2585 1323 2704 1360; x_wconf 92' lang='lat' dir='ltr'><strong>cum</strong></span> <span class='ocrx_word' id='word_1_553' title='bbox 2729 1317 2847 1377; x_wconf 89' lang='lat' dir='ltr'><strong>post</strong></span> <span class='ocrx_word' id='word_1_554' title='bbox 2872 1309 2985 1363; x_wconf 69' lang='lat' dir='ltr'><strong>haec</strong></span> <span class='ocrx_word' id='word_1_555' title='bbox 3007 1309 3135 1364; x_wconf 89' lang='lat' dir='ltr'><strong>dicit</strong></span> <span class='ocrx_word' id='word_1_556' title='bbox 3159 1310 3431 1381; x_wconf 90' lang='lat' dir='ltr'><strong>Scriptura</strong></span> <span class='ocrx_word' id='word_1_557' title='bbox 3451 1354 3466 1376; x_wconf 94' lang='lat'><strong>,</strong></span> <span class='ocrx_word' id='word_1_558' title='bbox 3492 1313 3558 1366; x_wconf 84' lang='lat' dir='ltr'><strong>Et</strong></span> <span class='ocrx_word' id='word_1_559' title='bbox 3577 1331 3762 1368; x_wconf 73' lang='lat' dir='ltr'><strong>exsur-</strong></span> 
     </span>
    </p>
   </div>
   <div class='ocr_carea' id='block_1_75' title="bbox 2176 1394 3760 1472">
    <p class='ocr_par' dir='ltr' id='par_1_75' title="bbox 2176 1394 3760 1472">
     <span class='ocr_line' id='line_1_76' title="bbox 2176 1394 3760 1472; baseline 0.008 -25"><span class='ocrx_word' id='word_1_560' title='bbox 2176 1411 2296 1464; x_wconf 88' lang='lat' dir='ltr'><strong>gens</strong></span> <span class='ocrx_word' id='word_1_561' title='bbox 2324 1394 2536 1449; x_wconf 86' lang='lat' dir='ltr'><strong>Balaam</strong></span> <span class='ocrx_word' id='word_1_562' title='bbox 2560 1414 2724 1451; x_wconf 89' lang='lat' dir='ltr'><strong>mane.</strong></span> <span class='ocrx_word' id='word_1_563' title='bbox 2747 1399 2928 1452; x_wconf 87' lang='lat' dir='ltr'><strong>Potest</strong></span> <span class='ocrx_word' id='word_1_564' title='bbox 2948 1399 3089 1454; x_wconf 83' lang='lat' dir='ltr'><strong>enim</strong></span> <span class='ocrx_word' id='word_1_565' title='bbox 3116 1417 3330 1456; x_wconf 90' lang='lat' dir='ltr'><strong>movere</strong></span> <span class='ocrx_word' id='word_1_566' title='bbox 3349 1405 3616 1472; x_wconf 92' lang='lat' dir='ltr'><strong>quomodo</strong></span> <span class='ocrx_word' id='word_1_567' title='bbox 3635 1421 3760 1460; x_wconf 79' lang='lat' dir='ltr'><strong>cum</strong></span> 
     </span>
    </p>
   </div>
   <div class='ocr_carea' id='block_1_76' title="bbox 2179 1483 3761 1563">
    <p class='ocr_par' dir='ltr' id='par_1_76' title="bbox 2179 1483 3761 1563">
     <span class='ocr_line' id='line_1_77' title="bbox 2179 1483 3761 1563; baseline 0.009 -27"><span class='ocrx_word' id='word_1_568' title='bbox 2179 1483 2392 1539; x_wconf 77' lang='lat' dir='ltr'><strong>homine</strong></span> <span class='ocrx_word' id='word_1_569' title='bbox 2435 1487 2663 1554; x_wconf 87' lang='lat' dir='ltr'><strong>pessimo</strong></span> <span class='ocrx_word' id='word_1_570' title='bbox 2709 1489 2847 1543; x_wconf 90' lang='lat' dir='ltr'><strong>Deus</strong></span> <span class='ocrx_word' id='word_1_571' title='bbox 2887 1490 3094 1544; x_wconf 83' lang='lat' dir='ltr'><strong>locutus</strong></span> <span class='ocrx_word' id='word_1_572' title='bbox 3139 1493 3241 1557; x_wconf 92' lang='lat' dir='ltr'><strong>sit,</strong></span> <span class='ocrx_word' id='word_1_573' title='bbox 3285 1493 3428 1563; x_wconf 90' lang='lat' dir='ltr'><strong>quod</strong></span> <span class='ocrx_word' id='word_1_574' title='bbox 3467 1496 3675 1550; x_wconf 86' lang='lat' dir='ltr'><strong>etiamsi</strong></span> <span class='ocrx_word' id='word_1_575' title='bbox 3706 1497 3761 1551; x_wconf 91' lang='lat' dir='ltr'><strong>in</strong></span> 
     </span>
    </p>
   </div>
   <div class='ocr_carea' id='block_1_77' title="bbox 2178 1573 3763 1653">
    <p class='ocr_par' dir='ltr' id='par_1_77' title="bbox 2178 1573 3763 1653">
     <span class='ocr_line' id='line_1_78' title="bbox 2178 1573 3763 1653; baseline 0.009 -27"><span class='ocrx_word' id='word_1_576' title='bbox 2178 1577 2379 1628; x_wconf 83' lang='grc'><strong>8111111118</strong></span> <span class='ocrx_word' id='word_1_577' title='bbox 2407 1573 2604 1630; x_wconf 76' lang='lat' dir='ltr'><strong>factum</strong></span> <span class='ocrx_word' id='word_1_578' title='bbox 2631 1593 2750 1632; x_wconf 86' lang='lat' dir='ltr'><strong>esse</strong></span> <span class='ocrx_word' id='word_1_579' title='bbox 2779 1589 3079 1643; x_wconf 87' lang='lat' dir='ltr'><strong>constaret,</strong></span> <span class='ocrx_word' id='word_1_580' title='bbox 3111 1598 3215 1636; x_wconf 91' lang='lat' dir='ltr'><strong>non</strong></span> <span class='ocrx_word' id='word_1_581' title='bbox 3239 1583 3358 1638; x_wconf 93' lang='lat' dir='ltr'><strong>ideo</strong></span> <span class='ocrx_word' id='word_1_582' title='bbox 3377 1585 3518 1638; x_wconf 89' lang='lat' dir='ltr'><strong>nulla</strong></span> <span class='ocrx_word' id='word_1_583' title='bbox 3539 1587 3763 1653; x_wconf 70' lang='lat' dir='ltr'><strong>quaestio</strong></span> 
     </span>
    </p>
   </div>
   <div class='ocr_carea' id='block_1_78' title="bbox 2178 1671 3762 1742">
    <p class='ocr_par' dir='ltr' id='par_1_78' title="bbox 2178 1671 3762 1742">
     <span class='ocr_line' id='line_1_79' title="bbox 2178 1671 3762 1742; baseline 0.009 -24"><span class='ocrx_word' id='word_1_584' title='bbox 2178 1677 2478 1721; x_wconf 88' lang='lat' dir='ltr'><strong>remaneret</strong></span> <span class='ocrx_word' id='word_1_585' title='bbox 2496 1709 2510 1734; x_wconf 93' lang='lat'><strong>,</strong></span> <span class='ocrx_word' id='word_1_586' title='bbox 2545 1679 2758 1738; x_wconf 89' lang='lat' dir='ltr'><strong>propter</strong></span> <span class='ocrx_word' id='word_1_587' title='bbox 2781 1671 2948 1742; x_wconf 83' lang='lat' dir='ltr'><strong>ipsam</strong></span> <span class='ocrx_word' id='word_1_588' title='bbox 2972 1672 3355 1742; x_wconf 87' lang='lat' dir='ltr'><strong>indignitatem.</strong></span> <span class='ocrx_word' id='word_1_589' title='bbox 3384 1674 3473 1730; x_wconf 88' lang='lat' dir='ltr'><strong>Sic</strong></span> <span class='ocrx_word' id='word_1_590' title='bbox 3497 1686 3551 1730; x_wconf 90' lang='lat' dir='ltr'><strong>et</strong></span> <span class='ocrx_word' id='word_1_591' title='bbox 3579 1677 3762 1732; x_wconf 86' lang='lat' dir='ltr'><strong>Domi-</strong></span> 
     </span>
    </p>
   </div>
   <div class='ocr_carea' id='block_1_79' title="bbox 2178 1755 3765 1834">
    <p class='ocr_par' dir='ltr' id='par_1_79' title="bbox 2178 1755 3765 1834">
     <span class='ocr_line' id='line_1_80' title="bbox 2178 1755 3765 1834; baseline 0.008 -26"><span class='ocrx_word' id='word_1_592' title='bbox 2178 1771 2278 1809; x_wconf 88' lang='lat' dir='ltr'><strong>nus</strong></span> <span class='ocrx_word' id='word_1_593' title='bbox 2316 1755 2472 1811; x_wconf 86' lang='lat' dir='ltr'><strong>Jesus</strong></span> <span class='ocrx_word' id='word_1_594' title='bbox 2511 1760 2752 1814; x_wconf 79' lang='lat' dir='ltr'><strong>Christus</strong></span> <span class='ocrx_word' id='word_1_595' title='bbox 2787 1762 2861 1814; x_wconf 90' lang='lat' dir='ltr'><strong>ait</strong></span> <span class='ocrx_word' id='word_1_596' title='bbox 2894 1762 2962 1815; x_wconf 88' lang='lat' dir='ltr'><strong>de</strong></span> <span class='ocrx_word' id='word_1_597' title='bbox 3002 1763 3165 1817; x_wconf 79' lang='lat' dir='ltr'><strong>divite</strong></span> <span class='ocrx_word' id='word_1_598' title='bbox 3203 1764 3326 1830; x_wconf 91' lang='lat' dir='ltr'><strong>illo,</strong></span> <span class='ocrx_word' id='word_1_599' title='bbox 3357 1765 3448 1834; x_wconf 91' lang='lat' dir='ltr'><strong>qui</strong></span> <span class='ocrx_word' id='word_1_600' title='bbox 3484 1764 3765 1821; x_wconf 83' lang='lat' dir='ltr'><strong>destruere</strong></span> 
     </span>
    </p>
   </div>
   <div class='ocr_carea' id='block_1_80' title="bbox 2181 1849 3762 1924">
    <p class='ocr_par' dir='ltr' id='par_1_80' title="bbox 2181 1849 3762 1924">
     <span class='ocr_line' id='line_1_81' title="bbox 2181 1849 3762 1924; baseline 0.006 -25"><span class='ocrx_word' id='word_1_601' title='bbox 2181 1860 2389 1904; x_wconf 80' lang='lat' dir='ltr'><strong>veteres</strong></span> <span class='ocrx_word' id='word_1_602' title='bbox 2417 1849 2700 1916; x_wconf 78' lang='lat' dir='ltr'><strong>apothecas</strong></span> <span class='ocrx_word' id='word_1_603' title='bbox 2728 1861 2782 1906; x_wconf 90' lang='lat' dir='ltr'><strong>et</strong></span> <span class='ocrx_word' id='word_1_604' title='bbox 2818 1854 3102 1922; x_wconf 87' lang='lat' dir='ltr'><strong>ampliores</strong></span> <span class='ocrx_word' id='word_1_605' title='bbox 3130 1870 3292 1910; x_wconf 87' lang='lat' dir='ltr'><strong>novas</strong></span> <span class='ocrx_word' id='word_1_606' title='bbox 3317 1857 3629 1924; x_wconf 87' lang='lat' dir='ltr'><strong>disponebat</strong></span> <span class='ocrx_word' id='word_1_607' title='bbox 3661 1858 3762 1910; x_wconf 82' lang='lat' dir='ltr'><strong>im-</strong></span> 
     </span>
    </p>
   </div>
   <div class='ocr_carea' id='block_1_81' title="bbox 2180 1937 3765 2009">
    <p class='ocr_par' dir='ltr' id='par_1_81' title="bbox 2180 1937 3765 2009">
     <span class='ocr_line' id='line_1_82' title="bbox 2180 1937 3765 2009; baseline 0.006 -19"><span class='ocrx_word' id='word_1_608' title='bbox 2180 1940 2356 2008; x_wconf 85' lang='lat' dir='ltr'><strong>plere:</strong></span> <span class='ocrx_word' id='word_1_609' title='bbox 2387 1937 2530 1993; x_wconf 77' lang='lat' dir='ltr'><strong>Dixit</strong></span> <span class='ocrx_word' id='word_1_610' title='bbox 2545 1940 2612 1992; x_wconf 90' lang='lat' dir='ltr'><strong>ad</strong></span> <span class='ocrx_word' id='word_1_611' title='bbox 2636 1941 2780 1994; x_wconf 88' lang='lat' dir='ltr'><strong>illunt</strong></span> <span class='ocrx_word' id='word_1_612' title='bbox 2801 1942 2939 1998; x_wconf 86' lang='lat' dir='ltr'><strong>Deus</strong></span> <span class='ocrx_word' id='word_1_613' title='bbox 2959 1985 2973 2009; x_wconf 94' lang='lat'><strong>,</strong></span> <span class='ocrx_word' id='word_1_614' title='bbox 2994 1943 3187 2008; x_wconf 84' lang='lat' dir='ltr'><strong>Stulte,</strong></span> <span class='ocrx_word' id='word_1_615' title='bbox 3217 1945 3311 1998; x_wconf 82' lang='lat' dir='ltr'><strong>hac</strong></span> <span class='ocrx_word' id='word_1_616' title='bbox 3327 1956 3467 2000; x_wconf 89' lang='lat' dir='ltr'><strong>nocte</strong></span> <span class='ocrx_word' id='word_1_617' title='bbox 3486 1947 3655 2000; x_wconf 88' lang='lat' dir='ltr'><strong>anima</strong></span> <span class='ocrx_word' id='word_1_618' title='bbox 3675 1958 3765 2000; x_wconf 90' lang='lat' dir='ltr'><strong>tua</strong></span> 
     </span>
    </p>
   </div>
   <div class='ocr_carea' id='block_1_82' title="bbox 2179 2029 3761 2109">
    <p class='ocr_par' dir='ltr' id='par_1_82' title="bbox 2179 2029 3761 2109">
     <span class='ocr_line' id='line_1_83' title="bbox 2179 2029 3761 2109; baseline 0.008 -30"><span class='ocrx_word' id='word_1_619' title='bbox 2179 2029 2433 2097; x_wconf 72' lang='lat' dir='ltr'><strong>auferetur</strong></span> <span class='ocrx_word' id='word_1_620' title='bbox 2457 2047 2488 2082; x_wconf 92' lang='lat' dir='ltr'><strong>a</strong></span> <span class='ocrx_word' id='word_1_621' title='bbox 2523 2041 2605 2094; x_wconf 77' lang='lat' dir='ltr'><strong>te;</strong></span> <span class='ocrx_word' id='word_1_622' title='bbox 2627 2032 2732 2085; x_wconf 69' lang='lat' dir='ltr'><strong>haec</strong></span> <span class='ocrx_word' id='word_1_623' title='bbox 2768 2049 2880 2103; x_wconf 80' lang='lat' dir='ltr'><strong>qua:</strong></span> <span class='ocrx_word' id='word_1_624' title='bbox 2915 2037 3213 2103; x_wconf 75' lang='lat' dir='ltr'><strong>prwparasli</strong></span> <span class='ocrx_word' id='word_1_625' title='bbox 3247 2038 3392 2101; x_wconf 85' lang='lat' dir='ltr'><strong>cujus</strong></span> <span class='ocrx_word' id='word_1_626' title='bbox 3425 2047 3571 2090; x_wconf 86' lang='lat' dir='ltr'><strong>erunt</strong></span> <span class='ocrx_word' id='word_1_627' title='bbox 3610 2037 3761 2109; x_wconf 84' lang='lat' dir='ltr'><strong>(Luc.</strong></span> 
     </span>
    </p>
   </div>
   <div class='ocr_carea' id='block_1_83' title="bbox 2182 2117 3766 2194">
    <p class='ocr_par' dir='ltr' id='par_1_83' title="bbox 2182 2117 3766 2194">
     <span class='ocr_line' id='line_1_84' title="bbox 2182 2117 3766 2194; baseline 0.008 -24"><span class='ocrx_word' id='word_1_628' title='bbox 2182 2133 2274 2182; x_wconf 89' lang='lat' dir='ltr'><strong>xu,</strong></span> <span class='ocrx_word' id='word_1_629' title='bbox 2295 2117 2427 2187; x_wconf 76' lang='lat'><strong>20)?</strong></span> <span class='ocrx_word' id='word_1_630' title='bbox 2451 2118 2530 2174; x_wconf 87' lang='lat' dir='ltr'><strong>Ne</strong></span> <span class='ocrx_word' id='word_1_631' title='bbox 2555 2121 2834 2190; x_wconf 80' lang='lat' dir='ltr'><strong>quisquam</strong></span> <span class='ocrx_word' id='word_1_632' title='bbox 2859 2123 3116 2191; x_wconf 84' lang='lat' dir='ltr'><strong>glorietur</strong></span> <span class='ocrx_word' id='word_1_633' title='bbox 3131 2125 3269 2194; x_wconf 89' lang='lat' dir='ltr'><strong>quod</strong></span> <span class='ocrx_word' id='word_1_634' title='bbox 3291 2126 3338 2179; x_wconf 87' lang='lat' dir='ltr'><strong>ei</strong></span> <span class='ocrx_word' id='word_1_635' title='bbox 3362 2126 3592 2194; x_wconf 89' lang='lat' dir='ltr'><strong>loquitur</strong></span> <span class='ocrx_word' id='word_1_636' title='bbox 3621 2127 3766 2182; x_wconf 81' lang='lat' dir='ltr'><strong>Deus</strong></span> 
     </span>
    </p>
   </div>
   <div class='ocr_carea' id='block_1_84' title="bbox 2181 2209 3765 2286">
    <p class='ocr_par' dir='ltr' id='par_1_84' title="bbox 2181 2209 3765 2286">
     <span class='ocr_line' id='line_1_85' title="bbox 2181 2209 3765 2286; baseline 0.006 -23"><span class='ocrx_word' id='word_1_637' title='bbox 2181 2223 2246 2263; x_wconf 89' lang='lat' dir='ltr'><strong>eo</strong></span> <span class='ocrx_word' id='word_1_638' title='bbox 2277 2209 2437 2264; x_wconf 91' lang='lat' dir='ltr'><strong>modo</strong></span> <span class='ocrx_word' id='word_1_639' title='bbox 2455 2251 2471 2276; x_wconf 98' lang='lat'><strong>,</strong></span> <span class='ocrx_word' id='word_1_640' title='bbox 2507 2227 2612 2280; x_wconf 88' lang='lat' dir='ltr'><strong>quo</strong></span> <span class='ocrx_word' id='word_1_641' title='bbox 2640 2213 2831 2268; x_wconf 89' lang='lat' dir='ltr'><strong>talibus</strong></span> <span class='ocrx_word' id='word_1_642' title='bbox 2857 2215 3180 2283; x_wconf 82' lang='lat' dir='ltr'><strong>loquendum</strong></span> <span class='ocrx_word' id='word_1_643' title='bbox 3204 2231 3324 2270; x_wconf 83' lang='lat' dir='ltr'><strong>esse</strong></span> <span class='ocrx_word' id='word_1_644' title='bbox 3349 2217 3525 2279; x_wconf 90' lang='lat' dir='ltr'><strong>novit;</strong></span> <span class='ocrx_word' id='word_1_645' title='bbox 3553 2217 3765 2286; x_wconf 86' lang='lat' dir='ltr'><strong>quando</strong></span> 
     </span>
    </p>
   </div>
   <div class='ocr_carea' id='block_1_85' title="bbox 2182 2299 3764 2379">
    <p class='ocr_par' dir='ltr' id='par_1_85' title="bbox 2182 2299 3764 2379">
     <span class='ocr_line' id='line_1_86' title="bbox 2182 2299 3764 2379; baseline 0.01 -32"><span class='ocrx_word' id='word_1_646' title='bbox 2182 2307 2354 2366; x_wconf 77' lang='lat' dir='ltr'><strong>potest</strong></span> <span class='ocrx_word' id='word_1_647' title='bbox 2375 2299 2474 2365; x_wconf 90' lang='lat' dir='ltr'><strong>hoc</strong></span> <span class='ocrx_word' id='word_1_648' title='bbox 2502 2310 2555 2354; x_wconf 91' lang='lat' dir='ltr'><strong>et</strong></span> <span class='ocrx_word' id='word_1_649' title='bbox 2579 2302 2822 2369; x_wconf 86' lang='lat' dir='ltr'><strong>reprohis</strong></span> <span class='ocrx_word' id='word_1_650' title='bbox 2844 2303 2954 2359; x_wconf 86' lang='lat' dir='ltr'><strong>ﬁeri</strong></span> <span class='ocrx_word' id='word_1_651' title='bbox 2982 2322 2996 2359; x_wconf 91' lang='lat'><strong>:</strong></span> <span class='ocrx_word' id='word_1_652' title='bbox 3026 2306 3147 2374; x_wconf 86' lang='lat' dir='ltr'><strong>quia</strong></span> <span class='ocrx_word' id='word_1_653' title='bbox 3167 2315 3225 2360; x_wconf 87' lang='lat' dir='ltr'><strong>et</strong></span> <span class='ocrx_word' id='word_1_654' title='bbox 3245 2321 3365 2362; x_wconf 81' lang='lat' dir='ltr'><strong>cum</strong></span> <span class='ocrx_word' id='word_1_655' title='bbox 3395 2321 3491 2376; x_wconf 87' lang='lat' dir='ltr'><strong>per</strong></span> <span class='ocrx_word' id='word_1_656' title='bbox 3513 2307 3764 2379; x_wconf 83' lang='lat' dir='ltr'><strong>angelum</strong></span> 
     </span>
    </p>
   </div>
   <div class='ocr_carea' id='block_1_86' title="bbox 2182 2389 2854 2462">
    <p class='ocr_par' dir='ltr' id='par_1_86' title="bbox 2182 2389 2854 2462">
     <span class='ocr_line' id='line_1_87' title="bbox 2182 2389 2854 2462; baseline 0.009 -20"><span class='ocrx_word' id='word_1_657' title='bbox 2182 2389 2433 2458; x_wconf 87' lang='lat' dir='ltr'><strong>loquitur,</strong></span> <span class='ocrx_word' id='word_1_658' title='bbox 2463 2392 2576 2458; x_wconf 87' lang='lat' dir='ltr'><strong>ipse</strong></span> <span class='ocrx_word' id='word_1_659' title='bbox 2603 2392 2854 2462; x_wconf 88' lang='lat' dir='ltr'><strong>loquitur.</strong></span> 
     </span>
    </p>
   </div>
   <div class='ocr_carea' id='block_1_87' title="bbox 2252 2480 3780 2560">
    <p class='ocr_par' dir='ltr' id='par_1_87' title="bbox 2252 2480 3780 2560">
     <span class='ocr_line' id='line_1_88' title="bbox 2252 2480 3780 2560; baseline 0.01 -26"><span class='ocrx_word' id='word_1_660' title='bbox 2252 2480 2478 2537; x_wconf 82' lang='lat' dir='ltr'><strong>XLVIII.</strong></span> <span class='ocrx_word' id='word_1_661' title='bbox 2511 2481 2610 2554; x_wconf 92' lang='lat' dir='ltr'><strong>[Ib.</strong></span> <span class='ocrx_word' id='word_1_662' title='bbox 2641 2499 2784 2550; x_wconf 76' lang='lat' dir='ltr'><strong>xm,</strong></span> <span class='ocrx_word' id='word_1_663' title='bbox 2822 2485 3028 2560; x_wconf 69' lang='lat' dir='ltr'><strong>l2—58.]</strong></span> <span class='ocrx_word' id='word_1_664' title='bbox 3066 2486 3217 2553; x_wconf 89' lang='lat' dir='ltr'><strong>Quod</strong></span> <span class='ocrx_word' id='word_1_665' title='bbox 3245 2489 3318 2542; x_wconf 90' lang='lat' dir='ltr'><strong>ait</strong></span> <span class='ocrx_word' id='word_1_666' title='bbox 3345 2489 3555 2543; x_wconf 87' lang='lat' dir='ltr'><strong>Balaam</strong></span> <span class='ocrx_word' id='word_1_667' title='bbox 3575 2490 3780 2548; x_wconf 71' lang='grc'><strong>1111111111</strong></span> 
     </span>
    </p>
   </div>
   <div class='ocr_carea' id='block_1_88' title="bbox 2179 2571 3767 2655">
    <p class='ocr_par' dir='ltr' id='par_1_88' title="bbox 2179 2571 3767 2655">
     <span class='ocr_line' id='line_1_89' title="bbox 2179 2571 3767 2655; baseline 0.006 -23"><span class='ocrx_word' id='word_1_668' title='bbox 2179 2571 2246 2655; x_wconf 74' lang='lat' dir='ltr'><strong>ad</strong></span> <span class='ocrx_word' id='word_1_669' title='bbox 2292 2595 2350 2634; x_wconf 88' lang='lat' dir='ltr'><strong>se</strong></span> <span class='ocrx_word' id='word_1_670' title='bbox 2395 2574 3038 2639; x_wconf 73' lang='lat' dir='ltr'><strong>missishonoratiotibus</strong></span> <span class='ocrx_word' id='word_1_671' title='bbox 3080 2579 3310 2653; x_wconf 82' lang='lat' dir='ltr'><strong>nuntiis,</strong></span> <span class='ocrx_word' id='word_1_672' title='bbox 3343 2578 3615 2641; x_wconf 76' lang='lat' dir='ltr'><strong>Sidedmt</strong></span> <span class='ocrx_word' id='word_1_673' title='bbox 3642 2589 3767 2642; x_wconf 80' lang='lat' dir='ltr'><strong>mihi</strong></span> 
     </span>
    </p>
   </div>
   <div class='ocr_carea' id='block_1_89' title="bbox 2180 2669 3766 2747">
    <p class='ocr_par' dir='ltr' id='par_1_89' title="bbox 2180 2669 3766 2747">
     <span class='ocr_line' id='line_1_90' title="bbox 2180 2669 3766 2747; baseline 0.006 -24"><span class='ocrx_word' id='word_1_674' title='bbox 2180 2669 2340 2724; x_wconf 87' lang='lat' dir='ltr'><strong>Balnc</strong></span> <span class='ocrx_word' id='word_1_675' title='bbox 2365 2672 2566 2741; x_wconf 84' lang='lat' dir='ltr'><strong>plenam</strong></span> <span class='ocrx_word' id='word_1_676' title='bbox 2591 2673 2795 2725; x_wconf 89' lang='lat' dir='ltr'><strong>domum</strong></span> <span class='ocrx_word' id='word_1_677' title='bbox 2824 2691 2966 2727; x_wconf 86' lang='lat' dir='ltr'><strong>suam</strong></span> <span class='ocrx_word' id='word_1_678' title='bbox 2992 2686 3197 2746; x_wconf 84' lang='lat' dir='ltr'><strong>argento</strong></span> <span class='ocrx_word' id='word_1_679' title='bbox 3215 2686 3262 2730; x_wconf 87' lang='lat' dir='ltr'><strong>et</strong></span> <span class='ocrx_word' id='word_1_680' title='bbox 3288 2693 3435 2742; x_wconf 86' lang='lat' dir='ltr'><strong>auro,</strong></span> <span class='ocrx_word' id='word_1_681' title='bbox 3463 2694 3562 2731; x_wconf 85' lang='lat' dir='ltr'><strong>non</strong></span> <span class='ocrx_word' id='word_1_682' title='bbox 3591 2689 3766 2747; x_wconf 85' lang='lat' dir='ltr'><strong>potero</strong></span> 
     </span>
    </p>
   </div>
   <div class='ocr_carea' id='block_1_90' title="bbox 2184 2761 3766 2837">
    <p class='ocr_par' dir='ltr' id='par_1_90' title="bbox 2184 2761 3766 2837">
     <span class='ocr_line' id='line_1_91' title="bbox 2184 2761 3766 2837; baseline 0.006 -24"><span class='ocrx_word' id='word_1_683' title='bbox 2184 2762 2512 2830; x_wconf 83' lang='lat' dir='ltr'><strong>prcevaricare</strong></span> <span class='ocrx_word' id='word_1_684' title='bbox 2555 2761 2754 2816; x_wconf 84' lang='lat' dir='ltr'><strong>verbum</strong></span> <span class='ocrx_word' id='word_1_685' title='bbox 2787 2763 3017 2830; x_wconf 86' lang='lat' dir='ltr'><strong>Domini,</strong></span> <span class='ocrx_word' id='word_1_686' title='bbox 3061 2770 3227 2836; x_wconf 80' lang='lat' dir='ltr'><strong>facere</strong></span> <span class='ocrx_word' id='word_1_687' title='bbox 3265 2768 3392 2820; x_wconf 89' lang='lat' dir='ltr'><strong>illud</strong></span> <span class='ocrx_word' id='word_1_688' title='bbox 3425 2769 3663 2837; x_wconf 81' lang='lat' dir='ltr'><strong>pusillum</strong></span> <span class='ocrx_word' id='word_1_689' title='bbox 3687 2768 3766 2822; x_wconf 79' lang='lat' dir='ltr'><strong>vel</strong></span> 
     </span>
    </p>
   </div>
   <div class='ocr_carea' id='block_1_91' title="bbox 2185 2856 3760 2929">
    <p class='ocr_par' dir='ltr' id='par_1_91' title="bbox 2185 2856 3760 2929">
     <span class='ocr_line' id='line_1_92' title="bbox 2185 2856 3760 2929; baseline 0.004 -23"><span class='ocrx_word' id='word_1_690' title='bbox 2185 2870 2419 2924; x_wconf 83' lang='lat' dir='ltr'><strong>magnum</strong></span> <span class='ocrx_word' id='word_1_691' title='bbox 2445 2856 2499 2908; x_wconf 89' lang='lat' dir='ltr'><strong>in</strong></span> <span class='ocrx_word' id='word_1_692' title='bbox 2523 2865 2685 2910; x_wconf 83' lang='lat' dir='ltr'><strong>mente</strong></span> <span class='ocrx_word' id='word_1_693' title='bbox 2712 2873 2821 2910; x_wconf 87' lang='lat' dir='ltr'><strong>mea</strong></span> <span class='ocrx_word' id='word_1_694' title='bbox 2840 2898 2855 2922; x_wconf 96' lang='lat'><strong>,</strong></span> <span class='ocrx_word' id='word_1_695' title='bbox 2883 2858 3084 2911; x_wconf 91' lang='lat' dir='ltr'><strong>nullum</strong></span> <span class='ocrx_word' id='word_1_696' title='bbox 3125 2857 3285 2912; x_wconf 87' lang='lat' dir='ltr'><strong>habet</strong></span> <span class='ocrx_word' id='word_1_697' title='bbox 3324 2860 3542 2912; x_wconf 91' lang='lat' dir='ltr'><strong>omnino</strong></span> <span class='ocrx_word' id='word_1_698' title='bbox 3571 2874 3760 2929; x_wconf 63' lang='lat' dir='ltr'><strong>peccao</strong></span> 
     </span>
    </p>
   </div>
   <div class='ocr_carea' id='block_1_92' title="bbox 2186 2944 3762 3017">
    <p class='ocr_par' dir='ltr' id='par_1_92' title="bbox 2186 2944 3762 3017">
     <span class='ocr_line' id='line_1_93' title="bbox 2186 2944 3762 3017; baseline 0.005 -21"><span class='ocrx_word' id='word_1_699' title='bbox 2186 2951 2294 2996; x_wconf 90' lang='lat' dir='ltr'><strong>tum</strong></span> <span class='ocrx_word' id='word_1_700' title='bbox 2319 2963 2333 2998; x_wconf 88' lang='lat'><strong>:</strong></span> <span class='ocrx_word' id='word_1_701' title='bbox 2376 2944 2470 2999; x_wconf 82' lang='lat' dir='ltr'><strong>sed</strong></span> <span class='ocrx_word' id='word_1_702' title='bbox 2499 2945 2641 3014; x_wconf 88' lang='lat' dir='ltr'><strong>quod</strong></span> <span class='ocrx_word' id='word_1_703' title='bbox 2671 2947 2905 3016; x_wconf 90' lang='lat' dir='ltr'><strong>sequitur</strong></span> <span class='ocrx_word' id='word_1_704' title='bbox 2941 2962 3045 3001; x_wconf 90' lang='lat' dir='ltr'><strong>non</strong></span> <span class='ocrx_word' id='word_1_705' title='bbox 3073 2958 3155 3001; x_wconf 91' lang='lat' dir='ltr'><strong>est</strong></span> <span class='ocrx_word' id='word_1_706' title='bbox 3184 2949 3301 3003; x_wconf 91' lang='lat' dir='ltr'><strong>sine</strong></span> <span class='ocrx_word' id='word_1_707' title='bbox 3335 2949 3484 3017; x_wconf 87' lang='lat' dir='ltr'><strong>gravi</strong></span> <span class='ocrx_word' id='word_1_708' title='bbox 3527 2958 3762 3017; x_wconf 74' lang='lat' dir='ltr'><strong>peccato.</strong></span> 
     </span>
    </p>
   </div>
   <div class='ocr_carea' id='block_1_93' title="bbox 2183 3033 3783 3110">
    <p class='ocr_par' dir='ltr' id='par_1_93' title="bbox 2183 3033 3783 3110">
     <span class='ocr_line' id='line_1_94' title="bbox 2183 3033 3783 3110; baseline 0.001 -20"><span class='ocrx_word' id='word_1_709' title='bbox 2183 3033 2298 3090; x_wconf 74' lang='lat' dir='ltr'><strong>iam</strong></span> <span class='ocrx_word' id='word_1_710' title='bbox 2325 3037 2465 3090; x_wconf 91' lang='lat' dir='ltr'><strong>enim</strong></span> <span class='ocrx_word' id='word_1_711' title='bbox 2493 3045 2747 3091; x_wconf 90' lang='lat' dir='ltr'><strong>constans</strong></span> <span class='ocrx_word' id='word_1_712' title='bbox 2771 3053 2891 3092; x_wconf 87' lang='lat' dir='ltr'><strong>esse</strong></span> <span class='ocrx_word' id='word_1_713' title='bbox 2919 3037 3102 3092; x_wconf 88' lang='lat' dir='ltr'><strong>debuit</strong></span> <span class='ocrx_word' id='word_1_714' title='bbox 3128 3039 3292 3092; x_wconf 86' lang='lat' dir='ltr'><strong>semel</strong></span> <span class='ocrx_word' id='word_1_715' title='bbox 3321 3039 3532 3103; x_wconf 92' lang='lat' dir='ltr'><strong>audito,</strong></span> <span class='ocrx_word' id='word_1_716' title='bbox 3557 3040 3693 3110; x_wconf 88' lang='lat' dir='ltr'><strong>quod</strong></span> <span class='ocrx_word' id='word_1_717' title='bbox 3711 3039 3783 3094; x_wconf 89' lang='lat' dir='ltr'><strong>ei.</strong></span> 
     </span>
    </p>
   </div>
   <div class='ocr_carea' id='block_1_94' title="bbox 2182 3126 3762 3198">
    <p class='ocr_par' dir='ltr' id='par_1_94' title="bbox 2182 3126 3762 3198">
     <span class='ocr_line' id='line_1_95' title="bbox 2182 3126 3762 3198; baseline 0.002 -16"><span class='ocrx_word' id='word_1_718' title='bbox 2182 3126 2389 3183; x_wconf 83' lang='lat' dir='ltr'><strong>dixerat</strong></span> <span class='ocrx_word' id='word_1_719' title='bbox 2413 3129 2693 3192; x_wconf 88' lang='lat' dir='ltr'><strong>Dominus,</strong></span> <span class='ocrx_word' id='word_1_720' title='bbox 2738 3127 2857 3182; x_wconf 82' lang='lat' dir='ltr'><strong>Non</strong></span> <span class='ocrx_word' id='word_1_721' title='bbox 2899 3130 2992 3182; x_wconf 86' lang='lat' dir='ltr'><strong>ibis</strong></span> <span class='ocrx_word' id='word_1_722' title='bbox 3025 3130 3264 3194; x_wconf 87' lang='lat' dir='ltr'><strong>cumeis,</strong></span> <span class='ocrx_word' id='word_1_723' title='bbox 3307 3145 3465 3198; x_wconf 77' lang='lat' dir='ltr'><strong>neque</strong></span> <span class='ocrx_word' id='word_1_724' title='bbox 3500 3129 3762 3187; x_wconf 76' lang='lat' dir='ltr'><strong>maledica</strong></span> 
     </span>
    </p>
   </div>
   <div class='ocr_carea' id='block_1_95' title="bbox 2183 3220 3763 3290">
    <p class='ocr_par' dir='ltr' id='par_1_95' title="bbox 2183 3220 3763 3290">
     <span class='ocr_line' id='line_1_96' title="bbox 2183 3220 3763 3290; baseline 0.001 -18"><span class='ocrx_word' id='word_1_725' title='bbox 2183 3221 2426 3290; x_wconf 83' lang='lat' dir='ltr'><strong>populant</strong></span> <span class='ocrx_word' id='word_1_726' title='bbox 2450 3234 2470 3273; x_wconf 91' lang='lat'><strong><em>:</em></strong></span> <span class='ocrx_word' id='word_1_727' title='bbox 2507 3229 2578 3274; x_wconf 89' lang='lat' dir='ltr'><strong>est</strong></span> <span class='ocrx_word' id='word_1_728' title='bbox 2619 3220 2753 3274; x_wconf 88' lang='lat' dir='ltr'><strong>enim</strong></span> <span class='ocrx_word' id='word_1_729' title='bbox 2792 3220 3112 3285; x_wconf 86' lang='lat' dir='ltr'><strong>benedictus;</strong></span> <span class='ocrx_word' id='word_1_730' title='bbox 3159 3237 3258 3276; x_wconf 90' lang='lat' dir='ltr'><strong>nec</strong></span> <span class='ocrx_word' id='word_1_731' title='bbox 3305 3223 3382 3276; x_wconf 90' lang='lat' dir='ltr'><strong>eis</strong></span> <span class='ocrx_word' id='word_1_732' title='bbox 3420 3223 3583 3276; x_wconf 90' lang='lat' dir='ltr'><strong>ullam</strong></span> <span class='ocrx_word' id='word_1_733' title='bbox 3613 3236 3763 3290; x_wconf 72' lang='lat' dir='ltr'><strong>spem</strong></span> 
     </span>
    </p>
   </div>
   <div class='ocr_carea' id='block_1_96' title="bbox 2183 3309 3764 3383">
    <p class='ocr_par' dir='ltr' id='par_1_96' title="bbox 2183 3309 3764 3383">
     <span class='ocr_line' id='line_1_97' title="bbox 2183 3309 3764 3383; baseline 0.002 -17"><span class='ocrx_word' id='word_1_734' title='bbox 2183 3309 2340 3378; x_wconf 86' lang='lat' dir='ltr'><strong>dare,</strong></span> <span class='ocrx_word' id='word_1_735' title='bbox 2382 3310 2524 3380; x_wconf 91' lang='lat' dir='ltr'><strong>quod</strong></span> <span class='ocrx_word' id='word_1_736' title='bbox 2561 3321 2740 3380; x_wconf 87' lang='lat' dir='ltr'><strong>posset</strong></span> <span class='ocrx_word' id='word_1_737' title='bbox 2783 3313 3067 3375; x_wconf 91' lang='lat' dir='ltr'><strong>Dominus,</strong></span> <span class='ocrx_word' id='word_1_738' title='bbox 3111 3324 3356 3383; x_wconf 87' lang='lat' dir='ltr'><strong>tanquam</strong></span> <span class='ocrx_word' id='word_1_739' title='bbox 3401 3313 3515 3382; x_wconf 87' lang='lat' dir='ltr'><strong>ipse</strong></span> <span class='ocrx_word' id='word_1_740' title='bbox 3551 3313 3764 3369; x_wconf 83' lang='lat' dir='ltr'><strong>Balaam</strong></span> 
     </span>
    </p>
   </div>
   <div class='ocr_carea' id='block_1_97' title="bbox 2183 3401 3762 3472">
    <p class='ocr_par' dir='ltr' id='par_1_97' title="bbox 2183 3401 3762 3472">
     <span class='ocr_line' id='line_1_98' title="bbox 2183 3401 3762 3472; baseline 0.001 -17"><span class='ocrx_word' id='word_1_741' title='bbox 2183 3401 2494 3456; x_wconf 89' lang='lat' dir='ltr'><strong>muneribus</strong></span> <span class='ocrx_word' id='word_1_742' title='bbox 2528 3412 2583 3455; x_wconf 88' lang='lat' dir='ltr'><strong>et</strong></span> <span class='ocrx_word' id='word_1_743' title='bbox 2628 3401 2920 3456; x_wconf 89' lang='lat' dir='ltr'><strong>honoribus</strong></span> <span class='ocrx_word' id='word_1_744' title='bbox 2961 3402 3160 3468; x_wconf 86' lang='lat' dir='ltr'><strong>ﬂexus,</strong></span> <span class='ocrx_word' id='word_1_745' title='bbox 3209 3403 3469 3458; x_wconf 86' lang='lat' dir='ltr'><strong>adversus</strong></span> <span class='ocrx_word' id='word_1_746' title='bbox 3511 3404 3762 3472; x_wconf 74' lang='lat' dir='ltr'><strong>pupulum</strong></span> 
     </span>
    </p>
   </div>
   <div class='ocr_carea' id='block_1_98' title="bbox 2183 3491 3768 3559">
    <p class='ocr_par' dir='ltr' id='par_1_98' title="bbox 2183 3491 3768 3559">
     <span class='ocr_line' id='line_1_99' title="bbox 2183 3491 3768 3559; baseline 0.001 -13"><span class='ocrx_word' id='word_1_747' title='bbox 2183 3506 2368 3558; x_wconf 88' lang='lat' dir='ltr'><strong>suum,</strong></span> <span class='ocrx_word' id='word_1_748' title='bbox 2396 3507 2552 3559; x_wconf 87' lang='lat' dir='ltr'><strong>quem</strong></span> <span class='ocrx_word' id='word_1_749' title='bbox 2588 3491 2919 3547; x_wconf 85' lang='lat' dir='ltr'><strong>benedictum</strong></span> <span class='ocrx_word' id='word_1_750' title='bbox 2949 3508 3068 3548; x_wconf 88' lang='lat' dir='ltr'><strong>esse</strong></span> <span class='ocrx_word' id='word_1_751' title='bbox 3093 3493 3332 3559; x_wconf 83' lang='lat' dir='ltr'><strong>dixerat,</strong></span> <span class='ocrx_word' id='word_1_752' title='bbox 3372 3509 3524 3548; x_wconf 89' lang='lat' dir='ltr'><strong>suam</strong></span> <span class='ocrx_word' id='word_1_753' title='bbox 3563 3503 3768 3548; x_wconf 69' lang='lat' dir='ltr'><strong>mutare</strong></span> 
     </span>
    </p>
   </div>
   <div class='ocr_carea' id='block_1_99' title="bbox 2181 3583 3764 3653">
    <p class='ocr_par' dir='ltr' id='par_1_99' title="bbox 2181 3583 3764 3653">
     <span class='ocr_line' id='line_1_100' title="bbox 2181 3583 3764 3653; baseline -0.001 -15"><span class='ocrx_word' id='word_1_754' title='bbox 2181 3584 2519 3638; x_wconf 87' lang='lat' dir='ltr'><strong>sententiam.</strong></span> <span class='ocrx_word' id='word_1_755' title='bbox 2548 3583 2653 3638; x_wconf 89' lang='lat' dir='ltr'><strong>Sed</strong></span> <span class='ocrx_word' id='word_1_756' title='bbox 2688 3584 2758 3638; x_wconf 88' lang='lat' dir='ltr'><strong>ibi</strong></span> <span class='ocrx_word' id='word_1_757' title='bbox 2784 3600 2843 3639; x_wconf 87' lang='lat' dir='ltr'><strong>se</strong></span> <span class='ocrx_word' id='word_1_758' title='bbox 2871 3583 3066 3638; x_wconf 83' lang='lat' dir='ltr'><strong>victum</strong></span> <span class='ocrx_word' id='word_1_759' title='bbox 3106 3585 3391 3653; x_wconf 86' lang='lat' dir='ltr'><strong>cupiditate</strong></span> <span class='ocrx_word' id='word_1_760' title='bbox 3416 3585 3764 3648; x_wconf 81' lang='lat' dir='ltr'><strong>monstravit,</strong></span> 
     </span>
    </p>
   </div>
   <div class='ocr_carea' id='block_1_100' title="bbox 2183 3671 3768 3742">
    <p class='ocr_par' dir='ltr' id='par_1_100' title="bbox 2183 3671 3768 3742">
     <span class='ocr_line' id='line_1_101' title="bbox 2183 3671 3768 3742; baseline 0.001 -16"><span class='ocrx_word' id='word_1_761' title='bbox 2183 3673 2274 3727; x_wconf 90' lang='lat' dir='ltr'><strong>ubi</strong></span> <span class='ocrx_word' id='word_1_762' title='bbox 2303 3673 2446 3742; x_wconf 86' lang='lat' dir='ltr'><strong>loqui</strong></span> <span class='ocrx_word' id='word_1_763' title='bbox 2482 3673 2584 3727; x_wconf 87' lang='lat' dir='ltr'><strong>sibi</strong></span> <span class='ocrx_word' id='word_1_764' title='bbox 2625 3674 2904 3726; x_wconf 80' lang='lat' dir='ltr'><strong>Dominum</strong></span> <span class='ocrx_word' id='word_1_765' title='bbox 2931 3673 2998 3727; x_wconf 90' lang='lat' dir='ltr'><strong>de</strong></span> <span class='ocrx_word' id='word_1_766' title='bbox 3027 3674 3128 3728; x_wconf 78' lang='lat' dir='ltr'><strong>hac</strong></span> <span class='ocrx_word' id='word_1_767' title='bbox 3158 3690 3217 3729; x_wconf 88' lang='lat' dir='ltr'><strong>re</strong></span> <span class='ocrx_word' id='word_1_768' title='bbox 3245 3677 3439 3728; x_wconf 81' lang='lat' dir='ltr'><strong>iterum</strong></span> <span class='ocrx_word' id='word_1_769' title='bbox 3475 3674 3672 3737; x_wconf 89' lang='lat' dir='ltr'><strong>voluit,</strong></span> <span class='ocrx_word' id='word_1_770' title='bbox 3698 3671 3768 3728; x_wconf 80' lang='lat' dir='ltr'><strong>de</strong></span> 
     </span>
    </p>
   </div>
   <div class='ocr_carea' id='block_1_101' title="bbox 2183 3761 3770 3832">
    <p class='ocr_par' dir='ltr' id='par_1_101' title="bbox 2183 3761 3770 3832">
     <span class='ocr_line' id='line_1_102' title="bbox 2183 3761 3770 3832; baseline 0.001 -17"><span class='ocrx_word' id='word_1_771' title='bbox 2183 3776 2282 3831; x_wconf 88' lang='lat' dir='ltr'><strong>qua</strong></span> <span class='ocrx_word' id='word_1_772' title='bbox 2309 3761 2426 3829; x_wconf 89' lang='lat' dir='ltr'><strong>ejus</strong></span> <span class='ocrx_word' id='word_1_773' title='bbox 2442 3761 2552 3830; x_wconf 85' lang='lat' dir='ltr'><strong>jam</strong></span> <span class='ocrx_word' id='word_1_774' title='bbox 2582 3771 2901 3831; x_wconf 77' lang='lat' dir='ltr'><strong>cognoverat</strong></span> <span class='ocrx_word' id='word_1_775' title='bbox 2925 3762 3268 3816; x_wconf 83' lang='lat' dir='ltr'><strong>voluntatem.</strong></span> <span class='ocrx_word' id='word_1_776' title='bbox 3312 3763 3450 3830; x_wconf 86' lang='lat' dir='ltr'><strong>Quid</strong></span> <span class='ocrx_word' id='word_1_777' title='bbox 3469 3763 3614 3817; x_wconf 68' lang='lat' dir='ltr'><strong>enim</strong></span> <span class='ocrx_word' id='word_1_778' title='bbox 3633 3777 3770 3832; x_wconf 72' lang='lat' dir='ltr'><strong>opus</strong></span> 
     </span>
    </p>
   </div>
   <div class='ocr_carea' id='block_1_102' title="bbox 2183 3852 3766 3924">
    <p class='ocr_par' dir='ltr' id='par_1_102' title="bbox 2183 3852 3766 3924">
     <span class='ocr_line' id='line_1_103' title="bbox 2183 3852 3766 3924; baseline -0.002 -16"><span class='ocrx_word' id='word_1_779' title='bbox 2183 3863 2298 3908; x_wconf 89' lang='lat' dir='ltr'><strong>erat</strong></span> <span class='ocrx_word' id='word_1_780' title='bbox 2321 3870 2439 3923; x_wconf 73' lang='lat' dir='ltr'><strong>qua:</strong></span> <span class='ocrx_word' id='word_1_781' title='bbox 2466 3862 2760 3924; x_wconf 90' lang='lat' dir='ltr'><strong>sequuntur</strong></span> <span class='ocrx_word' id='word_1_782' title='bbox 2785 3854 3075 3924; x_wconf 86' lang='lat' dir='ltr'><strong>adjungere</strong></span> <span class='ocrx_word' id='word_1_783' title='bbox 3106 3872 3118 3906; x_wconf 91' lang='lat'><strong>:</strong></span> <span class='ocrx_word' id='word_1_784' title='bbox 3167 3854 3231 3908; x_wconf 79' lang='lat' dir='ltr'><strong>Et</strong></span> <span class='ocrx_word' id='word_1_785' title='bbox 3269 3871 3402 3908; x_wconf 85' lang='lat' dir='ltr'><strong>nunc</strong></span> <span class='ocrx_word' id='word_1_786' title='bbox 3433 3855 3670 3908; x_wconf 82' lang='lat' dir='ltr'><strong>sustinete</strong></span> <span class='ocrx_word' id='word_1_787' title='bbox 3695 3852 3766 3906; x_wconf 77' lang='lat' dir='ltr'><strong>ibi</strong></span> 
     </span>
    </p>
   </div>
   <div class='ocr_carea' id='block_1_103' title="bbox 2181 3941 3764 4014">
    <p class='ocr_par' dir='ltr' id='par_1_103' title="bbox 2181 3941 3764 4014">
     <span class='ocr_line' id='line_1_104' title="bbox 2181 3941 3764 4014; baseline -0.001 -16"><span class='ocrx_word' id='word_1_788' title='bbox 2181 3953 2227 3998; x_wconf 89' lang='lat' dir='ltr'><strong>et</strong></span> <span class='ocrx_word' id='word_1_789' title='bbox 2262 3959 2348 3997; x_wconf 82' lang='grc'><strong>1108</strong></span> <span class='ocrx_word' id='word_1_790' title='bbox 2381 3952 2524 3997; x_wconf 88' lang='lat' dir='ltr'><strong>nocte</strong></span> <span class='ocrx_word' id='word_1_791' title='bbox 2546 3944 2640 3996; x_wconf 84' lang='lat' dir='ltr'><strong>hac</strong></span> <span class='ocrx_word' id='word_1_792' title='bbox 2661 3985 2677 4009; x_wconf 93' lang='lat'><strong>,</strong></span> <span class='ocrx_word' id='word_1_793' title='bbox 2705 3953 2751 3997; x_wconf 90' lang='lat' dir='ltr'><strong>et</strong></span> <span class='ocrx_word' id='word_1_794' title='bbox 2774 3943 2930 3997; x_wconf 82' lang='lat' dir='ltr'><strong>sciant</strong></span> <span class='ocrx_word' id='word_1_795' title='bbox 2959 3944 3079 4014; x_wconf 88' lang='lat' dir='ltr'><strong>quid</strong></span> <span class='ocrx_word' id='word_1_796' title='bbox 3102 3944 3306 4014; x_wconf 83' lang='lat' dir='ltr'><strong>adjiciet</strong></span> <span class='ocrx_word' id='word_1_797' title='bbox 3342 3943 3592 3998; x_wconf 86' lang='lat' dir='ltr'><strong>Dominus</strong></span> <span class='ocrx_word' id='word_1_798' title='bbox 3626 3941 3764 4013; x_wconf 85' lang='lat' dir='ltr'><strong>loqui</strong></span> 
     </span>
    </p>
   </div>
   <div class='ocr_carea' id='block_1_104' title="bbox 2185 4033 3767 4104">
    <p class='ocr_par' dir='ltr' id='par_1_104' title="bbox 2185 4033 3767 4104">
     <span class='ocr_line' id='line_1_105' title="bbox 2185 4033 3767 4104; baseline -0.001 -17"><span class='ocrx_word' id='word_1_799' title='bbox 2185 4034 2254 4087; x_wconf 90' lang='lat' dir='ltr'><strong>ad</strong></span> <span class='ocrx_word' id='word_1_800' title='bbox 2282 4035 2400 4088; x_wconf 84' lang='lat' dir='ltr'><strong>me?</strong></span> <span class='ocrx_word' id='word_1_801' title='bbox 2441 4033 2668 4088; x_wconf 85' lang='lat' dir='ltr'><strong>Proinde</strong></span> <span class='ocrx_word' id='word_1_802' title='bbox 2703 4035 2956 4089; x_wconf 91' lang='lat' dir='ltr'><strong>Dominus</strong></span> <span class='ocrx_word' id='word_1_803' title='bbox 2976 4035 3162 4090; x_wconf 82' lang='lat' dir='ltr'><strong>videns</strong></span> <span class='ocrx_word' id='word_1_804' title='bbox 3181 4034 3296 4104; x_wconf 80' lang='lat' dir='ltr'><strong>ejus</strong></span> <span class='ocrx_word' id='word_1_805' title='bbox 3317 4034 3654 4104; x_wconf 85' lang='lat' dir='ltr'><strong>cupiditatem</strong></span> <span class='ocrx_word' id='word_1_806' title='bbox 3675 4047 3767 4086; x_wconf 77' lang='lat' dir='ltr'><strong>ca-</strong></span> 
     </span>
    </p>
   </div>
   <div class='ocr_carea' id='block_1_105' title="bbox 2181 4124 3766 4195">
    <p class='ocr_par' dir='ltr' id='par_1_105' title="bbox 2181 4124 3766 4195">
     <span class='ocr_line' id='line_1_106' title="bbox 2181 4124 3766 4195; baseline -0.002 -16"><span class='ocrx_word' id='word_1_807' title='bbox 2181 4135 2326 4195; x_wconf 88' lang='lat' dir='ltr'><strong>ptam</strong></span> <span class='ocrx_word' id='word_1_808' title='bbox 2355 4124 2719 4194; x_wconf 88' lang='lat' dir='ltr'><strong>devictamque</strong></span> <span class='ocrx_word' id='word_1_809' title='bbox 2745 4125 3083 4191; x_wconf 85' lang='lat' dir='ltr'><strong>muneribus,</strong></span> <span class='ocrx_word' id='word_1_810' title='bbox 3113 4126 3352 4194; x_wconf 88' lang='lat' dir='ltr'><strong>permisit</strong></span> <span class='ocrx_word' id='word_1_811' title='bbox 3390 4140 3510 4178; x_wconf 89' lang='lat' dir='ltr'><strong>eum</strong></span> <span class='ocrx_word' id='word_1_812' title='bbox 3556 4124 3665 4186; x_wconf 89' lang='lat' dir='ltr'><strong>ire,</strong></span> <span class='ocrx_word' id='word_1_813' title='bbox 3706 4130 3766 4176; x_wconf 92' lang='lat' dir='ltr'><strong>ut</strong></span> 
     </span>
    </p>
   </div>
   <div class='ocr_carea' id='block_1_106' title="bbox 2182 4214 3764 4285">
    <p class='ocr_par' dir='ltr' id='par_1_106' title="bbox 2182 4214 3764 4285">
     <span class='ocr_line' id='line_1_107' title="bbox 2182 4214 3764 4285; baseline -0.001 -17"><span class='ocrx_word' id='word_1_814' title='bbox 2182 4231 2278 4285; x_wconf 92' lang='lat' dir='ltr'><strong>pcr</strong></span> <span class='ocrx_word' id='word_1_815' title='bbox 2299 4214 2596 4284; x_wconf 88' lang='lat' dir='ltr'><strong>jumentum</strong></span> <span class='ocrx_word' id='word_1_816' title='bbox 2635 4230 2741 4283; x_wconf 89' lang='lat' dir='ltr'><strong>quo</strong></span> <span class='ocrx_word' id='word_1_817' title='bbox 2778 4215 3070 4270; x_wconf 88' lang='lat' dir='ltr'><strong>vehebatur</strong></span> <span class='ocrx_word' id='word_1_818' title='bbox 3106 4216 3221 4284; x_wconf 86' lang='lat' dir='ltr'><strong>ejus</strong></span> <span class='ocrx_word' id='word_1_819' title='bbox 3245 4214 3516 4267; x_wconf 88' lang='lat' dir='ltr'><strong>avaritiam</strong></span> <span class='ocrx_word' id='word_1_820' title='bbox 3544 4227 3764 4266; x_wconf 87' lang='lat' dir='ltr'><strong>coerce-</strong></span> 
     </span>
    </p>
   </div>
   <div class='ocr_carea' id='block_1_107' title="bbox 2182 4300 3766 4372">
    <p class='ocr_par' dir='ltr' id='par_1_107' title="bbox 2182 4300 3766 4372">
     <span class='ocr_line' id='line_1_108' title="bbox 2182 4300 3766 4372; baseline -0.003 -14"><span class='ocrx_word' id='word_1_821' title='bbox 2182 4313 2299 4358; x_wconf 90' lang='lat' dir='ltr'><strong>ret:</strong></span> <span class='ocrx_word' id='word_1_822' title='bbox 2335 4305 2434 4357; x_wconf 87' lang='lat' dir='ltr'><strong>hoc</strong></span> <span class='ocrx_word' id='word_1_823' title='bbox 2460 4303 2574 4372; x_wconf 89' lang='lat' dir='ltr'><strong>ipso</strong></span> <span class='ocrx_word' id='word_1_824' title='bbox 2594 4301 2924 4358; x_wconf 78' lang='lat' dir='ltr'><strong>confundens</strong></span> <span class='ocrx_word' id='word_1_825' title='bbox 2949 4305 3088 4357; x_wconf 89' lang='lat' dir='ltr'><strong>illam</strong></span> <span class='ocrx_word' id='word_1_826' title='bbox 3111 4304 3427 4364; x_wconf 86' lang='lat' dir='ltr'><strong>dementiam</strong></span> <span class='ocrx_word' id='word_1_827' title='bbox 3444 4344 3459 4368; x_wconf 91' lang='lat'><strong>,</strong></span> <span class='ocrx_word' id='word_1_828' title='bbox 3481 4300 3618 4372; x_wconf 92' lang='lat' dir='ltr'><strong>quod</strong></span> <span class='ocrx_word' id='word_1_829' title='bbox 3643 4316 3766 4369; x_wconf 90' lang='lat' dir='ltr'><strong>pro-</strong></span> 
     </span>
    </p>
   </div>
   <div class='ocr_carea' id='block_1_108' title="bbox 2181 4389 3760 4462">
    <p class='ocr_par' dir='ltr' id='par_1_108' title="bbox 2181 4389 3760 4462">
     <span class='ocr_line' id='line_1_109' title="bbox 2181 4389 3760 4462; baseline -0.003 -15"><span class='ocrx_word' id='word_1_830' title='bbox 2181 4393 2496 4448; x_wconf 88' lang='lat' dir='ltr'><strong>hibitionem</strong></span> <span class='ocrx_word' id='word_1_831' title='bbox 2546 4393 2748 4446; x_wconf 91' lang='lat' dir='ltr'><strong>Domini</strong></span> <span class='ocrx_word' id='word_1_832' title='bbox 2798 4408 2896 4462; x_wconf 88' lang='lat' dir='ltr'><strong>per</strong></span> <span class='ocrx_word' id='word_1_833' title='bbox 2939 4393 3182 4462; x_wconf 86' lang='lat' dir='ltr'><strong>angelum</strong></span> <span class='ocrx_word' id='word_1_834' title='bbox 3230 4391 3419 4446; x_wconf 77' lang='lat' dir='ltr'><strong>factam</strong></span> <span class='ocrx_word' id='word_1_835' title='bbox 3465 4389 3760 4458; x_wconf 73' lang='lat' dir='ltr'><strong>transgredi</strong></span> 
     </span>
    </p>
   </div>
   <div class='ocr_carea' id='block_1_109' title="bbox 2181 4479 3762 4552">
    <p class='ocr_par' dir='ltr' id='par_1_109' title="bbox 2181 4479 3762 4552">
     <span class='ocr_line' id='line_1_110' title="bbox 2181 4479 3762 4552; baseline -0.003 -15"><span class='ocrx_word' id='word_1_836' title='bbox 2181 4487 2332 4537; x_wconf 88' lang='lat' dir='ltr'><strong>asina</strong></span> <span class='ocrx_word' id='word_1_837' title='bbox 2373 4499 2478 4537; x_wconf 92' lang='lat' dir='ltr'><strong>non</strong></span> <span class='ocrx_word' id='word_1_838' title='bbox 2519 4483 2778 4548; x_wconf 89' lang='lat' dir='ltr'><strong>audebat,</strong></span> <span class='ocrx_word' id='word_1_839' title='bbox 2806 4499 2963 4552; x_wconf 89' lang='lat' dir='ltr'><strong>quam</strong></span> <span class='ocrx_word' id='word_1_840' title='bbox 3015 4484 3101 4537; x_wconf 89' lang='lat' dir='ltr'><strong>ille</strong></span> <span class='ocrx_word' id='word_1_841' title='bbox 3143 4482 3430 4551; x_wconf 88' lang='lat' dir='ltr'><strong>cupiditate</strong></span> <span class='ocrx_word' id='word_1_842' title='bbox 3471 4479 3762 4548; x_wconf 88' lang='lat' dir='ltr'><strong>transgredi</strong></span> 
     </span>
    </p>
   </div>
   <div class='ocr_carea' id='block_1_110' title="bbox 2181 4571 3763 4642">
    <p class='ocr_par' dir='ltr' id='par_1_110' title="bbox 2181 4571 3763 4642">
     <span class='ocr_line' id='line_1_111' title="bbox 2181 4571 3763 4642; baseline -0.006 -13"><span class='ocrx_word' id='word_1_843' title='bbox 2181 4582 2485 4637; x_wconf 89' lang='lat' dir='ltr'><strong>conaretur,</strong></span> <span class='ocrx_word' id='word_1_844' title='bbox 2511 4574 2752 4642; x_wconf 86' lang='lat' dir='ltr'><strong>quamvis</strong></span> <span class='ocrx_word' id='word_1_845' title='bbox 2780 4573 3019 4628; x_wconf 86' lang='lat' dir='ltr'><strong>eamdem</strong></span> <span class='ocrx_word' id='word_1_846' title='bbox 3041 4572 3379 4640; x_wconf 87' lang='lat' dir='ltr'><strong>cupiditatem</strong></span> <span class='ocrx_word' id='word_1_847' title='bbox 3411 4571 3600 4624; x_wconf 91' lang='lat' dir='ltr'><strong>timore</strong></span> <span class='ocrx_word' id='word_1_848' title='bbox 3632 4584 3763 4638; x_wconf 76' lang='lat' dir='ltr'><strong>Sup-</strong></span> 
     </span>
    </p>
   </div>
   <div class='ocr_carea' id='block_1_111' title="bbox 2182 4661 3763 4737">
    <p class='ocr_par' dir='ltr' id='par_1_111' title="bbox 2182 4661 3763 4737">
     <span class='ocr_line' id='line_1_112' title="bbox 2182 4661 3763 4737; baseline -0.004 -16"><span class='ocrx_word' id='word_1_849' title='bbox 2182 4668 2455 4737; x_wconf 66' lang='grc' dir='ltr'><strong>ιιι-111101οι.</strong></span> <span class='ocrx_word' id='word_1_850' title='bbox 2494 4665 2635 4718; x_wconf 87' lang='lat' dir='ltr'><strong>Venit</strong></span> <span class='ocrx_word' id='word_1_851' title='bbox 2656 4666 2786 4718; x_wconf 90' lang='lat' dir='ltr'><strong>enim</strong></span> <span class='ocrx_word' id='word_1_852' title='bbox 2813 4664 2947 4718; x_wconf 88' lang='lat' dir='ltr'><strong>Deus</strong></span> <span class='ocrx_word' id='word_1_853' title='bbox 2968 4666 3034 4717; x_wconf 90' lang='lat' dir='ltr'><strong>ad</strong></span> <span class='ocrx_word' id='word_1_854' title='bbox 3055 4662 3270 4717; x_wconf 89' lang='lat' dir='ltr'><strong>Balaam</strong></span> <span class='ocrx_word' id='word_1_855' title='bbox 3291 4673 3464 4727; x_wconf 84' lang='lat' dir='ltr'><strong>nocte,</strong></span> <span class='ocrx_word' id='word_1_856' title='bbox 3487 4671 3531 4714; x_wconf 89' lang='lat' dir='ltr'><strong>et</strong></span> <span class='ocrx_word' id='word_1_857' title='bbox 3554 4661 3624 4713; x_wconf 90' lang='lat' dir='ltr'><strong>ait</strong></span> <span class='ocrx_word' id='word_1_858' title='bbox 3646 4661 3763 4714; x_wconf 90' lang='lat' dir='ltr'><strong>illi:</strong></span> 
     </span>
    </p>
   </div>
   <div class='ocr_carea' id='block_1_112' title="bbox 2181 4755 3759 4826">
    <p class='ocr_par' dir='ltr' id='par_1_112' title="bbox 2181 4755 3759 4826">
     <span class='ocr_line' id='line_1_113' title="bbox 2181 4755 3759 4826; baseline -0.007 -12"><span class='ocrx_word' id='word_1_859' title='bbox 2181 4758 2243 4814; x_wconf 86' lang='lat' dir='ltr'><strong>Si</strong></span> <span class='ocrx_word' id='word_1_860' title='bbox 2269 4773 2441 4810; x_wconf 80' lang='lat' dir='ltr'><strong>vocare</strong></span> <span class='ocrx_word' id='word_1_861' title='bbox 2466 4765 2512 4810; x_wconf 89' lang='lat' dir='ltr'><strong>te</strong></span> <span class='ocrx_word' id='word_1_862' title='bbox 2545 4764 2782 4809; x_wconf 83' lang='lat' dir='ltr'><strong>venerunt</strong></span> <span class='ocrx_word' id='word_1_863' title='bbox 2819 4755 3070 4818; x_wconf 83' lang='lat' dir='ltr'><strong>homines,</strong></span> <span class='ocrx_word' id='word_1_864' title='bbox 3110 4770 3386 4826; x_wconf 77' lang='lat' dir='ltr'><strong>exsurgens</strong></span> <span class='ocrx_word' id='word_1_865' title='bbox 3419 4767 3619 4820; x_wconf 81' lang='lat' dir='ltr'><strong>sequere</strong></span> <span class='ocrx_word' id='word_1_866' title='bbox 3645 4767 3759 4817; x_wconf 90' lang='lat' dir='ltr'><strong>eos,</strong></span> 
     </span>
    </p>
   </div>
   <div class='ocr_carea' id='block_1_113' title="bbox 2179 4844 3760 4916">
    <p class='ocr_par' dir='ltr' id='par_1_113' title="bbox 2179 4844 3760 4916">
     <span class='ocr_line' id='line_1_114' title="bbox 2179 4844 3760 4916; baseline -0.004 -13"><span class='ocrx_word' id='word_1_867' title='bbox 2179 4849 2266 4904; x_wconf 86' lang='lat' dir='ltr'><strong>sed</strong></span> <span class='ocrx_word' id='word_1_868' title='bbox 2285 4848 2486 4902; x_wconf 82' lang='lat' dir='ltr'><strong>uerbum</strong></span> <span class='ocrx_word' id='word_1_869' title='bbox 2513 4848 2855 4916; x_wconf 84' lang='lat' dir='ltr'><strong>quodcumque</strong></span> <span class='ocrx_word' id='word_1_870' title='bbox 2880 4848 3074 4898; x_wconf 87' lang='lat' dir='ltr'><strong>locutus</strong></span> <span class='ocrx_word' id='word_1_871' title='bbox 3099 4849 3242 4916; x_wconf 77' lang='lat' dir='ltr'><strong>fuero</strong></span> <span class='ocrx_word' id='word_1_872' title='bbox 3269 4845 3337 4898; x_wconf 89' lang='lat' dir='ltr'><strong>ad</strong></span> <span class='ocrx_word' id='word_1_873' title='bbox 3366 4854 3443 4909; x_wconf 88' lang='lat' dir='ltr'><strong>te,</strong></span> <span class='ocrx_word' id='word_1_874' title='bbox 3471 4844 3565 4897; x_wconf 82' lang='lat' dir='ltr'><strong>hoc</strong></span> <span class='ocrx_word' id='word_1_875' title='bbox 3584 4844 3760 4913; x_wconf 79' lang='lat' dir='ltr'><strong>facies.</strong></span> 
     </span>
    </p>
   </div>
   <div class='ocr_carea' id='block_1_114' title="bbox 2179 4931 3764 5010">
    <p class='ocr_par' dir='ltr' id='par_1_114' title="bbox 2179 4931 3764 5010">
     <span class='ocr_line' id='line_1_115' title="bbox 2179 4931 3764 5010; baseline -0.008 -14"><span class='ocrx_word' id='word_1_876' title='bbox 2179 4939 2248 4996; x_wconf 86' lang='lat' dir='ltr'><strong>Et</strong></span> <span class='ocrx_word' id='word_1_877' title='bbox 2275 4955 2546 5010; x_wconf 76' lang='lat' dir='ltr'><strong>exsurgens</strong></span> <span class='ocrx_word' id='word_1_878' title='bbox 2571 4937 2782 4990; x_wconf 90' lang='lat' dir='ltr'><strong>Balaam</strong></span> <span class='ocrx_word' id='word_1_879' title='bbox 2811 4952 2957 4988; x_wconf 90' lang='lat' dir='ltr'><strong>mane</strong></span> <span class='ocrx_word' id='word_1_880' title='bbox 2983 4937 3155 4988; x_wconf 83' lang='lat' dir='ltr'><strong>stravit</strong></span> <span class='ocrx_word' id='word_1_881' title='bbox 3177 4936 3371 4988; x_wconf 83' lang='lat' dir='ltr'><strong>asinam</strong></span> <span class='ocrx_word' id='word_1_882' title='bbox 3391 4950 3556 4998; x_wconf 89' lang='lat' dir='ltr'><strong>suam,</strong></span> <span class='ocrx_word' id='word_1_883' title='bbox 3575 4943 3620 4987; x_wconf 90' lang='lat' dir='ltr'><strong>et</strong></span> <span class='ocrx_word' id='word_1_884' title='bbox 3639 4931 3764 4985; x_wconf 83' lang='lat' dir='ltr'><strong>abiit</strong></span> 
     </span>
    </p>
   </div>
   <div class='ocr_carea' id='block_1_115' title="bbox 2179 5023 3761 5100">
    <p class='ocr_par' dir='ltr' id='par_1_115' title="bbox 2179 5023 3761 5100">
     <span class='ocr_line' id='line_1_116' title="bbox 2179 5023 3761 5100; baseline -0.006 -16"><span class='ocrx_word' id='word_1_885' title='bbox 2179 5047 2292 5084; x_wconf 90' lang='lat' dir='ltr'><strong>cum</strong></span> <span class='ocrx_word' id='word_1_886' title='bbox 2323 5029 2631 5100; x_wconf 85' lang='lat' dir='ltr'><strong>principibus</strong></span> <span class='ocrx_word' id='word_1_887' title='bbox 2672 5026 2843 5080; x_wconf 85' lang='lat' dir='ltr'><strong>Moab.</strong></span> <span class='ocrx_word' id='word_1_888' title='bbox 2875 5025 2983 5079; x_wconf 87' lang='lat' dir='ltr'><strong>Cur</strong></span> <span class='ocrx_word' id='word_1_889' title='bbox 3027 5034 3145 5094; x_wconf 89' lang='lat' dir='ltr'><strong>post</strong></span> <span class='ocrx_word' id='word_1_890' title='bbox 3177 5025 3331 5079; x_wconf 89' lang='lat' dir='ltr'><strong>istam</strong></span> <span class='ocrx_word' id='word_1_891' title='bbox 3359 5023 3761 5092; x_wconf 82' lang='lat' dir='ltr'><strong>permissionem</strong></span> 
     </span>
    </p>
   </div>
   <div class='ocr_carea' id='block_1_116' title="bbox 2180 5111 3763 5182">
    <p class='ocr_par' dir='ltr' id='par_1_116' title="bbox 2180 5111 3763 5182">
     <span class='ocr_line' id='line_1_117' title="bbox 2180 5111 3763 5182; baseline -0.009 -6"><span class='ocrx_word' id='word_1_892' title='bbox 2180 5120 2345 5175; x_wconf 88' lang='lat' dir='ltr'><strong>Deum</strong></span> <span class='ocrx_word' id='word_1_893' title='bbox 2378 5121 2564 5173; x_wconf 90' lang='lat' dir='ltr'><strong>iterum</strong></span> <span class='ocrx_word' id='word_1_894' title='bbox 2594 5132 2700 5172; x_wconf 89' lang='lat' dir='ltr'><strong>non</strong></span> <span class='ocrx_word' id='word_1_895' title='bbox 2728 5116 3021 5179; x_wconf 91' lang='lat' dir='ltr'><strong>consuluit,</strong></span> <span class='ocrx_word' id='word_1_896' title='bbox 3050 5120 3106 5166; x_wconf 88' lang='lat' dir='ltr'><strong>et</strong></span> <span class='ocrx_word' id='word_1_897' title='bbox 3131 5122 3248 5182; x_wconf 89' lang='lat' dir='ltr'><strong>post</strong></span> <span class='ocrx_word' id='word_1_898' title='bbox 3277 5112 3417 5166; x_wconf 87' lang='lat' dir='ltr'><strong>illam</strong></span> <span class='ocrx_word' id='word_1_899' title='bbox 3446 5111 3763 5181; x_wconf 87' lang='lat' dir='ltr'><strong>prohibitio-</strong></span> 
     </span>
    </p>
   </div>
   <div class='ocr_carea' id='block_1_117' title="bbox 2176 5201 3761 5273">
    <p class='ocr_par' dir='ltr' id='par_1_117' title="bbox 2176 5201 3761 5273">
     <span class='ocr_line' id='line_1_118' title="bbox 2176 5201 3761 5273; baseline -0.006 -8"><span class='ocrx_word' id='word_1_900' title='bbox 2176 5226 2300 5266; x_wconf 88' lang='lat' dir='ltr'><strong>nem</strong></span> <span class='ocrx_word' id='word_1_901' title='bbox 2326 5211 2516 5264; x_wconf 90' lang='lat' dir='ltr'><strong>iterum</strong></span> <span class='ocrx_word' id='word_1_902' title='bbox 2537 5207 2921 5262; x_wconf 91' lang='lat' dir='ltr'><strong>consulendum</strong></span> <span class='ocrx_word' id='word_1_903' title='bbox 2953 5204 3182 5273; x_wconf 87' lang='lat' dir='ltr'><strong>putavit,</strong></span> <span class='ocrx_word' id='word_1_904' title='bbox 3213 5203 3313 5257; x_wconf 90' lang='lat' dir='ltr'><strong>nisi</strong></span> <span class='ocrx_word' id='word_1_905' title='bbox 3342 5204 3464 5272; x_wconf 91' lang='lat' dir='ltr'><strong>quia</strong></span> <span class='ocrx_word' id='word_1_906' title='bbox 3499 5201 3612 5272; x_wconf 90' lang='lat' dir='ltr'><strong>ejus</strong></span> <span class='ocrx_word' id='word_1_907' title='bbox 3642 5216 3761 5255; x_wconf 88' lang='lat' dir='ltr'><strong>ma-</strong></span> 
     </span>
    </p>
   </div>
   <div class='ocr_carea' id='block_1_118' title="bbox 2180 5290 3762 5370">
    <p class='ocr_par' dir='ltr' id='par_1_118' title="bbox 2180 5290 3762 5370">
     <span class='ocr_line' id='line_1_119' title="bbox 2180 5290 3762 5370; baseline -0.006 -17"><span class='ocrx_word' id='word_1_908' title='bbox 2180 5299 2318 5370; x_wconf 90' lang='lat' dir='ltr'><strong>ligna</strong></span> <span class='ocrx_word' id='word_1_909' title='bbox 2360 5298 2621 5368; x_wconf 90' lang='lat' dir='ltr'><strong>cupiditas</strong></span> <span class='ocrx_word' id='word_1_910' title='bbox 2668 5296 2990 5365; x_wconf 89' lang='lat' dir='ltr'><strong>apparebat,</strong></span> <span class='ocrx_word' id='word_1_911' title='bbox 3031 5294 3269 5363; x_wconf 80' lang='lat' dir='ltr'><strong>quamvis</strong></span> <span class='ocrx_word' id='word_1_912' title='bbox 3325 5294 3516 5346; x_wconf 88' lang='lat' dir='ltr'><strong>timore</strong></span> <span class='ocrx_word' id='word_1_913' title='bbox 3555 5290 3762 5344; x_wconf 90' lang='lat' dir='ltr'><strong>Domini</strong></span> 
     </span>
    </p>
   </div>
   <div class='ocr_carea' id='block_1_119' title="bbox 2181 5381 3761 5462">
    <p class='ocr_par' dir='ltr' id='par_1_119' title="bbox 2181 5381 3761 5462">
     <span class='ocr_line' id='line_1_120' title="bbox 2181 5381 3761 5462; baseline -0.008 -17"><span class='ocrx_word' id='word_1_914' title='bbox 2181 5389 2544 5462; x_wconf 85' lang='lat' dir='ltr'><strong>premeretur?</strong></span> <span class='ocrx_word' id='word_1_915' title='bbox 2572 5388 2807 5456; x_wconf 88' lang='lat' dir='ltr'><strong>Denique</strong></span> <span class='ocrx_word' id='word_1_916' title='bbox 2826 5386 3098 5455; x_wconf 85' lang='lat' dir='ltr'><strong>Scriptura</strong></span> <span class='ocrx_word' id='word_1_917' title='bbox 3123 5385 3383 5452; x_wconf 90' lang='lat' dir='ltr'><strong>sequitur,</strong></span> <span class='ocrx_word' id='word_1_918' title='bbox 3415 5381 3482 5435; x_wconf 87' lang='lat' dir='ltr'><strong>Et</strong></span> <span class='ocrx_word' id='word_1_919' title='bbox 3509 5382 3666 5434; x_wconf 83' lang='lat' dir='ltr'><strong>iratus</strong></span> <span class='ocrx_word' id='word_1_920' title='bbox 3687 5387 3761 5432; x_wconf 85' lang='lat' dir='ltr'><strong>est</strong></span> 
     </span>
    </p>
   </div>
   <div class='ocr_carea' id='block_1_120' title="bbox 2178 5470 3763 5549">
    <p class='ocr_par' dir='ltr' id='par_1_120' title="bbox 2178 5470 3763 5549">
     <span class='ocr_line' id='line_1_121' title="bbox 2178 5470 3763 5549; baseline -0.008 -15"><span class='ocrx_word' id='word_1_921' title='bbox 2178 5483 2483 5534; x_wconf 88' lang='lat' dir='ltr'><strong>animatione</strong></span> <span class='ocrx_word' id='word_1_922' title='bbox 2504 5479 2637 5533; x_wconf 86' lang='lat' dir='ltr'><strong>Deus</strong></span> <span class='ocrx_word' id='word_1_923' title='bbox 2659 5519 2674 5543; x_wconf 95' lang='lat'><strong>,</strong></span> <span class='ocrx_word' id='word_1_924' title='bbox 2705 5479 2824 5549; x_wconf 88' lang='lat' dir='ltr'><strong>quia</strong></span> <span class='ocrx_word' id='word_1_925' title='bbox 2863 5477 2964 5530; x_wconf 89' lang='lat' dir='ltr'><strong>ibat</strong></span> <span class='ocrx_word' id='word_1_926' title='bbox 2993 5476 3142 5547; x_wconf 88' lang='lat' dir='ltr'><strong>ipse;</strong></span> <span class='ocrx_word' id='word_1_927' title='bbox 3171 5483 3217 5527; x_wconf 86' lang='lat' dir='ltr'><strong>et</strong></span> <span class='ocrx_word' id='word_1_928' title='bbox 3241 5472 3512 5532; x_wconf 74' lang='lat' dir='ltr'><strong>insurreait</strong></span> <span class='ocrx_word' id='word_1_929' title='bbox 3553 5470 3763 5542; x_wconf 79' lang='lat' dir='ltr'><strong>angelus</strong></span> 
     </span>
    </p>
   </div>
   <div class='ocr_carea' id='block_1_121' title="bbox 2178 5567 3764 5640">
    <p class='ocr_par' dir='ltr' id='par_1_121' title="bbox 2178 5567 3764 5640">
     <span class='ocr_line' id='line_1_122' title="bbox 2178 5567 3764 5640; baseline -0.008 -13"><span class='ocrx_word' id='word_1_930' title='bbox 2178 5573 2308 5639; x_wconf 88' lang='lat' dir='ltr'><strong>Dei,</strong></span> <span class='ocrx_word' id='word_1_931' title='bbox 2336 5584 2390 5626; x_wconf 86' lang='lat' dir='ltr'><strong>ut</strong></span> <span class='ocrx_word' id='word_1_932' title='bbox 2419 5589 2518 5624; x_wconf 90' lang='lat' dir='ltr'><strong>non</strong></span> <span class='ocrx_word' id='word_1_933' title='bbox 2547 5572 2846 5640; x_wconf 80' lang='lat' dir='ltr'><strong>permitteret</strong></span> <span class='ocrx_word' id='word_1_934' title='bbox 2873 5585 2986 5623; x_wconf 90' lang='lat' dir='ltr'><strong>eum</strong></span> <span class='ocrx_word' id='word_1_935' title='bbox 3018 5569 3071 5622; x_wconf 89' lang='lat' dir='ltr'><strong>in</strong></span> <span class='ocrx_word' id='word_1_936' title='bbox 3095 5567 3205 5633; x_wconf 80' lang='lat' dir='ltr'><strong>via,</strong></span> <span class='ocrx_word' id='word_1_937' title='bbox 3237 5575 3292 5620; x_wconf 88' lang='lat' dir='ltr'><strong>et</strong></span> <span class='ocrx_word' id='word_1_938' title='bbox 3315 5574 3503 5619; x_wconf 65' lang='lat' dir='ltr'><strong>cetera</strong></span> <span class='ocrx_word' id='word_1_939' title='bbox 3526 5579 3642 5633; x_wconf 74' lang='lat' dir='ltr'><strong>qua:</strong></span> <span class='ocrx_word' id='word_1_940' title='bbox 3673 5575 3764 5615; x_wconf 83' lang='lat' dir='ltr'><strong>se-</strong></span> 
     </span>
    </p>
   </div>
   <div class='ocr_carea' id='block_1_122' title="bbox 2177 5653 3761 5734">
    <p class='ocr_par' dir='ltr' id='par_1_122' title="bbox 2177 5653 3761 5734">
     <span class='ocr_line' id='line_1_123' title="bbox 2177 5653 3761 5734; baseline -0.009 -17"><span class='ocrx_word' id='word_1_941' title='bbox 2177 5672 2432 5734; x_wconf 90' lang='lat' dir='ltr'><strong>quuntur,</strong></span> <span class='ocrx_word' id='word_1_942' title='bbox 2458 5662 2627 5715; x_wconf 88' lang='lat' dir='ltr'><strong>donec</strong></span> <span class='ocrx_word' id='word_1_943' title='bbox 2651 5661 2795 5714; x_wconf 90' lang='lat' dir='ltr'><strong>asina</strong></span> <span class='ocrx_word' id='word_1_944' title='bbox 2823 5661 3143 5729; x_wconf 81' lang='lat' dir='ltr'><strong>loqueretur.</strong></span> <span class='ocrx_word' id='word_1_945' title='bbox 3168 5656 3306 5711; x_wconf 84' lang='lat' dir='ltr'><strong>Nihil</strong></span> <span class='ocrx_word' id='word_1_946' title='bbox 3337 5654 3421 5709; x_wconf 91' lang='lat' dir='ltr'><strong>hic</strong></span> <span class='ocrx_word' id='word_1_947' title='bbox 3437 5669 3564 5708; x_wconf 89' lang='lat' dir='ltr'><strong>sane</strong></span> <span class='ocrx_word' id='word_1_948' title='bbox 3594 5653 3761 5706; x_wconf 88' lang='lat' dir='ltr'><strong>mira-</strong></span> 
     </span>
    </p>
   </div>
   <div class='ocr_carea' id='block_1_123' title="bbox 2177 5745 3762 5822">
    <p class='ocr_par' dir='ltr' id='par_1_123' title="bbox 2177 5745 3762 5822">
     <span class='ocr_line' id='line_1_124' title="bbox 2177 5745 3762 5822; baseline -0.011 -10"><span class='ocrx_word' id='word_1_949' title='bbox 2177 5755 2335 5812; x_wconf 87' lang='lat' dir='ltr'><strong>bilius</strong></span> <span class='ocrx_word' id='word_1_950' title='bbox 2358 5753 2582 5822; x_wconf 87' lang='lat' dir='ltr'><strong>videtur,</strong></span> <span class='ocrx_word' id='word_1_951' title='bbox 2611 5766 2768 5822; x_wconf 87' lang='lat' dir='ltr'><strong>quam</strong></span> <span class='ocrx_word' id='word_1_952' title='bbox 2796 5749 2936 5822; x_wconf 84' lang='lat' dir='ltr'><strong>quod</strong></span> <span class='ocrx_word' id='word_1_953' title='bbox 2963 5749 3213 5818; x_wconf 86' lang='lat' dir='ltr'><strong>loquente</strong></span> <span class='ocrx_word' id='word_1_954' title='bbox 3237 5747 3384 5804; x_wconf 90' lang='lat' dir='ltr'><strong>asina</strong></span> <span class='ocrx_word' id='word_1_955' title='bbox 3411 5745 3625 5801; x_wconf 88' lang='lat' dir='ltr'><strong>territus</strong></span> <span class='ocrx_word' id='word_1_956' title='bbox 3649 5755 3762 5797; x_wconf 85' lang='lat' dir='ltr'><strong>non</strong></span> 
     </span>
    </p>
   </div>
  </div>
