4136 6462
352 402 452 458 731

344 526 457 578 est,
492 510 584 566 sed
620 510 837 577 insuper
865 506 912 560 ei
934 548 947 570 ,
982 506 1125 558 velut
1156 502 1346 557 talibus
1377 496 1627 553 monstris
1651 503 1894 549 assuetus
1913 532 1928 555 ,

347 610 425 662 ira
468 610 842 675 perseverante
882 597 1169 666 respondit.
1200 596 1385 649 Postea
1416 592 1486 645 illi
1516 599 1569 644 ct
1603 589 1822 658 angelus
1849 586 1930 639 lo-

347 698 546 766 quitur,
576 708 804 763 arguens
833 700 886 744 et
907 690 1209 758 improbans
1232 686 1346 755 ejus
1365 684 1503 737 viam
1531 700 1543 735 :
1575 697 1679 750 quo
1707 680 1818 732 viso
1848 688 1930 731 ta-

349 802 471 840 men
502 783 784 837 exterritus
811 779 1066 833 adoravit.
1097 775 1296 829 Deinde
1330 775 1407 828 ire
1439 771 1723 842 permissus
1749 775 1851 830 est,
1875 774 1932 819 ut

341 875 453 944 jam
484 889 577 941 per
609 872 779 941 ipsum
814 868 1087 939 prophetia
1114 866 1407 919 clarissima
1438 862 1779 931 proferretur.
1800 858 1929 912 Nam

347 965 566 1018 omnino
604 966 895 1032 permissus
925 974 1029 1013 non
1065 968 1146 1012 est
1184 957 1362 1011 dicere
1399 954 1538 1024 quod
1566 954 1803 1017 volebat,
1836 951 1929 1006 sed

347 1054 487 1125 quod
518 1054 713 1107 virtute
742 1051 971 1120 Spiritus
1011 1050 1313 1119 cogebatur.
1357 1047 1422 1100 Et
1461 1047 1571 1114 ipse
1598 1046 1809 1115 quidem
1842 1059 1930 1098 re-

353 1145 550 1213 probus
588 1143 821 1197 mansit:
868 1158 986 1195 nam
1018 1140 1278 1209 posterior
1316 1139 1382 1191 de
1424 1137 1516 1190 illo
1552 1145 1731 1191 sancta
1782 1136 1930 1190 Scri-

352 1246 504 1303 ptura
537 1235 605 1287 ita
638 1233 809 1285 locuta
834 1240 946 1297 est,
967 1240 1022 1283 ut
1043 1230 1254 1299 quidam
1286 1227 1731 1295 reprehensibiles
1761 1236 1813 1280 et
1843 1241 1929 1279 re-

348 1325 499 1393 probi
538 1325 674 1376 viam
718 1323 833 1391 ejus
878 1323 1043 1374 secuti
1087 1320 1427 1373 dicerentur:
1476 1318 1683 1379 Secuti,
1726 1318 1927 1386 inquit,

347 1416 477 1468 viam
505 1414 716 1467 Balaam
748 1414 840 1477 filii
868 1411 1020 1476 Beor,
1042 1411 1126 1480 qui
1150 1408 1423 1462 mercedem
1452 1407 1727 1477 iniquitatis
1752 1405 1932 1459 dilexit

348 1507 413 1575 (ΙΙ
448 1505 583 1558 Petr.
614 1521 646 1558 ll
668 1544 683 1570 ,

423 1595 605 1651 XLIX.
633 1593 729 1667 [lb.
764 1593 987 1661 χιιι,ἓῖ
1006 1635 1020 1656 ,
1050 1590 1164 1665 32.]
1195 1592 1266 1645 De
1284 1589 1473 1659 angelo
1502 1589 1590 1659 qui
1622 1589 1829 1643 locutus
1848 1596 1932 1643 est

349 1688 560 1741 Balaam
596 1687 649 1739 in
674 1686 756 1739 via
778 1727 792 1748 ,
818 1700 922 1754 quo
943 1685 1055 1737 viso
1075 1684 1221 1737 asina
1249 1682 1363 1751 ejus
1394 1680 1635 1750 progredi
1672 1695 1774 1732 non
1802 1694 1929 1734 ausa

348 1790 464 1845 est,
496 1779 766 1847 Scriptura
807 1778 875 1830 ita
911 1775 1140 1845 loquitur
1178 1793 1190 1827 :
1227 1773 1291 1826 Et
1326 1775 1482 1826 iratus
1523 1783 1594 1826 est
1628 1772 1932 1824 animatione

348 1868 519 1931 Deus,
550 1868 665 1936 quia
690 1866 791 1919 ibat
825 1866 963 1934 ipse;
988 1875 1033 1918 et
1060 1864 1332 1917 insurrexit
1357 1863 1569 1933 angelus
1603 1861 1699 1915 Dei
1727 1859 1933 1926 di/ferre

347 1977 465 2013 eum
489 1960 540 2011 in
564 1959 663 2011 via.
706 1956 805 2013 Ubi
841 1957 1010 2026 primo
1039 1955 1322 2009 notandum
1362 1964 1442 2007 est
1485 1953 1928 2022 quemadmodum

348 2048 541 2101 dixerit
560 2088 575 2109 ,
601 2048 757 2099 iratus
781 2056 853 2099 est
885 2044 1045 2111 Deus,
1068 2055 1114 2098 et
1138 2045 1407 2097 insurrexit
1430 2043 1637 2113 angelus
1667 2042 1762 2096 Dei
1786 2061 1797 2094 :
1834 2056 1930 2096 nec

349 2139 665 2207 interposuit
693 2138 881 2191 iratum
908 2138 1072 2191 Deum
1117 2136 1325 2189 misisse
1363 2135 1608 2201 angelum
1630 2173 1645 2199 ,
1677 2131 1771 2186 sed
1812 2142 1928 2185 tan-

346 2244 508 2297 quam
550 2229 602 2281 in
638 2227 825 2296 angelo
860 2227 1047 2279 iratum
1091 2225 1254 2278 Deum
1294 2223 1634 2292 significavit;
1680 2222 1927 2291 quoniam

347 2322 545 2373 veritas
568 2330 619 2373 et
638 2319 838 2389 justitia
872 2318 962 2371 Dei
988 2317 1141 2373 irasci
1172 2316 1416 2385 angelum
1439 2316 1579 2368 fecit.
1611 2314 1741 2368 Nam
1765 2314 1931 2367 insur-

348 2414 479 2465 rexit
507 2412 647 2481 quod
682 2411 880 2465 dictum
901 2421 1009 2473 est,
1039 2411 1217 2478 utique
1246 2408 1601 2462 commotione
1637 2407 1930 2475 intelligen-

348 2505 474 2558 dum
514 2514 613 2558 est.
668 2503 865 2556 Deinde
892 2501 1032 2571 quod
1062 2501 1163 2564 ait,
1196 2498 1399 2566 differre
1436 2515 1545 2551 eum
1575 2498 1626 2550 in
1648 2499 1756 2563 via,
1788 2497 1929 2566 quod

349 2609 522 2663 grmce
549 2593 774 2661 positum
801 2602 880 2645 est
909 2596 1145 2645 διαϐαλεῖ)
1165 2632 1179 2656 ,
1207 2591 1308 2643 hoc
1328 2598 1379 2642 et
1402 2590 1451 2641 in
1482 2588 1926 2656 consequentibus

348 2685 479 2738 dicit
503 2685 613 2751 ipse
642 2682 860 2750 angelus
878 2723 893 2747 ,
928 2681 992 2733 Et
1018 2697 1128 2733 ecce
1151 2697 1241 2749 ego
1266 2680 1365 2732 exii
1383 2680 1434 2731 in
1455 2678 1745 2731 dilationem
1768 2687 1926 2741 tuam,

350 2774 440 2827 ubi
466 2788 668 2843 graecus
695 2772 851 2825 habet
876 2776 1112 2832 διαϐολήν.
1137 2769 1235 2824 Ubi
1259 2769 1494 2823 fortassis
1518 2769 1783 2822 accusatio
1804 2783 1933 2822 con-

351 2866 625 2934 gruentius
651 2863 974 2932 intelligitur,
1013 2871 1069 2915 ut
1110 2861 1196 2915 hic
1233 2860 1374 2931 quod
1398 2861 1594 2914 dictum
1626 2868 1708 2913 est
1728 2858 1932 2925 differre

352 2974 467 3009 eum
495 2957 545 3009 in
572 2956 652 3009 via
672 2997 686 3018 ,
717 2970 965 3010 accusare
993 2954 1301 3022 accipiatur.
1342 2952 1492 3007 Unde
1515 2952 1747 3006 creditur
1770 2953 1930 3006 etiam

351 3045 595 3100 diabolus
624 3045 917 3114 appellatus
936 3086 950 3109 ,
980 3054 1226 3113 tanquam
1255 3053 1532 3096 accusator
1558 3042 1718 3096 latine
1746 3041 1931 3095 dicen-

351 3137 451 3189 dus
477 3137 581 3189 sit:
615 3151 718 3189 non
757 3134 877 3204 quia
909 3149 1062 3188 nemo
1100 3134 1267 3203 possit
1310 3132 1467 3187 etiam
1513 3132 1647 3187 bene
1685 3140 1932 3200 recteque

350 3242 638 3292 accusare;
669 3226 762 3281 sed
801 3227 1049 3297 quoniam
1078 3225 1317 3278 diabolus
1346 3232 1488 3277 amat
1513 3238 1763 3277 accusare
1782 3265 1797 3290 ,
1825 3222 1931 3276 uti-

352 3336 457 3389 que
481 3319 779 3373 invidentia:
807 3318 1035 3371 stimulis
1058 3318 1312 3386 agitatus,
1354 3315 1509 3385 quale
1539 3314 1615 3368 illi
1642 3315 1693 3368 in
1722 3318 1931 3384 Apoca-

353 3409 492 3481 lypsi
520 3410 876 3464 testimonium
899 3407 1207 3478 perhibetur
1244 3404 1422 3479 (Apoc.
1457 3422 1530 3459 xu
1550 3446 1564 3471 ,
1594 3406 1628 3459 9
1648 3448 1662 3471 ,
1694 3405 1802 3477 10).
1833 3406 1936 3460 Ρο-

351 3503 510 3557 situm
550 3510 632 3555 est
671 3511 844 3555 autem
887 3501 986 3554 hoc
1024 3499 1239 3554 verbum
1282 3508 1333 3552 et
1372 3499 1424 3551 in
1463 3499 1751 3563 coinmdia,
1794 3498 1934 3554 unde

352 3590 573 3645 latinum
616 3606 735 3645 esse
757 3606 863 3644 non
894 3589 1110 3643 dubium
1140 3598 1241 3648 est.
1264 3588 1363 3640 sub
1382 3587 1565 3641 eadem
1590 3587 1934 3656 signiﬁcatio-

353 3695 452 3747 ne,
480 3681 563 3736 vel
591 3691 736 3735 certe
780 3681 947 3734 vicina
968 3719 982 3743 ,
1016 3679 1103 3732 ubi
1131 3679 1197 3731 de
1229 3688 1375 3746 patre
1403 3678 1536 3731 irato
1560 3677 1755 3733 dicitur
1784 3679 1891 3734 filio
1916 3697 1930 3735 :

628 3792 899 3841 orationem
920 3796 1085 3853 sperat
1102 3790 1346 3839 invenisse
1368 3800 1444 3849 se,

628 3880 726 3934 Qua
738 3874 927 3923 differat
941 3879 1010 3923 te.

784 3955 1048 4019 (Terentius
1068 3953 1120 4006 in
1142 3953 1313 4015 Μάνη,
1337 3958 1430 4004 act.
1449 3952 1497 4015 2,
1517 3966 1645 4004 scen.
1670 3952 1743 4017 4.)

354 4062 503 4119 Solet
548 4072 723 4117 autem
770 4062 857 4116 hic
906 4060 1153 4130 intelligi,
1197 4058 1433 4124 differat,
1476 4059 1619 4113 velut
1658 4058 1757 4112 hac
1778 4066 1940 4127 atque

355 4155 477 4209 illac
515 4154 652 4208 ferat
692 4161 1002 4220 tempestate
1040 4152 1353 4215 verborum,
1394 4150 1541 4218 quasi
1579 4149 1843 4219 discerpat
1884 4158 1937 4204 et

356 4244 602 4312 dissipet;
649 4241 789 4311 quod
827 4240 1006 4309 utique
1049 4240 1134 4293 ille
1176 4239 1473 4292 accusando
1510 4237 1781 4292 videbatur
1818 4252 1937 4292 esse

357 4336 611 4390 facturus.
649 4333 750 4388 Sed
794 4333 891 4386 etsi
933 4329 1138 4397 differre
1170 4346 1282 4383 eum
1318 4330 1370 4382 in
1398 4329 1476 4382 via
1508 4329 1586 4383 sie
1612 4328 1937 4381 intellexeri-

356 4443 509 4491 mus,
538 4426 667 4496 quia,
687 4424 887 4478 distulit
921 4424 1140 4493 angelus
1177 4422 1292 4490 ejus
1329 4420 1719 4475 festinationem
1763 4435 1939 4473 remo-

357 4507 637 4585 randoﬂit
674 4519 721 4572 ei
758 4518 896 4586 quod
926 4530 1059 4584 opus
1096 4523 1210 4569 erat
1236 4525 1289 4569 et
1318 4514 1735 4580 demonstraret,
1766 4521 1820 4567 et
1851 4513 1935 4567 (ii-

356 4620 531 4674 ceret;
579 4627 680 4663 non
730 4607 959 4664 absurda
988 4615 1068 4661 est
1099 4606 1254 4676 hujus
1299 4605 1444 4660 verbi
1489 4605 1647 4659 etiam
1693 4602 1793 4658 sub
1835 4602 1935 4656 ista

354 4703 737 4771 signiﬁcatione
769 4699 979 4768 pOsitio.

425 4793 487 4845 L.
516 4790 613 4863 [lb.
646 4806 755 4844 χχιι
774 4830 787 4851 ,
814 4786 1022 4859 95-29.]
1062 4786 1127 4840 Et
1156 4803 1269 4839 cum
1303 4785 1504 4839 vidisset
1530 4784 1672 4837 asina
1703 4784 1937 4854 angelum

354 4882 449 4936 Dei
478 4884 785 4936 resistentem
815 4881 866 4933 in
887 4881 965 4932 via
984 4921 998 4940 ,
1025 4888 1071 4932 et
1094 4878 1408 4948 evaginatum
1433 4877 1657 4947 gladium
1696 4877 1747 4929 in
1784 4893 1937 4931 manu

351 4977 493 5044 ejus,
535 4984 584 5027 et
630 4973 896 5026 declinavit
936 4971 1080 5024 asina
1122 4968 1184 5021 de
1220 4969 1331 5030 via,
1375 4976 1422 5020 et
1457 4967 1557 5020 ibat
1595 4967 1647 5019 in
1677 4982 1929 5036 campum.

350 5064 582 5134 Campus
621 5065 720 5117 iste
753 5062 925 5116 adhuc
950 5070 1098 5114 extra
1140 5042 1397 5112 macerias
1419 5058 1688 5110 vinearum
1719 5055 1835 5112 fuit.
1866 5054 1934 5110 Et

348 5156 595 5230 percussit
622 5154 816 5207 asinam
843 5153 896 5205 in
919 5153 1088 5221 virga,
1115 5157 1170 5201 ut
1207 5148 1474 5218 corrigeret
1508 5163 1618 5200 eam
1645 5146 1696 5198 in
1724 5147 1822 5199 via.
1866 5147 1935 5200 Et

346 5248 485 5306 stetit
511 5244 719 5316 angelus
756 5242 851 5297 Dei
878 5244 930 5296 in
958 5239 1113 5295 sulcis
1140 5240 1392 5293 vinearum
1415 5277 1431 5303 ,
1464 5237 1681 5290 maceria
1706 5236 1823 5290 hinc
1843 5277 1859 5304 ,
1886 5246 1935 5291 et

349 5338 567 5391 maceria
589 5336 724 5389 hinc.
751 5333 936 5387 Merito
964 5330 1237 5402 qumritur,
1269 5329 1314 5383 si
1344 5327 1467 5382 hinc
1492 5336 1650 5396 atque
1678 5328 1801 5383 inde
1824 5344 1935 5382 ma-

348 5430 507 5485 ceriae
537 5429 589 5483 in
618 5426 793 5481 medio
819 5426 1081 5495 ponebant
1100 5424 1267 5486 viam,
1298 5421 1435 5476 sicut
1467 5418 1582 5473 fieri
1606 5419 1769 5483 solet;
1803 5435 1935 5487 quo-

348 5521 511 5576 modo
533 5521 604 5575 ibi
624 5528 771 5574 stans
798 5518 1015 5587 angelus
1039 5516 1232 5570 dicitur
1257 5514 1468 5568 stetisse
1494 5512 1544 5565 in
1573 5511 1735 5566 sulcis
1755 5511 1934 5565 vinea-

351 5627 469 5665 rum
494 5629 507 5665 :
531 5626 705 5681 neque
726 5610 866 5663 enim
889 5609 940 5661 in
961 5606 1043 5660 via
1065 5605 1203 5661 inter
1224 5603 1482 5658 macerias
1503 5609 1783 5672 potuerunt
1801 5601 1931 5656 sulci

350 5716 472 5756 esse
497 5702 794 5756 vinearum.
834 5698 940 5755 Sed
960 5696 1092 5752 ordo
1116 5695 1399 5751 verborum
1429 5703 1543 5757 est,
1573 5701 1628 5745 ut
1666 5692 1931 5762 corrigeret

347 5807 461 5845 eam
486 5791 538 5845 in
566 5792 647 5847 via
665 5830 682 5858 ,
705 5790 924 5844 maceria
951 5788 1065 5842 hinc
1085 5829 1099 5855 ,
1126 5795 1173 5841 et
1195 5785 1408 5839 maceria
1429 5783 1562 5837 Iu’nc.
1597 5780 1652 5836 In
1680 5781 1778 5838 hac
1802 5796 1931 5837 creo

1679 380 1879 436 LIBER
1918 358 2259 446 QUARTUS.

3515 387 3620 443 ἨΞ

2037 488 2119 541 via
2146 489 2416 557 corrigere
2440 490 2599 545 voluit
2634 490 2835 545 asinam
2855 490 3098 559 Balaam,
3126 507 3182 547 ιιι
3205 493 3343 549 inter
3364 468 3618 555 macerias

2036 580 2354 634 ambularet.
2400 580 2771 650 Interpositum
2798 592 3108 645 estaulem,
3141 584 3207 638 Et
3238 588 3369 640 stetit
3409 593 3619 663 angelus

2038 669 2134 722 Dei
2152 671 2203 723 in
2227 672 2380 724 sulcis
2404 673 2692 737 vinearum,
2725 672 2776 727 in
2806 690 2906 728 una
2932 675 3132 729 scilicet
3161 678 3431 735 vinearum
3450 723 3467 749 ,
3498 701 3618 753 quae

2038 762 2090 815 in
2121 764 2294 817 medio
2326 765 2587 833 ponebant
2614 768 2773 822 viam.
2822 767 2885 821 Et
2914 786 3025 822 eum
3052 762 3253 827 vidisiet
3288 776 3432 829 asina
3461 794 3617 847 auge-

2038 853 2141 906 lum
2166 854 2255 908 Dei
2275 895 2290 917 ,
2312 860 2603 923 compressit
2622 876 2674 912 se
2698 859 2767 912 ad
2786 862 3043 929 parietem,
3068 863 3117 916 id
3141 865 3305 919 estad
3334 871 3615 924 maceriam

2038 944 2179 998 illius
2208 946 2384 1013 utique
2406 947 2573 1001 vinea:
2593 989 2608 1013 ,
2635 949 2684 1003 in
2714 966 2815 1019 qua
2843 966 2946 1004 non
2969 964 3081 1005 erat
3106 956 3343 1024 angelus,
3367 960 3615 1028 quoniam

2036 1035 2103 1087 ab
2139 1035 2237 1087 alia
2278 1048 2424 1104 parte
2465 1048 2579 1091 erat
2627 1041 2676 1092 in
2715 1042 2877 1095 sulcis
2913 1043 3205 1098 vinearmn.
3240 1046 3305 1098 Et
3328 1053 3620 1118 compressit

2036 1126 2211 1194 pedem
2246 1126 2459 1180 Balaam
2493 1130 2559 1182 ad
2600 1132 2871 1198 parietem,
2907 1142 2953 1185 et
3001 1135 3186 1203 adiecit
3225 1139 3390 1191 adhuc
3427 1141 3621 1195 caedere

2036 1234 2165 1273 eam.
2196 1218 2264 1272 Et
2289 1223 2523 1290 apposuit
2547 1224 2754 1293 angelus
2786 1224 2908 1289 Dei,
2942 1235 2989 1280 et
3022 1229 3263 1297 adjiciens
3282 1231 3298 1262 ¹
3326 1232 3541 1286 substitit
3563 1235 3618 1287 in

2037 1309 2148 1362 loco
2175 1322 2419 1381 angusto;
2454 1313 2563 1381 jam
2598 1331 2698 1367 non
2733 1315 2783 1368 in
2814 1316 2974 1369 sulcis
3024 1320 3322 1383 vinearum,
3358 1324 3450 1377 sed
3482 1324 3623 1380 inter

2037 1399 2177 1468 ipsas
2204 1404 2485 1467 macerias,
2514 1404 2563 1457 id
2590 1415 2670 1459 est
2698 1407 2748 1460 in
2776 1408 2855 1459 via
2884 1427 2894 1460 :
2924 1410 2975 1461 in
2998 1426 3094 1479 quo
3124 1428 3221 1465 non
3247 1416 3340 1484 fuit
3367 1416 3625 1471 declinare

2036 1492 2263 1545 dextrum
2286 1495 2306 1525 ’
2333 1511 2489 1563 neque
2524 1496 2797 1550 sinistram.
2830 1498 2895 1551 Et
2932 1516 3043 1552 cum
3069 1502 3270 1555 vidisset
3297 1506 3440 1557 asina
3464 1524 3620 1578 ange-

2037 1584 2139 1637 lum
2170 1584 2266 1639 Dei
2285 1629 2296 1647 ,
2323 1589 2545 1641 consedit
2573 1590 2593 1620 ³
2616 1592 2706 1643 sub
2731 1590 2962 1647 Balaam.
2995 1594 3139 1647 (Rosa
3162 1599 3323 1660 enim,
3348 1604 3489 1654 retro
3512 1618 3617 1657 non

2038 1675 2175 1741 ibat;
2209 1677 2257 1730 iu
2289 1679 2541 1747 parietem
2570 1696 2674 1734 non
2710 1697 2768 1736 se
2810 1684 3111 1751 premebat,
3140 1690 3388 1757 quoniam
3418 1707 3520 1745 non
3548 1693 3618 1746 ab

2035 1768 2199 1822 altera
2232 1780 2379 1838 parte
2410 1773 2723 1840 terrebatur,
2754 1774 2845 1829 sed
2878 1777 2928 1829 in
2958 1778 3129 1832 media
3173 1781 3255 1833 via
3296 1782 3346 1835 in
3391 1795 3616 1852 angusto
3696 1826 3699 1827 ν

2035 1860 2252 1929 angelus
2282 1871 2396 1914 erat
2418 1879 2429 1914 :
2461 1863 2693 1917 restabat
2712 1881 2837 1933 ergo
2862 1874 2917 1919 ut
2941 1868 3257 1923 subsideret.
3279 1870 3347 1924 Et
3366 1873 3522 1927 iratus
3542 1883 3618 1929 est

2034 1950 2278 2015 Balaam,
2312 1963 2357 2005 et
2387 1955 2687 2023 percutiebat
2713 1958 2909 2010 asinam
2936 1960 3094 2026 virga.
3134 1959 3200 2013 Et
3242 1965 3437 2033 aperuit
3479 1965 3619 2021 Deus

2034 2056 2090 2092 os
2117 2042 2307 2107 asinae,
2349 2052 2395 2094 et
2428 2044 2499 2095 ait
2532 2045 2599 2096 ad
2628 2044 2876 2100 Balaam:
2912 2047 3050 2111 Quid
3085 2049 3181 2117 feci
3211 2052 3328 2117 tibi,
3360 2054 3477 2121 quia
3503 2072 3617 2123 per-

2033 2134 2231 2186 cussisti
2260 2150 2337 2187 me
2358 2136 2501 2188 tertio
2530 2139 2664 2190 hoc?
2693 2138 2758 2190 Et
2787 2140 2858 2191 ait
2882 2138 3097 2194 Balaam
3115 2142 3271 2196 asime
3294 2160 3311 2197 :
3338 2143 3469 2209 Quia
3494 2148 3618 2200 illu-

2032 2224 2142 2277 siin
2168 2225 2325 2289 mihi;
2367 2236 2413 2280 et
2454 2228 2500 2281 si
2540 2227 2770 2282 haberem
2811 2231 3035 2300 gladium
3076 2234 3129 2287 in
3166 2251 3317 2287 manu
3345 2239 3617 2310 mea,jam

2038 2316 2402 2383 transﬁxissem
2433 2328 2499 2371 te.
2532 2319 2785 2373 Nimirum
2814 2322 2912 2376 iste
2938 2332 3077 2378 tanta
3109 2327 3393 2395 capiditate
3414 2328 3620 2385 fereba-

2036 2415 2140 2471 tur,
2175 2414 2231 2460 ιιι
2259 2422 2356 2462 nec
2391 2410 2520 2463 tanti
2568 2411 2790 2466 monstri
2830 2414 3083 2468 miraculo
3124 2426 3426 2485 terreretur,
3450 2431 3501 2475 et
3528 2436 3617 2475 re-

2033 2496 2321 2565 sponderet
2347 2500 2495 2569 quasi
2522 2501 2587 2555 ad
2620 2503 2888 2558 hominem
2917 2506 3137 2574 loquens
3157 2548 3172 2573 ,
3196 2524 3314 2561 cum
3354 2511 3490 2566 Deus
3516 2513 3619 2566 uti-

2033 2604 2137 2657 que
2159 2605 2261 2643 non
2292 2593 2454 2645 asina:
2478 2593 2706 2646 animam
2733 2594 2784 2647 in
2812 2603 3051 2648 naturam
3092 2598 3400 2654 rationalem
3430 2602 3617 2657 vertis-

2033 2688 2144 2745 set,
2175 2680 2268 2734 sed
2298 2682 2437 2751 quod
2465 2682 2534 2735 illi
2567 2684 2859 2751 placuerat,
2884 2700 2947 2739 ex
2971 2686 3054 2739 illa
3081 2701 3271 2744 sonare
3295 2688 3526 2756 fecisset,
3548 2693 3616 2748 ad

2037 2771 2176 2825 illius
2206 2774 2891 2855 vesaniamcohibendum:
2941 2777 3067 2831 illud
3110 2777 3335 2835 fortasse
3375 2784 3617 2853 pra-ligu-

2035 2876 2189 2927 rans,
2216 2862 2338 2930 quia
2377 2864 2536 2916 stulta
2565 2865 2744 2917 mundi
2774 2866 3039 2920 electurus
3063 2876 3179 2922 erat
3208 2870 3374 2937 Deus,
3405 2879 3462 2927 ut
3484 2888 3616 2928 con-

2036 2952 2281 3006 funderet
2305 2954 2570 3022 Sapientes
2600 2956 2640 3024 (Ι
2670 2955 2786 3007 Cor.
2813 2971 2862 3019 ι,
2894 2957 3018 3025 27),
3048 2973 3141 3025 pro
3168 2958 3259 3014 illo
3283 2962 3542 3031 spirituali
3562 2973 3618 3019 et

2036 3059 2163 3098 vero
2188 3044 2385 3109 Israel,
2419 3046 2520 3100 hoc
2546 3057 2627 3101 est
2658 3050 3021 3115 promissionis
3051 3051 3191 3107 filiis.

2108 3136 2189 3189 ιι.
2214 3135 2315 3208 [lb.
2334 3137 2654 3209 xxut,5.]-Et
2674 3143 2835 3209 factus
2850 3150 2920 3193 est
2938 3142 3161 3213 Spiritus
3178 3143 3271 3198 Dei
3284 3163 3436 3215 super
3449 3148 3618 3213 illum;

2038 3227 2088 3281 id
2116 3237 2231 3293 est,
2258 3243 2421 3297 super
2446 3230 2675 3283 Balaam.
2700 3230 2816 3285 Non
2843 3231 3010 3287 factus
3029 3244 3111 3288 est
3135 3236 3482 3306 SpiritusDei,
3502 3249 3613 3295 tan-

2037 3334 2193 3387 quam
2221 3319 2421 3373 factura
2437 3322 2505 3374 sit
2521 3321 2749 3390 Spiritus
2770 3322 2861 3376 Dei
2879 3339 2893 3387 ;
2920 3324 3012 3378 sed
3029 3328 3192 3395 factus
3207 3337 3431 3398 estsuper
3447 3331 3613 3399 illum,

2039 3409 2090 3463 id
2117 3418 2219 3476 est,
2238 3409 2431 3464 factum
2456 3421 2536 3465 est
2560 3422 2615 3465 ut
2635 3428 2796 3481 super
2815 3413 2957 3467 illum
2978 3424 3121 3469 esset
3143 3433 3157 3468 :
3179 3419 3443 3486 quomodo
3467 3462 3481 3485 ,
3517 3422 3616 3486 Qui

2039 3512 2149 3572 post
2183 3519 2260 3555 me
2278 3506 2407 3555 venit
2424 3544 2439 3568 ,
2464 3515 2581 3557 ante
2602 3520 2682 3557 me
2704 3509 2868 3575 factus
2888 3516 2994 3573 est,
3024 3506 3076 3560 id
3101 3517 3202 3574 est,
3234 3508 3427 3564 factum
3453 3523 3536 3567 est
3560 3522 3617 3568 ut

2038 3602 2159 3647 ante
2183 3608 2265 3648 me
2288 3604 2461 3659 esset,
2502 3604 2556 3648 ut
2586 3604 2983 3664 prznponeretur
3006 3598 3162 3664 mihi;
3201 3601 3317 3670 quia
3346 3603 3485 3671 prior
3505 3620 3611 3665 me.

2039 3685 2227 3753 inquit,
2251 3696 2354 3739 erat
2381 3685 2559 3757 (Joan.
2586 3701 2605 3740 ι
2624 3727 2637 3751 ,
2667 3686 2754 3758 50)
2783 3705 2797 3741 :
2827 3698 2879 3742 et
2905 3688 3061 3755 sicut,
3086 3688 3331 3746 Dominus
3355 3696 3519 3764 factus
3544 3704 3618 3749 est

2038 3780 2242 3848 adjutor
2278 3795 2415 3833 meus
2461 3777 2821 3849 (Psal.xx1x,
2852 3780 2979 3853 it);
3027 3797 3132 3835 non
3177 3783 3317 3837 enim
3362 3786 3620 3841 Dominus

2038 3868 2237 3922 factura
2259 3878 2372 3933 est,
2405 3869 2498 3924 sed
2526 3869 2720 3923 factum
2745 3879 2827 3924 est
2855 3880 2912 3924 ut
2939 3886 3025 3925 me
3056 3870 3330 3940 adiuvaret
3354 3892 3367 3926 :
3396 3884 3477 3942 et,
3508 3875 3617 3929 Fa-

2039 3971 2147 4013 ctus
2175 3968 2244 4013 est
2265 3959 2511 4014 Dominus
2534 3961 2785 4032 refugium
2811 3977 3085 4032 pauperum
3108 3961 3279 4032 (Psal.
3309 3977 3393 4029 Ix,
3425 3966 3535 4038 10),
3565 3967 3620 4022 id

2040 4062 2119 4106 est
2140 4094 2154 4118 ,
2188 4051 2380 4107 factum
2412 4063 2493 4108 est
2518 4060 2576 4106 ut
2610 4052 2676 4106 ad
2714 4068 2836 4108 eum
2862 4052 3164 4125 refugerent
3202 4070 3501 4126 pauperes:
3532 4067 3615 4120 et.

2045 4142 2203 4198 Facta
2226 4154 2297 4199 est
2317 4161 2468 4215 super
2491 4162 2570 4199 me
2591 4161 2771 4198 manus
2807 4144 3011 4198 Domini
3039 4145 3248 4216 (Ezech.
3278 4164 3328 4211 I,
3358 4149 3420 4215 5,
3449 4158 3501 4203 et
3529 4165 3621 4216 tu,

2038 4233 2130 4305 22)
2151 4276 2164 4297 ,
2196 4233 2249 4288 id
2276 4244 2391 4297 est,
2434 4234 2627 4289 factum
2666 4242 2749 4289 est
2789 4245 2842 4289 ut
2873 4249 3032 4304 super
3060 4251 3145 4290 me
3172 4245 3344 4303 esset;
3376 4247 3430 4292 et
3456 4240 3625 4296 multa

2042 4327 2162 4379 talia
2196 4327 2247 4379 in
2274 4326 2558 4395 Scripturis
2588 4327 2944 4395 reperiuntur.

2110 4416 2217 4471 LII.
2260 4415 2360 4488 [lb.
2393 4433 2522 4483 xxv,
2552 4418 2614 4482 4,
2643 4418 2697 4482 7,
2729 4415 2807 4488 8.]
2846 4416 2915 4469 Ει
2948 4416 3076 4470 dixit
3096 4416 3343 4470 Dominus
3366 4419 3435 4472 ad
3464 4419 3621 4491 Moy-

2040 4526 2125 4562 sen
2151 4524 2168 4561 :
2192 4508 2376 4579 Accipe
2401 4509 2550 4561 duces
2576 4507 2783 4577 populi,
2808 4517 2853 4562 et
2874 4518 3066 4561 ostenta
3089 4524 3171 4561 eos
3196 4508 3416 4563 Domino
3442 4522 3625 4567 contra

2039 4599 2224 4663 solem;
2263 4608 2309 4651 et
2345 4598 2600 4668 auferetur
2627 4598 2705 4651 ira
2734 4598 3057 4652 animationis
3090 4598 3297 4653 Domini
3334 4602 3396 4655 ab
3434 4601 3623 4658 Israei.

2040 4687 2207 4742 Iratus
2232 4696 2313 4743 est
2342 4689 2479 4742 Deus
2518 4687 2585 4742 de
2622 4686 3058 4742 fornicationibus
3089 4690 3278 4754 Israel,
3313 4703 3367 4745 et
3390 4694 3622 4747 carnali-

2041 4782 2139 4836 bus
2165 4792 2218 4836 et
2243 4782 2630 4851 spiritualibns;
2654 4798 2772 4836 nam
2794 4791 2849 4836 et
2877 4782 3083 4837 filiabus
3104 4784 3257 4837 Moab
3277 4800 3336 4839 se
3357 4785 3626 4856 impudice

2041 4874 2388 4937 miscuerant,
2414 4883 2468 4927 et
2488 4872 2641 4926 idolis
2668 4871 2877 4927 fuerant
2899 4875 3195 4928 consecrati
3218 4890 3232 4926 :
3267 4874 3367 4929 hoc
3387 4876 3453 4929 ad
3477 4876 3625 4949 Moy-

2040 4980 2134 5019 sen
2162 4965 2321 5029 dixit,
2357 4974 2417 5017 ut
2441 4973 2728 5018 ostentaret
2770 4964 2993 5017 Domino
3031 4965 3193 5019 duces
3226 4965 3403 5033 populi
3435 4976 3624 5020 contra

2041 5055 2227 5111 Solem.
2258 5055 2314 5110 la
2344 5071 2449 5125 quo
2474 5055 2639 5111 verbo
2664 5056 2971 5126 intelligitur
2993 5049 3088 5111 eos
3107 5056 3285 5126 jussos
3310 5072 3429 5111 esse
3454 5061 3625 5112 cruci-

2039 5147 2158 5217 ﬁgi,
2198 5157 2254 5200 ut
2290 5146 2390 5201 hoc
2421 5148 2524 5213 sit,
2568 5145 2776 5202 Ostenta
2801 5164 2885 5202 eos
2916 5146 3133 5201 Domino
3156 5158 3330 5201 contra
3356 5151 3538 5214 solem,
3570 5150 3623 5205 id

2039 5250 2124 5294 est
2142 5239 2315 5309 palam
2356 5239 2407 5293 in
2444 5239 2732 5308 conspicuo
2769 5239 2899 5293 lucis
2929 5238 3104 5307 hujus.
3144 5238 3275 5293 Nam
3312 5254 3520 5308 gratcus
3548 5243 3625 5296 ait

2040 5334 2507 5401 παραδειγμάτισον,
2552 5327 2693 5398 quod
2742 5328 2844 5382 dici
2899 5337 3110 5400 posset,
3161 5328 3447 5397 Exempla;
3499 5331 3621 5400 quia

2039 5426 2338 5491 παράδιιγμα
2359 5421 2657 5490 exemplum
2689 5420 2898 5474 dicitur.
2916 5419 3046 5473 Nam
3068 5430 3263 5490 prater
3282 5419 3621 5491 Septuaginta

2100 5543 2119 5609 ξ
2145 5542 2275 5609 Apud
2297 5547 2426 5609 Lx_x,
2450 5538 2531 5609 kai
2550 5535 2752 5604 apeltbn,
2778 5534 3031 5609 et_abiens.

2036 5596 2339 5715 (tege
2354 5596 2494 5665 juxta
2514 5596 2641 5651 Lx'x.
2658 5609 2714 5651 Αι
2736 5596 2868 5661 editi,
2893 5597 2945 5649 in
2965 5611 3061 5663 qua
3080 5610 3172 5649 non
3194 5596 3285 5663 fuit
3307 5596 3551 5650 declinare
3569 5596 3625 5651 in

2036 5788 2085 5838 th
2097 5728 2121 5799 ξ
2143 5727 2277 5787 aliti,
2304 5724 2530 5779 concidit.
2553 5732 2660 5774 uss.
2677 5735 2817 5783 vero,
2827 5719 3039 5773 cmsedit
3065 5721 3225 5784 :apud
3249 5728 3375 5779 Lxx,
3395 5721 3625 5773 suaech

2089 5801 2207 5838 iseu.

2089 5801 2207 5838 ιεεη.
