4136 6456
500 363 607 420 ’143

499 479 849 547 interpretes,
892 469 1079 542 Aquila
1125 465 1431 539 perhibetur
1470 463 1704 526 dixisse,
1745 457 1968 529 conﬁge,
1992 455 2078 510 vel

499 571 675 642 potius
700 583 896 622 sursum
915 565 1141 634 conﬁge,
1167 558 1307 632 quod
1327 566 1410 613 est
1432 559 1672 621 ἀνάπηεον
1685 570 1704 620 ;
1729 547 2078 621 Symmachus

498 671 674 719 autem
704 656 868 712 verbo
891 652 1214 711 evidentiore
1233 690 1248 715 ,
1279 648 1546 716 suspende.
1604 643 1791 698 Mirum
1815 649 1896 696 est
1920 653 2077 697 sane.

498 749 638 822 quod
673 749 939 816 Scriptura
956 756 1184 797 narrare
1209 739 1476 798 destiterit
1500 745 1674 790 utrtnu
1704 734 1805 787 hoc
1829 731 1990 787 fuerit
2013 745 2079 785 ex

499 848 765 910 praecepto
791 834 996 891 Domini
1022 831 1292 900 impletum
1320 846 1334 882 :
1373 827 1512 897 quod
1540 825 1806 880 contemni
1845 823 2080 892 potuisse

503 945 606 985 non
637 929 788 983 video
807 968 822 994 ,
848 934 938 979 aut
955 924 1001 978 si
1019 929 1380 990 contemptum
1407 926 1518 981 est,
1550 921 1763 987 impune
1788 915 2076 972 contemni.

497 1021 556 1076 Si
584 1028 762 1074 autem
788 1017 980 1071 factum
1006 1022 1089 1068 est
1115 1023 1168 1066 et
1197 1012 1444 1074 tacitura,
1474 1025 1570 1062 cur
1596 1025 1659 1062 ex
1691 1023 1755 1062 eo
1787 1006 1927 1078 quod
1958 1005 2076 1059 Phi-

513 1124 627 1164 iees
674 1107 812 1161 ﬁlius
869 1105 1086 1158 Eleazar
1135 1101 1398 1155 transﬁxit
1459 1098 1760 1162 adulteros,
1818 1096 2080 1165 placatum

499 1199 662 1253 fuisse
701 1194 978 1250 Dominum
1012 1191 1282 1259 Scriptura
1325 1197 1570 1252 testatur,
1612 1187 1924 1257 plagamque
1959 1198 2080 1239 ces—

498 1303 675 1353 sasse;
697 1285 844 1354 quasi
860 1281 1126 1336 cruciﬁxis
1146 1279 1388 1344 ducibus,
1407 1278 1543 1331 sicut
1563 1285 1885 1345 praeceperat
1905 1272 2083 1327 Domi-

500 1393 628 1441 nus,
674 1375 850 1436 adhuc
895 1371 1184 1440 indignatio
1229 1381 1578 1437 perseverans
1623 1363 1728 1418 alio
1770 1363 1928 1416 modo
1972 1362 2082 1432 pla-

497 1468 666 1524 canda
695 1467 1000 1522 \ideretur:
1031 1477 1152 1516 cum
1176 1459 1360 1531 procul
1399 1458 1560 1512 dubio
1584 1456 1773 1510 falsum
1815 1469 1934 1508 esse
1974 1468 2081 1508 non

499 1568 707 1632 posset,
739 1556 878 1628 quod
907 1554 1349 1626 prtenuntiaverat
1373 1560 1427 1605 et
1457 1549 1772 1618 promiserat
1790 1546 2042 1599 Dominus
2061 1583 2078 1610 ,

498 1651 708 1714 dicens,
738 1646 920 1716 Accipe
937 1645 1088 1698 duces
1107 1641 1318 1713 populi,
1341 1649 1385 1694 et
1406 1648 1597 1693 ostenta
1617 1653 1700 1690 eos
1724 1636 1940 1688 Domino
1961 1651 2083 1688 con-

501 1750 579 1794 tra
605 1739 790 1802 solem;
810 1745 860 1790 et
877 1743 1124 1788 avertatur
1142 1733 1218 1785 ira
1234 1729 1555 1784 animationis
1577 1726 1782 1780 Domini
1803 1726 1864 1778 ab
1884 1723 2084 1782 Israel?

499 1831 554 1885 Si
575 1845 701 1900 ergo
730 1829 923 1883 factum
951 1833 1094 1890 erat,
1122 1823 1238 1894 quis
1265 1822 1471 1876 dubitet
1512 1822 1642 1874 iram
1687 1818 1891 1872 Domini
1927 1831 2085 1870 aver-

499 1935 614 1975 sam
646 1919 805 1974 fuisse
833 1918 898 1971 ab
929 1915 1122 1971 Israel?
1157 1912 1291 1979 Quid
1321 1913 1493 1980 itaque
1518 1923 1652 1979 Opus
1675 1916 1790 1962 erat
1823 1916 1880 1960 ut
1911 1905 2086 1960 adhuc

500 1989 727 2066 Phinees
749 2009 814 2062 ad
845 2004 1156 2077 placandum
1186 2005 1350 2056 Deum
1378 2001 1454 2055 sic
1481 2001 1532 2053 in
1555 1999 1824 2053 adulteros
1849 1996 2085 2051 vindica-

499 2111 615 2164 ret.
643 2102 798 2171 eique
827 2098 1186 2154 testimonium
1221 2093 1494 2162 Scriptura
1530 2091 1830 2160 perhiberet
1849 2088 1988 2159 quod
2019 2102 2084 2142 eo

499 2194 660 2251 modo
687 2192 972 2263 placaverit
1011 2187 1327 2243 Dominum?
1367 2185 1477 2240 Nisi
1517 2183 1655 2238 forte
1695 2183 2082 2253 intelligamus,

499 2302 622 2341 cum
644 2284 772 2340 illud
795 2283 865 2338 de
891 2282 1116 2337 ducibus
1136 2280 1313 2349 populi
1336 2279 1563 2348 Moyses,
1592 2275 1730 2346 quod
1763 2283 2087 2345 pra-ceperat

503 2377 756 2432 Dominus
771 2417 786 2440 ,
814 2373 1033 2443 implere
1057 2371 1390 2439 disponeret,
1424 2383 1545 2424 eum
1571 2367 1800 2420 voluisse
1816 2366 1976 2420 etiam
1999 2381 2086 2420 se-

499 2467 729 2524 cundum
754 2465 948 2535 Legem
980 2463 1102 2516 talia
1129 2462 1315 2531 punire
1337 2459 1533 2530 ﬂagitia
1561 2467 1617 2514 et
1653 2457 1962 2527 sacrilegam
1990 2473 2086 2512 au-

499 2558 738 2622 daciam,
781 2565 839 2609 ttt
878 2555 1092 2628 juberet
1137 2566 1400 2622 quemque
1444 2551 1742 2605 interlicere
1783 2550 2080 2619 proximum

498 2627 650 2704 suum
677 2647 781 2710 diis
805 2645 994 2699 alienis
1032 2643 1230 2698 nefarie
1255 2653 1624 2696 consecratum
1646 2680 1660 2704 ,
1691 2648 1851 2710 atque
1880 2639 2085 2694 interea

497 2741 656 2794 etiam
682 2737 813 2793 illud
839 2736 1065 2791 Phineas
1086 2733 1302 2800 faceret,
1321 2747 1384 2786 ac
1402 2731 1480 2786 sic
1505 2732 1581 2786 ira
1608 2731 1813 2784 Domini
1837 2731 1948 2800 jam
1971 2730 2084 2800 pla-

497 2840 640 2896 cata,
671 2845 774 2884 non
801 2842 933 2898 opus
961 2827 1124 2882 fuisse
1149 2825 1310 2880 duces
1337 2825 1517 2895 populi
1538 2824 1792 2894 cruciﬁgi.
1817 2823 1941 2878 Haec
1954 2838 2086 2878 sane

497 2924 754 2980 severitas
801 2922 874 2975 illi
924 2920 1151 2989 tempori
1188 2933 1460 2987 congrua,
1495 2925 1750 2986 quantum
1777 2915 1976 2969 malum
2016 2916 2085 2970 sit

498 3011 864 3068 fornicationis
889 3019 945 3064 et
969 3009 1302 3074 idololatriae,
1322 3007 1657 3077 prudentium
1686 3005 1947 3061 ﬁdeisatis
1973 3006 2087 3061 evi-

499 3104 687 3160 denter
707 3099 958 3180 ostendit.

568 3194 700 3252 Lill.
731 3193 839 3268 [lb.
866 3206 1034 3257 mm,
1059 3190 1146 3257 l3,
1175 3187 1285 3262 is.)
1309 3189 1438 3245 Eam
1465 3202 1678 3244 causam
1713 3187 1900 3242 mortis
1917 3186 2085 3257 Moysi

502 3285 630 3342 dicit
669 3283 965 3348 Dominus,
1012 3294 1171 3350 quam
1214 3280 1375 3334 etiam
1418 3277 1597 3333 fratris
1633 3278 1769 3348 ejus.
1811 3276 2086 3332 Ambobus

498 3379 642 3434 enim
663 3377 823 3432 etiam
845 3375 947 3429 hoc
973 3381 1098 3444 ante
1124 3370 1458 3444 praedixerat,
1486 3370 1627 3440 quod
1650 3369 1770 3425 ideo
1788 3385 1896 3424 non
1923 3369 2088 3423 intra-

501 3477 620 3524 rent
640 3483 760 3523 cum
784 3465 980 3536 pOpulo
1002 3464 1094 3519 Dei
1120 3464 1170 3517 in
1191 3472 1387 3518 terram
1415 3460 1802 3532 promissionis,
1830 3461 1952 3532 quia
1979 3475 2086 3515 non

499 3574 622 3618 eum
649 3556 1114 3614 sanctiﬁcaverunt
1135 3570 1315 3610 coram
1348 3554 1542 3625 populo
1569 3553 1636 3608 ad
1659 3569 1849 3626 aquam
1875 3563 2087 3609 contra-

502 3652 749 3708 dictionis
771 3653 790 3722 (
815 3648 972 3704 Num.
1001 3664 1091 3714 xx,
1118 3646 1255 3719 l2);
1284 3647 1336 3701 id
1365 3655 1450 3701 est
1475 3646 1595 3716 quia
1625 3646 1994 3700 dubitaverunt
2017 3644 2087 3700 de

504 3743 645 3797 dono
669 3743 805 3810 ejus,
836 3739 976 3811 quod
1006 3747 1188 3810 posset
1210 3752 1345 3808 aqua
1372 3736 1438 3791 de
1462 3747 1612 3807 petra
1641 3735 1924 3804 profluere,
1951 3735 2087 3790 sicut

503 3835 847 3904 exposuimus
877 3832 931 3886 in
959 3846 1027 3887 eo
1057 3832 1172 3901 ipso
1193 3830 1486 3899 Scriptura:
1511 3829 1627 3884 loco
1657 3827 1886 3899 (Supra,
1907 3836 2085 3896 quam.

505 3926 572 3981 l9
593 3924 634 3997 ).
668 3923 838 3992 Hujus
864 3931 1041 3976 autem
1067 3921 1146 3976 rei
1177 3919 1489 3991 mysterium
1516 3917 1670 3972 datur
1698 3916 1938 3986 intelligi,
1965 3917 2088 3987 quia

508 4032 610 4072 nec
634 4013 987 4070 sacerdotium
1013 4011 1155 4081 quod
1179 4012 1324 4082 prius
1345 4012 1638 4064 institutum
1662 4017 1763 4075 est,
1789 4009 1939 4077 cujus
1965 4023 2089 4078 per-

505 4121 691 4162 sonam
720 4103 941 4175 gerebat
972 4105 1170 4166 Aaron,
1204 4117 1302 4156 nec
1337 4101 1450 4170 ipsa
1480 4101 1589 4155 Lex
1628 4101 1780 4169 cujus
1808 4113 2088 4168 personam

504 4199 723 4270 gerebat
749 4197 990 4268 Moyses,
1029 4193 1372 4249 introducunt
1403 4193 1652 4264 populum
1699 4192 1789 4247 Dei
1817 4193 1868 4245 in
1896 4200 2089 4246 terram

506 4290 837 4349 hereditatis
856 4299 1105 4352 :eternze;
1134 4287 1226 4342 sed
1256 4285 1435 4348 Jesus,
1462 4287 1513 4340 in
1541 4301 1645 4356 quo
1676 4294 1829 4356 typus
1855 4294 1971 4341 crat
1993 4287 2094 4338 l:o-

505 4382 636 4439 mini
657 4381 783 4437 Jesu
815 4377 1044 4443 Christi,
1078 4376 1132 4432 id
1174 4385 1256 4430 est
1288 4376 1455 4446 gratia
1485 4391 1582 4446 per
1610 4375 1786 4430 ﬁdem.
1817 4375 1886 4430 Et
1913 4375 2089 4428 Aaron

506 4473 724 4544 quidem
766 4479 891 4526 ante
919 4467 1202 4524 defunctus
1236 4476 1353 4530 est,
1381 4482 1537 4536 quam
1577 4465 1734 4520 lsrael
1765 4465 1817 4519 in
1861 4465 2092 4534 aliquam

508 4572 714 4635 partem
742 4571 897 4616 terra:
921 4558 1284 4628 promissionis
1323 4558 1571 4622 intraret;
1599 4555 1776 4627 Moyse
1793 4563 1971 4610 autem
1996 4554 2092 4608 ad-

510 4653 614 4707 huc
635 4651 847 4722 vivente
870 4657 1022 4718 capta
1049 4656 1132 4702 est
1158 4655 1298 4701 terra
1330 4647 1764 4701 Amorrhccorum
1785 4654 1944 4714 atque
1975 4659 2096 4714 pos-

511 4759 680 4808 sessa,
712 4741 808 4796 sed
831 4741 1117 4814 Jordanem
1140 4755 1260 4794 cum
1285 4741 1364 4794 eis
1393 4746 1600 4792 nonest
1625 4739 1849 4792 transire
1874 4737 2096 4807 permis-

512 4851 627 4893 sus.
665 4834 742 4889 Ex
786 4833 962 4903 aliqua
1001 4831 1143 4886 enim
1192 4839 1342 4906 parte
1387 4829 1496 4884 Lex
1544 4829 1856 4884 observatur
1895 4828 1946 4882 in
1992 4827 2096 4884 ﬁde

511 4926 820 4985 christiana.
840 4923 915 4979 lbi
931 4922 1071 4977 enim
1085 4931 1207 4977 sunt
1221 4922 1379 4976 etiam
1405 4929 1686 4990 prmcepta,
1699 4935 1818 4990 qua:
1833 4919 2096 4992 hodieque

510 5022 795 5077 observare
807 5015 1088 5072 Christiani
1100 5013 1368 5085 jubemur.
1383 5013 1744 5068 Sacerdotium
1762 5027 1888 5067 vero
1902 5011 2028 5066 illud
2044 5019 2097 5066 et

511 5110 769 5168 sacriﬁcia
791 5109 988 5163 nullam
1010 5114 1211 5175 partem
1235 5113 1419 5158 tenent
1446 5103 1605 5158 hodie
1629 5103 1747 5156 ﬁdei
1772 5103 2094 5168 christianaa,

514 5205 614 5259 nisi
625 5201 766 5274 quod
783 5201 835 5254 in
850 5196 1051 5254 umbris
1068 5195 1362 5250 futurorum
1379 5204 1495 5248 acta
1507 5204 1665 5264 atque
1682 5201 1940 5248 transacta
1953 5202 2094 5250 sunt.

514 5298 647 5354 Cum
675 5309 803 5350 vero
826 5290 1089 5348 ambobus
1119 5287 1387 5350 fratribus,
1421 5286 1473 5342 id
1507 5295 1590 5342 est
1627 5289 1802 5364 Aaron
1827 5296 1882 5342 et
1909 5281 2093 5356 Moysi,

518 5388 712 5444 dicitur
737 5393 796 5440 ut
819 5388 1152 5453 apponantur
1171 5378 1237 5434 ad
1262 5377 1516 5448 populum
1553 5391 1730 5442 suum,
1760 5375 2097 5431 manifestum

520 5488 603 5534 est
631 5491 738 5531 non
775 5487 897 5530 esse
927 5473 980 5527 in
1024 5470 1147 5525 illos
1187 5468 1319 5524 iram
1357 5468 1490 5535 Dei,
1521 5483 1639 5538 qua:
1667 5476 1880 5537 separat
1915 5482 1942 5520 a
1971 5481 2100 5537 pace

517 5576 717 5624 sancite
742 5563 1012 5622 societatis
1029 5571 1263 5618 aeternae.
1291 5559 1443 5618 Unde
1469 5559 1852 5622 manifestatur,
1879 5573 1982 5613 non
2010 5573 2101 5612 so-

1303 341 1766 415 QUESTIONUM
1801 338 1863 396 S.
1901 313 2370 394 AUGUSTINLIN
2409 330 2964 389 HEPTATEUCHUM

3661 329 3764 388 7N

2257 451 2389 507 LIV.
2422 451 2706 525 [lb.xxvn,
2737 450 2824 511 18,
2853 447 2964 521 l9.]
3005 447 3070 502 Et
3095 447 3290 509 locutus
3315 456 3387 503 est
3424 446 3669 503 Dominus
3696 450 3768 502 ad

2188 543 2420 614 Moysen,
2439 544 2608 604 dicens
2636 558 2656 596 :
2675 542 2858 612 Accipe
2874 541 2942 594 ad
2967 540 3180 610 teipsunt
3199 538 3379 593 Iesum
3401 539 3568 607 ﬁlium
3597 538 3766 607 Nave,

2187 637 2436 690 hominem
2459 635 2545 700 qui
2573 635 2720 688 habet
2751 633 3000 704 Spiritum
3023 633 3076 685 in
3105 633 3303 699 seipso;
3332 642 3380 684 et
3400 633 3628 701 impones
3652 647 3765 684 rna-

2187 744 2284 780 nus
2305 741 2415 780 tuas
2435 743 2585 796 super
2609 741 2740 788 eum,
2763 734 2809 778 et
2823 733 3008 779 statues
3033 740 3144 777 eum
3166 724 3218 777 in
3240 732 3507 793 conspectu
3534 723 3770 776 Eleazari

2185 820 2477 885 sacerdotis,
2504 829 2553 872 et
2567 818 2830 872 mandabis
2858 819 2905 870 ei
2927 818 2980 870 in
3000 825 3267 886 conspectu
3288 817 3448 869 omnis
3475 831 3768 886 synagoga,

2187 917 2292 964 etc.
2323 908 2624 963 Notandum
2655 916 2758 970 est,
2801 908 2941 978 quod
2969 922 3089 962 cum
3116 907 3224 976 jam
3265 906 3482 962 haberet
3512 904 3770 975 Spiritum

2187 1001 2240 1054 in
2263 1001 2440 1072 seipso
2460 1001 2585 1055 Jesu
2611 999 2772 1063 Nave,
2796 1001 2932 1054 sicut
2953 999 3222 1068 Scriptura
3250 1006 3470 1053 testatur
3500 997 3621 1070 (ubi
3643 997 3771 1066 quid

2185 1090 2327 1144 aliud
2358 1106 2515 1160 quam
2541 1090 2795 1160 Spiritum
2823 1077 3065 1142 sanctum
3086 1089 3340 1142 debemus
3363 1087 3643 1156 accipere?
3664 1102 3771 1141 non
3817 1135 3822 1138 .

2186 1180 2326 1234 enim
2349 1179 2416 1233 de
2441 1179 2631 1250 spiritu
2658 1177 2888 1232 hominis
2911 1178 3014 1231 hoc
3035 1177 3254 1241 diceret,
3281 1192 3438 1246 quem
3461 1176 3637 1230 nullus
3656 1186 3774 1230 erat

2185 1271 2275 1340 qui
2308 1284 2411 1323 non
2442 1269 2724 1338 habebat),
2749 1268 2925 1335 jussus
2953 1276 3036 1321 est
3059 1277 3233 1320 tamen
3264 1266 3474 1336 Moyses
3502 1265 3554 1320 ei
3580 1279 3774 1320 manus

2189 1359 2497 1428 imponere;
2532 1375 2598 1414 ne
2624 1359 2902 1428 quisquam
2951 1357 3131 1422 homo,
3174 1356 3408 1426 qualibet
3453 1356 3776 1425 praepollens

2185 1451 2353 1520 gratia
2377 1489 2392 1515 ,
2422 1459 2752 1504 sacramenta
2787 1450 2801 1480 ⁸
2834 1447 3249 1504 consecrationis
3275 1447 3469 1503 audeat
3504 1463 3772 1502 recusare.

2265 1539 2373 1594 LV.
2405 1538 2519 1611 [lb'
2543 1555 2710 1600 xxvn.
2738 1537 2853 1611 20.]
2883 1539 3016 1606 Quid
3041 1549 3122 1594 est
3147 1539 3287 1608 quod
3313 1553 3431 1593 cum
3466 1539 3604 1594 Deus
3632 1554 3776 1608 pra:-

2187 1628 2392 1697 ciperet
2414 1629 2579 1700 Moysi
2611 1629 2678 1684 de
2703 1630 2826 1683 Jesu
2856 1629 3020 1694 Nave,
3046 1629 3118 1684 ait
3141 1630 3275 1683 inter
3300 1639 3515 1694 caetera,
3544 1628 3609 1682 Et
3630 1630 3778 1684 dabis

2188 1719 2252 1773 de
2275 1720 2438 1790 gloria
2469 1728 2557 1772 tua
2586 1736 2741 1788 super
2763 1721 2912 1773 eum?
2944 1719 3076 1774 Nam
3102 1735 3270 1786 graeca
3299 1719 3567 1775 locutione
3585 1737 3674 1782 τῆσ
3697 1726 3779 1775 δό-

2189 1821 2273 1876 εης
2294 1809 2478 1875 habet,
2510 1801 3006 1879 quod‘tantumdem
3043 1810 3186 1864 valet
3204 1825 3266 1864 ac
3290 1811 3334 1864 si
3362 1810 3564 1864 diceret
3588 1810 3650 1864 de
3663 1811 3779 1880 glo—

2189 1901 2286 1964 ria,
2330 1900 2382 1954 id
2413 1910 2494 1955 est
2519 1904 2614 1954 ἀπό
2639 1916 2724 1960 τῆς
2749 1905 2903 1966 διξης.
2936 1899 3108 1954 Latini
3137 1909 3312 1955 autem
3344 1900 3583 1954 nonnulli
3608 1900 3777 1954 inter-

2192 1991 2383 2060 pretati
2414 2001 2567 2054 sunt,
2600 1990 2742 2044 dabis
2771 1989 2990 2062 gloriam
3024 2000 3193 2056 tuam;
3228 2007 3355 2056 non,
3392 1992 3454 2044 de
3476 1991 3640 2062 gloria
3665 2001 3773 2046 tua.

2187 2082 2294 2139 Sed
2317 2083 2428 2138 sive
2459 2081 2587 2137 illud
2611 2093 2773 2148 esset,
2803 2093 2858 2136 ut
2883 2083 3096 2154 gloriam
3118 2096 3255 2136 tuam
3281 2083 3502 2150 diceret,
3529 2099 3632 2138 non
3657 2083 3779 2138 ideo

2190 2189 2307 2229 eam
2341 2189 2443 2228 non
2489 2174 2766 2228 habiturus
2801 2183 2917 2228 erat
2946 2173 3182 2244 Moyses;
3227 2189 3327 2228 nec
3365 2175 3486 2244 quia
3530 2175 3684 2240 dixit,
3713 2180 3781 2228 de

2189 2265 2373 2336 gloria,
2406 2265 2526 2320 ideo
2554 2265 2813 2318 minutum
2850 2271 2934 2318 est
2957 2264 3097 2333 quod
3129 2263 3378 2318 habebat.
3405 2264 3494 2320 Sic
3518 2266 3658 2319 enim
3684 2280 3780 2323 ac-

2190 2355 2493 2426 cipiendum
2515 2365 2618 2422 est,
2648 2370 2712 2410 ac
2746 2355 2790 2408 si
2812 2354 3031 2418 diceret,
3059 2351 3246 2409 FaCies
3277 2370 3397 2409 eum
3428 2356 3630 2410 socium
3658 2356 3779 2425 glo-

2191 2448 2287 2503 riae
2321 2455 2426 2502 tua:
2453 2464 2465 2500 :
2495 2462 2600 2501 non
2629 2456 2806 2501 autem
2841 2445 3144 2515 hujusmodi
3185 2461 3290 2511 res,
3331 2446 3480 2515 quasi
3517 2445 3782 2515 partiliter

2188 2538 2394 2604 divism,
2426 2538 2776 2603 minuuntur;
2795 2537 2886 2593 sed
2912 2547 3035 2592 tota:
3061 2548 3184 2591 sunt
3213 2537 3478 2605 omnibus,
3508 2545 3632 2592 tota:
3662 2537 3780 2592 sin-

2188 2630 2325 2702 gulis
2345 2631 2434 2700 qui
2463 2645 2647 2685 earum
2672 2629 2867 2684 habent
2889 2629 3219 2684 societatem.

2261 2721 2392 2777 LVI.
2425 2719 2691 2795 [lb.xxx,
2717 2721 2796 2794 5.]
2830 2721 3033 2786 Homo,
3072 2721 3220 2775 homo
3260 2721 3556 2792 quicumque
3591 2720 3781 2774 caverit

2188 2822 2356 2867 votum
2393 2812 2648 2878 Domino,
2678 2822 2764 2866 aut
2787 2813 3036 2883 juraverit
3055 2813 3423 2884 juramentum,
3451 2822 3539 2864 aut
3565 2811 3780 2880 deﬁnie-

2189 2904 2256 2958 rit
2284 2903 2629 2973 deﬁnitionem
2670 2903 2732 2957 de
2759 2905 2931 2956 anima
2969 2919 3079 2966 sua,
3122 2919 3223 2956 non
3267 2902 3552 2973 profanabit
3576 2904 3780 2956 verbum

2189 3011 2338 3049 suum
2359 3011 2378 3050 :
2398 2997 2566 3049 omnia
2584 2983 2908 3065 quaecumque
2926 2995 3137 3050 exierint
3155 3011 3218 3048 ea:
3236 3011 3321 3048 ore
3339 2996 3446 3065 ejus
3471 2995 3638 3065 faciet.
3661 2993 3779 3048 Non

2193 3085 2296 3141 hoc
2333 3086 2400 3140 ad
2429 3100 2642 3140 omnem
2675 3086 2998 3156 jurationem
3037 3086 3282 3155 pertinet,
3327 3083 3421 3138 sed
3449 3083 3516 3137 ad
3541 3099 3657 3139 eam
3688 3077 3786 3138 ubi

2189 3179 2412 3249 quisque
2432 3177 2499 3232 de
2519 3177 2694 3231 anima
2719 3191 2813 3231 sua
2837 3177 3042 3231 voverit
3063 3174 3288 3245 alicujus
3309 3175 3490 3244 utique
3510 3176 3585 3228 rei
3609 3173 3780 3228 absti-

2191 3271 2446 3334 nentiam,
2475 3285 2576 3340 qua
2603 3270 2652 3325 ei
2680 3268 2872 3325 licebat
2891 3269 2966 3324 uti
2993 3283 3088 3338 per
3111 3268 3331 3340 Legem,
3358 3267 3454 3323 sed
3479 3282 3577 3338 per
3599 3275 3779 3322 votum

2191 3362 2294 3417 sibi
2323 3362 2437 3429 ipse
2465 3361 2628 3416 efﬁcit
2651 3376 2756 3415 non
2783 3361 2965 3416 licere.

2260 3450 2417 3506 LVll.
2451 3448 2566 3523 [lb.
2590 3466 2717 3516 xxx,
2749 3448 2888 3522 4-6,]
2914 3449 2973 3504 Si
2996 3458 3164 3503 autem
3205 3449 3384 3502 mulier
3408 3448 3591 3502 nouerit
3614 3456 3782 3501 uotum

2195 3541 2438 3607 Domino,
2471 3551 2558 3594 aut
2595 3539 2844 3607 deﬁnierit
2873 3540 3213 3608 deﬁnitionem
3251 3540 3303 3592 in
3331 3539 3480 3592 domo
3513 3538 3671 3610 patris
3698 3537 3782 3592 sui

2190 3632 2244 3685 in
2262 3633 2525 3702 juventute
2550 3647 2666 3697 sua,
2704 3640 2751 3684 et
2779 3630 2995 3683 audierit
3023 3639 3164 3699 pater
3190 3630 3297 3700 ejus
3322 3639 3434 3682 vota
3465 3631 3594 3698 ejus,
3623 3639 3670 3682 et
3695 3628 3784 3682 de-

2191 3721 2443 3789 ﬁnitiones
2471 3721 2601 3790 ejus,
2632 3736 2757 3789 quas
2786 3719 3009 3788 deﬁnivit
3029 3719 3265 3772 adversus
3290 3718 3509 3771 animam
3538 3735 3701 3784 suam,
3733 3735 3785 3790 ει

2192 3813 2400 3865 tacuerit
2423 3822 2564 3881 pater
2587 3812 2730 3882 ejus;
2756 3820 2802 3863 et
2825 3811 3025 3863 stabunt
3053 3811 3223 3864 omnia
3253 3820 3368 3864 vota
3392 3812 3521 3881 ejus,
3544 3820 3588 3863 et
3611 3826 3783 3864 omnes

2193 3902 2506 3972 deﬁnitiones
2535 3902 2664 3972 ejus,
2692 3918 2822 3971 quas
2841 3901 3064 3970 deﬁnivit
3092 3901 3328 3955 adversus
3354 3902 3580 3954 animam
3614 3917 3778 3964 suam,

2193 3992 2461 4046 manebunt
2482 3992 2546 4044 ei.
2577 3991 2638 4046 Si
2657 4000 2824 4044 autem
2844 3990 3068 4046 abnuens
3086 3993 3311 4045 abnuerit
3331 4002 3474 4061 pater
3495 3993 3628 4061 ejus,
3654 4008 3782 4061 quu-

2193 4099 2406 4155 cumque
2429 4083 2512 4137 die
2529 4083 2745 4136 audierit
2766 4083 2936 4137 omnia
2955 4092 3068 4136 vota
3094 4085 3222 4154 ejus,
3246 4093 3290 4136 et
3317 4083 3627 4151 deﬁnitiones
3651 4084 3780 4153 ejus,

2195 4194 2319 4248 quas
2345 4176 2572 4244 deﬁnivit
2603 4176 2840 4230 adversus
2868 4176 3093 4230 animant
3130 4191 3275 4230 suom
3293 4218 3308 4241 ,
3349 4192 3449 4230 non
3471 4175 3670 4230 stabunt
3693 4191 3712 4229 :
3735 4187 3784 4231 et

2196 4267 2442 4321 Dominus
2470 4265 2755 4321 entundabit
2783 4283 2922 4332 eam,
2947 4267 3068 4337 quia
3094 4265 3265 4320 abnuit
3293 4276 3437 4338 pater
3477 4269 3606 4337 ejus.
3637 4266 3798 4334 ΩιιοοΔ

2198 4357 2338 4413 niam
2366 4356 2580 4427 quidem
2610 4355 2676 4411 de
2707 4356 2951 4418 muliere,
2975 4372 3092 4426 qua:
3117 4357 3288 4411 adhuc
3315 4357 3365 4410 in
3387 4355 3662 4426 juventute
3688 4371 3786 4411 sua

2199 4450 2252 4502 in
2284 4448 2444 4502 domo
2477 4447 2641 4518 patris
2685 4456 2800 4510 est,
2853 4447 3122 4518 loquitur,
3167 4449 3358 4503 merito
3401 4447 3488 4502 hic
3532 4451 3788 4518 quaeritur

2199 4538 2356 4592 etiam
2386 4538 2454 4591 de
2483 4548 2605 4591 voto
2628 4537 2972 4606 virginitatis;
3005 4538 3252 4592 mulieres
3273 4539 3467 4606 quippe
3496 4540 3658 4593 etiam
3682 4540 3785 4591 vir-

2197 4631 2346 4700 gines
2373 4631 2422 4683 iu
2445 4630 2714 4699 Scriptura
2745 4629 2996 4698 appellari
3025 4631 3196 4683 solere
3223 4630 3554 4683 notissimum
3581 4639 3664 4684 est
3691 4648 3705 4684 ε
3733 4640 3789 4684 et

2199 4721 2408 4774 videtur
2451 4721 2608 4774 etiam
2653 4720 2937 4789 Apostolus
2975 4719 3042 4774 de
3088 4729 3234 4789 patre
3280 4720 3442 4788 loqui,
3473 4736 3595 4775 cum
3635 4720 3786 4785 dicit,

2203 4812 2375 4868 Servet
2409 4812 2648 4884 virginem
2673 4829 2816 4866 suam
2833 4827 2854 4876 ;
2892 4821 2965 4874 et,
3007 4811 3099 4865 Det
3129 4824 3342 4880 nuptum
3371 4814 3611 4884 virginem
3643 4828 3792 4867 suam

2202 4902 2261 4973 (l
2295 4901 2414 4957 Cor.
2443 4918 2531 4966 vn,
2578 4903 2667 4968 57,
2697 4902 2832 4972 58),
2875 4913 2929 4956 et
2954 4913 3144 4956 caetera
3174 4902 3276 4957 hoc
3302 4903 3460 4957 modo
3489 4919 3504 4956 :
3536 4902 3623 4957 ubi
3653 4919 3792 4956 non-

2203 4995 2334 5050 nulli
2357 4995 2753 5060 iutcllcxerunt,
2775 4994 3015 5062 virginem
3037 5010 3200 5059 suam,
3225 4993 3577 5065 virginitatem
3604 5009 3786 5060 suam;

2203 5087 2344 5141 nulla
2367 5096 2540 5140 tanten
2569 5085 2669 5140 hoc
2689 5084 2844 5138 simili
2867 5084 3257 5154 Scripturarum
3282 5086 3546 5141 locutione
3569 5085 3794 5140 demon-

2204 5186 2395 5242 strant,
2427 5192 2548 5231 cum
2575 5176 2652 5229 sit
2674 5175 3087 5229 inusitatissima.
3116 5175 3266 5244 Quod
3289 5187 3465 5232 autem
3485 5176 3579 5243 ait,
3606 5178 3793 5231 aduer-

2204 5285 2290 5323 sus
2318 5267 2540 5321 animum
2563 5282 2728 5328 suam,
2757 5281 2863 5320 non
2883 5268 2960 5321 sic
2986 5267 3351 5338 accipiendum
3381 5277 3482 5335 est,
3506 5269 3654 5340 quasi
3675 5269 3796 5324 ani-

2204 5373 2307 5413 ma:
2332 5365 2521 5412 noceat
2541 5355 2733 5411 talibus
2758 5356 2926 5422 votis;
2955 5356 3048 5412 sed
3073 5358 3312 5412 adversus
3331 5360 3551 5413 animam
3575 5359 3789 5424 dicitur,

2205 5449 2466 5504 adversus
2491 5447 2775 5502 animalem
2805 5447 3235 5514 delectationem,
3264 5450 3400 5524 sicut
3423 5450 3582 5504 etiam
3620 5449 3688 5504 de
3708 5448 3795 5518 je-

2201 5540 2353 5611 jtmio
2380 5540 2691 5611 przecipiens
2721 5541 2967 5610 superius
3001 5541 3103 5608 ait,
3132 5538 3202 5594 Et
3224 5541 3448 5622 aﬂligetis
3483 5541 3678 5595 animas
3703 5554 3790 5594 ve-

519 5660 630 5715 lum
656 5658 848 5722 ofﬁcia,
884 5655 979 5711 sed
1006 5654 1166 5708 etiam
1215 5659 1416 5706 mortes
1442 5665 1624 5704 eorum
1655 5649 1806 5717 signa
1832 5643 1997 5699 fuisse
2021 5641 2104 5698 iu-
2206 5639 2339 5687 stras
2361 5628 2382 5699 (
2402 5630 2558 5684 Num.
2589 5647 2741 5696 xxix,
2765 5627 2854 5703 7).

522 5759 788 5817 tutorum,
815 5762 922 5804 non
946 5743 1206 5815 supplicia
1233 5740 1604 5813 indignationis
1630 5737 1744 5794 Dei.

2249 5747 2265 5778 ί
2303 5743 2454 5804 ·Ε‹.Ιίιὶ,
2480 5747 2841 5795 sacrmnentum.
2865 5749 2994 5804 Mss,
3017 5748 3332 5795 sacrmncnta.
