4136 6500
361 381 465 437 ’1δό

431 495 611 552 LVIII.
643 493 750 568 [lb.
785 509 914 559 xxx,
938 481 1029 566 6.]
1061 491 1213 560 Quod
1246 499 1420 548 autem
1461 493 1568 559 ait,
1603 491 1668 546 Et
1699 493 1945 549 Dominus

360 587 646 642 emundabit
664 602 796 652 eam,
821 585 938 655 quia
962 584 1133 637 abnuit
1159 594 1301 654 pater
1323 586 1464 653 ejus;
1483 583 1768 637 emundabit
1795 583 1943 646 dixit,

360 697 390 734 a
416 680 523 734 voti
551 694 659 732 non
696 677 900 746 impleti
946 677 1169 730 crimine
1203 673 1444 729 absolvet
1475 692 1488 728 :
1515 674 1653 729 sicut
1679 674 1730 728 in
1770 672 1949 728 multis

360 773 491 827 locis
527 771 740 834 dicitur,
769 761 1123 824 Et'mundabit
1162 784 1277 822 eum
1304 768 1570 830 sacerdos,
1601 766 1652 822 id
1687 777 1771 824 est
1796 783 1948 822 tnun-

359 863 484 917 dum
530 861 772 927 habebit,
801 859 1055 916 mundum
1083 859 1371 928 judicabit;
1400 859 1554 914 sicuti
1580 869 1664 914 est
1689 869 1740 913 et
1774 858 1902 914 illud
1927 897 1944 925 ,
1976 863 1983 870 ‘

359 953 694 1009 Hundatione
737 969 837 1008 non
876 952 1141 1006 mundabis
1183 959 1352 1018 reum,
1394 950 1449 1006 id
1492 959 1607 1017 est,
1648 949 1764 1006 Non
1803 950 1948 1006 dices

359 1045 616 1101 mondum
647 1060 768 1100 eum
797 1044 884 1114 qui
917 1043 1218 1098 immundus
1244 1051 1343 1098 est.

426 1134 562 1190 LIX.
587 1133 699 1208 [Ib;
724 1149 861 1201 xxx,
893 1131 1066 1205 7-16.]
1097 1131 1158 1188 Si
1196 1143 1360 1185 autem
1383 1132 1518 1201 facta
1559 1132 1709 1201 fuerit
1737 1131 1840 1184 viro
1860 1171 1876 1196 ,
1905 1138 1950 1184 et

358 1236 471 1281 vota
495 1228 605 1297 ejus
641 1240 792 1296 super
831 1240 941 1278 eam
985 1226 1260 1278 secundum
1295 1223 1661 1277 distinctionem
1701 1223 1948 1276 labiorum

357 1327 486 1388 ejus,
514 1325 704 1388 quanta
745 1315 969 1384 deﬁnivit
999 1315 1238 1369 adversus
1264 1314 1485 1367 animam
1513 1329 1688 1379 suam;
1711 1322 1755 1366 et
1774 1313 1950 1366 audie-

356 1413 420 1464 rit
456 1410 531 1464 vir
569 1409 700 1480 ejus,
745 1416 791 1461 et
832 1407 1042 1461 tacuerit
1070 1408 1114 1461 ei
1142 1423 1453 1475 quacumque
1490 1407 1572 1461 die
1598 1407 1815 1461 audierit
1852 1421 1872 1460 :
1902 1415 1950 1460 et

356 1504 429 1556 ita
455 1499 656 1557 stabunt
688 1501 858 1555 omnia
892 1509 1004 1554 vota
1045 1501 1153 1570 ejus
1174 1541 1188 1567 ,
1221 1510 1266 1554 et
1303 1501 1617 1571 deﬁnitiones
1647 1503 1784 1571 ejus,
1812 1517 1948 1570 quas

356 1595 580 1663 deﬁnivit
608 1594 850 1647 adversus
874 1593 1097 1647 animum
1125 1609 1290 1657 suum,
1323 1594 1541 1647 stabunt.
1575 1594 1634 1650 Si
1661 1604 1827 1647 autem
1856 1593 1948 1647 ab-

357 1703 517 1742 uuens
537 1686 769 1740 abnuerit
797 1686 873 1739 vir
898 1686 1007 1755 ejus
1035 1686 1090 1738 in
1117 1701 1429 1756 quacumque
1447 1685 1529 1739 die
1546 1687 1761 1740 audierit
1782 1686 1950 1739 omnia

358 1780 470 1831 vota
502 1778 646 1848 ejus,
687 1785 734 1831 et
769 1771 1086 1845 deﬁnitiones
1113 1776 1220 1847 ejus
1247 1815 1263 1843 ,
1305 1791 1430 1844 quas
1462 1776 1684 1844 deﬁnivit
1714 1776 1950 1829 adversus

355 1869 580 1922 animum
602 1882 769 1934 suout,
802 1883 904 1921 non
925 1867 1192 1920 manebunt
1216 1881 1233 1919 :
1258 1868 1494 1938 quoniam
1514 1867 1588 1921 vir
1610 1867 1782 1920 abnuit
1811 1866 1870 1920 ab
1891 1883 1950 1919 ea

353 1969 403 2014 et
445 1959 694 2014 Dominus
720 1958 981 2013 mundabit
1019 1975 1149 2013 eam.
1192 1958 1466 2014 Feminam
1496 1959 1594 2014 sub
1625 1970 1773 2028 patre
1801 1968 1948 2013 ante-

354 2067 514 2124 quam
539 2051 723 2119 nubat,
746 2061 802 2106 et
825 2050 923 2106 sub
941 2051 1054 2105 viro
1078 2059 1316 2121 nuptam,
1347 2051 1514 2106 noluit
1534 2051 1641 2106 Lex
1663 2052 1734 2105 ita
1755 2066 1951 2106 vovere

354 2143 554 2215 aliquid
577 2143 686 2198 Deo
702 2142 956 2198 adversus
975 2142 1206 2196 animam
1224 2156 1396 2208 suam,
1420 2141 1473 2195 id
1489 2151 1571 2195 est
1586 2141 1638 2196 ln
1655 2143 1948 2211 aliquarum

354 2252 535 2294 rerum
570 2237 834 2291 licitarum
861 2245 1021 2306 atque
1046 2247 1420 2290 concessurum
1445 2235 1788 2302 abstinentia,
1815 2241 1872 2288 ut
1897 2234 1949 2288 in

353 2327 560 2384 eisdem
585 2327 722 2382 votis
756 2326 985 2382 feminea
1013 2326 1190 2380 valeat
1215 2326 1232 2359 ι
1256 2327 1542 2381 auctoritas
1563 2368 1579 2392 ,
1619 2325 1714 2380 sed
1746 2327 1947 2390 virilis;

353 2419 430 2474 ita
462 2427 519 2473 ut.
556 2414 602 2473 si
643 2417 817 2474 adhuc
854 2417 1092 2486 innupta:
1123 2416 1232 2486 jam
1262 2424 1601 2472 concesserat
1639 2425 1787 2486 pater
1829 2425 1950 2470 vota

354 2511 680 2581 persolvere,
709 2510 754 2564 si
781 2518 1064 2580 antequam
1095 2507 1416 2580 persolverit
1449 2509 1711 2578 nupserit,
1749 2516 1800 2562 et
1827 2508 1944 2562 viro

356 2601 471 2672 ejus
493 2601 595 2656 hoc
620 2600 887 2671 cognitum
911 2614 1013 2653 non
1044 2599 1324 2669 placuerit,
1353 2613 1459 2652 non
1485 2599 1773 2668 persolvat,
1801 2607 1854 2652 et
1883 2598 1954 2652 sit

354 2691 572 2748 omnino
600 2690 714 2746 sine
755 2698 975 2759 peccato
998 2729 1013 2754 ,
1058 2689 1180 2759 Quia
1220 2687 1468 2742 Dominus
1508 2687 1770 2741 mundabit
1799 2703 1948 2754 eam,

355 2783 495 2838 sicut
517 2781 663 2845 dicit,
695 2781 746 2835 id
774 2791 856 2836 est
877 2779 1127 2834 mundam
1151 2779 1413 2848 judicabit
1441 2795 1456 2832 :
1491 2794 1662 2849 neque
1689 2778 1789 2833 hoc
1815 2793 1947 2833 cou-

355 2885 436 2931 tra
466 2875 628 2930 Deum
652 2873 764 2930 ﬁeri
791 2873 1082 2943 putandum
1106 2881 1208 2941 est,
1236 2883 1357 2928 cum
1383 2873 1496 2944 ipse
1520 2872 1661 2928 Deus
1688 2872 1789 2928 hoc
1815 2883 1952 2943 pra:-

355 2969 577 3039 ceperit,
613 2968 713 3022 hoc
739 2968 986 3022 voluerit.

423 3060 677 3130 Sequitur
697 3063 874 3114 autem
896 3059 962 3115 de
982 3058 1175 3126 viduis,
1202 3054 1338 3114 vela
1363 3059 1480 3115 viro
1503 3059 1743 3130 objectis,
1772 3058 1826 3114 id
1846 3067 1956 3138 est,

355 3160 460 3204 non
489 3146 589 3204 sub
617 3149 1009 3219 potestate.viri
1052 3150 1389 3216 constitutis,
1429 3159 1522 3204 aut
1548 3151 1713 3219 patris
1739 3165 1754 3216 ;
1783 3157 1836 3204 et
1860 3164 1952 3203 ea-

355 3249 472 3296 rum
492 3251 616 3296 vota
637 3242 700 3296 ad
727 3242 1129 3312 persolvendum
1154 3243 1318 3298 libera
1340 3259 1461 3298 esse
1481 3244 1608 3298 dicit
1630 3244 1730 3298 hoc
1755 3243 1950 3300 modo:

357 3333 423 3388 Et
441 3344 638 3399 ,votum,
673 3335 859 3405 inquit,
890 3335 1057 3389 vidua:
1080 3343 1125 3388 et
1142 3336 1382 3406 expulsor,
1405 3350 1726 3406 quaecumque
1755 3335 1945 3389 voverit

356 3426 594 3480 adversus
631 3425 853 3478 animum
893 3442 1036 3479 suam
1057 3467 1072 3491 ,
1109 3427 1380 3480 manebunt
1409 3426 1473 3478 ei.
1507 3426 1706 3481 Deinde
1730 3426 1858 3480 dicit
1884 3425 1953 3482 de

358 3526 560 3587 nupta,
603 3517 648 3570 si
696 3516 748 3570 in
791 3517 950 3571 domo
997 3517 1095 3570 viri
1140 3517 1220 3570 sui
1265 3516 1374 3586 jam
1428 3518 1711 3572 constituta
1756 3517 1953 3588 aliquid

358 3609 462 3662 tale
509 3609 730 3662 voverit.
794 3608 868 3662 De
915 3607 1002 3661 illa
1048 3609 1188 3661 enim
1244 3608 1388 3677 prius
1431 3606 1678 3673 dixerat,
1725 3624 1842 3676 qua:
1899 3608 1951 3662 in

357 3698 518 3753 dumo
577 3698 740 3767 patris
797 3707 1054 3762 voverat,
1105 3707 1159 3753 et
1215 3707 1496 3767 antequam
1549 3698 1795 3753 redderet
1849 3709 1953 3752 nu-

359 3800 556 3859 pserat.
600 3791 673 3844 De
704 3789 801 3844 hac
831 3805 956 3859 ergo
999 3801 1117 3860 quae
1167 3790 1216 3842 in
1266 3789 1426 3844 domo
1476 3789 1648 3843 mariti
1700 3789 1860 3853 vovit,
1883 3790 1955 3847 ita

361 3882 595 3950 loquitur
636 3897 649 3933 :
703 3881 763 3934 Si
811 3890 977 3933 autem
1024 3879 1073 3933 in
1113 3881 1262 3934 domo
1304 3880 1399 3934 viri
1438 3879 1546 3952 ejus
1590 3891 1757 3934 votum
1805 3883 1950 3950 ejus,

359 3982 447 4024 aut
494 3971 757 4040 deﬁnitio,
803 3987 914 4037 qua:
951 3972 1190 4026 adversus
1229 3972 1450 4025 animum
1504 3974 1612 4044 ejus
1655 3989 1768 4026 cum
1806 3975 1954 4044 jure-

361 4062 617 4125 iurando,‘
644 4071 688 4115 et
714 4063 928 4115 audierit
955 4065 1028 4115 vir
1055 4064 1193 4132 ejus,
1230 4071 1275 4116 et
1306 4062 1515 4116 tacuerit
1554 4065 1627 4130 ei,
1665 4071 1710 4116 et
1735 4079 1834 4116 non
1864 4063 1955 4117 ub-

363 4154 526 4206 nuerit
565 4154 648 4218 ei;
673 4162 717 4207 et
743 4153 944 4207 stabunt
987 4154 1154 4207 omnia
1183 4163 1297 4208 vota
1326 4155 1471 4220 eius,
1497 4165 1542 4207 et
1572 4169 1740 4210 omnes
1769 4157 1952 4224 deﬁni-

363 4246 542 4307 tiones,
574 4257 699 4314 quas
737 4245 967 4314 deﬁnivit
1008 4246 1245 4301 adversus
1274 4246 1495 4298 animam
1532 4263 1678 4300 suam
1700 4287 1716 4313 ,
1756 4248 1956 4301 stabunt

362 4335 602 4390 adversus
640 4351 772 4389 eam.
807 4336 868 4390 Si
909 4346 1080 4390 autem
1113 4337 1535 4408 circumauferens
1569 4339 1956 4409 circumauferat

362 4429 440 4482 uir
479 4429 620 4498 ejus,
665 4446 978 4502 quacumque
1022 4432 1103 4484 die
1143 4433 1360 4485 audierit
1389 4434 1591 4496 omnia,
1633 4449 1958 4505 qutecumque

364 4521 576 4573 exierint
605 4537 669 4575 ea:
696 4523 843 4576 labiis
871 4525 998 4593 ejus,
1032 4524 1307 4577 secundum
1336 4534 1449 4578 vota
1475 4525 1584 4594 ejus
1613 4535 1657 4577 et
1681 4526 1956 4578 secundant

365 4610 700 4680 deﬁnitiones,
724 4629 835 4684 qua!
858 4615 1094 4670 adversus
1115 4617 1335 4668 animum
1359 4617 1488 4685 ejus,
1515 4633 1619 4669 non
1645 4626 1847 4670 manent
1875 4617 1921 4669 ei
1940 4633 1958 4670 :

364 4702 442 4754 vir
465 4702 574 4772 ejus
594 4703 1003 4770 circumabstulit,
1025 4715 1071 4758 et
1094 4704 1340 4760 Dominus
1365 4705 1624 4758 mttmlabit
1644 4722 1771 4758 eam.
1799 4706 1960 4758 Omne

366 4805 537 4848 votum
575 4806 620 4850 et
649 4814 795 4851 omne
827 4799 1194 4869 jusjurandum
1233 4799 1419 4872 vinculi
1447 4801 1662 4872 affligere
1700 4802 1918 4862 animam
1940 4841 1955 4864 ,

366 4887 443 4940 vir
481 4887 592 4956 ejus
616 4897 796 4942 statuet
839 4890 901 4954 ei,
933 4899 978 4943 et
1007 4891 1082 4944 vir
1109 4892 1219 4961 ejus
1248 4870 1650 4960 circumauferet.
1693 4891 1754 4946 Si
1792 4902 1959 4945 autem

369 4987 540 5032 tacens
567 4980 778 5032 tacuerit
805 4979 850 5033 ei
886 4981 1018 5034 diem
1057 4997 1120 5035 ea:
1159 4982 1260 5049 die,
1290 4990 1336 5034 et
1365 4991 1546 5034 statuet
1578 4983 1624 5036 ei
1652 4983 1823 5036 omnia
1847 4992 1960 5036 vota

368 5069 500 5134 eius,
526 5079 576 5122 et
601 5070 938 5137 deﬁnitiones,
996 5088 1109 5142 qua:
1125 5089 1276 5142 super
1306 5073 1490 5144 ipsam,
1517 5082 1698 5128 statuet
1725 5076 1806 5140 ei;
1831 5092 1962 5145 quac

369 5160 506 5212 niam
531 5162 686 5214 tacuit
708 5163 772 5228 ei,
797 5162 881 5218 die
898 5165 1231 5234 quo-audivit.
1265 5164 1324 5219 Si
1349 5175 1514 5218 autem
1537 5166 1961 5237 circumauferens

370 5251 759 5323 circumauferat
786 5254 862 5308 vir
889 5255 1000 5325 ejus
1032 5265 1144 5326 post
1169 5257 1304 5312 diem
1337 5273 1482 5327 quem
1503 5258 1728 5326 audivit;
1750 5269 1798 5313 et
1827 5261 1960 5314 acci-

374 5349 468 5410 piet
493 5354 756 5411 peccatum
781 5361 950 5402 suum.

365 5481 370 5484 .
437 5431 772 5488 Manifestum
799 5437 980 5501 estita
1025 5438 1259 5494 voluisse
1288 5439 1484 5510 Legem
1532 5441 1782 5496 feminam
1832 5459 1952 5503 esse

371 5523 469 5578 sub
499 5525 637 5594 viro,
666 5536 724 5582 ut
779 5529 922 5583 nulla
947 5539 1069 5585 vota
1108 5533 1244 5601 ejus,
1277 5548 1396 5602 qua:
1431 5533 1765 5590 abstinentia:
1800 5550 1956 5592 causa

377 5617 598 5684 caverit,
629 5618 920 5676 reddantur
935 5622 1003 5678 ab
1031 5637 1114 5690 ea,
1139 5623 1237 5676 nisi
1265 5631 1448 5678 auctor
1463 5627 1544 5678 vir
1557 5624 1719 5693 fuerit
1743 5627 1959 5696 permit.-

436 5749 454 5783 ί
479 5757 579 5799 Am.
604 5758 677 5800 Er.
705 5759 756 5804 et
776 5760 915 5820 istm,
938 5769 1029 5820 non
1065 5755 1337 5820 pra‘ralect.
1365 5764 1484 5816 nat.,
1507 5771 1596 5810 non
1622 5760 1788 5813 valeat.
1815 5763 1960 5815 Abest

369 5821 460 5862 seu
476 5823 508 5864 a
528 5820 657 5873 Mss.,
680 5819 912 5878 e-quibus
934 5818 1157 5880 pleriilue
1179 5820 1379 5880 habent,
1407 5823 1574 5872 valeat.

648 5900 875 5962 SANCT.
926 5906 1202 5967 AUGUST.
1250 5907 1359 5966 lll.

1709 375 1909 431 LIBER
1949 345 2290 443 QUARTUS.

3435 367 3442 379 '
3531 381 3665 438 τίδ’

2057 494 2235 549 tendo.
2263 493 2392 549 Nam
2420 509 2539 550 cum
2567 495 2631 551 ad
2675 504 2950 567 peccatum
2976 495 3214 567 ejusdem
3242 495 3340 552 viri
3370 500 3632 567 pertinere

2056 585 2301 652 voluerit,
2356 587 2402 641 si
2434 587 2576 657 prius
2607 589 2924 657 permiserit,
2961 597 3013 642 et
3043 595 3227 660 postea
3257 588 3629 657 prohibuerit;

2054 679 2213 734 etiam
2237 678 2321 733 hic
2339 687 2514 734 tamen
2537 695 2640 735 non
2666 680 2796 735 dixit
2823 690 2879 734 ut
2906 680 3061 735 faciat
3093 682 3286 736 mulier
3308 682 3450 752 quod
3476 698 3634 738 vove-
3676 683 3678 685 ’

2056 781 2156 834 rat,
2187 770 2309 840 quia
2347 770 2602 840 permissa
2632 771 2778 841 prius
2800 786 2830 824 a
2859 772 2972 825 viro
3002 771 3190 827 fuerat.
3225 772 3334 826 Viri
3356 772 3490 827 dixit
3513 787 3634 829 esse

2056 870 2354 931 peccatum,
2376 862 2497 931 quia
2545 861 2729 916 abnuit
2760 862 2901 932 quod
2936 862 3082 932 prius
3120 872 3494 918 concesserat:
3524 879 3632 920 non

2058 958 2234 1008 tamen
2283 952 2494 1008 mulieri
2531 953 2617 1009 vel
2645 967 2710 1009 ex
2737 952 2840 1008 hoc
2882 955 3199 1024 permissum
3225 955 3389 1022 dedit,
3427 967 3484 1010 ut
3511 971 3631 1013 cum

2055 1046 2200 1116 prius
2222 1047 2268 1101 ei
2294 1047 2376 1100 vir
2400 1047 2744 1115 concesserit,
2761 1056 2944 1116 postea
2969 1047 3014 1102 si
3055 1047 3406 1116 prohibuerit,
3439 1059 3630 1105 conte-

2055 1151 2284 1192 mnatur.

2127 1228 2314 1285 Utrum
2356 1238 2532 1283 autem
2573 1231 2672 1284 ista
2699 1231 2857 1285 etiam
2886 1229 2952 1285 ad
2996 1239 3116 1285 vota
3143 1232 3486 1287 continentiae
3515 1241 3569 1288 et
3595 1248 3627 1289 a

2054 1321 2336 1375 concubitu
2366 1321 2698 1375 abstinentia
2757 1321 3074 1390 pertineant,
3133 1323 3325 1377 merito
3350 1323 3626 1392 quaeritur.

2057 1428 2124 1466 ne
2145 1411 2281 1467 forte
2307 1428 2367 1468 ea
2401 1421 2606 1467 tantum
2634 1413 2975 1483 intelligenda
3003 1414 3379 1470 sintadversus
3395 1417 3627 1470 animam

2056 1506 2255 1570 voveri,
2288 1517 2407 1576 qua:
2430 1515 2554 1560 sunt
2581 1507 2637 1559 in
2669 1505 2802 1560 cibis
2823 1515 2875 1559 et
2897 1505 3215 1574 potionibus.
3244 1506 3396 1572 Quod
3427 1507 3637 1562 videtur

2056 1605 2111 1654 et
2149 1597 2278 1652 illud
2307 1597 2629 1665 signiﬁcare,
2657 1597 2748 1652 ubi
2803 1597 3060 1651 Dominus
3111 1597 3203 1662 ait,
3237 1596 3424 1652 Nonne
3462 1600 3634 1652 anima

2057 1689 2170 1760 plus
2195 1697 2264 1742 est
2292 1704 2442 1758 quam
2462 1686 2612 1760 esea(
2638 1687 2822 1740 Matth.
2853 1703 2924 1752 vt,
2947 1685 3050 1758 25)
3077 1686 3099 1739 ?
3127 1696 3180 1740 et
3204 1701 3324 1741 cum
3345 1686 3412 1741 de
3433 1686 3637 1758 jejunio

2057 1782 2396 1852 prmcipitur,
2444 1781 2513 1836 ita
2560 1779 3155 1850 prtccipitur,Aﬂiigetis
3207 1779 3403 1832 animas
3441 1789 3630 1834 vestras

2058 1874 2254 1945 (Nunt.
2281 1891 2424 1939 xxix,
2449 1874 2541 1943 7).
2561 1874 2750 1928 Nescio
2774 1884 2950 1927 autem
2973 1881 3147 1926 utrum
3166 1872 3359 1926 alicubi
3379 1873 3479 1942 legi
3507 1887 3632 1942 pos-

2057 1966 2144 2031 sit,
2174 1966 2430 2020 adversus
2458 1965 2688 2018 animam
2714 1963 2818 2018 dici
2845 1972 3022 2017 votum
3051 1962 3192 2032 quod
3214 1962 3281 2018 de
3305 1963 3631 2018 abstinentia

2056 2055 2368 2111 concubitus
2396 2053 2552 2108 fuerit
2576 2071 2590 2109 :
2614 2055 2842 2108 maxime
2867 2053 2987 2122 quia
3005 2067 3128 2106 cum
3153 2051 3240 2106 hic
3260 2051 3368 2106 Lex
3389 2053 3623 2106 auctori-

2059 2155 2219 2202 tatem
2241 2147 2355 2200 viro
2383 2147 2596 2208 tribuat,
2625 2158 2732 2198 non
2760 2142 2973 2197 mulieri
2999 2157 3121 2212 quia:
3149 2143 3262 2196 viro
3295 2141 3506 2197 subdita
3527 2151 3630 2204 est,

2057 2247 2116 2294 ut
2138 2248 2262 2293 tunc
2291 2236 2637 2307 persolvendo
2663 2236 2769 2290 sint
2792 2244 2912 2289 vota
2960 2234 3220 2298 mulieris,
3248 2234 3294 2288 si
3322 2234 3405 2288 vir
3443 2249 3640 2304 appro-

2056 2331 2298 2397 bavcrit;
2327 2329 2371 2384 si
2396 2337 2571 2384 autem
2613 2327 2869 2392 renuerit,
2903 2343 3008 2382 non
3046 2326 3376 2388 debeantur:
3411 2327 3639 2396 Aposto-

2058 2422 2142 2476 lus
2169 2431 2367 2481 tamen,
2398 2434 2519 2474 cum
2540 2419 2607 2474 de
2633 2418 2917 2474 concubitu
2947 2416 3346 2486 eonjugatarum
3373 2417 3625 2485 loquere-

2060 2523 2164 2579 tur,
2197 2529 2303 2568 non
2332 2514 2402 2568 ibi
2430 2513 2682 2582 majorem
2709 2511 3076 2566 auctoritatem
3103 2510 3216 2564 viro
3245 2524 3403 2579 quam
3424 2509 3662 2564 femina:-

2057 2603 2204 2659 dedit
2231 2621 2244 2669 ;
2275 2603 2390 2669 sed,
2420 2601 2596 2667 Uxori,
2631 2601 2818 2671 inquit,
2851 2600 2925 2654 vir
2948 2599 3169 2653 debitum
3195 2600 3392 2666 reddat,
3411 2600 3639 2656 similiter

2058 2703 2106 2748 et
2128 2710 2258 2749 uxor
2271 2694 2376 2747 viro
2400 2709 2565 2747 :uxor
2584 2703 2684 2745 non
2704 2691 2850 2745 habet
2880 2699 3167 2761 potestatem
3183 2692 3406 2762 corporis
3429 2692 3528 2755 sui,
3550 2693 3639 2746 sed

2057 2787 2166 2853 vir;
2186 2785 2602 2840 similiter-autem
2627 2795 2673 2837 et
2702 2784 2777 2836 vir
2811 2799 2913 2836 non
2935 2782 3080 2835 habet
3100 2791 3388 2853 potestatem
3415 2785 3656 2855 corporis

2057 2881 2156 2946 sui,
2183 2878 2271 2933 sed
2305 2877 2486 2932 mulier
2513 2877 2530 2948 (
2557 2875 2712 2932 lCor.
2737 2891 2826 2940 vn,
2849 2877 2910 2942 5,
2931 2875 2964 2928 4
2984 2872 3025 2946 ).
3053 2875 3275 2942 Quando
3295 2890 3422 2946 ergo
3457 2875 3509 2930 in
3541 2876 3660 2931 hac.

2059 2987 2118 3027 re
2136 2987 2317 3042 parem
2344 2971 2619 3040 utriusque
2642 2985 2762 3024 esse
2790 2969 2959 3023 voluit
2983 2976 3320 3038 potestatem,
3340 2975 3468 3037 puto
3495 2969 3640 3037 quod

2058 3063 2213 3119 nobis
2243 3062 2641 3131 intelligendum
2671 3061 2919 3125 insinuet,
2948 3060 3102 3114 istam
3133 3057 3200 3113 de
3231 3057 3639 3115 concumbendo

2065 3153 2149 3208 vel
2182 3168 2285 3208 non
2325 3150 2730 3207 concumbendo
2778 3151 3018 3220 regulam
3045 3158 3150 3203 nun
3182 3149 3448 3219 pertinere
3473 3147 3538 3202 ad
3566 3163 3631 3204 ea

2059 3258 2199 3314 vota,
2225 3247 2314 3303 ubi
2345 3263 2449 3302 non
2482 3247 2675 3302 habent
2703 3261 2886 3315 parem
2909 3245 2990 3298 vir
3014 3252 3068 3299 et
3086 3244 3279 3298 mulier
3299 3252 3654 3313 potestatem,-

2059 3339 2154 3395 sed
2173 3339 2268 3392 viri
2297 3339 2466 3407 major
2491 3347 2592 3402 est,
2624 3351 2686 3390 ac
2707 3351 2868 3406 prope
2891 3335 3009 3404 ejus
3036 3334 3200 3388 solius
3218 3341 3320 3388 est.
3351 3333 3466 3388 Non
3497 3333 3638 3389 enim

2058 3431 2132 3484 ait
2154 3429 2262 3484 Lex
2285 3428 2457 3482 virum
2483 3442 2588 3481 non
2618 3427 2813 3480 debere
2853 3425 3076 3479 reddere
3099 3431 3219 3477 vota
3276 3439 3393 3488 sua,
3424 3424 3468 3478 si
3507 3438 3642 3477 uxor

2060 3519 2429 3591 prohibuerit;
2461 3519 2557 3573 sed
2586 3531 2829 3583 uxorem,
2864 3517 2908 3571 si
2954 3516 3038 3568 vir
3087 3515 3454 3586 prohibuerit:
3486 3513 3640 3571 Unde

2060 3628 2164 3668 non
2191 3612 2320 3667 mihi
2355 3611 2565 3666 videtur
2600 3609 2653 3664 in
2682 3606 2984 3678 hujusmodi
3013 3607 3149 3662 votis
3172 3616 3226 3661 et
3247 3605 3644 3661 deﬁnitionibus

2059 3711 2218 3774 atque
2263 3701 2692 3772 obligationibus,
2743 3715 2862 3769 quae
2898 3698 3156 3752 adversus
3203 3697 3433 3751 animam
3487 3696 3640 3760 ﬁunt,

2060 3796 2219 3850 etiam
2249 3795 2346 3848 ista
2376 3793 2574 3848 debere
2607 3791 2796 3860 accipi,
2821 3804 2938 3859 quae
2966 3789 3104 3843 inter
3129 3803 3186 3842 se
3211 3788 3294 3842 vir
3328 3797 3383 3842 et
3413 3802 3547 3842 uxor
3575 3787 3644 3842 de

2060 3885 2490 3953 concumbendo,
2517 3885 2603 3939 vel
2627 3883 2695 3938 de
2714 3881 3031 3937 abstinentia
3057 3879 3443 3956 concumbendi
3473 3878 3640 3949 placi-

2063 3987 2112 4035 t‘a
2145 3978 2445 4034 habuerint.

2076 4075 2078 4077 ’
2133 4070 2334 4126 Deinde
2361 4070 2483 4140 quia
2504 4077 2557 4124 et
2578 4069 2690 4123 istae
2715 4065 3116 4137 justiﬁeationes
3143 4065 3410 4129 dicuntur,
3439 4071 3498 4119 et
3523 4078 3636 4118 me-

2061 4163 2311 4217 minimus
2347 4163 2398 4215 in
2423 4161 2526 4214 illis
2547 4159 3030 4230 justiﬁcationibus,
3058 4173 3176 4227 quae
3223 4158 3278 4210 in
3313 4156 3498 4211 Exodo
3536 4156 3638 4210 sub

2063 4254 2164 4308 hoc
2187 4254 2400 4307 nomine
2417 4253 2533 4306 alia:
2554 4259 3059 4315 commemorantur,
3083 4249 3245 4303 multa
3269 4247 3502 4317 pra‘cipi,
3524 4262 3644 4317 qua:

2062 4347 2227 4415 accipi
2275 4345 2339 4400 ad
2367 4345 2741 4414 proprietatem
2774 4358 2879 4395 non
2903 4339 3127 4410 possint,
3165 4354 3264 4394 nec
3288 4339 3341 4392 in
3365 4338 3512 4392 Novo
3539 4339 3644 4393 Te-

2063 4446 2327 4493 stamento
2351 4437 2698 4489 observentur
2722 4450 2734 4495 ;
2763 4433 2897 4485 sicut
2926 4431 2992 4485 de
3009 4445 3135 4484 aure
3157 4429 3296 4483 servi
3321 4429 3645 4498 pertunden-

2065 4527 2166 4597 ἀεὶ(
2194 4526 2360 4581 Exod.
2391 4541 2498 4588 xxi,
2525 4523 2612 4596 6),
2642 4533 2697 4580 et
2740 4523 2781 4576 si
2812 4521 2936 4591 quid
2968 4519 3229 4588 ejusmodi
3257 4529 3339 4574 cst
3367 4535 3381 4574 :
3409 4535 3515 4575 non
3546 4520 3642 4575 ah-

2064 4621 2226 4675 surde
2253 4621 2414 4675 etiam
2460 4618 2548 4671 hic
2573 4616 2768 4685 aliquid
2798 4615 3016 4684 ﬁgurate
3069 4613 3266 4667 dictum
3314 4613 3644 4683 intelligitur,

2067 4722 2122 4766 ut
2147 4711 2395 4780 quoniam
2442 4716 2566 4762 sunt
2610 4706 2790 4760 multa:
2833 4704 3168 4759 abstinentia:
3219 4705 3634 4759 cerimoniarum

2065 4801 2474 4864 irrationabiles,
2519 4808 2573 4854 et
2601 4796 2885 4876 aliquando
2932 4797 3092 4851 etiam
3141 4796 3368 4851 inimica:
3409 4795 3640 4862 veritati,

2025 4895 2168 4949 'hoc
2193 4893 2419 4948 fortasse
2469 4889 2555 4946 hic
2581 4889 2801 4958 intelligi
2823 4888 3086 4953 voluerit,
3134 4896 3261 4943 tunc
3309 4896 3452 4942 ratas
3501 4903 3642 4953 esse,

2066 5001 2188 5041 cum
2211 4983 2551 5039 rationabiles
2578 4981 2772 5036 iuerint
2798 4997 2813 5047 ;
2849 4980 2949 5033 hoc
2969 4988 3070 5042 cst,
3110 4994 3233 5033 cum
3273 4993 3364 5033 eas
3389 4977 3648 5048 approba-

2066 5078 2204 5133 verit
2258 5077 2413 5141 ratio,
2443 5090 2562 5145 quae
2591 5073 2658 5128 ad
2683 5074 2852 5129 vicem
2885 5073 2984 5126 viri
3021 5072 3178 5126 debet
3205 5087 3390 5142 regere
3434 5086 3645 5127 omnem

2067 5163 2350 5224 animalem
2377 5167 2688 5230 motionem,
2721 5181 2841 5234 quae
2868 5165 2926 5218 ﬁt
2955 5179 3063 5218 non
3087 5173 3290 5217 tantum
3317 5164 3368 5216 in
3391 5172 3646 5233 appeten-

2066 5265 2157 5332 do,
2179 5279 2364 5319 verum
2383 5261 2542 5318 etiam
2559 5261 2612 5315 in
2632 5258 2946 5314 abstinendo
2975 5275 2989 5311 :
3020 5266 3077 5312 ut
3097 5256 3143 5311 si
3169 5265 3346 5311 mente
3373 5266 3426 5310 et
3447 5256 3651 5312 ratione

2067 5356 2392 5419 decernitur,
2413 5362 2538 5408 tunc
2562 5351 2652 5406 ﬁat
2676 5367 2690 5416 ;
2717 5351 2763 5405 si
2781 5359 2957 5406 autem
2974 5349 3306 5419 improbatur
3321 5348 3543 5403 consilio
3564 5365 3650 5402 ra-

2068 5451 2249 5517 tionis,
2280 5465 2384 5516 non
2409 5448 2518 5502 ﬁat.
2543 5447 2694 5514 Quod
2711 5447 2758 5510 si
2777 5445 2913 5500 ratio
2939 5445 3079 5514 quod
3113 5443 3260 5512 prius
3282 5431 3426 5497 recte
3455 5441 3650 5496 facien-

2064 5543 2194 5598 dum
2223 5557 2346 5599 esse
2397 5540 2717 5606 decreverit,
2769 5548 2888 5609 post
2942 5537 3224 5606 improbet,
3282 5536 3350 5590 sit
3376 5546 3648 5606 peccatum

2067 5635 2278 5691 consilii
2303 5652 2314 5685 :
2343 5633 2504 5690 etiam
2557 5633 2636 5687 sic
2681 5640 2856 5685 tamen
2888 5629 3094 5684 nonnisi
3145 5627 3337 5682 rationi
3370 5627 3530 5681 motio
3567 5629 3650 5680 illa

2069 5728 2386 5783 Consentiat.

2143 5819 2252 5874 LX.
2288 5818 2382 5891 [lh.
2421 5833 2564 5884 xxxi,
2591 5817 2642 5883 5',
2671 5816 2720 5871 6.
2742 5815 2761 5888 ί
2785 5815 2916 5882 Quid
2951 5823 3048 5878 est,
3087 5813 3148 5867 Et
3181 5814 3312 5867 misit
3341 5830 3421 5870 eo:
3449 5810 3652 5884 diog/ses

2852 5910 3412 5991 (Vingo-quatch
