4068 6360
491 247 518 297 7
529 245 589 299 6³1

487 359 621 412 mille
647 372 711 413 ea:
740 336 880 412 tribu
928 361 975 411 et
1007 355 1148 410 mille
1184 370 1248 410 ea:
1289 353 1421 408 tribu
1464 370 1580 408 cum
1629 353 1806 408 virtute
1857 348 2069 405 eorum?

488 451 673 506 Utrum
693 448 942 505 virtutem
960 461 1145 505 eorum
1166 447 1279 502 vult
1297 446 1538 517 intelligi,
1562 444 1826 515 principes
1846 440 2069 498 eorum?

484 557 552 596 an
572 541 818 597 virtutem
843 554 874 594 a
896 540 1120 595 Domino
1144 540 1224 596 eis
1248 538 1449 605 datam,
1475 538 1561 593 vel
1582 552 1679 609 per
1707 536 1879 607 ipsum
1919 535 2066 607 Moy-

486 649 579 689 sen
626 633 961 702 impetratam
985 630 1011 686 l
1037 646 1108 687 an
1133 631 1309 701 potius
1349 622 1597 685 virtutem
1627 642 1813 685 eorum
1862 625 1993 682 dicit
2023 627 2064 694 ί,

484 738 545 783 ea
571 722 765 794 quibus
790 722 958 777 virtus
986 736 1169 778 eorum
1190 719 1630 778 sustentaretur?

553 814 690 872 LXI.
724 814 833 889 [lh.
856 830 1001 883 xxxt,
1029 814 1087 873 8.
1115 813 1136 888 ]
1167 815 1346 870 Potest
1374 814 1539 869 videri
1567 811 1815 884 qucestio,
1845 824 2069 883 quomo-

481 912 552 967 do
567 910 784 983 quando
800 910 1052 967 lsraelitte
1099 909 1410 965 Madiauitas
1450 908 1870 972 debellaverunt,
1903 906 2067 961 inter-

482 1004 673 1058 iectum
695 1002 835 1058 dicat
848 1002 1117 1072 Scriptura
1140 1002 1369 1065 Balaam,
1389 1000 1477 1071 qui
1499 999 1672 1055 fuerat
1691 997 1985 1054 conductus
1997 994 2065 1051 ad

482 1092 904 1150 maledicendum
927 1093 1176 1163 populqu
1205 1092 1369 1149 lsrael
1399 1111 1413 1147 :
1444 1106 1565 1147 cum
1594 1091 1837 1162 superius
1854 1088 2066 1161 quando

480 1185 801 1242 benedicere
828 1194 1047 1243 coactus
1085 1194 1185 1249 est,
1219 1186 1299 1241 ita’
1337 1186 1579 1241 eamdem
1610 1186 1874 1240 actionem
1921 1184 2065 1240 Scri-

479 1288 634 1346 ptura
661 1278 1004 1345 concluserit,
1031 1294 1152 1334 cum
1182 1278 1276 1343 ait,
1311 1278 1379 1332 Et
1414 1295 1624 1349 surgens
1673 1276 1891 1333 Balaam
1944 1276 2066 1331 abiit

478 1387 705 1426 reversus
743 1371 794 1425 in
838 1370 1002 1425 locum
1020 1387 1186 1435 suum,
1208 1382 1254 1425 et
1278 1369 1439 1425 Bolae
1484 1371 1606 1425 abiit
1635 1368 1703 1424 ad
1744 1368 2066 1439 semetipsum

479 1463 499 1535 (
531 1464 699 1527 Num.
730 1480 875 1528 xxtv,
913 1464 1039 1534 25).
1070 1463 1127 1520 Si
1160 1478 1291 1535 ergo
1331 1463 1564 1519 redierat
1600 1461 1665 1518 ad
1708 1463 1882 1517 locum
1909 1475 2063 1515 suum

480 1557 716 1622 Balaam,
770 1555 1039 1627 quomodo
1074 1554 1160 1611 hic
1181 1553 1494 1612 interfectus
1545 1561 1650 1620 est,
1682 1568 1805 1609 cum
1859 1551 1927 1609 de
1955 1561 2063 1606 tam

476 1648 782 1718 longinquo,
823 1646 885 1702 id
920 1654 1004 1703 est
1026 1646 1095 1703 do
1123 1644 1507 1716 Mesopotamia
1532 1643 1782 1701 venerit?
1811 1645 1893 1699 An
1924 1641 2063 1698 forte

475 1753 721 1794 reversus
760 1746 845 1794 est
893 1737 960 1793 ad
987 1737 1169 1803 Baiae,
1202 1746 1258 1794 et
1276 1736 1380 1792 hoe
1430 1735 1704 1805 Scriptura
1733 1749 1839 1791 non
1884 1732 2063 1789 dixit?

474 1828 782 1900 Quanquam
810 1828 969 1884 etiam
996 1828 1164 1899 possit
1186 1827 1238 1883 in
1260 1827 1432 1882 locum
1461 1841 1616 1882 suum
1640 1824 1861 1881 rediisse
1902 1823 2061 1880 intel-

477 1921 589 1989 ligi,
617 1919 757 1989 quod
784 1920 853 1974 ab
880 1920 998 1989 ipso
1044 1920 1164 1975 loco
1187 1919 1274 1975 ubi
1303 1919 1564 1974 sacriﬁcia
1589 1918 1837 1986 faciebat,
1861 1918 1914 1973 in
1938 1932 2061 1973 eum

474 2011 649 2064 locum
674 2024 926 2065 reversus
943 2016 1026 2064 est
1050 2008 1191 2066 unde
1225 2010 1350 2064 illuc
1374 2009 1597 2076 exierat,
1628 2008 1682 2063 id
1706 2017 1809 2076 est,
1838 2009 1927 2065 ubi
1945 2016 2061 2063 tan-

472 2115 636 2171 quam
664 2101 973 2171 peregrinus
1011 2099 1243 2157 habebat
1293 2098 1603 2171 hospitium.
1643 2098 1760 2155 Non
1806 2099 1949 2156 enim
1976 2099 2059 2155 di-

470 2207 615 2253 ctum
635 2205 720 2253 est
740 2198 790 2251 iu
812 2196 1031 2253 domum
1052 2211 1225 2263 suam,
1255 2205 1366 2262 aut,
1389 2195 1443 2251 in
1472 2194 1693 2264 patriam
1723 2208 1911 2261 suam;
1939 2193 2057 2262 sed,

470 2290 524 2342 in
550 2288 717 2343 locum
739 2303 906 2343 suum.
926 2287 1094 2343 Habet
1117 2294 1296 2343 autem
1322 2295 1378 2343 et
1404 2286 1629 2356 quisque
1651 2284 1962 2356 peregrinus
1980 2284 2061 2339 lo-

471 2398 590 2437 cum
620 2396 798 2447 suum,
830 2380 918 2436 ubi
944 2380 1011 2435 ad
1039 2387 1248 2451 tempus
1265 2378 1486 2434 habitat.
1518 2379 1593 2434 De
1615 2376 1733 2448 ipso
1755 2386 1935 2432 autem
1958 2376 2062 2430 Ba-

469 2472 554 2530 lac
597 2471 689 2543 qui
714 2485 838 2526 eum
867 2469 1215 2537 conduxerat,
1244 2483 1350 2524 non
1387 2467 1591 2523 dictum
1636 2475 1740 2535 est,
1767 2466 1833 2521 ad
1882 2465 2057 2521 locum

470 2577 643 2629 suum,
668 2561 782 2628 sed,
809 2560 878 2616 ad
911 2560 1275 2630 semetipsum;
1305 2559 1359 2615 id
1391 2566 1494 2627 est,
1521 2558 1613 2615 ubi
1641 2557 1923 2614 dominans
1956 2556 2056 2612 ha-

468 2654 686 2711 bitabat.
720 2654 912 2710 Posset
926 2667 1054 2724 ergo
1069 2650 1173 2708 dici
1199 2651 1268 2706 ad
1282 2652 1450 2707 locum
1472 2666 1643 2717 suum,
1668 2659 1724 2705 et
1750 2648 2054 2716 dominans,

469 2757 524 2803 et
547 2747 859 2818 peregrinus
886 2762 902 2801 :
931 2744 1001 2799 ad
1024 2744 1347 2815 semetipsum
1382 2752 1583 2808 autem,
1611 2757 1717 2798 non
1738 2741 1896 2797 video
1919 2755 2055 2811 quo-

472 2839 634 2894 modo
656 2846 842 2909 posset
860 2836 966 2893 dici
992 2836 1328 2909 peregrinus,
1356 2850 1477 2892 cum
1501 2834 1570 2891 ad
1588 2834 1874 2906 hospitium
1898 2848 2055 2889 suum

468 2930 721 2985 venisset.

536 3018 693 3076 ιλιι.
728 3017 827 3091 [11).
854 3033 1000 3079 xxxi,
1022 3014 1102 3091 9.]
1127 3015 1191 3071 Et
1215 3014 1440 3088 pmdam
1460 3023 1667 3087 egerunt
1686 3014 1921 3069 mulieres
1946 3010 2059 3068 Ma-

467 3114 610 3177 dian,
659 3122 706 3166 et
752 3107 1151 3183 suppellectilem
1193 3125 1389 3176 eorum,
1439 3117 1490 3163 et
1530 3124 1712 3181 pecora
1756 3123 1950 3173 eorum,
1999 3117 2050 3163 et

466 3207 636 3260 omnia
658 3219 771 3276 qua:
801 3200 1153 3275 possederant,
1201 3211 1247 3257 et
1287 3202 1517 3256 virtutem
1563 3216 1739 3257 eorum
1777 3199 2054 3273 deprcdati

465 3305 598 3351 sunt.
621 3296 753 3352 Cum
779 3294 888 3365 jam
913 3294 1135 3350 dixisset
1154 3293 1425 3358 mulieres,
1449 3292 1857 3363 supellectilem,
1879 3300 1935 3348 et
1962 3306 2056 3362 pe-

465 3404 611 3455 cora,
635 3396 692 3444 et
726 3386 904 3442 omnia
930 3400 1049 3457 qua:
1086 3384 1467 3456 possidebant;
1497 3384 1623 3456 quid
1658 3384 1851 3441 deinde
1884 3384 2051 3452 addit,

465 3492 511 3534 et
536 3480 767 3535 virtutem
789 3495 963 3534 eorum
988 3476 1268 3551 deprtedati
1291 3485 1410 3533 sunt
1426 3477 1453 3533 γ
1477 3475 1740 3533 Nimirum
1761 3476 1907 3533 enim
1936 3475 2054 3532 hmo

464 3570 809 3642 intelligenda
836 3576 921 3626 est
963 3569 1151 3638 virtus,
1199 3569 1268 3626 de
1292 3584 1394 3640 qua
1423 3576 1480 3626 et
1534 3583 1694 3640 supra
1719 3568 1920 3625 dictum
1945 3577 2049 3635 est,

465 3661 677 3716 misisse
713 3661 961 3717 millenos
984 3660 1050 3715 de
1077 3660 1301 3731 singulis
1321 3659 1564 3716 tribubus
1590 3675 1711 3715 cum
1736 3659 1931 3717 virtute
1960 3674 2054 3715 eo-

470 3768 612 3807 rum.
636 3753 717 3807 An
736 3751 872 3807 forte
897 3752 1048 3808 cibus
1069 3768 1173 3823 quo
1195 3752 1649 3818 sustentabantur,
1672 3752 1843 3808 virtus
1861 3766 2048 3808 eorum

466 3841 731 3910 appellata
756 3849 858 3908 est,
884 3856 991 3911 quo
1015 3842 1419 3897 subministrato
1459 3842 1603 3898 vires
1639 3850 1953 3914 suppetunt,
1994 3851 2051 3899 et

466 3947 573 4002 quo
605 3931 878 3989 subtracto
922 3933 1066 3990 vires
1104 3934 1406 3990 delicium?
1435 3934 1589 3991 Unde
1613 3950 1710 4005 per
1734 3936 2052 4007 prophetam

467 4026 605 4081 Deus
634 4041 756 4082 cum
800 4027 1112 4096 minaretur,
1142 4028 1255 4084 ait:
1285 4028 1527 4097 Auferam
1561 4029 1794 4084 uirtutem
1818 4029 1987 4100 panis,
2006 4038 2054 4084 et

464 4120 691 4173 virtutem
705 4134 851 4190 aqua:
873 4119 893 4190 (
912 4117 1040 4175 Isai.
1062 4134 1142 4188 ιιι,
1175 4121 1200 4175 1
1228 4121 1271 4191 ).
1290 4120 1358 4176 Ει
1372 4121 1581 4192 Moyses
1604 4137 1731 4193 ergo
1749 4136 1868 4177 cum
1884 4137 2053 4178 anuo-

464 4226 530 4265 na
558 4211 911 4268 miseratillos
938 4213 1208 4282 millenos,
1240 4213 1382 4284 quod
1408 4213 1608 4270 dictum
1629 4224 1731 4282 est,
1760 4231 1877 4269 cum
1906 4216 2054 4271 uirtu-

525 4366 541 4432 ξ
568 4365 705 4432 Editi,
730 4365 951 4432 virtutem
969 4379 1150 4429 eorum,
1176 4366 1448 4432 quiardedit
1467 4381 1527 4432 ea
1549 4368 1717 4432 quibus
1740 4368 1914 4432 virtus,
1954 4380 2049 4425 etc.

462 4408 1933 4495 subsit—iiiijp'dé'ﬁéiiéﬁéiﬁ'iisE'EiEiHHoﬁwe'ﬁiswanhﬁli
1954 4408 2053 4486 Ἠτῖὶ

464 4491 603 4547 bent,
616 4487 784 4551 quibus
804 4496 971 4541 metus.

460 4593 2906 4622 —-—————-—-————-—————._._______.__.___.___________

1288 239 1750 311 QUA‘SSTIONUM
1787 238 1846 294 S.
1887 233 2251 295 AUGUSTINI
2290 236 2357 293 IN
2396 238 2950 302 HEPTATEUCIIUM

3655 256 3755 314 N8

2173 358 2222 404 te
2249 366 2421 405 eorum
2441 369 2462 419 ,-
2486 361 2543 409 et
2566 353 2650 409 isti
2669 355 2966 415 Madianitis
2984 358 3137 419 victis
3160 362 3319 420 etiam
3349 364 3453 422 hoc
3470 381 3656 425 eorum
3673 370 3753 427 io-

2175 448 2255 495 ter
2283 451 2475 497 caetera
2498 442 2707 500 fuerant
2730 445 3045 517 deprtedati.

2243 529 2422 623 LXIII.
2447 530 2547 608 [11).
2576 550 2720 602 xxxr,
2752 537 2841 606 15,
2872 536 3188 614 16.1Πιᾳιιὶᾱ
3206 543 3490 616 viriﬁeastis
3514 553 3753 623 omnefe-

2171 621 2590 679 mininumillwc
2610 627 2741 681 enim
2756 631 2959 699 fuerunt
2974 632 3096 701 ﬁliis
3120 632 3282 690 Israel
3297 637 3334 703 ί,
3358 641 3629 696 secundum
3646 621 3755 698 uer-

2170 708 2287 766 bunt
2314 709 2548 781 Balaam,
2575 724 2629 770 ut
2648 719 2876 776 recedere
2899 725 3121 793 facerent
3163 736 3212 779 et
3250 725 3507 798 despicere
3546 734 3746 788 verbum

2170 802 2377 859 Domini
2404 817 2613 879 prapter
2639 808 2867 883 Phogor.
2899 812 3011 869 Hoc
3037 816 3318 872 consilium
3350 820 3662 892 malignum,
3693 836 3751 880 ut

2170 894 2249 951 eis
2292 896 2359 953 ad
2388 897 2688 956 illecebram
2743 902 2957 959 femina:
3000 920 3446 979 supponerentur,
3485 928 3582 985 per
3619 931 3753 986 quas

2169 1004 2275 1045 non
2298 991 2471 1048 solum
2498 995 2866 1064 corporaliter,
2885 997 2981 1054 sed
2999 1000 3159 1054 etiam
3182 1002 3532 1071 spiritualiter
3572 1007 3624 1061 in
3659 1010 3754 1061 ad-

2169 1082 2531 1139 orandoidolo
2582 1083 3005 1154 fornicareutur,
3038 1092 3250 1158 quando
3301 1093 3507 1150 dederit
3535 1096 3750 1153 Balaam

2170 1172 2440 1244 Scriptum
2464 1192 2570 1231 non
2606 1178 2778 1246 dixit;
2806 1189 2862 1237 et
2904 1190 3078 1238 tamen
3123 1197 3342 1255 apparet
3392 1186 3585 1245 factum
3610 1207 3753 1256 esse,

2168 1280 2287 1320 cum
2319 1265 2403 1322 hic
2428 1280 2899 1328 commemoratur.
2920 1272 3009 1329 Sic
3032 1289 3160 1345 ergo
3180 1277 3419 1346 potuitet
3438 1281 3613 1337 redire
3640 1283 3756 1355 ipse

2167 1356 2403 1424 Balaam,
2426 1360 2516 1430 qui
2552 1361 2664 1431 jam
2705 1363 2837 1418 ierat
2864 1364 2916 1419 in
2954 1365 3129 1421 locum
3160 1382 3336 1435 suum,
3360 1379 3419 1425 ut
3446 1387 3553 1427 non
3578 1374 3757 1430 locum

2166 1449 2283 1519 ejus
2315 1452 2335 1483 ⁸
2369 1452 2727 1524 intelligamus
2748 1458 3187 1528 peregrinationis
3212 1461 3535 1534 hospitium;
3566 1482 3758 1537 quam-

2170 1544 2252 1600 vis
2279 1544 2379 1600 hoc
2404 1545 2676 1617 Scriptura
2700 1552 2942 1606 tacuerit.

2243 1635 2427 1692 LXIV.
2460 1635 2582 1714 [lh.
2628 1656 2786 1707 xxxv,
2813 1642 2902 1706 11,
2944 1641 3031 1698 12.
3061 1641 3084 1718 ]
3112 1644 3248 1713 Quid
3291 1648 3538 1718 estquod
3561 1648 3656 1719 ait,
3689 1651 3759 1705 Et

2164 1740 2309 1784 erunt
2332 1730 2555 1785 civitates
2578 1731 2713 1788 vobis
2738 1735 2935 1806 refugio
2971 1752 3005 1790 a
3046 1738 3333 1794 uindicante
3359 1743 3674 1814 sauguinem,
3704 1753 3759 1798 et

2164 1837 2265 1875 non
2289 1823 2529 1877 morietur
2550 1824 2593 1879 is
2618 1825 2705 1896 qui
2733 1825 2931 1894 occidit,
2948 1829 3275 1901 quoadusque
3290 1841 3383 1887 stet
3408 1833 3461 1888 in
3484 1847 3759 1909 conspectu

2162 1927 2435 1984 synagoga:
2460 1914 2513 1967 in
2522 1915 2776 1984 judicium
2802 1932 2822 1981 ;
2848 1933 2969 1973 cum
2989 1918 3058 1975 de
3079 1921 3143 1975 iis
3160 1922 3427 1993 loquatur,
3453 1926 3541 1995 qui
3571 1926 3761 1982 nolen-

2165 2010 2245 2056 les
2265 2004 2576 2067 occiderint,
2613 2014 2667 2060 et
2701 2007 2825 2063 alibi
2865 2008 3026 2077 dicat,
3079 2022 3204 2066 tunc
3247 2029 3673 2087 unumquemque
3702 2019 3757 2074 in

2165 2091 2253 2144 tali
2272 2106 2435 2147 causa
2460 2094 2876 2165 confugientium
2911 2100 3057 2154 exire
3087 2101 3311 2158 liberum
3332 2105 3398 2159 de
3416 2106 3629 2163 civitate
3648 2125 3762 2179 quo

2161 2180 2490 2264 cqnfugerat,
2520 2199 2638 2238 cum
2673 2189 2925 2243 sacerdos
2954 2191 3216 2245 maximus
3243 2191 3402 2248 luerit
3424 2193 3711 2251 defunctus
3732 2199 3757 2251 ?

2164 2272 2445 2339 Quomodo
2476 2291 2603 2346 ergo
2620 2276 2707 2332 hic
2728 2277 2877 2345 dicit,
2901 2277 2968 2333 Et
2993 2297 3095 2335 non
3117 2288 3357 2338 morietur
3379 2285 3423 2338 is
3441 2286 3528 2356 qui
3542 2288 3758 2355 occidit,

2160 2369 2486 2436 quoadusque
2504 2378 2596 2422 stet
2622 2369 2673 2423 in
2696 2380 2962 2442 conspectu
2986 2390 3257 2446 synagoga:
3279 2376 3330 2431 in
3345 2377 3641 2448 judicium;
3671 2382 3761 2435 ni-

2161 2456 2207 2510 si
2223 2459 2341 2528 quia
2369 2457 2488 2514 ideo
2506 2459 2777 2529 judicatur
2802 2473 2859 2519 ut
2884 2472 3011 2521 tunc
3028 2466 3076 2520 ei
3098 2468 3258 2522 liceat
3281 2483 3403 2527 esse
3445 2471 3495 2525 in
3526 2473 3751 2530 civitate

2159 2547 2367 2619 refugii,
2408 2548 2454 2603 si
2491 2551 2832 2608 manifestum
2861 2552 3064 2611 factum
3091 2556 3250 2613 fuerit
3277 2563 3329 2614 iu
3351 2560 3552 2631 judicio
3599 2565 3754 2635 quod

2164 2637 2358 2693 nolens
2386 2640 2679 2697 occiderit?

2233 2728 2394 2786 LXV.
2422 2729 2543 2805 [1b.
2573 2750 2731 2804 xxxv,
2764 2735 2851 2802 19,
2881 2737 2968 2792 12.
2991 2736 3012 2811 ]
3034 2738 3169 2810 Quid
3200 2750 3282 2797 est
3309 2744 3450 2813 quod
3492 2743 3586 2813 ait,
3641 2746 3756 2813 Qui

2158 2820 2379 2877 vindicat
2424 2826 2745 2896 sanguinem,
2798 2830 2908 2900 ipse
2954 2832 3219 2903 inter/Sciet
3258 2834 3605 2905 homicidam;
3630 2857 3758 2895 cum

2158 2916 2427 2970 occurrerit
2443 2918 2510 2984 ei,
2535 2918 2629 2973 iste
2653 2920 2919 2992 interﬁciet
2937 2940 3053 2979 eum
3075 2926 3101 2980 7
3128 2926 3219 2983 Sic
3240 2929 3381 2984 enim
3412 2940 3566 2987 sonat
3601 2934 3754 2989 male

2159 3005 2599 3078 intelligentihus,
2628 3012 2779 3082 quasi
2805 3015 3001 3083 passim
3042 3025 3097 3072 et
3136 3018 3253 3074 sine
3270 3020 3470 3090 judicio
3495 3021 3611 3077 data
3639 3024 3765 3080 fue-

2158 3098 2228 3152 rit
2256 3098 2415 3153 ultori
2437 3102 2623 3156 mortis
2652 3104 2932 3175 propinqui
2955 3108 3058 3175 sui,
3090 3108 3301 3164 licentia
3325 3112 3597 3169 occidendi
3619 3116 3751 3185 ejus

2160 3190 2573 3247 interfectorem.
2602 3193 2707 3249 Sed
2729 3195 2831 3251 hoc
2847 3198 3069 3270 intelligi
3095 3200 3282 3268 voluit,
3306 3205 3427 3274 quia
3454 3206 3761 3263 secundum

2158 3281 2211 3337 id
2231 3283 2373 3352 quod
2398 3300 2559 3355 supra
2584 3285 2783 3343 dictum
2806 3298 2908 3356 cst,
2946 3292 3037 3361 qui
3085 3278 3360 3363 occiderit,
3390 3296 3658 3368 confugiat
3689 3300 3765 3356 ad

2157 3388 2318 3429 unam
2344 3374 2411 3430 de
2455 3376 2757 3433 civitatibus
2803 3377 3153 3451 refugiorum,
3198 3385 3671 3458 quoadusquestet
3705 3390 3764 3446 iu

2152 3464 2433 3535 judicium,
2462 3483 2531 3523 ne
2571 3477 2695 3525 ante
2723 3470 2970 3527 inventus
3008 3488 3038 3527 a
3090 3475 3388 3546 prepinquo
3433 3478 3761 3548 occidatur;

2156 3557 2279 3627 quia
2306 3559 2406 3614 etsi
2436 3559 2625 3616 nolens
2642 3562 2856 3630 occidit,
2879 3573 3069 3633 prmter
3085 3566 3203 3621 illus
3220 3566 3464 3624 civitates
3490 3568 3759 3627 inventus

2156 3648 2437 3705 occiditur.
2469 3650 2599 3706 Cum
2630 3666 2758 3707 vero
2779 3653 2831 3707 in
2857 3654 3111 3724 judicium
3137 3658 3344 3712 steterit
3366 3658 3417 3713 in
3444 3659 3617 3731 aliqua
3653 3678 3762 3718 ea-

2156 3756 2275 3795 rum
2300 3742 2597 3811 civitatum,
2630 3751 2685 3799 et
2699 3742 2969 3814 judicatus
3021 3747 3177 3804 fuerit
3200 3749 3466 3806 homicida
3498 3753 3553 3808 in
3571 3754 3764 3826 aliqua

2156 3846 2339 3888 carum
2364 3833 2417 3888 in
2441 3849 2575 3905 quas
2606 3836 2788 3909 iugere
2802 3838 3130 3905 conceditur,
3159 3856 3279 3899 esse
3295 3843 3367 3898 ibi
3391 3860 3496 3899 non
3515 3845 3766 3913 sinitur;

2159 3934 2270 3982 tum
2293 3926 2507 3982 demum
2528 3927 2640 3997 jam
2663 3928 2958 3999 judicatum
2977 3971 2994 3999 ,
3023 3932 3344 4006 ubicumque
3390 3947 3764 4007 compertum.

2158 4019 2457 4091 prepinquo
2474 4020 2600 4077 licet
2618 4023 2884 4079 occidere.
2903 4024 3086 4097 Neque
3113 4028 3255 4082 enim
3276 4042 3412 4097 Opus
3435 4040 3516 4085 est
3537 4043 3667 4085 eum
3693 4031 3770 4087 ad

2151 4109 2413 4180 judicium
2450 4110 2662 4177 deduci,
2686 4129 2807 4168 cum
2828 4113 2939 4185 jam
2964 4115 3119 4172 fuerit
3141 4117 3412 4187 judicatus
3456 4118 3764 4187 homicida,

2157 4210 2211 4256 et
2239 4212 2518 4274 prepterca
2549 4204 2616 4259 de
2645 4204 2749 4259 illis
2770 4205 3069 4263 civitatibus
3098 4209 3280 4279 pulsus
3296 4210 3388 4264 sit.

2222 4316 2239 4384 ξ
2265 4319 2326 4384 In.
2342 4315 2503 4384 editis,
2528 4325 2630 4384 Hoc
2815 4319 3033 4384 fecerunt
3063 4317 3167 4384 ﬁlii,
3188 4320 3356 4372 Israel.
3376 4326 3451 4384 _tn
3482 4328 3611 4383 Mss.,
3649 4321 3772 4375 hcc

2156 4374 2533 4451 erzim.(scili_(:et,
2558 4374 2826 4451 l‘egnipinaf
2844 4380 3036 4451 fuerunt
3063 4374 3193 4448 'ﬁliis
3232 4382 3402 4434 Israel.
3441 4384 3576 4448 Apud
3597 4374 3772 4448 'Lxx,

2157 4440 2291 4488 αλιι(ιὶ
2309 4450 2399 4500 gar
2420 4440 2534 4490 e‘san
2555 4440 2643 4490 teis
2664 4440 2819 4492 huiois
2840 4440 3004 4492 israel.

2221 4501 2241 4531 ³
2265 4502 2337 4549 Sic
2358 4507 2464 4551 Mss.
2490 4508 2547 4551 Al.
2570 4504 2707 4563 editi,
2731 4511 2780 4553 ut
2798 4504 2938 4555 modo
2960 4504 3117 4555 locum
3132 4505 3254 4567 ejus.

2909 4610 2983 4624 ἀ

1452 4673 1926 4781 LIBER
2026 4676 2751 4803 QUINTUS.

1686 4883 1984 4939 Qumstloues
2004 4883 2052 4932 lu
2074 4887 2513 4936 Deuteronomium.

1826 5011 2305 5092 Wa»...—

526 5156 744 5224 Quszsr.
775 5152 817 5208 l.
850 5152 1044 5229 [Dama
1072 5169 1186 5226 cap.
1210 5167 1248 5221 ι,
1281 5153 1315 5225 y
1352 5148 1511 5225 ’39,
1534 5151 1650 5228 50.]
1685 5152 1745 5211 In
1801 5169 1869 5211 eo
1906 5156 2047 5227 quod

466 5256 851 5303 commemorat
878 5247 1105 5320 Moyses,
1122 5246 1320 5302 dixisse
1337 5260 1395 5302 se
1410 5247 1609 5318 pepulo
1637 5246 1843 5303 timenti
1866 5246 2048 5304 hostes

460 5339 818 5395 inhabitantes
838 5347 1056 5407 terram,
1081 5354 1189 5409 quo
1210 5338 1626 5396 introducendus
1671 5340 1769 5394 fuit
1789 5381 1804 5407 ,
1838 5339 1922 5395 Ne
1945 5357 2045 5412 pa-

456 5431 631 5497 veatis,
656 5446 815 5501 neque
836 5430 1050 5485 timentis
1074 5429 1136 5483 ob
1161 5429 1232 5484 eis
1264 5445 1282 5484 :
1312 5429 1558 5486 Dominus
1577 5429 1716 5485 Deus
1737 5441 1927 5497 noster,
1955 5431 2045 5502 qui

457 5522 694 5590 praecedit
712 5533 829 5578 ante
869 5523 1050 5593 faciem
1077 5531 1309 5589 vestram,
1338 5521 1447 5594 ipse
1473 5524 1624 5578 simul
1650 5523 1917 5579 debellabit
1957 5540 2042 5581 eos

457 5610 706 5665 zobiscum
741 5628 759 5666 :
784 5614 914 5668 satis
939 5613 1236 5669 ostenditur
1272 5614 1341 5668 ita
1369 5629 1489 5671 esse
1517 5614 1813 5688 adjutorem
1846 5616 2037 5686 Deum,

452 5714 510 5758 ut
538 5703 693 5759 etiam
721 5704 962 5762 homines
984 5716 1141 5769 agant
1165 5705 1383 5767 aliquid.

2227 5158 2289 5214 11.
2320 5157 2418 5233 [11).
2442 5174 2501 5228 ιι,
2532 5160 2647 5237 50.]
2676 5162 2742 5217 Et
2779 5162 2942 5218 noluit
2972 5164 3109 5221 Seou
3149 5182 3241 5221 rea:
3283 5165 3481 5224 Esebon
3524 5172 3781 5228 transire

2150 5267 2243 5307 nos
2286 5268 2376 5323 per
2412 5252 2612 5325 ipsum,
2667 5256 2906 5327 quoniam
2944 5258 3269 5314 induraverat
3306 5260 3557 5318 Dominus
3597 5262 3773 5321 Deus

2150 5352 2318 5399 noster
2340 5346 2577 5416 spiritum
2602 5348 2730 5419 ejus,
2755 5358 2804 5404 et
2832 5351 3137 5423 confortauit
3159 5368 3248 5406 cor
3271 5354 3400 5425 ejus,
3425 5363 3482 5408 ut
3514 5357 3773 5413 tradere—

2148 5443 2230 5490 tur
2250 5438 2305 5492 in
2322 5455 2499 5493 manus
2527 5449 2658 5508 tuas,
2686 5443 2814 5496 sicut
2837 5443 2892 5497 in
2908 5443 3004 5497 hac
3030 5443 3129 5497 die.
3146 5443 3271 5500 Haec
3290 5446 3475 5502 dicens
3504 5447 3764 5517 Moyses,

2147 5527 2272 5584 dum
2299 5532 2549 5601 populum
2575 5533 2880 5603 alloquitur,
2914 5536 3021 5591 tale
3069 5536 3269 5607 aliquid
3316 5551 3767 5608 commemorat,

2144 5619 2301 5691 quale
2327 5620 2603 5677 dicebatur
2632 5621 2685 5678 in
2711 5623 2921 5693 Exodo,
2944 5624 3053 5697 Ego
3073 5626 3309 5683 induraui
3331 5644 3420 5684 cor
3443 5627 3772 5690 Pharaonis

2145 5709 2336 5772 (Exod.
2367 5728 2425 5775 x,
2458 5714 2547 5781 l);
2576 5714 2793 5784 etquod
2823 5714 2877 5771 iu
2907 5715 3132 5775 Psalmis
3149 5719 3357 5791 legitur,
3375 5716 3638 5777 Conuenit
3666 5736 3776 5777 cur
