4136 6454
372 353 478 411 τις

370 482 563 532 eorum,
592 474 647 520 ut
693 464 913 520 odissent
956 463 1198 536 populum
1222 465 1331 536 ejus
1357 462 1525 538 (Psal.
1555 477 1665 529 etv,
1693 462 1808 532 25).
1842 460 1950 518 Nec

372 568 576 613 tacetur
600 556 689 612 hic
715 571 876 611 causa
904 556 1252 613 indurationis
1271 554 1448 627 hujus,
1477 570 1597 611 cum
1644 554 1856 619 dicitur,
1895 560 1950 607 ut

370 650 656 704 traderetur
678 648 731 703 in
766 664 946 703 manus
965 657 1095 712 tuas,
1119 650 1246 704 sicut
1274 648 1327 703 in
1352 648 1450 702 hac
1485 647 1568 701 die
1604 661 1625 702 :
1653 646 1703 701 id
1730 654 1843 713 est,
1891 652 1950 699 ut

367 740 670 795 vinceretur
694 754 723 792 a
755 746 840 803 te;
870 739 1009 810 quod
1043 753 1146 793 non
1170 737 1340 802 ﬁeret,
1364 738 1465 792 nisi
1496 738 1797 801 resisteret;
1840 750 1947 790 non

365 842 541 888 autem
573 833 870 898 resisteret,
908 831 1008 886 nisi
1040 832 1202 887 corde
1250 830 1526 887 obdurato.
1571 828 1733 899 Cujus
1761 828 1837 883 rei
1859 829 1946 898 ju-

366 925 563 980 stitiam
592 923 637 978 si
664 923 1052 993 qumsierimus,
1093 924 1452 979 inscrutabilia
1478 921 1819 992 suntjudicia
1852 922 1945 977 Dei

368 1014 545 1086 (Rom.
590 1029 673 1079 χι,
709 1014 840 1084 35):
872 1014 1124 1084 iniquitas
1148 1025 1326 1069 autem
1355 1030 1461 1068 non
1504 1024 1587 1068 est
1611 1012 1745 1083 apud
1779 1013 1945 1068 Deum

367 1103 476 1175 (Id.
511 1119 586 1168 rx,
618 1102 729 1173 14).
784 1103 924 1159 Sane
966 1103 1256 1159 notandum
1301 1112 1417 1170 est,
1450 1103 1805 1158 conlortatum
1851 1117 1945 1159 cor

364 1206 520 1264 posse
543 1193 645 1247 dici
668 1194 826 1248 etiam
852 1194 901 1247 in
934 1194 1095 1248 malo.

432 1283 519 1339 ιιι.
555 1281 652 1357 [lb.
679 1300 756 1349 tn,
786 1282 865 1357 2.]
905 1282 1252 1338 Verumtamen
1293 1282 1373 1356 0g
1392 1298 1486 1337 rea:
1520 1282 1686 1337 Busan
1726 1284 1944 1355 reliquus

362 1378 526 1445 factus
551 1385 621 1430 est
640 1392 672 1428 a
698 1375 955 1445 Ilaphain.
987 1375 1096 1429 Iloc
1123 1375 1358 1441 nomine,
1392 1374 1535 1444 quod
1564 1382 1648 1430 est
1677 1375 1938 1443 Raphain,

360 1467 601 1536 gigantes
629 1467 912 1537 signiﬁcari
948 1467 1000 1521 in
1029 1466 1242 1522 hebrtea
1276 1466 1447 1537 lingua
1477 1466 1657 1521 dicunt
1684 1467 1774 1537 qui
1822 1482 1939 1522 eam

360 1568 640 1615 noverunt.
675 1559 825 1616 Unde
845 1560 985 1630 quod
1014 1560 1208 1615 habent
1239 1561 1476 1632 plerique
1507 1560 1720 1615 codices
1753 1560 1940 1614 dereli-

359 1662 469 1706 ctus
503 1661 574 1706 est
611 1668 645 1705 α
682 1652 937 1723 Raphain,
966 1652 1173 1722 planius
1221 1654 1401 1723 utique
1446 1653 1671 1717 dicitur,
1719 1651 1941 1719 reliquus

358 1745 523 1814 factus
543 1754 637 1812 est,
650 1753 708 1800 ut
728 1745 839 1816 ipse
855 1760 920 1800 ex
938 1745 1040 1799 illis
1060 1746 1380 1803 remansisse
1406 1746 1759 1817 intelligatur:
1786 1745 1938 1813 cujus

357 1838 517 1893 etiam
542 1846 930 1908 consequenter
966 1837 1238 1907 longitudo
1265 1848 1319 1893 et
1341 1838 1562 1892 latitudo
1606 1835 1766 1892 ferrei
1810 1836 1934 1891 lecti

354 1937 842 1996 commemoratur,
884 1928 951 1984 ad
1014 1928 1133 2000 ejus
1186 1928 1604 1999 magnitudinem
1662 1941 1939 1984 commen-

346 2019 605 2076 dandam.
1606 2037 1683 2076 νςιῖλς

425 2111 513 2166 Iv.
537 2110 637 2185 [lb.
668 2126 745 2177 Iv,
777 2109 890 2185 ια]
930 2109 1014 2166 Ne
1037 2112 1254 2183 feceritis
1281 2112 1614 2186 iniquitatem,
1645 2121 1693 2167 et
1735 2111 1934 2183 faciatis

353 2203 488 2257 vobis
506 2204 633 2273 ipsis
657 2203 940 2275 sculptilem
982 2204 1382 2271 similitudinem,
1407 2220 1604 2259 omnem
1640 2204 1930 2276 imaginem.

352 2294 489 2361 Quid
528 2293 740 2350 intersit
773 2293 912 2349 inter
930 2293 1329 2350 similitudinem
1356 2302 1413 2349 et
1453 2294 1735 2366 imaginem
1767 2294 1931 2364 quaeri

351 2386 509 2441 solet.
536 2385 640 2442 Sed
669 2386 757 2443 hic
780 2401 885 2440 non
912 2385 1068 2441 video
1095 2386 1222 2457 quid
1267 2387 1527 2442 interesse
1546 2387 1792 2453 voluerit,
1829 2386 1931 2441 nisi

349 2486 444 2531 aut
473 2476 680 2532 duobus
726 2476 842 2531 istis
870 2475 1141 2531 vocabulis
1177 2492 1335 2531 unam
1384 2491 1499 2532 rem
1534 2475 1928 2546 signiﬁcaverit,

349 2576 441 2622 aut
465 2568 862 2623 similitudinem
892 2568 1105 2633 dixerit,
1133 2569 1209 2633 si,
1239 2567 1387 2625 verbi
1413 2568 1600 2639 gratia,
1641 2569 1731 2622 ﬁat
1757 2576 1931 2625 statua

347 2661 432 2715 vel
457 2662 799 2717 simulacrum
820 2662 1021 2718 habens
1049 2661 1279 2733 efﬁgiem
1304 2662 1607 2727 humanam,
1627 2677 1733 2716 non
1750 2670 1928 2717 tamen

346 2751 571 2822 alicujus
599 2751 829 2808 hominis
847 2754 1214 2823 exprimantur
1237 2754 1578 2821 lineamenta,
1596 2755 1736 2810 sicut
1758 2755 1927 2825 picto-

347 2859 437 2898 res
448 2845 526 2900 vel
557 2846 790 2901 statuarii
812 2846 1028 2913 faciunt,
1053 2847 1320 2904 intuentes
1330 2862 1423 2902 eos
1437 2863 1570 2919 quos
1588 2848 1807 2919 pingunt
1834 2863 1927 2903 seu

348 2935 570 3005 ﬁngunt.
600 2934 747 2991 Hanc
782 2937 923 2992 enim
950 2937 1233 3007 imaginem
1261 2937 1365 2993 diei
1386 2953 1542 2992 nemo
1571 2937 1922 2995 dubitaverit:

345 3026 637 3081 secuttdum
662 3042 819 3099 quam
840 3028 1232 3084 distinctionem
1259 3031 1432 3084 omnis
1466 3029 1640 3100 imago
1664 3030 1823 3085 etiam
1849 3031 1925 3085 si-

344 3116 588 3172 militudo
612 3128 730 3186 est,
781 3134 888 3175 non
913 3120 1088 3175 omnis
1113 3121 1402 3176 similitudo
1430 3121 1588 3178 etiam
1626 3122 1801 3192 imago
1820 3132 1923 3179 est.

348 3205 501 3262 Unde
515 3208 558 3262 si
584 3209 780 3278 gemini
796 3210 1004 3265 interse
1028 3210 1228 3266 similes
1254 3212 1380 3278 sint,
1402 3211 1692 3268 similitudo
1715 3212 1930 3285 dicipo-

346 3306 448 3354 test
474 3300 691 3356 alterius
717 3301 998 3371 cujuslibet
1025 3303 1078 3357 in
1099 3304 1287 3367 altero,
1310 3320 1417 3359 non
1446 3305 1639 3376 imago.
1671 3304 1729 3361 Si
1749 3316 1927 3362 autem

345 3393 484 3463 patri
513 3392 651 3448 ﬁlius
678 3395 867 3450 similis
889 3397 976 3462 sit,
1027 3397 1186 3451 etiam
1218 3397 1390 3467 imago
1419 3405 1563 3453 recte
1609 3398 1840 3466 dicitur;
1870 3408 1929 3457 ut

344 3484 415 3537 sit
440 3494 592 3555 pater
617 3495 947 3558 prototypns,
978 3488 1121 3544 unde
1146 3489 1233 3542 illa
1265 3488 1438 3559 imago
1461 3505 1717 3559 expressa
1744 3492 1927 3547 videa-

346 3583 471 3629 tur:
502 3591 725 3646 quarum
767 3578 886 3632 aliae
930 3588 1056 3633 sunt
1106 3580 1346 3649 ejusdem
1395 3581 1748 3647 substantiae,
1789 3584 1926 3639 sicut

346 3664 518 3732 ﬁlius;
551 3667 667 3721 alia:
694 3683 797 3723 non
849 3669 1112 3739 ejusdem,
1157 3671 1297 3726 sicut
1337 3671 1560 3741 pictura.
1605 3671 1757 3729 Unde
1795 3674 1923 3729 illud

342 3759 485 3828 quod
512 3758 565 3813 in
590 3758 786 3817 Genesi
813 3763 1069 3832 scriptum
1093 3772 1194 3828 est,
1238 3763 1383 3819 Fecit
1414 3761 1549 3820 Deus
1574 3765 1827 3820 Itondnem
1857 3768 1925 3821 ad

341 3848 614 3924 imaginem
655 3854 788 3921 Dei;
827 3854 1162 3911 manifestum
1208 3865 1294 3911 est
1321 3857 1391 3911 ita
1434 3856 1668 3921 dictum,
1708 3866 1767 3913 ut
1817 3874 1922 3914 non

342 3944 581 4013 ejusdem
610 3946 922 4001 substantia:
949 3947 1019 4001 sit
1046 3947 1219 4017 imago
1247 3963 1365 4016 quae
1403 3946 1542 4003 facta
1570 3956 1671 4003 est.
1703 3948 1759 4004 Si
1779 3950 1921 4004 enim

340 4037 584 4105 ejusdem
612 4046 773 4103 esset,
806 4053 911 4093 non
955 4038 1126 4105 facta,
1156 4038 1252 4094 sed
1285 4040 1463 4110 genita
1489 4039 1775 4096 diceretur.
1816 4040 1920 4097 Sed

340 4129 483 4199 quod
514 4144 620 4185 non
666 4131 911 4199 addidit,
963 4132 1032 4186 Et
1070 4132 1503 4199 similitudinem,
1530 4147 1651 4188 cum
1679 4135 1923 4203 superius

339 4222 543 4279 (ictum
564 4231 725 4290 esset,
758 4216 1035 4278 Faciamus
1055 4224 1305 4278 hominem
1328 4224 1397 4278 ad
1421 4224 1690 4295 imaginem
1712 4232 1758 4279 et
1777 4226 1922 4280 simia

341 4313 603 4368 litudinem
627 4324 850 4369 nostram
871 4312 1021 4389 (Gen.
1048 4331 1087 4383 ι,
1113 4314 1205 4382 27,
1231 4312 1323 4389 26)
1348 4333 1363 4381 ;
1407 4316 1723 4386 quibusdam
1749 4316 1921 4371 visum

339 4414 423 4460 est
448 4406 848 4462 similitudinem
874 4408 1069 4478 aliquid
1121 4409 1350 4477 amplius
1396 4423 1518 4464 esse
1545 4424 1702 4479 quam
1732 4409 1921 4480 imagi-

341 4509 487 4562 nem,
527 4498 667 4568 quod
716 4500 917 4553 homini
960 4498 1298 4554 reformando
1334 4515 1434 4571 per
1472 4499 1670 4555 Christi
1697 4501 1921 4570 gratiam

340 4595 522 4655 postea
540 4599 857 4644 servaretur.
873 4589 1033 4645 Miror
1052 4600 1228 4646 autem
1249 4592 1414 4647 sinon
1438 4599 1715 4661 propterea
1738 4599 1922 4661 postea

339 4677 623 4747 imaginem
652 4680 819 4733 solam
836 4680 1001 4734 voluit
1013 4695 1458 4749 commemorare,
1476 4682 1598 4752 quia
1612 4682 1699 4737 ubi
1723 4682 1920 4753 imago,

337 4768 592 4824 continuo
619 4782 671 4824 et
712 4770 1004 4826 similitudo
1027 4780 1128 4826 est.
1158 4770 1313 4827 Unde
1339 4782 1395 4827 et
1423 4771 1512 4829 hic
1540 4772 1750 4843 Moyses
1773 4774 1922 4828 simi-

338 4856 613 4914 litudinem
664 4869 721 4915 et
760 4860 1045 4932 imaginem
1096 4861 1213 4917 ﬁeri
1248 4869 1424 4928 vetat,
1482 4864 1773 4920 secundum
1801 4880 1921 4921 eam

338 4949 567 5006 fortasse
585 4951 844 5006 rationem
874 4969 1033 5023 quam
1084 4954 1332 5009 diximus.
1363 4952 1420 5008 In
1453 4954 1715 5026 Decalogo
1742 4966 1920 5013 autem

334 5042 659 5112 generaliter
681 5043 892 5110 dicitur,
923 5045 1123 5100 nullam
1155 5045 1270 5100 ﬁeri
1298 5046 1493 5102 debere
1519 5046 1919 5104 similitudinem

339 5132 538 5203 (Exod.
566 5150 667 5201 xx,
693 5135 775 5207 4),
801 5150 903 5191 nec
926 5137 1099 5206 imago
1121 5145 1588 5192 commemoratur.
1616 5138 1750 5193 Cum
1777 5140 1919 5193 enim

333 5226 480 5281 nulla
504 5226 798 5282 similitudo
822 5226 902 5293 ﬁt,
933 5228 1117 5297 procul
1143 5227 1306 5283 dubio
1338 5243 1439 5284 nec
1465 5229 1640 5300 imago
1666 5229 1758 5297 ﬁt;
1785 5246 1920 5302 quo-

334 5318 479 5373 niam
505 5320 550 5375 si
576 5320 773 5390 imago,
802 5321 985 5391 utique
1009 5332 1066 5376 et
1087 5320 1401 5377 similitudo.
1430 5321 1547 5377 Non
1572 5333 1749 5378 autem
1791 5325 1835 5378 si
1862 5325 1921 5380 ﬁt

332 5408 647 5478 similitudo,
673 5410 1015 5465 continuoﬁt
1041 5420 1096 5466 et
1119 5411 1295 5482 imago
1324 5429 1339 5469 :
1372 5421 1549 5466 tamen
1577 5413 1624 5469 si
1668 5414 1812 5468 nulla
1840 5415 1916 5469 si-

335 5497 603 5565 militudo,
634 5502 874 5571 sequitur
899 5510 956 5556 ut
979 5503 1121 5556 nulla
1144 5503 1337 5573 imago.
1366 5503 1605 5573 Denique
1632 5504 1720 5559 ubi
1744 5506 1920 5572 prohi-

334 5588 449 5644 buit
494 5590 898 5647 similitudinem
955 5600 1010 5647 et
1058 5592 1375 5664 imaginem,
1420 5592 1651 5648 hominis
1694 5593 1917 5664 intelligi

332 5681 524 5748 voluit,
554 5683 644 5738 ubi
684 5691 742 5739 et
768 5684 1057 5749 similitudo
1088 5684 1204 5740 ﬁeri
1250 5693 1464 5756 potest,
1510 5700 1616 5740 non
1648 5685 1801 5755 hujus
1828 5696 1919 5742 aut

334 5772 496 5843 illius,
528 5774 623 5830 sed
650 5775 934 5846 cujuslibet
957 5775 1222 5842 hominis;
1249 5788 1302 5833 et
1328 5777 1522 5847 imago,
1556 5774 1608 5832 id
1637 5786 1721 5833 est
1760 5775 1917 5849 hujus

1736 345 1939 405 LIBER
1976 346 2291 418 QUINTUS.

3535 370 3637 426 750

2059 464 2271 535 proprie
2294 505 2309 532 ,
2358 465 2442 525 vel
2473 467 2611 528 illius
2636 468 2886 529 hominis.
2932 474 3067 532 Cum
3101 493 3227 535 vero
3252 479 3319 535 de
3348 487 3629 551 pecoribus

2056 555 2324 614 diceretur
2341 569 2500 631 atque
2540 560 2931 623 irrationalibus
2960 569 3335 634 animantibus.
3362 575 3529 631 solam
3556 580 3632 632 εί-

2055 646 2406 707 militudinem
2434 653 2604 710 dixit:
2630 656 2749 726 quis
2770 659 2912 714 enim
2942 663 3161 731 reperiri
3189 676 3378 734 potest,
3409 669 3499 739 qui
3524 671 3625 727 sibi

2058 750 2217 795 unum
2243 745 2529 800 constituat
2574 761 2781 814 canem,
2834 751 2919 806 vel
2956 753 3083 823 quid
3129 753 3423 825 ejusmodi,
3466 776 3627 830 quem

2054 828 2265 922 intuens
2292 834 2406 904 ejus
2436 837 2717 907 imaginem
2763 841 2959 912 pingat,
3009 853 3102 900 aut
3142 846 3341 918 ﬁngat?
3382 828 3525 922 quod
3560 854 3628 911 de

2053 920 2358 981 hominibus
2387 928 2787 986 usitatissimum
2817 942 2920 989 est.

2125 1013 2187 1068 V.
2218 1013 2316 1087 [lb.
2344 1033 2414 1081 ιν,
2451 1014 2561 1093 18.]
2591 1021 2723 1088 Quid
2744 1031 2826 1078 est
2850 1034 3025 1081 autem
3046 1029 3186 1098 quod
3211 1034 3304 1097 ait,
3325 1033 3628 1090 Similitudi-

2051 1116 2162 1155 nem
2190 1108 2351 1159 omnis
2382 1108 2553 1177 piscis,
2580 1126 2902 1184 quaecumque
2935 1126 3051 1170 sunt
3089 1118 3144 1172 in
3187 1122 3329 1190 aquis
3357 1125 3446 1177 sub
3470 1135 3623 1181 terra.

2050 1194 2131 1247 An
2160 1202 2215 1249 et
2241 1211 2453 1266 aquam,
2484 1210 2702 1269 propter
2730 1205 3057 1261 tractabilem
3090 1212 3492 1279 corpulentiam,
3520 1226 3626 1271 ter-

2049 1296 2160 1337 ram
2189 1285 2410 1357 intelligi
2440 1290 2622 1357 voluit,
2651 1300 2707 1346 et
2728 1295 3016 1350 secundum
3041 1298 3140 1353 hoc
3166 1299 3217 1354 in
3245 1316 3310 1356 eo
3334 1306 3472 1372 quod
3494 1311 3627 1362 scri-

2048 1381 2195 1441 ptum
2234 1385 2351 1440 est,
2384 1380 2498 1448 fecit
2541 1376 2678 1437 Deus
2721 1383 2901 1438 caelum
2945 1396 2993 1441 et
3037 1397 3221 1444 terram
3266 1391 3415 1464 (Gen.
3454 1412 3501 1459 ι,
3545 1401 3622 1463 l).

2044 1472 2101 1555 et
2124 1480 2287 1535 aquas
2310 1468 2565 1525 debemus
2589 1474 2696 1528 acci
2704 1477 2866 1542 pere?
2885 1478 3110 1534 Assidue
3126 1482 3323 1551 quippe
3354 1485 3621 1555 Scriptura

2045 1552 2129 1610 his
2153 1557 2355 1615 duabus
2380 1562 2616 1630 partibus
2657 1570 3103 1636 commemoratis,
3133 1572 3435 1629 universum
3466 1552 3618 1632 mun-

2044 1645 2168 1702 dum
2201 1652 2310 1706 vult
2339 1653 2582 1725 intelligi,
2606 1658 2898 1714 secundum
2925 1660 3080 1728 illud,
3116 1663 3377 1720 Auxilium
3404 1686 3566 1724 meum
3590 1689 3622 1723 (ι

2042 1736 2283 1809 Domino,
2314 1745 2399 1812 qui
2427 1745 2541 1815 fecit
2570 1748 2749 1801 malum
2779 1759 2826 1803 et
2854 1760 3036 1805 terram
3072 1753 3243 1823 (Psal.
3284 1772 3421 1823 cxx,
3464 1759 3545 1829 2),
3569 1769 3624 1816 et

2044 1829 2446 1889 insttmetabilia
2467 1836 2747 1904 ejusmodi.
2772 1842 2853 1893 An
2868 1839 2988 1896 ideo
3008 1842 3206 1898 dictum
3224 1855 3326 1911 est,
3353 1848 3445 1902 sub
3462 1860 3617 1912 terra,

2041 1923 2181 1990 quod
2244 1933 2379 1979 terra
2411 1927 2509 1981 nisi
2551 1930 2793 1997 superior
2816 1933 2968 2001 aquis
2988 1943 3151 2002 esset,
3192 1938 3415 1993 habitari
3441 1942 3621 2011 utique

2042 2012 2110 2066 ab
2137 2012 2437 2069 hominibus
2458 2026 2513 2071 et
2540 2019 2789 2074 animalia
2813 2030 3021 2077 terrena
3043 2024 3240 2081 habere
3252 2036 3367 2083 “non
3397 2042 3575 2099 posset
3601 2034 3614 2085 ι

2115 2103 2197 2158 γι.
2228 2102 2328 2176 [lb.
2359 2120 2431 2172 tv,
2466 2106 2576 2181 19.]
2599 2108 2661 2163 Et
2686 2127 2749 2165 ne
2768 2113 3044 2182 suspiciens
3061 2116 3113 2170 in
3134 2119 3347 2187 caelum,
3375 2131 3422 2175 et
3447 2122 3618 2178 uidens

2037 2193 2194 2248 solem
2217 2206 2266 2249 et
2288 2198 2462 2252 lunam
2488 2210 2535 2253 et
2558 2200 2731 2256 stellas
2759 2212 2806 2257 et
2822 2220 3016 2258 omnem
3036 2218 3267 2263 ornatum
3292 2212 3423 2278 caeli,
3445 2230 3621 2271 errans

2036 2283 2217 2339 adores
2244 2303 2325 2351 ea,
2358 2300 2405 2342 et
2428 2291 2613 2344 seruias
2640 2291 2763 2359 illis,
2793 2309 2905 2363 qua:
2925 2295 3177 2351 distribuit
3204 2297 3453 2357 Dominus
3471 2303 3613 2359 Deus

2038 2386 2152 2432 tuus
2187 2396 2268 2447 ea,
2291 2382 2519 2437 omnibus
2541 2385 2788 2454 gentibus,
2816 2402 2929 2457 qua:
2955 2398 3072 2442 sunt
3100 2389 3191 2444 sub
3229 2393 3375 2447 coelo.
3403 2394 3521 2450 Non
3544 2397 3616 2451 ita

2036 2468 2235 2525 dictum
2264 2480 2366 2538 est,
2401 2483 2648 2544 tanquam
2678 2476 2816 2531 Deus
2846 2480 3155 2549 prurcepcrit
3180 2497 3240 2537 ea
3262 2484 3365 2539 coli
3388 2501 3420 2540 a
3444 2489 3618 2558 genti-

2035 2561 2156 2628 bus,
2184 2579 2211 2617 a
2241 2564 2357 2619 solo
2381 2574 2559 2621 autem
2604 2569 2801 2638 populo
2842 2585 2941 2625 suo
2971 2588 3075 2627 non
3114 2575 3220 2631 coli
3251 2594 3266 2632 :
3305 2579 3397 2633 sed
3424 2590 3515 2635 aut
3542 2581 3615 2636 ita

2034 2654 2233 2708 dictum
2274 2664 2385 2721 est,
2437 2658 2578 2727 quod
2620 2659 2759 2715 Deus
2798 2663 3088 2731 prmscierit
3123 2676 3310 2736 gentes
3353 2671 3613 2727 culturam

2034 2744 2365 2802 exhibituras
2398 2749 2479 2804 his
2524 2750 2834 2807 caelestibus
2862 2763 2915 2807 et
2962 2763 3136 2810 tamen
3175 2757 3279 2813 hoc
3328 2764 3611 2830 praesciam

2032 2839 2303 2893 creaverit
2346 2854 2439 2905 ea;
2467 2856 2588 2896 eum
2618 2858 2746 2898 vero
2770 2845 3021 2915 populum
3050 2864 3204 2904 suum
3234 2850 3464 2910 futurum
3493 2873 3614 2915 esse

2032 2931 2483 3003 prtesciverit,qui
2516 2935 2616 2991 ista
2645 2951 2749 2991 non
2772 2938 2974 2994 coleret
2997 2958 3009 2994 :
3032 2950 3122 2996 aut
3144 2943 3396 3000 distribuit
3411 2947 3611 3003 dictum

2032 3031 2133 3085 est,
2167 3031 2224 3077 ut
2251 3021 2573 3095 intelligatur
2603 3041 2749 3093 usus,
2769 3029 2859 3098 qui
2885 3033 3288 3089 commendatur
3318 3037 3369 3089 in
3392 3036 3611 3105 Genesi,

2036 3108 2104 3169 Ut
2139 3114 2238 3168 sint
2274 3116 2329 3169 in
2361 3117 2539 3185 signis,
2580 3119 2705 3173 etin
2739 3122 3062 3191 temporibus,
3095 3133 3143 3177 et
3181 3126 3233 3181 in
3254 3128 3453 3194 diebus,
3486 3131 3607 3185 etin

2032 3206 2179 3260 anuis
2195 3204 2346 3278 (Gen.
2368 3223 2406 3272 ι,
2439 3207 2564 3279 ib);
2593 3225 2752 3280 quem
2780 3226 2931 3266 usum
2963 3213 3013 3267 in
3036 3214 3116 3269 eis
3141 3231 3477 3273 communem
3507 3222 3608 3275 ha-

2031 3298 2121 3353 bet
2162 3301 2384 3369 populus
2413 3302 2505 3358 Dei
2536 3318 2657 3357 cum
2685 3305 2932 3359 omnibus
2982 3307 3258 3377 gentibus,
3301 3327 3407 3367 non
3431 3323 3609 3369 autem

2030 3391 2228 3445 cultum
2254 3408 2411 3461 quem
2442 3393 2637 3449 habent
2655 3395 2773 3450 alite
2806 3405 3009 3466 gentes.

2100 3481 2211 3537 Ἧι.
2240 3482 2341 3556 [lb.
2372 3500 2444 3551 tv,
2616 3485 2701 3540 Ne
2727 3488 3088 3544 obliviscamini
3118 3501 3467 3549 testamentum
3494 3497 3607 3552 Do-

2031 3572 2155 3626 mini
2181 3573 2274 3627 Dei
2304 3575 2472 3641 vestri,
2501 3577 2635 3645 quod
2660 3577 2905 3647 disposuit
2931 3580 3001 3634 ad
3028 3596 3132 3649 vos,
3160 3592 3207 3637 et
3225 3586 3423 3656 faciatis
3449 3590 3612 3643 uobis-

2030 3664 2254 3733 metipsis
2286 3664 2571 3736 sculptilem
2603 3667 2986 3725 similitudinem
3022 3674 3247 3727 omnium
3289 3692 3612 3750 quacumque

2028 3757 2283 3811 constituit
2304 3758 2392 3811 tibi
2418 3756 2669 3813 Dominus
2698 3759 2834 3817 Deus
2850 3770 2982 3817 tuus.
3009 3763 3107 3819 Hic
3125 3775 3268 3822 certe
3296 3772 3613 3838 generaliter

2029 3848 2252 3917 loquens
2273 3850 2673 3906 similitudinem
2695 3855 2893 3924 posuit,
2919 3855 3199 3926 imaginem
3232 3861 3427 3926 tacuit;
3467 3878 3605 3933 quo-

2030 3938 2170 3992 niam
2200 3940 2243 3993 si
2270 3940 2415 3995 nulla
2446 3941 2504 3994 ﬁt
2527 3942 2837 4009 similitudo,
2860 3945 3095 4013 profecto
3121 3963 3219 4004 nec
3246 3950 3454 4022 imago:
3475 3955 3600 4023 quia

2031 4030 2117 4085 ubi
2149 4029 2345 4100 imago,
2366 4034 2619 4088 continuo
2644 4034 2977 4104 similitudo;
3006 4042 3246 4108 quamvis
3284 4059 3390 4098 non
3419 4045 3507 4100 ubi
3534 4047 3606 4102 sie

2030 4122 2293 4185 militudo,
2325 4125 2578 4178 continuo
2601 4124 2795 4195 imago.

2102 4209 2234 4268 Vill.
2266 4213 2366 4286 [lb.
2386 4231 2459 4281 tv,
2478 4215 2567 4280 52,
2595 4215 2709 4289 35.]
2738 4216 3091 4285 Quaerendum
3116 4224 3383 4292 quomodo
3409 4225 3609 4285 dictum

2032 4305 2122 4373 sit,
2148 4306 2473 4376 Interrogata
2497 4308 2604 4361 dies
2637 4310 2853 4378 priores,
2883 4312 2970 4379 qui
2997 4313 3198 4382 [uerunt
3225 4316 3418 4385 priores
3443 4328 3490 4372 te
3510 4360 3525 4384 ,
3548 4336 3611 4374 ea:

2029 4397 2110 4453 die
2137 4414 2237 4466 qua
2252 4399 2434 4452 creavit
2453 4398 2586 4453 Deus
2606 4401 2857 4454 hominem
2878 4417 3031 4471 super
3054 4411 3258 4468 terram,
3280 4415 3328 4459 et
3351 4423 3383 4459 a
3407 4424 3605 4462 summo

2028 4489 2139 4543 caeli
2159 4506 2314 4559 usque
2341 4490 2409 4543 ad
2426 4506 2676 4544 summum
2703 4492 2833 4545 cmli.
2859 4490 3353 4561 Subauditurenim,
3375 4498 3609 4555 interro-

2028 4590 2166 4651 gate.
2211 4580 2427 4635 Videtur
2453 4589 2629 4635 autem
2679 4582 2976 4652 signiﬁcare
3008 4594 3172 4640 totum
3201 4587 3385 4644 orbem
3430 4599 3571 4648 terra
3594 4624 3611 4635 ο

2029 4688 2167 4725 rum.
2202 4671 2307 4726 Sed
2352 4687 2467 4740 cur,
2493 4688 2527 4725 a
2558 4689 2757 4726 summa
2783 4674 3071 4745 meliusque
3106 4676 3175 4730 ad
3209 4694 3460 4735 summum
3497 4682 3608 4738 cwli

2028 4764 2187 4828 dicat,
2210 4779 2336 4829 non,
2360 4780 2387 4817 a
2411 4778 2621 4819 summo
2647 4772 2803 4821 terrm
2827 4781 2992 4837 usque
3020 4768 3088 4823 ad
3116 4784 3383 4827 summum
3427 4783 3605 4838 terrae.

2028 4870 2132 4909 non
2154 4862 2237 4910 est
2256 4854 2409 4909 facile
2430 4855 2764 4925 dignoscere.
2784 4856 2927 4912 Talis
2966 4860 3106 4914 enim
3143 4862 3383 4930 quzedam
3411 4865 3607 4919 locutio

2027 4957 2111 5001 est
2136 4956 2189 5003 et
2214 4948 2264 5001 in
2297 4947 2582 5015 Evangelio
2608 4962 2729 5002 cum
2767 4948 2899 5003 dicit
2925 4950 3201 5019 Dominus,
3222 4954 3361 5023 quod
3382 4971 3607 5026 congre-

2026 5040 2290 5111 gabuntur
2319 5039 2472 5095 electi
2510 5039 2628 5109 ejus
2651 5058 2683 5094 a
2709 5043 2917 5097 summis
2943 5045 3182 5099 cazlorum
3212 5063 3370 5117 usque
3395 5050 3465 5103 ad
3504 5059 3607 5103 ter-

2027 5132 2191 5185 minos
2218 5147 2392 5184 eorum
2416 5124 2626 5203 (Matth.
2659 5148 2807 5197 xxiv,
2839 5130 2954 5204 3|).
2983 5135 3092 5189 Nisi
3123 5135 3258 5192 forte
3297 5138 3383 5193 hic
3408 5156 3507 5196 nec
3557 5143 3607 5194 in

2029 5223 2330 5278 hominibus
2353 5239 2453 5279 nec
2475 5224 2526 5278 in
2548 5225 2769 5295 Angelis
2797 5226 3031 5281 auditum
3058 5244 3179 5284 esse
3211 5231 3320 5285 vult
3362 5232 3601 5303 intelligi,

2027 5316 2166 5386 quod
2192 5317 2242 5370 in
2273 5316 2374 5370 hoc
2405 5315 2601 5385 populo
2636 5315 2829 5370 factum
2864 5316 3204 5387 singulariter
3229 5322 3567 5377 commendat
3592 5343 3604 5377 :

2029 5408 2149 5491 hoc.
2173 5409 2315 5463 enim
2342 5407 2607 5477 Sequitur,
2640 5405 2703 5462 Si
2748 5411 2936 5479 factum
2986 5419 3057 5463 est
3099 5413 3374 5467 secundum
3406 5418 3607 5471 verbum

2027 5515 2270 5570 magnum
2296 5498 2411 5565 hoc,
2438 5498 2483 5551 si
2510 5497 2739 5551 auditum
2762 5508 2833 5552 est
2862 5498 2963 5552 tale
2986 5502 3150 5565 quid;
3179 5504 3223 5555 si
3261 5505 3453 5559 audivit
3482 5524 3605 5578 gens

2025 5606 2193 5644 uocem
2226 5589 2319 5644 Dei
2348 5589 2552 5643 viventis
2578 5588 2825 5658 loquentis
2850 5605 2877 5642 e
2899 5589 3061 5643 medio
3087 5592 3238 5662 ignis,
3273 5597 3605 5664 quemadmo-

2026 5683 2145 5735 dum
2180 5681 2367 5735 audisti
2394 5689 2469 5747 tu,
2494 5688 2544 5735 et
2582 5679 2747 5734 uixisti
2774 5680 2813 5734 ί.
2842 5681 2994 5747 Quod
3033 5684 3077 5737 si
3119 5686 3186 5737 ita
3214 5694 3316 5751 cst,
3341 5697 3398 5745 ut
3425 5704 3523 5744 nec
3556 5692 3607 5747 in

2088 5790 2103 5821 ι
2118 5786 2255 5848 editi,
2270 5791 2316 5837 et
2328 5780 2504 5836 vidisti.
2520 5788 2574 5833 Αι
2587 5789 2712 5845 Μελ,
2727 5786 2771 5832 et
2784 5779 2961 5834 vicisti.
2977 5783 3049 5834 sic
3060 5787 3205 5836 etiam
3216 5793 3327 5839 ωε(
3338 5797 3389 5842 et
3402 5789 3597 5856 Vulgata
