4136 6478
513 365 608 422 751

513 475 818 532 hominibus
840 487 939 529 nec
960 472 1012 528 in
1031 469 1250 542 Angelis
1269 467 1371 523 hoc
1393 465 1823 548 dicatauditum;
1855 462 1982 532 quid
2009 471 2092 516 est

513 584 640 638 ergo
670 566 796 621 illud
825 565 876 619 in
900 563 1204 632 Evangelio,
1232 560 1274 613 Α
1303 558 1513 612 summis
1555 556 1794 610 caelorum
1831 568 1988 622 usque
2029 550 2096 604 ad

515 663 751 717 terminos
790 673 990 722 eorum,
1023 668 1144 710 cum
1187 653 1301 706 sine
1340 650 1502 705 dubio
1537 647 1792 702 Dominus
1829 647 1932 700 hoc
1985 645 2091 709 ait,

513 769 632 808 cum
656 751 724 806 de
764 749 1050 804 novissima
1092 745 1384 800 electorum
1422 755 1640 795 suorum
1684 737 2097 808 congregatione

512 839 852 912 loqueretur?

584 932 674 987 IX.
705 931 803 1004 Ub.
835 945 890 994 v,
916 925 1056 998 2-4.]
1085 923 1221 993 Quid
1255 932 1336 980 est
1374 922 1514 993 quod
1541 923 1632 986 ait,
1675 919 1923 976 Dominus
1960 917 2096 970 Deus

509 1037 669 1081 vester
693 1022 939 1094 disposuit
967 1021 1034 1074 ad
1053 1035 1140 1074 vos
1170 1025 1518 1072 testamentum
1541 1016 1593 1069 in
1624 1013 1796 1067 Iloreb
1822 1028 1841 1066 :
1867 1029 1966 1066 non
1999 1027 2096 1080 pa-

513 1118 676 1171 tribus
715 1115 892 1170 vestris
924 1112 1166 1182 disposuit
1195 1110 1444 1164 Dominus
1469 1116 1818 1161 testamentum
1863 1105 1977 1170 hoc,
2010 1102 2121 1156 sed.

509 1212 573 1264 ad
599 1227 704 1272 vos,
741 1223 827 1262 vos
861 1207 942 1260 hic
971 1222 1141 1260 omnes
1181 1206 1394 1258 viventes
1434 1201 1613 1268 hodie;
1661 1199 1793 1269 {acie
1820 1198 1887 1251 ad
1917 1197 2097 1269 {aciem

511 1303 709 1352 locutus
738 1306 809 1352 est
839 1297 1082 1349 Dominus
1117 1295 1184 1352 ad
1207 1310 1289 1348 vos
1311 1294 1363 1346 in
1389 1301 1557 1346 monte
1577 1307 1605 1345 e
1637 1291 1802 1344 medio
1823 1287 1992 1359 ignis?
2015 1294 2095 1340 An

513 1392 634 1459 quia
660 1389 735 1445 illi
760 1389 850 1460 qui
882 1385 1380 1455 non-ingrediuntur
1406 1384 1458 1439 in
1491 1391 1688 1438 terram
1729 1379 2098 1451 promissionis

517 1481 738 1554 (mortui
758 1490 878 1536 sunt
906 1480 1047 1535 enim
1103 1475 1334 1546 omnes)
1365 1491 1468 1530 non
1505 1476 1773 1544 pertinent
1800 1473 1864 1526 ad
1896 1472 1996 1524 hoc
2019 1481 2096 1525 te-

512 1583 834 1632 stamentum
858 1615 874 1639 ,
909 1587 1131 1643 quorum
1160 1579 1284 1624 tunc
1316 1568 1608 1638 recognitio
1637 1567 1769 1620 facta
1791 1574 1891 1631 est,
1922 1579 2040 1618 cum
2067 1579 2096 1616 a

513 1666 697 1738 viginti
735 1665 891 1721 annis
919 1663 1088 1718 aetatis
1131 1672 1183 1716 et
1212 1674 1369 1730 supra
1402 1664 1807 1712 numerarentur
1839 1668 2004 1724 usque
2031 1652 2097 1707 ad

514 1757 890 1829 quinquaginta
916 1769 1086 1809 annos
1111 1753 1314 1807 habiles
1335 1750 1401 1805 ad
1423 1749 1654 1805 bellum?
1675 1747 1951 1815 Quomodo
1971 1760 2098 1816 ergo

515 1849 621 1904 illis
639 1848 848 1903 locutus
864 1854 946 1902 est
964 1846 1237 1909 Dominus,
1263 1842 1349 1913 qui
1369 1841 1526 1896 hodie
1546 1839 1760 1894 vivunt?
1781 1839 1860 1892 An
1886 1838 2008 1907 quia
2031 1851 2098 1891 ex

515 1939 697 2012 viginti
726 1939 882 1995 annis
906 1946 961 1994 et
999 1937 1132 1992 inira
1157 1941 1448 2007 potuerunt
1473 1933 1624 1988 multi
1660 1941 1786 1986 tunc
1825 1944 1943 1985 esse
1962 1970 1977 1996 ,
2007 1929 2097 1999 qui

517 2032 620 2088 hoc
647 2033 785 2088 bene
829 2030 1234 2093 meminissent,
1267 2027 1427 2082 alieni
1458 2025 1524 2079 ab
1570 2025 1661 2078 illa
1692 2037 1848 2093 poena
1873 2063 1888 2089 ,
1939 2035 2098 2091 quam

517 2125 658 2179 Deus
673 2121 947 2179 constituit
965 2120 1068 2174 illis
1079 2118 1168 2189 qui
1189 2127 1313 2172 tunc
1336 2115 1597 2171 numerati
1615 2125 1758 2178 sunt,
1778 2128 1883 2167 non
1901 2112 2100 2166 intrare

519 2216 573 2272 in
595 2223 792 2270 terram
831 2209 1233 2283 promissionis;
1276 2217 1332 2263 et
1368 2207 1468 2262 hos
1518 2207 1698 2276 utique
1726 2203 1979 2275 appellat,
2009 2202 2100 2272 qui

519 2305 762 2378 quamvis
784 2303 966 2374 viginti
988 2315 1246 2356 annorum
1275 2307 1328 2354 et
1349 2312 1509 2368 supra
1531 2312 1636 2351 non
1667 2302 1866 2360 essent,
1889 2293 2101 2364 quando

519 2400 662 2454 Deus
693 2397 746 2452 in
769 2405 951 2451 monte
977 2393 1311 2464 loquebatur,
1340 2398 1398 2445 ut
1425 2387 1695 2444 numerari
1716 2394 1842 2442 tunc
1861 2392 2097 2456 possent,

519 2495 806 2561 potuerunt
830 2497 1004 2543 tamen
1031 2499 1152 2540 esse
1179 2482 1366 2539 decem
1385 2491 1438 2537 et
1469 2495 1661 2536 novem
1693 2486 1748 2536 et
1774 2479 1909 2534 infra
1933 2491 2102 2548 usque

519 2579 586 2635 ad
608 2577 865 2649 puerilem
890 2585 1124 2643 mtatem,
1152 2589 1271 2645 quas
1299 2572 1581 2644 possetilla
1597 2586 1716 2642 qua:
1734 2570 1869 2624 facta
1893 2579 1945 2624 et
1963 2569 2101 2624 dicta

519 2678 724 2727 suntet
749 2669 952 2735 videre,
976 2676 1030 2724 et
1053 2667 1261 2734 audire,
1283 2674 1338 2722 et
1361 2665 1618 2720 memoria
1649 2661 1913 2718 retinere?

587 2761 693 2818 Sed
714 2759 841 2831 quid
875 2766 957 2815 est
979 2757 1121 2830 quod
1149 2758 1242 2823 ait,
1275 2755 1434 2812 Facie
1457 2755 1525 2809 ad
1551 2755 1732 2826 faciem
1755 2756 1776 2786 '
1806 2755 2002 2808 locutus
2033 2763 2103 2808 est

520 2853 770 2909 Dominus
808 2851 875 2906 ad
915 2867 1004 2908 vos
1018 2867 1039 2918 ;
1077 2865 1210 2920 quos
1237 2849 1394 2920 paulo
1418 2857 1538 2903 ante
1563 2847 1790 2902 maxime
1817 2845 2104 2900 admonere

520 2944 744 3011 curavit,
797 2941 941 3014 quod
1007 2941 1206 2996 nullam
1265 2938 1663 2994 similitudinem
1707 2936 1956 3002 viderint,
2011 2935 2106 2991 sed

523 3035 694 3090 solam
717 3047 904 3088 vocem
947 3031 1015 3086 de
1042 3031 1220 3086 medio
1265 3029 1398 3100 ignis
1437 3026 1739 3083 audierint?
1780 3028 1862 3081 An
1889 3036 2106 3096 prepter

523 3141 702 3203 rerum
745 3123 1084 3188 evidentiam,
1115 3131 1168 3178 et
1195 3119 1586 3192 quodammodo
1624 3117 1958 3189 praesentiam
1987 3131 2105 3170 ma-

524 3216 786 3274 nifestata:
823 3214 1132 3278 divinitatis,
1164 3212 1231 3268 de
1273 3226 1374 3283 qua
1419 3211 1665 3266 dubitare
1702 3223 1862 3264 nemo
1904 3216 2102 3279 posset,

524 3309 608 3364 his
637 3308 813 3363 verbis
858 3321 986 3363 usus
1027 3305 1148 3361 est?
1194 3304 1345 3372 Quod
1373 3305 1418 3358 si
1463 3304 1534 3358 ita
1562 3312 1666 3369 est,
1692 3302 1818 3372 quid
1864 3301 2108 3371 prohibet

524 3401 594 3456 de
623 3401 738 3471 ipso
766 3399 948 3471 Moyse
991 3397 1094 3453 hoc
1141 3396 1387 3467 intelligi,
1434 3395 1486 3450 in
1534 3410 1599 3449 eo
1639 3393 1782 3464 quod
1812 3393 1879 3447 de
1906 3393 1996 3447 illo
2021 3391 2106 3447 di-

525 3502 668 3548 ctum
695 3499 800 3559 est,
829 3490 970 3561 quod
994 3488 1132 3545 facie
1161 3488 1227 3544 ad
1274 3487 1462 3543 faciem
1511 3485 1720 3542 locutus
1767 3485 1838 3540 sit
1875 3499 1994 3540 cum
2041 3498 2108 3538 eo

526 3582 780 3639 Dominus
823 3579 1017 3655 (Exod.
1073 3593 1264 3644 χχχιιι,
1331 3577 1436 3648 Η),
1493 3584 1551 3630 ιιι
1592 3590 1693 3631 nec
1744 3575 1857 3645 ipse
1910 3573 2107 3644 aliquid

526 3674 693 3730 oculis
721 3673 910 3728 viderit
953 3679 1144 3742 prmter
1188 3668 1402 3741 ignem?
1443 3668 1526 3722 An
1551 3666 1751 3737 aliquid
1777 3665 2004 3735 amplius
2031 3665 2107 3719 vi.

527 3767 672 3821 disse
717 3764 1042 3834 intelligitur,
1072 3763 1194 3834 quia
1231 3761 1487 3832 scriptum
1525 3768 1610 3814 est
1633 3775 1754 3814 eum
1790 3758 2015 3812 intrasse
2054 3757 2107 3812 in

531 3858 774 3914 nebulam
804 3857 884 3912 vel
914 3857 1151 3910 nimbum
1194 3855 1284 3908 ubi
1327 3862 1444 3908 erat
1488 3854 1630 3908 Deus
1656 3850 1766 3924 (Id.
1799 3865 1945 3917 xxiv,
1979 3848 2109 3921 l8)?

529 3947 637 4003 Sed
683 3947 786 4002 etsi
832 3945 1028 4014 aliquid
1065 3944 1292 4016 amplius
1337 3943 1488 4008 vidit,
1515 3957 1673 4012 quam
1719 3942 1822 4007 illi;
1852 3956 1957 3995 non
1986 3956 2109 3996 eum

533 4050 708 4094 tamen
751 4038 1060 4092 mortalibus
1083 4037 1248 4091 oculis
1291 4035 1488 4090 vidisse
1533 4034 1627 4088 Dei
1665 4034 2012 4089 substantiam
2043 4047 2109 4087 ex

532 4132 636 4186 illis
663 4131 782 4202 ejus
825 4129 1003 4185 verbis
1051 4127 1269 4198 intelligi
1315 4136 1511 4198 potest,
1539 4127 1730 4197 quibus
1769 4125 1842 4180 ait
1867 4126 1975 4179 Deo
2004 4142 2016 4178 :
2049 4124 2110 4180 Si

531 4223 692 4277 inveni
735 4221 952 4293 gratiam
990 4228 1106 4273 ante
1147 4227 1212 4284 te,
1259 4217 1461 4271 ostende
1507 4217 1629 4270 milii
1680 4215 2007 4286 temetipsum,
2057 4224 2110 4267 ut

531 4315 741 4370 scienter
776 4312 970 4366 videam
1006 4318 1052 4364 te
1079 4307 1186 4381 (Id.
1216 4323 1400 4373 χχχιιι,
1431 4308 1543 4380 15).
1574 4307 1757 4376 Neque
1783 4307 1922 4360 enim
1963 4305 2110 4358 arbi-

537 4403 782 4458 trandum
811 4409 894 4458 est
939 4400 1082 4455 hunc
1109 4399 1380 4469 populum,
1409 4397 1494 4453 cui
1539 4397 1747 4468 Moyses
1778 4396 2108 4466 loquebatur,

531 4496 608 4551 sic
654 4503 779 4549 tunc
827 4491 1024 4548 vidisse
1067 4491 1231 4546 Deum
1281 4491 1416 4546 facie
1461 4488 1526 4544 ad
1568 4489 1774 4555 I‘acicm,
1801 4487 2012 4559 quando
2056 4486 2112 4542 in

531 4595 714 4641 monte
776 4584 1089 4654 loquebatur
1131 4598 1163 4638 e
1213 4580 1390 4637 medio
1458 4581 1614 4652 ignis,
1666 4578 2112 4651 quemadmodum

534 4679 824 4750 Apostolus
848 4678 977 4732 dicit
1016 4678 1070 4732 in
1117 4675 1220 4731 (ine
1263 4690 1362 4730 nos
1401 4690 1524 4731 esse
1561 4675 1790 4740 visuros,
1844 4673 1933 4728 ubi
1975 4673 2051 4726 ait
2092 4687 2108 4726 :

544 4770 783 4824 Videmus
810 4785 943 4822 nunc
984 4783 1072 4839 per
1109 4767 1365 4838 speculum
1401 4766 1455 4820 in
1493 4765 1775 4836 (enigmata,
1805 4773 1922 4818 tunc
1949 4773 2116 4817 autent

532 4862 664 4930 facie
702 4861 770 4914 ad
813 4861 1011 4932 facient.
1042 4858 1178 4927 Quid
1207 4867 1381 4912 autem
1413 4857 1534 4924 hoc,
1567 4865 1622 4911 et
1657 4864 1911 4926 quantum
1949 4864 2111 4921 esset,

531 4961 921 5024 consequenter
966 4952 1193 5022 aperuit,
1241 4950 1423 5006 dicens
1474 4968 1487 5002 :
1537 4947 1692 5002 Nunc
1729 4949 1832 5002 scio
1865 4964 1927 5002 ea:
1953 4961 2110 5016 parte,

534 5056 652 5098 tunc
679 5053 845 5097 autem
863 5058 1160 5115 cognoscant
1188 5043 1314 5096 sicut
1336 5052 1380 5095 et
1405 5041 1632 5111 cognitus
1653 5056 1765 5093 sunt
1793 5039 1968 5108 (lCor.
1998 5055 2112 5104 χιιι,

536 5136 646 5206 t2).
686 5136 838 5205 Quod
879 5137 1036 5192 etiam
1085 5135 1255 5204 ipsum
1301 5143 1456 5188 caute
1499 5131 1861 5202 accipiendum
1911 5142 2012 5194 est,
2049 5146 2116 5187 ne

537 5241 735 5287 tantam
790 5238 1005 5300 putetur
1045 5229 1320 5283 habiturus
1372 5228 1531 5280 homo
1581 5225 1934 5294 cognitionem
1983 5225 2114 5289 Dei,

537 5332 789 5393 quantam
842 5334 982 5376 nunc
1027 5319 1184 5374 habet
1234 5316 1463 5370 hominis
1512 5317 1683 5379 Deus;
1733 5316 1825 5370 sed
1872 5332 1968 5385 pro
2019 5332 2116 5370 suo

541 5414 701 5469 modo
745 5414 814 5467 ita
846 5412 1152 5483 perfectam,
1195 5417 1248 5462 ιιι
1287 5407 1334 5461 ei
1382 5406 1508 5460 nihil
1559 5406 1733 5460 adhuc
1784 5415 2118 5484 cxspccwtur

539 5506 840 5563 addendum
870 5524 883 5560 :
924 5513 979 5558 ut
1003 5518 1159 5574 quam
1188 5499 1418 5571 perfecte
1445 5515 1583 5554 nunc
1615 5500 1750 5554 Deus
1782 5499 1926 5553 novit
1951 5498 2120 5553 homi-

543 5615 686 5664 nem,
717 5599 809 5653 sed
855 5605 1032 5652 tamen
1080 5594 1214 5646 sicut
1245 5590 1382 5646 Deus
1423 5590 1710 5653 hominem,
1737 5590 1806 5643 ita
1839 5600 1961 5643 tunc
2002 5604 2122 5658 per-

605 5734 622 5760 ¹
649 5738 752 5801 Mss.
775 5738 786 5776 I
807 5729 955 5789 lusos,
979 5723 1148 5791 facient
1172 5722 1234 5773 ad
1257 5720 1427 5784 facient
1452 5735 1467 5772 :
1488 5723 1555 5772 uti
1574 5735 1739 5784 grave,
1758 5718 1988 5784 prosbpon
2013 5720 2123 5772 Irata

539 5805 588 5850 pi
600 5806 788 5844 eset-'01:.

1315 351 1778 422 QUIESTIONUM
1816 351 1873 406 S.
1916 345 2280 404 AUGUSTINI
2317 348 2384 404 ΙΝ
2424 351 2986 414 ilEPTATEUCIlUM

3679 364 3775 422 752

2203 462 2339 518 fecte
2380 467 2588 521 noverit
2637 467 2798 524 homo
2848 471 3034 537 Deum,
3076 471 3170 526 sed
3219 483 3394 529 tamen
3445 475 3585 531 sicut
3624 476 3782 533 homo

2203 559 2387 614 Deum.
2436 561 2617 630 Neque
2645 563 2789 618 enim
2834 565 2953 632 quia
2984 564 3182 620 dictum
3221 578 3323 632 est,
3361 567 3532 622 Estote
3555 574 3776 641 perfecti,

2199 651 2325 704 sicut
2353 651 2507 706 Pater
2538 665 2697 707 vester
2738 653 2948 709 scelestis
2989 659 3235 729 perfectus
3261 668 3330 712 est
3357 657 3566 730 (Matth.
3592 677 3646 725 ν,
3670 662 3778 734 48),

2201 741 2321 796 ideo
2347 743 2700 813 aaqualitatem
2739 745 2928 812 Patris,
2958 763 3115 817 quam
3139 748 3371 804 Verbum
3416 751 3576 806 habet
3604 754 3780 822 unige-

2201 834 2390 900 nitmn,
2415 851 2634 905 sperare
2658 837 2914 893 debemus
2943 856 2957 894 :
2987 842 3233 909 quamvis
3260 857 3363 895 non
3392 842 3657 898 defuerint
3694 846 3780 914 qui

2202 933 2253 978 et
2311 923 2412 980 hoc
2456 927 2686 980 futurum
2732 930 3050 996 putaverint,
3104 931 3206 986 nisi
3257 932 3391 986 forte
3437 932 3560 1002 quid
3605 933 3782 989 dicant

2201 1031 2385 1084 parum
2415 1017 2756 1089 intelligimus
2777 1020 2878 1091 (a).

2273 1106 2339 1160 X.
2362 1107 2470 1179 ~[|h.
2502 1125 2554 1172 v,
2584 1111 2638 1178 5,
2671 1111 2723 1177 6,
2752 1111 2866 1185 24.]
2896 1113 3031 1179 Quid
3056 1123 3138 1169 est
3163 1114 3304 1184 quod
3335 1115 3428 1179 ait,
3471 1115 3540 1169 Et
3567 1132 3657 1188 ego
3684 1126 3785 1171 sta-

2203 1197 2317 1250 bant
2360 1198 2490 1252 inter
2526 1198 2799 1254 Dominum
2826 1211 2871 1255 et
2896 1220 2980 1256 vos
3006 1204 3057 1256 in
3083 1215 3305 1274 tempore
3341 1205 3452 1272 illo,
3481 1209 3782 1261 annuntiare

2202 1288 2336 1342 vobis
2356 1290 2501 1343 verba
2529 1290 2767 1356 Domini;
2797 1302 3045 1364 tanquam
3075 1295 3126 1349 in
3165 1296 3280 1350 loco
3321 1306 3464 1353 esset
3507 1299 3781 1363 Dominus,

2204 1378 2304 1434 hoc
2329 1389 2410 1435 est
2437 1381 2489 1434 in
2527 1392 2706 1438 monte
2739 1383 2879 1440 unde
2913 1386 2988 1439 illi
3016 1400 3172 1442 voces
3191 1388 3512 1443 audiebant?
3531 1388 3683 1456 Quod
3710 1391 3788 1445 sic

2202 1471 2570 1540 accipiendum
2594 1486 2696 1541 est,
2730 1484 2786 1529 ut
2813 1492 2917 1531 non
2938 1492 3002 1531 ex
3045 1477 3146 1531 hoc
3175 1479 3510 1548 suspicemur
3543 1480 3638 1535 Dei
3663 1481 3790 1536 sub-

2202 1564 2447 1617 stantiam
2497 1564 2553 1618 in
2594 1565 2700 1620 ullo
2745 1566 2923 1637 aliquo
2964 1582 3084 1622 esse
3125 1568 3386 1639 corporali
3422 1570 3560 1635 loco,
3589 1572 3679 1639 qui
3707 1579 3792 1625 est

2205 1655 2395 1726 ubique
2423 1665 2583 1724 totus,
2612 1672 2711 1712 nec
2736 1673 2833 1728 per
2871 1659 3108 1714 locorum
3151 1660 3426 1716 intervalla
3471 1661 3790 1732 propinquat

2201 1757 2292 1802 aut
2310 1749 2547 1803 recedit:
2579 1749 2673 1804 sed
2703 1751 3180 1807 demonstrationes
3208 1752 3322 1822 ejus
3343 1753 3396 1807 in
3427 1769 3490 1808 ea
3518 1764 3788 1823 creatura,

2203 1858 2322 1912 quae
2359 1857 2465 1896 non
2492 1853 2574 1897 est
2600 1843 2740 1913 quod
2770 1843 2903 1913 ipse,
2934 1859 3037 1899 non
3080 1843 3234 1899 aliter
3259 1845 3506 1899 humanis
3541 1844 3792 1901 sensibus

2203 1935 2538 1991 exhibentur.
2571 1937 2724 1993 Unde
2765 1938 3018 1992 Dominus
3044 1939 3230 1993 volens
3251 1937 3462 1993 auferre
3494 1936 3562 1992 ab
3602 1937 3791 2006 hujus-

2205 2027 2346 2082 modi
2373 2029 2762 2099 suspicionibus
2807 2038 3040 2084 mentem
3078 2037 3338 2096 nostram,
3364 2028 3553 2099 quibus
3575 2036 3793 2097 putatur

2204 2117 2346 2173 Deus
2393 2121 2510 2174 loco
2563 2121 2742 2190 aliquo
2785 2119 3046 2175 contineri
3101 2137 3116 2174 :
3170 2117 3362 2184 Veniet,
3412 2119 3604 2189 inquit,
3635 2119 3788 2180 hora,

2203 2211 2404 2280 quando
2429 2227 2586 2280 neque
2615 2213 2668 2265 in
2693 2223 2861 2266 monte
2886 2214 3000 2276 hoc,
3032 2227 3187 2282 neque
3230 2212 3284 2264 in
3319 2209 3653 2281 Jerosolymis
3697 2210 3793 2264 ad-

2204 2300 2409 2355 orabitis
2436 2299 2663 2355 Patrem.
2683 2300 2778 2355 Vos
2803 2302 3028 2355 adoratis
3049 2301 3183 2372 quod
3205 2301 3406 2355 nescitis
3438 2315 3457 2354 :
3481 2317 3572 2354 nos
3596 2298 3792 2354 adora-

2205 2409 2316 2447 mus
2343 2393 2477 2464 quod
2498 2394 2716 2458 scimus;
2743 2393 2862 2463 quia
2903 2393 3042 2448 salus
3080 2409 3142 2446 ex
3165 2391 3362 2446 Judteis
3402 2400 3494 2447 est.
3527 2391 3634 2447 Sed
3658 2393 3794 2446 venit

2207 2483 2334 2536 liora
2373 2493 2419 2536 et
2473 2500 2607 2537 nunc
2651 2493 2744 2551 est,
2787 2484 2987 2554 quando
3031 2484 3134 2538 veri
3178 2483 3470 2537 adoratores
3507 2482 3795 2537 adorabunt

2209 2573 2414 2628 Patrem
2440 2575 2492 2629 in
2516 2576 2694 2646 spiritu
2718 2585 2766 2630 et
2792 2577 3016 2630 veritate.
3041 2575 3180 2630 Nam
3203 2585 3250 2631 et
3277 2575 3434 2630 Pater
3458 2575 3585 2630 tales
3614 2577 3796 2645 quaerit

2207 2667 2291 2737 qui
2316 2668 2524 2720 adorent
2551 2683 2684 2720 eunt.
2718 2667 2943 2737 Spiritus
2964 2675 3036 2721 est
3063 2667 3222 2734 Deus,
3262 2676 3310 2722 et
3347 2683 3430 2722 eos
3454 2669 3540 2736 qui
3574 2666 3796 2720 adorant

2209 2777 2344 2823 eum,
2377 2762 2444 2813 in'
2471 2761 2652 2830 spiritu
2679 2771 2729 2816 et
2774 2761 2982 2815 veritate
3021 2769 3219 2830 oportet
3260 2760 3477 2814 adorare
3497 2758 3682 2830 (Joan.
3718 2773 3794 2820 tv,

2207 2850 2425 2923 21-24).
2455 2851 2682 2906 Medium
2723 2867 2849 2922 ergo
2876 2867 2935 2906 se
2972 2852 3105 2906 dixit
3136 2852 3346 2923 Moyses
3378 2867 3483 2907 non
3529 2852 3668 2906 inter
3703 2849 3797 2904 Dei

2209 2943 2555 2998 substantiam
2595 2951 2648 2997 et
2692 2943 2945 3013 populum
2993 2943 3271 2998 intervallo
3316 2943 3492 3013 aliquo
3530 2943 3667 3008 loci;
3698 2942 3799 2998 sed

2209 3035 2330 3100 quia
2357 3048 2452 3103 per
2469 3049 2592 3088 eum
2613 3033 2808 3103 placuit
2837 3034 3031 3104 populo
3057 3033 3241 3088 audire
3269 3042 3462 3088 caetera
3486 3032 3580 3087 Dei
3605 3031 3795 3096 verba,
3877 3103 3881 3107 ἦ

2212 3136 2552 3196 posteaquam
2577 3125 2920 3180 vehementer
2947 3135 3028 3181 est
3055 3126 3288 3190 territus,
3315 3124 3493 3180 audita
3520 3124 3589 3180 de
3615 3125 3799 3180 medio

2213 3217 2348 3288 ignis
2367 3233 2497 3273 voce
2528 3217 2620 3273 Dei
2647 3217 2875 3272 dicentis
2900 3217 3216 3288 Decalogum
3242 3216 3396 3287 legis.

2280 3310 2387 3367 Sed
2437 3314 2629 3368 merito
2675 3314 2930 3384 quaeritur
2985 3311 3253 3383 quomodo
3302 3310 3630 3381 accipiantur
3677 3307 3802 3364 haec

2214 3403 2372 3458 verba
2403 3403 2820 3471 Deuteronomii,
2864 3404 3074 3458 dicente
3121 3403 3320 3473 Moyse,
3367 3401 3435 3456 Et
3467 3417 3559 3473 ego
3598 3401 3800 3455 stabam

2210 3495 2340 3550 inter
2370 3495 2644 3550 Dominum
2669 3506 2716 3551 et
2737 3513 2821 3551 vos
2848 3497 2902 3550 in
2941 3507 3161 3566 tempore
3187 3494 3295 3560 illo,
3327 3495 3630 3548 annuntiare
3654 3494 3802 3549 vobis

2211 3586 2358 3641 verba
2377 3585 2622 3651 Domini;
2647 3587 2883 3657 quoniam
2922 3586 3153 3640 timuistis
3197 3602 3230 3638 a
3265 3585 3394 3657 [acie
3432 3584 3584 3655 ignis,
3618 3592 3800 3638 etnon

2213 3676 2508 3731 ascendistis
2532 3677 2585 3730 in
2614 3686 2847 3741 montem,
2881 3675 3070 3742 dicens,
3099 3674 3211 3745 Ego
3233 3691 3342 3729 sum
3376 3672 3623 3727 Dominus
3653 3670 3802 3728 Deus

2213 3778 2347 3834 tuus,
2377 3779 2431 3824 et
2449 3777 2640 3823 cmtera
2671 3783 2826 3838 :qure
2858 3768 2969 3837 jam
2998 3766 3157 3822 verba
3180 3765 3274 3821 Dei
3299 3773 3442 3829 sunt,
3471 3779 3589 3834 quae
3626 3765 3813 3819 Decae.

2214 3861 2364 3932 logns
2388 3861 2643 3914 continet.
2671 3859 2808 3927 Quid
2845 3873 2972 3929 ergo
3004 3858 3115 3912 vult
3150 3857 3291 3928 quod
3330 3856 3552 3922 addidit,
3583 3855 3804 3911 dicens?

2213 3951 2270 4007 Si
2310 3953 2450 4006 enim
2499 3953 2861 4021 putaverimus
2886 3949 3233 4021 hyperbaton,
3264 3957 3321 4004 ut
3351 3947 3485 4004 ordo
3510 3946 3801 4003 verborum

2212 4045 2301 4111 sit,
2335 4044 2403 4098 Et
2427 4060 2517 4115 ego
2558 4043 2752 4098 stabam
2800 4043 2931 4097 inter
2977 4043 3253 4097 Dominum
3297 4050 3344 4095 et
3384 4056 3470 4094 vos
3494 4040 3548 4094 in
3575 4049 3804 4108 tempore

2213 4139 2323 4203 illo,
2353 4138 2653 4190 annuntiare
2691 4137 2826 4190 vobis
2863 4136 3012 4190 verba
3055 4134 3280 4201 Domini,
3325 4133 3517 4200 dicens,
3551 4132 3659 4202 Ego
3684 4149 3804 4186 sum

2214 4230 2465 4284 Dominus
2493 4229 2632 4284 Deus
2652 4239 2765 4284 tuus
2792 4243 2811 4282 :
2838 4243 2943 4284 non
2969 4229 3074 4284 erit
3100 4242 3304 4283 verum.
3335 4225 3454 4283 Non
3494 4225 3636 4281 enim
3681 4223 3804 4279 lucc

2215 4323 2376 4378 verba
2417 4337 2514 4392 per
2541 4322 2754 4393 Moysen
2800 4320 3043 4391 pupulas,
3084 4320 3178 4376 sed
3227 4321 3294 4375 de
3326 4319 3504 4374 medio
3541 4317 3676 4388 ignis
3697 4331 3797 4371 au-

2215 4415 2348 4470 divit
2379 4432 2391 4469 :
2419 4414 2560 4486 quod
2586 4429 2706 4469 cum
2734 4414 2996 4468 sustinere
3034 4428 3141 4468 non
3183 4421 3364 4483 posset
3403 4411 3587 4465 audito
3625 4409 3804 4464 Deca-

2219 4507 2359 4577 logo,
2393 4505 2677 4576 postulavit
2702 4515 2756 4559 ut
2783 4520 2876 4574 per
2892 4503 3118 4575 Moysen
3144 4511 3336 4558 caetera
3361 4500 3586 4556 audiret.
3612 4499 3805 4554 Restat

2217 4613 2346 4668 ergo
2385 4608 2442 4652 ut
2480 4597 2623 4669 quod
2670 4597 2898 4667 positum
2943 4605 3044 4661 est,
3079 4597 3264 4659 dicens,
3308 4611 3405 4664 pro
3448 4609 3515 4649 eo
3564 4592 3802 4663 positum

2217 4690 2590 4760 intelligamus,
2640 4703 2703 4743 ac
2749 4689 2791 4742 si
2831 4696 2992 4753 esset,
3045 4687 3178 4741 Cum
3227 4686 3464 4750 diceret;
3506 4693 3565 4739 ut
3603 4685 3705 4738 iste
3732 4684 3806 4737 sit

2218 4795 2426 4846 sensus,
2465 4782 2530 4835 Et
2571 4797 2661 4852 ego
2704 4781 2898 4834 stabant
2924 4781 3054 4834 inter
3093 4778 3367 4832 Dominum
3395 4786 3442 4832 et
3471 4793 3557 4832 vos
3583 4778 3636 4830 in
3672 4786 3806 4830 tem-

2222 4891 2342 4946 pore
2392 4874 2503 4940 illo,
2547 4874 2850 4928 annuntiare
2891 4873 3027 4927 vobis
3077 4871 3224 4925 verba
3271 4870 3510 4933 Domini;
3560 4870 3804 4939 quoniam

2222 4967 2503 5019 timuistisa
2531 4966 2660 5034 facie
2697 4964 2848 5034 ignis,
2891 4972 2937 5017 et
2981 4979 3082 5016 non
3120 4962 3416 5016 ascendistis
3457 4962 3512 5014 in
3559 4968 3800 5022 montem,

2220 5073 2339 5111 cum
2371 5056 2590 5119 diceret,
2621 5054 2733 5126 Ego
2756 5071 2866 5108 sum
2897 5053 3141 5107 Dominus
3169 5053 3307 5106 Deus
3335 5061 3449 5105 tuus
3473 5067 3492 5106 :
3520 5061 3578 5105 ut
3610 5050 3806 5104 subau-

2219 5148 2411 5210 diatur,
2441 5161 2562 5201 cum
2603 5146 2805 5200 diceret
2847 5146 3029 5215 utique
3055 5145 3327 5198 Dominus.
3355 5142 3486 5198 Cum
3515 5143 3657 5197 enim
3686 5140 3803 5196 haec

2220 5239 2380 5294 verba
2419 5237 2619 5292 diceret
2652 5237 2926 5302 Dominus,
2965 5251 3084 5306 qua:
3119 5245 3506 5304 consequenter
3539 5249 3606 5288 ex
3640 5233 3803 5288 Deca-

2223 5331 2341 5400 logo
2367 5338 2556 5384 cuncta
2585 5338 2986 5393 commemnrat,
3017 5330 3336 5383 tunc-timuit
3361 5327 3586 5398 populus
3609 5341 3639 5380 a
3665 5325 3803 5380 facie

2224 5421 2378 5490 ignis,
2411 5429 2466 5475 et
2504 5435 2607 5473 non
2640 5419 2878 5474 ascendit
2925 5420 2977 5472 in
3027 5427 3277 5480 montem,
3311 5426 3366 5472 et
3394 5418 3597 5488 rogavit
3624 5426 3680 5470 ut
3706 5430 3805 5486 per

2223 5511 2439 5581 Moysen
2493 5510 2671 5579 potius
2729 5510 2889 5565 verba
2941 5509 3147 5562 Domini
3193 5509 3398 5564 audiret
3459 5509 3652 5580 (Exod.
3705 5522 3801 5571 ιχ,

2225 5601 2310 5664 t8,
2354 5601 2465 5671 to).

2221 5813 2226 5818 ε
2289 5781 2360 5835 (ai
2392 5780 2559 5830 Con'er
2582 5781 2724 5831 Epist.
2749 5779 2826 5836 92,
2849 5795 2894 5828 ιι.
2922 5780 2970 5836 Si,
2997 5785 3046 5830 et
3077 5779 3176 5834 H7.
3195 5791 3240 5826 ιι.
3267 5777 3346 5827 56.
