  <div class='ocr_page' id='page_1' title='image "/cluster/home/n/w/nwhite01/storage/ocr_20150623/34/hvd.32044015706310/382.png"; bbox 0 0 4136 6460; ppageno 0'>
   <div class='ocr_carea' id='block_1_1' title="bbox 366 388 470 448">
    <p class='ocr_par' dir='ltr' id='par_1_1' title="bbox 366 388 470 448">
     <span class='ocr_line' id='line_1_1' title="bbox 366 388 470 448; baseline 0.01 -1"><span class='ocrx_word' id='word_1_1' title='bbox 366 388 470 448; x_wconf 75' lang='lat'><strong>755</strong></span> 
     </span>
    </p>
   </div>
   <div class='ocr_carea' id='block_1_2' title="bbox 437 499 1940 573">
    <p class='ocr_par' dir='ltr' id='par_1_2' title="bbox 437 499 1940 573">
     <span class='ocr_line' id='line_1_2' title="bbox 437 499 1940 573; baseline -0.002 -18"><span class='ocrx_word' id='word_1_2' title='bbox 437 504 564 573; x_wconf 68' lang='lat' dir='ltr'><strong>Qum</strong></span> <span class='ocrx_word' id='word_1_3' title='bbox 593 503 752 557; x_wconf 83' lang='lat' dir='ltr'><strong>verba</strong></span> <span class='ocrx_word' id='word_1_4' title='bbox 781 502 985 572; x_wconf 75' lang='lat' dir='ltr'><strong>Moyses</strong></span> <span class='ocrx_word' id='word_1_5' title='bbox 1028 507 1406 554; x_wconf 88' lang='lat' dir='ltr'><strong>commemorat</strong></span> <span class='ocrx_word' id='word_1_6' title='bbox 1435 499 1486 553; x_wconf 92' lang='lat' dir='ltr'><strong>in</strong></span> <span class='ocrx_word' id='word_1_7' title='bbox 1527 499 1940 553; x_wconf 87' lang='lat' dir='ltr'><strong>Dcutcronomio</strong></span> 
     </span>
    </p>
   </div>
   <div class='ocr_carea' id='block_1_3' title="bbox 366 590 1938 663">
    <p class='ocr_par' dir='ltr' id='par_1_3' title="bbox 366 590 1938 663">
     <span class='ocr_line' id='line_1_3' title="bbox 366 590 1938 663; baseline -0.006 -11"><span class='ocrx_word' id='word_1_8' title='bbox 366 597 504 652; x_wconf 81' lang='lat' dir='ltr'><strong>dicta</strong></span> <span class='ocrx_word' id='word_1_9' title='bbox 537 594 636 648; x_wconf 86' lang='lat' dir='ltr'><strong>sibi</strong></span> <span class='ocrx_word' id='word_1_10' title='bbox 683 609 711 648; x_wconf 91' lang='lat' dir='ltr'><strong>a</strong></span> <span class='ocrx_word' id='word_1_11' title='bbox 759 594 973 663; x_wconf 90' lang='lat' dir='ltr'><strong>populo,</strong></span> <span class='ocrx_word' id='word_1_12' title='bbox 1017 607 1135 647; x_wconf 90' lang='lat' dir='ltr'><strong>cum</strong></span> <span class='ocrx_word' id='word_1_13' title='bbox 1167 592 1350 646; x_wconf 88' lang='lat' dir='ltr'><strong>audire</strong></span> <span class='ocrx_word' id='word_1_14' title='bbox 1390 591 1498 660; x_wconf 88' lang='lat' dir='ltr'><strong>jam</strong></span> <span class='ocrx_word' id='word_1_15' title='bbox 1531 590 1731 644; x_wconf 77' lang='lat' dir='ltr'><strong>nollent</strong></span> <span class='ocrx_word' id='word_1_16' title='bbox 1757 604 1938 643; x_wconf 87' lang='lat' dir='ltr'><strong>vocem</strong></span> 
     </span>
    </p>
   </div>
   <div class='ocr_carea' id='block_1_4' title="bbox 369 670 1936 756">
    <p class='ocr_par' dir='ltr' id='par_1_4' title="bbox 369 670 1936 756">
     <span class='ocr_line' id='line_1_4' title="bbox 369 670 1936 756; baseline -0.006 -12"><span class='ocrx_word' id='word_1_17' title='bbox 369 689 484 754; x_wconf 82' lang='lat' dir='ltr'><strong>Dei,</strong></span> <span class='ocrx_word' id='word_1_18' title='bbox 510 686 601 742; x_wconf 89' lang='lat' dir='ltr'><strong>sed</strong></span> <span class='ocrx_word' id='word_1_19' title='bbox 633 702 725 756; x_wconf 89' lang='lat' dir='ltr'><strong>per</strong></span> <span class='ocrx_word' id='word_1_20' title='bbox 746 701 865 739; x_wconf 90' lang='lat' dir='ltr'><strong>cum</strong></span> <span class='ocrx_word' id='word_1_21' title='bbox 895 695 1131 755; x_wconf 83' lang='lat' dir='ltr'><strong>peterent</strong></span> <span class='ocrx_word' id='word_1_22' title='bbox 1155 685 1254 738; x_wconf 88' lang='lat' dir='ltr'><strong>sibi</strong></span> <span class='ocrx_word' id='word_1_23' title='bbox 1280 670 1520 754; x_wconf 35' lang='lat' dir='ltr'><strong>dici‘qure</strong></span> <span class='ocrx_word' id='word_1_24' title='bbox 1538 682 1745 737; x_wconf 86' lang='lat' dir='ltr'><strong>diccbat</strong></span> <span class='ocrx_word' id='word_1_25' title='bbox 1771 682 1936 746; x_wconf 89' lang='lat' dir='ltr'><strong>Deus;</strong></span> 
     </span>
    </p>
   </div>
   <div class='ocr_carea' id='block_1_5' title="bbox 367 775 1944 845">
    <p class='ocr_par' dir='ltr' id='par_1_5' title="bbox 367 775 1944 845">
     <span class='ocr_line' id='line_1_5' title="bbox 367 775 1944 845; baseline -0.005 -10"><span class='ocrx_word' id='word_1_26' title='bbox 367 780 417 836; x_wconf 94' lang='lat' dir='ltr'><strong>id</strong></span> <span class='ocrx_word' id='word_1_27' title='bbox 448 790 548 843; x_wconf 87' lang='lat' dir='ltr'><strong>est,</strong></span> <span class='ocrx_word' id='word_1_28' title='bbox 595 777 731 833; x_wconf 82' lang='lat' dir='ltr'><strong>Ecce</strong></span> <span class='ocrx_word' id='word_1_29' title='bbox 773 779 983 833; x_wconf 76' lang='lat' dir='ltr'><strong>ostendit</strong></span> <span class='ocrx_word' id='word_1_30' title='bbox 1017 776 1265 831; x_wconf 79' lang='lat' dir='ltr'><strong>Dominus</strong></span> <span class='ocrx_word' id='word_1_31' title='bbox 1296 775 1430 830; x_wconf 88' lang='lat' dir='ltr'><strong>Deus</strong></span> <span class='ocrx_word' id='word_1_32' title='bbox 1470 786 1633 830; x_wconf 78' lang='lat' dir='ltr'><strong>noster</strong></span> <span class='ocrx_word' id='word_1_33' title='bbox 1656 776 1794 828; x_wconf 88' lang='lat' dir='ltr'><strong>nobis</strong></span> <span class='ocrx_word' id='word_1_34' title='bbox 1831 776 1944 845; x_wconf 76' lang='lat' dir='ltr'><strong>glo—</strong></span> 
     </span>
    </p>
   </div>
   <div class='ocr_carea' id='block_1_6' title="bbox 368 865 1945 938">
    <p class='ocr_par' dir='ltr' id='par_1_6' title="bbox 368 865 1945 938">
     <span class='ocr_line' id='line_1_6' title="bbox 368 865 1945 938; baseline -0.005 -14"><span class='ocrx_word' id='word_1_35' title='bbox 368 873 496 924; x_wconf 86' lang='lat' dir='ltr'><strong>riam</strong></span> <span class='ocrx_word' id='word_1_36' title='bbox 520 887 684 937; x_wconf 88' lang='lat' dir='ltr'><strong>suant,</strong></span> <span class='ocrx_word' id='word_1_37' title='bbox 711 878 757 924; x_wconf 87' lang='lat' dir='ltr'><strong>et</strong></span> <span class='ocrx_word' id='word_1_38' title='bbox 781 885 944 923; x_wconf 90' lang='lat' dir='ltr'><strong>vocem</strong></span> <span class='ocrx_word' id='word_1_39' title='bbox 985 869 1093 938; x_wconf 87' lang='lat' dir='ltr'><strong>ejus</strong></span> <span class='ocrx_word' id='word_1_40' title='bbox 1127 868 1404 921; x_wconf 86' lang='lat' dir='ltr'><strong>audivimus</strong></span> <span class='ocrx_word' id='word_1_41' title='bbox 1445 881 1472 920; x_wconf 91' lang='lat' dir='ltr'><strong>e</strong></span> <span class='ocrx_word' id='word_1_42' title='bbox 1514 867 1674 920; x_wconf 82' lang='lat' dir='ltr'><strong>medio</strong></span> <span class='ocrx_word' id='word_1_43' title='bbox 1703 865 1851 936; x_wconf 88' lang='lat' dir='ltr'><strong>ignis,</strong></span> <span class='ocrx_word' id='word_1_44' title='bbox 1893 871 1945 918; x_wconf 86' lang='lat' dir='ltr'><strong>et</strong></span> 
     </span>
    </p>
   </div>
   <div class='ocr_carea' id='block_1_7' title="bbox 367 953 1942 1028">
    <p class='ocr_par' dir='ltr' id='par_1_7' title="bbox 367 953 1942 1028">
     <span class='ocr_line' id='line_1_7' title="bbox 367 953 1942 1028; baseline -0.006 -12"><span class='ocrx_word' id='word_1_45' title='bbox 367 971 561 1016; x_wconf 63' lang='lat' dir='ltr'><strong>cetera</strong></span> <span class='ocrx_word' id='word_1_46' title='bbox 596 977 608 1013; x_wconf 90' lang='lat'>:</span> <span class='ocrx_word' id='word_1_47' title='bbox 638 976 742 1014; x_wconf 93' lang='lat' dir='ltr'><strong>non</strong></span> <span class='ocrx_word' id='word_1_48' title='bbox 773 959 956 1013; x_wconf 87' lang='lat' dir='ltr'><strong>eadem</strong></span> <span class='ocrx_word' id='word_1_49' title='bbox 1002 972 1218 1028; x_wconf 78' lang='lat' dir='ltr'><strong>prorsus</strong></span> <span class='ocrx_word' id='word_1_50' title='bbox 1261 958 1505 1027; x_wconf 84' lang='lat' dir='ltr'><strong>leguntur</strong></span> <span class='ocrx_word' id='word_1_51' title='bbox 1542 957 1592 1009; x_wconf 93' lang='lat' dir='ltr'><strong>in</strong></span> <span class='ocrx_word' id='word_1_52' title='bbox 1625 956 1827 1017; x_wconf 84' lang='lat' dir='ltr'><strong>Exodo,</strong></span> <span class='ocrx_word' id='word_1_53' title='bbox 1855 953 1942 1008; x_wconf 92' lang='lat' dir='ltr'><strong>ubi</strong></span> 
     </span>
    </p>
   </div>
   <div class='ocr_carea' id='block_1_8' title="bbox 372 1043 1945 1120">
    <p class='ocr_par' dir='ltr' id='par_1_8' title="bbox 372 1043 1945 1120">
     <span class='ocr_line' id='line_1_8' title="bbox 372 1043 1945 1120; baseline -0.004 -15"><span class='ocrx_word' id='word_1_54' title='bbox 372 1054 598 1120; x_wconf 76' lang='lat' dir='ltr'><strong>primum</strong></span> <span class='ocrx_word' id='word_1_55' title='bbox 644 1058 852 1104; x_wconf 87' lang='lat' dir='ltr'><strong>narrata</strong></span> <span class='ocrx_word' id='word_1_56' title='bbox 892 1057 1031 1113; x_wconf 89' lang='lat' dir='ltr'><strong>sunt,</strong></span> <span class='ocrx_word' id='word_1_57' title='bbox 1078 1065 1196 1120; x_wconf 62' lang='lat' dir='ltr'><strong>quae</strong></span> <span class='ocrx_word' id='word_1_58' title='bbox 1240 1048 1396 1102; x_wconf 89' lang='lat' dir='ltr'><strong>modo</strong></span> <span class='ocrx_word' id='word_1_59' title='bbox 1439 1055 1764 1116; x_wconf 88' lang='lat' dir='ltr'><strong>repetuntur.</strong></span> <span class='ocrx_word' id='word_1_60' title='bbox 1796 1043 1945 1100; x_wconf 87' lang='lat' dir='ltr'><strong>Unde</strong></span> 
     </span>
    </p>
   </div>
   <div class='ocr_carea' id='block_1_9' title="bbox 371 1138 1941 1213">
    <p class='ocr_par' dir='ltr' id='par_1_9' title="bbox 371 1138 1941 1213">
     <span class='ocr_line' id='line_1_9' title="bbox 371 1138 1941 1213; baseline -0.004 -17"><span class='ocrx_word' id='word_1_61' title='bbox 371 1143 746 1213; x_wconf 87' lang='lat' dir='ltr'><strong>intelligamus,</strong></span> <span class='ocrx_word' id='word_1_62' title='bbox 789 1140 930 1212; x_wconf 91' lang='lat' dir='ltr'><strong>quod</strong></span> <span class='ocrx_word' id='word_1_63' title='bbox 998 1141 1278 1210; x_wconf 91' lang='lat' dir='ltr'><strong>aliquoties</strong></span> <span class='ocrx_word' id='word_1_64' title='bbox 1332 1139 1441 1208; x_wconf 87' lang='lat' dir='ltr'><strong>jam</strong></span> <span class='ocrx_word' id='word_1_65' title='bbox 1510 1138 1941 1204; x_wconf 87' lang='lat' dir='ltr'><strong>connnemoravi,</strong></span> 
     </span>
    </p>
   </div>
   <div class='ocr_carea' id='block_1_10' title="bbox 372 1229 1943 1304">
    <p class='ocr_par' dir='ltr' id='par_1_10' title="bbox 372 1229 1943 1304">
     <span class='ocr_line' id='line_1_10' title="bbox 372 1229 1943 1304; baseline -0.006 -14"><span class='ocrx_word' id='word_1_66' title='bbox 372 1251 478 1290; x_wconf 89' lang='lat' dir='ltr'><strong>non</strong></span> <span class='ocrx_word' id='word_1_67' title='bbox 519 1249 634 1290; x_wconf 89' lang='lat' dir='ltr'><strong>esse</strong></span> <span class='ocrx_word' id='word_1_68' title='bbox 662 1236 714 1288; x_wconf 94' lang='lat' dir='ltr'><strong>in</strong></span> <span class='ocrx_word' id='word_1_69' title='bbox 744 1233 1020 1288; x_wconf 84' lang='lat' dir='ltr'><strong>mendacio</strong></span> <span class='ocrx_word' id='word_1_70' title='bbox 1046 1233 1424 1304; x_wconf 85' lang='lat' dir='ltr'><strong>deputandum,</strong></span> <span class='ocrx_word' id='word_1_71' title='bbox 1468 1232 1510 1286; x_wconf 93' lang='lat' dir='ltr'><strong>si</strong></span> <span class='ocrx_word' id='word_1_72' title='bbox 1541 1231 1656 1284; x_wconf 89' lang='lat' dir='ltr'><strong>aliis</strong></span> <span class='ocrx_word' id='word_1_73' title='bbox 1685 1229 1943 1300; x_wconf 82' lang='lat' dir='ltr'><strong>quibusli-</strong></span> 
     </span>
    </p>
   </div>
   <div class='ocr_carea' id='block_1_11' title="bbox 372 1323 1945 1393">
    <p class='ocr_par' dir='ltr' id='par_1_11' title="bbox 372 1323 1945 1393">
     <span class='ocr_line' id='line_1_11' title="bbox 372 1323 1945 1393; baseline -0.003 -13"><span class='ocrx_word' id='word_1_74' title='bbox 372 1327 462 1381; x_wconf 89' lang='lat' dir='ltr'><strong>bet</strong></span> <span class='ocrx_word' id='word_1_75' title='bbox 503 1326 678 1382; x_wconf 84' lang='lat' dir='ltr'><strong>verbis</strong></span> <span class='ocrx_word' id='word_1_76' title='bbox 729 1325 916 1382; x_wconf 90' lang='lat' dir='ltr'><strong>eadem</strong></span> <span class='ocrx_word' id='word_1_77' title='bbox 976 1326 1220 1380; x_wconf 88' lang='lat' dir='ltr'><strong>voluntas</strong></span> <span class='ocrx_word' id='word_1_78' title='bbox 1276 1323 1677 1388; x_wconf 76' lang='lat' dir='ltr'><strong>manifestatur,</strong></span> <span class='ocrx_word' id='word_1_79' title='bbox 1731 1330 1945 1393; x_wconf 86' lang='lat' dir='ltr'><strong>propter</strong></span> 
     </span>
    </p>
   </div>
   <div class='ocr_carea' id='block_1_12' title="bbox 373 1414 1947 1488">
    <p class='ocr_par' dir='ltr' id='par_1_12' title="bbox 373 1414 1947 1488">
     <span class='ocr_line' id='line_1_12' title="bbox 373 1414 1947 1488; baseline -0.002 -18"><span class='ocrx_word' id='word_1_80' title='bbox 373 1417 825 1488; x_wconf 82' lang='lat' dir='ltr'><strong>Evangelistarum</strong></span> <span class='ocrx_word' id='word_1_81' title='bbox 880 1417 1039 1474; x_wconf 88' lang='lat' dir='ltr'><strong>etiam</strong></span> <span class='ocrx_word' id='word_1_82' title='bbox 1083 1418 1264 1483; x_wconf 81' lang='lat' dir='ltr'><strong>verba,</strong></span> <span class='ocrx_word' id='word_1_83' title='bbox 1312 1431 1429 1485; x_wconf 72' lang='lat' dir='ltr'><strong>qua:</strong></span> <span class='ocrx_word' id='word_1_84' title='bbox 1473 1415 1540 1469; x_wconf 90' lang='lat' dir='ltr'><strong>ab</strong></span> <span class='ocrx_word' id='word_1_85' title='bbox 1586 1414 1844 1484; x_wconf 84' lang='lat' dir='ltr'><strong>imperitis</strong></span> <span class='ocrx_word' id='word_1_86' title='bbox 1893 1422 1947 1468; x_wconf 90' lang='lat' dir='ltr'><strong>et</strong></span> 
     </span>
    </p>
   </div>
   <div class='ocr_carea' id='block_1_13' title="bbox 371 1504 1940 1578">
    <p class='ocr_par' dir='ltr' id='par_1_13' title="bbox 371 1504 1940 1578">
     <span class='ocr_line' id='line_1_13' title="bbox 371 1504 1940 1578; baseline -0.003 -18"><span class='ocrx_word' id='word_1_87' title='bbox 371 1508 712 1562; x_wconf 87' lang='lat' dir='ltr'><strong>calumniosis</strong></span> <span class='ocrx_word' id='word_1_88' title='bbox 759 1517 1005 1578; x_wconf 88' lang='lat' dir='ltr'><strong>tanquam</strong></span> <span class='ocrx_word' id='word_1_89' title='bbox 1071 1506 1416 1576; x_wconf 80' lang='lat' dir='ltr'><strong>repugnantia</strong></span> <span class='ocrx_word' id='word_1_90' title='bbox 1463 1504 1940 1575; x_wconf 88' lang='lat' dir='ltr'><strong>reprehenduntur.</strong></span> 
     </span>
    </p>
   </div>
   <div class='ocr_carea' id='block_1_14' title="bbox 367 1596 1941 1670">
    <p class='ocr_par' dir='ltr' id='par_1_14' title="bbox 367 1596 1941 1670">
     <span class='ocr_line' id='line_1_14' title="bbox 367 1596 1941 1670; baseline -0.001 -19"><span class='ocrx_word' id='word_1_91' title='bbox 367 1597 552 1668; x_wconf 82' lang='lat' dir='ltr'><strong>Neque</strong></span> <span class='ocrx_word' id='word_1_92' title='bbox 581 1599 721 1653; x_wconf 89' lang='lat' dir='ltr'><strong>enim</strong></span> <span class='ocrx_word' id='word_1_93' title='bbox 776 1613 1021 1670; x_wconf 78' lang='lat' dir='ltr'><strong>magnum</strong></span> <span class='ocrx_word' id='word_1_94' title='bbox 1062 1607 1175 1654; x_wconf 88' lang='lat' dir='ltr'><strong>erat</strong></span> <span class='ocrx_word' id='word_1_95' title='bbox 1225 1597 1389 1668; x_wconf 79' lang='lat' dir='ltr'><strong>Moysi</strong></span> <span class='ocrx_word' id='word_1_96' title='bbox 1436 1597 1710 1651; x_wconf 88' lang='lat' dir='ltr'><strong>attendere</strong></span> <span class='ocrx_word' id='word_1_97' title='bbox 1749 1612 1865 1667; x_wconf 83' lang='lat' dir='ltr'><strong>quae</strong></span> <span class='ocrx_word' id='word_1_98' title='bbox 1891 1596 1941 1650; x_wconf 91' lang='lat' dir='ltr'><strong>in</strong></span> 
     </span>
    </p>
   </div>
   <div class='ocr_carea' id='block_1_15' title="bbox 371 1687 1942 1760">
    <p class='ocr_par' dir='ltr' id='par_1_15' title="bbox 371 1687 1942 1760">
     <span class='ocr_line' id='line_1_15' title="bbox 371 1687 1942 1760; baseline -0.001 -18"><span class='ocrx_word' id='word_1_99' title='bbox 371 1689 555 1743; x_wconf 75' lang='lat' dir='ltr'><strong>Exodo</strong></span> <span class='ocrx_word' id='word_1_100' title='bbox 583 1691 884 1760; x_wconf 86' lang='lat' dir='ltr'><strong>scripserat,</strong></span> <span class='ocrx_word' id='word_1_101' title='bbox 915 1699 966 1744; x_wconf 90' lang='lat' dir='ltr'><strong>et</strong></span> <span class='ocrx_word' id='word_1_102' title='bbox 991 1687 1189 1743; x_wconf 86' lang='lat' dir='ltr'><strong>eisdem</strong></span> <span class='ocrx_word' id='word_1_103' title='bbox 1225 1687 1438 1741; x_wconf 89' lang='lat' dir='ltr'><strong>omnino</strong></span> <span class='ocrx_word' id='word_1_104' title='bbox 1466 1687 1643 1741; x_wconf 78' lang='lat' dir='ltr'><strong>verbis</strong></span> <span class='ocrx_word' id='word_1_105' title='bbox 1673 1687 1756 1740; x_wconf 90' lang='lat' dir='ltr'><strong>illa</strong></span> <span class='ocrx_word' id='word_1_106' title='bbox 1788 1702 1942 1752; x_wconf 89' lang='lat' dir='ltr'><strong>repe-</strong></span> 
     </span>
    </p>
   </div>
   <div class='ocr_carea' id='block_1_16' title="bbox 372 1777 1945 1850">
    <p class='ocr_par' dir='ltr' id='par_1_16' title="bbox 372 1777 1945 1850">
     <span class='ocr_line' id='line_1_16' title="bbox 372 1777 1945 1850; baseline -0.001 -16"><span class='ocrx_word' id='word_1_107' title='bbox 372 1791 503 1842; x_wconf 86' lang='lat' dir='ltr'><strong>tere,</strong></span> <span class='ocrx_word' id='word_1_108' title='bbox 538 1780 636 1835; x_wconf 91' lang='lat' dir='ltr'><strong>nisi</strong></span> <span class='ocrx_word' id='word_1_109' title='bbox 668 1781 956 1850; x_wconf 88' lang='lat' dir='ltr'><strong>pertineret</strong></span> <span class='ocrx_word' id='word_1_110' title='bbox 998 1780 1064 1834; x_wconf 92' lang='lat' dir='ltr'><strong>ad</strong></span> <span class='ocrx_word' id='word_1_111' title='bbox 1100 1788 1309 1834; x_wconf 80' lang='lat' dir='ltr'><strong>sanctos</strong></span> <span class='ocrx_word' id='word_1_112' title='bbox 1338 1779 1582 1833; x_wconf 87' lang='lat' dir='ltr'><strong>doctores</strong></span> <span class='ocrx_word' id='word_1_113' title='bbox 1611 1789 1820 1832; x_wconf 84' lang='lat' dir='ltr'><strong>nostros</strong></span> <span class='ocrx_word' id='word_1_114' title='bbox 1844 1777 1945 1833; x_wconf 89' lang='lat' dir='ltr'><strong>hoc</strong></span> 
     </span>
    </p>
   </div>
   <div class='ocr_carea' id='block_1_17' title="bbox 369 1869 1944 1941">
    <p class='ocr_par' dir='ltr' id='par_1_17' title="bbox 369 1869 1944 1941">
     <span class='ocr_line' id='line_1_17' title="bbox 369 1869 1944 1941; baseline -0.001 -16"><span class='ocrx_word' id='word_1_115' title='bbox 369 1872 543 1941; x_wconf 87' lang='lat' dir='ltr'><strong>ipsum</strong></span> <span class='ocrx_word' id='word_1_116' title='bbox 574 1873 843 1930; x_wconf 87' lang='lat' dir='ltr'><strong>insinuare</strong></span> <span class='ocrx_word' id='word_1_117' title='bbox 887 1873 1232 1936; x_wconf 87' lang='lat' dir='ltr'><strong>discentibus,</strong></span> <span class='ocrx_word' id='word_1_118' title='bbox 1272 1879 1330 1926; x_wconf 91' lang='lat' dir='ltr'><strong>ut</strong></span> <span class='ocrx_word' id='word_1_119' title='bbox 1369 1871 1494 1924; x_wconf 87' lang='lat' dir='ltr'><strong>nihil</strong></span> <span class='ocrx_word' id='word_1_120' title='bbox 1524 1871 1663 1924; x_wconf 86' lang='lat' dir='ltr'><strong>aliud</strong></span> <span class='ocrx_word' id='word_1_121' title='bbox 1690 1869 1742 1924; x_wconf 91' lang='lat' dir='ltr'><strong>in</strong></span> <span class='ocrx_word' id='word_1_122' title='bbox 1770 1870 1944 1924; x_wconf 84' lang='lat' dir='ltr'><strong>verbis</strong></span> 
     </span>
    </p>
   </div>
   <div class='ocr_carea' id='block_1_18' title="bbox 363 1962 1973 2034">
    <p class='ocr_par' dir='ltr' id='par_1_18' title="bbox 363 1962 1973 2034">
     <span class='ocr_line' id='line_1_18' title="bbox 363 1962 1973 2034; baseline -0.004 -16"><span class='ocrx_word' id='word_1_123' title='bbox 363 1964 692 2034; x_wconf 84' lang='lat' dir='ltr'><strong>loquentium</strong></span> <span class='ocrx_word' id='word_1_124' title='bbox 723 1971 978 2034; x_wconf 60' lang='lat' dir='ltr'><strong>quierant,</strong></span> <span class='ocrx_word' id='word_1_125' title='bbox 1011 1963 1111 2018; x_wconf 90' lang='lat' dir='ltr'><strong>nisi</strong></span> <span class='ocrx_word' id='word_1_126' title='bbox 1159 1962 1482 2017; x_wconf 85' lang='lat' dir='ltr'><strong>voluntatem</strong></span> <span class='ocrx_word' id='word_1_127' title='bbox 1525 1970 1739 2032; x_wconf 82' lang='lat' dir='ltr'><strong>propter</strong></span> <span class='ocrx_word' id='word_1_128' title='bbox 1785 1977 1973 2032; x_wconf 88' lang='lat' dir='ltr'><strong>quam.</strong></span> 
     </span>
    </p>
   </div>
   <div class='ocr_carea' id='block_1_19' title="bbox 367 2053 1366 2109">
    <p class='ocr_par' dir='ltr' id='par_1_19' title="bbox 367 2053 1366 2109">
     <span class='ocr_line' id='line_1_19' title="bbox 367 2053 1366 2109; baseline -0.002 -1"><span class='ocrx_word' id='word_1_129' title='bbox 367 2053 741 2109; x_wconf 82' lang='lat' dir='ltr'><strong>enuntiandam</strong></span> <span class='ocrx_word' id='word_1_130' title='bbox 774 2055 934 2109; x_wconf 89' lang='lat' dir='ltr'><strong>verba</strong></span> <span class='ocrx_word' id='word_1_131' title='bbox 962 2054 1196 2108; x_wconf 89' lang='lat' dir='ltr'><strong>instituta</strong></span> <span class='ocrx_word' id='word_1_132' title='bbox 1226 2063 1366 2108; x_wconf 88' lang='lat' dir='ltr'><strong>sunt.</strong></span> 
     </span>
    </p>
   </div>
   <div class='ocr_carea' id='block_1_20' title="bbox 362 2135 1940 2219">
    <p class='ocr_par' dir='ltr' id='par_1_20' title="bbox 362 2135 1940 2219">
     <span class='ocr_line' id='line_1_20' title="bbox 362 2135 1940 2219; baseline -0.001 -19"><span class='ocrx_word' id='word_1_133' title='bbox 362 2135 369 2218; x_wconf 44' lang='grc' dir='ltr'><strong>ί</strong></span> <span class='ocrx_word' id='word_1_134' title='bbox 438 2146 530 2200; x_wconf 73' lang='lat' dir='ltr'><strong>XI.</strong></span> <span class='ocrx_word' id='word_1_135' title='bbox 564 2145 662 2219; x_wconf 86' lang='lat' dir='ltr'><strong>[lb.</strong></span> <span class='ocrx_word' id='word_1_136' title='bbox 695 2163 749 2213; x_wconf 90' lang='lat' dir='ltr'><strong>v,</strong></span> <span class='ocrx_word' id='word_1_137' title='bbox 779 2143 894 2219; x_wconf 73' lang='lat'><strong>9.9.]</strong></span> <span class='ocrx_word' id='word_1_138' title='bbox 919 2146 1054 2214; x_wconf 89' lang='lat' dir='ltr'><strong>Quid</strong></span> <span class='ocrx_word' id='word_1_139' title='bbox 1095 2155 1177 2201; x_wconf 88' lang='lat' dir='ltr'><strong>est</strong></span> <span class='ocrx_word' id='word_1_140' title='bbox 1217 2146 1372 2216; x_wconf 74' lang='lat' dir='ltr'><strong>quud&#39;</strong></span> <span class='ocrx_word' id='word_1_141' title='bbox 1397 2147 1470 2200; x_wconf 86' lang='lat' dir='ltr'><strong>ait</strong></span> <span class='ocrx_word' id='word_1_142' title='bbox 1512 2144 1718 2218; x_wconf 80' lang='lat' dir='ltr'><strong>Moyses</strong></span> <span class='ocrx_word' id='word_1_143' title='bbox 1747 2145 1940 2200; x_wconf 86' lang='lat' dir='ltr'><strong>dictum</strong></span> 
     </span>
    </p>
   </div>
   <div class='ocr_carea' id='block_1_21' title="bbox 367 2216 1942 2308">
    <p class='ocr_par' dir='ltr' id='par_1_21' title="bbox 367 2216 1942 2308">
     <span class='ocr_line' id='line_1_21' title="bbox 367 2216 1942 2308; baseline -0.001 -16"><span class='ocrx_word' id='word_1_144' title='bbox 367 2216 467 2292; x_wconf 80' lang='lat' dir='ltr'><strong>Sibi</strong></span> <span class='ocrx_word' id='word_1_145' title='bbox 518 2216 636 2293; x_wconf 78' lang='lat' dir='ltr'><strong>esse</strong></span> <span class='ocrx_word' id='word_1_146' title='bbox 681 2253 710 2292; x_wconf 89' lang='lat' dir='ltr'><strong>a</strong></span> <span class='ocrx_word' id='word_1_147' title='bbox 761 2216 982 2292; x_wconf 84' lang='lat' dir='ltr'><strong>Domino</strong></span> <span class='ocrx_word' id='word_1_148' title='bbox 1030 2237 1097 2293; x_wconf 90' lang='lat' dir='ltr'><strong>de</strong></span> <span class='ocrx_word' id='word_1_149' title='bbox 1139 2238 1332 2308; x_wconf 82' lang='lat' dir='ltr'><strong>populo</strong></span> <span class='ocrx_word' id='word_1_150' title='bbox 1370 2216 1614 2305; x_wconf 62' lang='lat' dir='ltr'><strong>Hebraeo,</strong></span> <span class='ocrx_word' id='word_1_151' title='bbox 1650 2237 1774 2303; x_wconf 84' lang='lat' dir='ltr'><strong>Quis</strong></span> <span class='ocrx_word' id='word_1_152' title='bbox 1807 2238 1942 2291; x_wconf 81' lang='lat' dir='ltr'><strong>dabit</strong></span> 
     </span>
    </p>
   </div>
   <div class='ocr_carea' id='block_1_22' title="bbox 357 2322 1944 2395">
    <p class='ocr_par' dir='ltr' id='par_1_22' title="bbox 357 2322 1944 2395">
     <span class='ocr_line' id='line_1_22' title="bbox 357 2322 1944 2395; baseline -0.001 -14"><span class='ocrx_word' id='word_1_153' title='bbox 357 2322 477 2395; x_wconf 72' lang='lat' dir='ltr'><strong>esse</strong></span> <span class='ocrx_word' id='word_1_154' title='bbox 510 2329 582 2382; x_wconf 87' lang='lat' dir='ltr'><strong>sic</strong></span> <span class='ocrx_word' id='word_1_155' title='bbox 620 2346 706 2382; x_wconf 92' lang='lat' dir='ltr'><strong>cor</strong></span> <span class='ocrx_word' id='word_1_156' title='bbox 740 2345 910 2382; x_wconf 89' lang='lat' dir='ltr'><strong>eorum</strong></span> <span class='ocrx_word' id='word_1_157' title='bbox 952 2329 1003 2382; x_wconf 88' lang='lat' dir='ltr'><strong>in</strong></span> <span class='ocrx_word' id='word_1_158' title='bbox 1033 2331 1121 2391; x_wconf 86' lang='lat' dir='ltr'><strong>eis,</strong></span> <span class='ocrx_word' id='word_1_159' title='bbox 1150 2338 1205 2382; x_wconf 91' lang='lat' dir='ltr'><strong>ut</strong></span> <span class='ocrx_word' id='word_1_160' title='bbox 1233 2329 1436 2382; x_wconf 80' lang='lat' dir='ltr'><strong>timeant</strong></span> <span class='ocrx_word' id='word_1_161' title='bbox 1466 2345 1562 2393; x_wconf 88' lang='lat' dir='ltr'><strong>me,</strong></span> <span class='ocrx_word' id='word_1_162' title='bbox 1592 2338 1637 2382; x_wconf 89' lang='lat' dir='ltr'><strong>et</strong></span> <span class='ocrx_word' id='word_1_163' title='bbox 1661 2328 1944 2381; x_wconf 87' lang='lat' dir='ltr'><strong>custodiant</strong></span> 
     </span>
    </p>
   </div>
   <div class='ocr_carea' id='block_1_23' title="bbox 366 2418 1939 2489">
    <p class='ocr_par' dir='ltr' id='par_1_23' title="bbox 366 2418 1939 2489">
     <span class='ocr_line' id='line_1_23' title="bbox 366 2418 1939 2489; baseline 0 -18"><span class='ocrx_word' id='word_1_164' title='bbox 366 2420 607 2473; x_wconf 85' lang='lat' dir='ltr'><strong>mandata</strong></span> <span class='ocrx_word' id='word_1_165' title='bbox 647 2421 796 2474; x_wconf 80' lang='lat' dir='ltr'><strong>mea?</strong></span> <span class='ocrx_word' id='word_1_166' title='bbox 836 2420 916 2474; x_wconf 85' lang='lat' dir='ltr'><strong>An</strong></span> <span class='ocrx_word' id='word_1_167' title='bbox 959 2419 1045 2474; x_wconf 86' lang='lat' dir='ltr'><strong>hic</strong></span> <span class='ocrx_word' id='word_1_168' title='bbox 1079 2419 1186 2488; x_wconf 88' lang='lat' dir='ltr'><strong>jam</strong></span> <span class='ocrx_word' id='word_1_169' title='bbox 1222 2418 1334 2472; x_wconf 84' lang='lat' dir='ltr'><strong>vult</strong></span> <span class='ocrx_word' id='word_1_170' title='bbox 1368 2418 1606 2489; x_wconf 83' lang='lat' dir='ltr'><strong>intelligi,</strong></span> <span class='ocrx_word' id='word_1_171' title='bbox 1653 2418 1817 2488; x_wconf 83' lang='lat' dir='ltr'><strong>gratia</strong></span> <span class='ocrx_word' id='word_1_172' title='bbox 1848 2434 1939 2471; x_wconf 89' lang='lat' dir='ltr'><strong>sua</strong></span> 
     </span>
    </p>
   </div>
   <div class='ocr_carea' id='block_1_24' title="bbox 361 2509 1938 2579">
    <p class='ocr_par' dir='ltr' id='par_1_24' title="bbox 361 2509 1938 2579">
     <span class='ocr_line' id='line_1_24' title="bbox 361 2509 1938 2579; baseline -0.001 -14"><span class='ocrx_word' id='word_1_173' title='bbox 361 2511 582 2566; x_wconf 81' lang='lat' dir='ltr'><strong>concedi</strong></span> <span class='ocrx_word' id='word_1_174' title='bbox 617 2511 719 2566; x_wconf 91' lang='lat' dir='ltr'><strong>hoc</strong></span> <span class='ocrx_word' id='word_1_175' title='bbox 756 2509 1090 2577; x_wconf 78' lang='lat' dir='ltr'><strong>beneficium,</strong></span> <span class='ocrx_word' id='word_1_176' title='bbox 1136 2520 1192 2564; x_wconf 90' lang='lat' dir='ltr'><strong>ut</strong></span> <span class='ocrx_word' id='word_1_177' title='bbox 1235 2511 1302 2564; x_wconf 92' lang='lat' dir='ltr'><strong>sit</strong></span> <span class='ocrx_word' id='word_1_178' title='bbox 1329 2510 1379 2563; x_wconf 91' lang='lat' dir='ltr'><strong>in</strong></span> <span class='ocrx_word' id='word_1_179' title='bbox 1409 2509 1713 2564; x_wconf 87' lang='lat' dir='ltr'><strong>hominibus</strong></span> <span class='ocrx_word' id='word_1_180' title='bbox 1739 2509 1938 2579; x_wconf 90' lang='lat' dir='ltr'><strong>justitia</strong></span> 
     </span>
    </p>
   </div>
   <div class='ocr_carea' id='block_1_25' title="bbox 365 2600 1942 2672">
    <p class='ocr_par' dir='ltr' id='par_1_25' title="bbox 365 2600 1942 2672">
     <span class='ocr_line' id='line_1_25' title="bbox 365 2600 1942 2672; baseline -0.001 -17"><span class='ocrx_word' id='word_1_181' title='bbox 365 2602 460 2656; x_wconf 81' lang='lat' dir='ltr'><strong>Dei</strong></span> <span class='ocrx_word' id='word_1_182' title='bbox 501 2618 564 2657; x_wconf 82' lang='lat' dir='ltr'><strong>ex</strong></span> <span class='ocrx_word' id='word_1_183' title='bbox 612 2602 872 2669; x_wconf 74' lang='lat' dir='ltr'><strong>lide,.non</strong></span> <span class='ocrx_word' id='word_1_184' title='bbox 905 2603 1052 2672; x_wconf 84' lang='lat' dir='ltr'><strong>quasi</strong></span> <span class='ocrx_word' id='word_1_185' title='bbox 1085 2601 1316 2672; x_wconf 89' lang='lat' dir='ltr'><strong>propria,</strong></span> <span class='ocrx_word' id='word_1_186' title='bbox 1344 2602 1486 2656; x_wconf 88' lang='lat' dir='ltr'><strong>velut</strong></span> <span class='ocrx_word' id='word_1_187' title='bbox 1519 2617 1584 2656; x_wconf 86' lang='lat' dir='ltr'><strong>ex</strong></span> <span class='ocrx_word' id='word_1_188' title='bbox 1613 2600 1790 2670; x_wconf 86' lang='lat' dir='ltr'><strong>Lege?</strong></span> <span class='ocrx_word' id='word_1_189' title='bbox 1831 2600 1942 2654; x_wconf 83' lang='lat' dir='ltr'><strong>Hoc</strong></span> 
     </span>
    </p>
   </div>
   <div class='ocr_carea' id='block_1_26' title="bbox 363 2690 1940 2762">
    <p class='ocr_par' dir='ltr' id='par_1_26' title="bbox 363 2690 1940 2762">
     <span class='ocr_line' id='line_1_26' title="bbox 363 2690 1940 2762; baseline -0.001 -17"><span class='ocrx_word' id='word_1_190' title='bbox 363 2693 584 2746; x_wconf 84' lang='lat' dir='ltr'><strong>enimet</strong></span> <span class='ocrx_word' id='word_1_191' title='bbox 628 2707 723 2760; x_wconf 89' lang='lat' dir='ltr'><strong>per</strong></span> <span class='ocrx_word' id='word_1_192' title='bbox 763 2692 1072 2762; x_wconf 84' lang='lat' dir='ltr'><strong>prophetam</strong></span> <span class='ocrx_word' id='word_1_193' title='bbox 1118 2691 1408 2761; x_wconf 81' lang='lat' dir='ltr'><strong>signiﬁcat,</strong></span> <span class='ocrx_word' id='word_1_194' title='bbox 1457 2690 1658 2755; x_wconf 89' lang='lat' dir='ltr'><strong>dicens,</strong></span> <span class='ocrx_word' id='word_1_195' title='bbox 1703 2691 1940 2760; x_wconf 79' lang='lat' dir='ltr'><strong>Auferam</strong></span> 
     </span>
    </p>
   </div>
   <div class='ocr_carea' id='block_1_27' title="bbox 350 2773 1934 2853">
    <p class='ocr_par' dir='ltr' id='par_1_27' title="bbox 350 2773 1934 2853">
     <span class='ocr_line' id='line_1_27' title="bbox 350 2773 1934 2853; baseline 0.001 -18"><span class='ocrx_word' id='word_1_196' title='bbox 350 2773 434 2835; x_wconf 66' lang='grc' dir='ltr'><strong>ἐἰς</strong></span> <span class='ocrx_word' id='word_1_197' title='bbox 457 2799 543 2836; x_wconf 90' lang='lat' dir='ltr'><strong>cor</strong></span> <span class='ocrx_word' id='word_1_198' title='bbox 569 2782 840 2852; x_wconf 87' lang='lat' dir='ltr'><strong>lapideum,</strong></span> <span class='ocrx_word' id='word_1_199' title='bbox 871 2793 914 2836; x_wconf 89' lang='lat' dir='ltr'><strong>et</strong></span> <span class='ocrx_word' id='word_1_200' title='bbox 944 2782 1071 2837; x_wconf 83' lang='lat' dir='ltr'><strong>dabo</strong></span> <span class='ocrx_word' id='word_1_201' title='bbox 1101 2783 1170 2837; x_wconf 87' lang='lat' dir='ltr'><strong>eis</strong></span> <span class='ocrx_word' id='word_1_202' title='bbox 1217 2799 1304 2836; x_wconf 89' lang='lat' dir='ltr'><strong>cor</strong></span> <span class='ocrx_word' id='word_1_203' title='bbox 1345 2800 1579 2837; x_wconf 87' lang='lat' dir='ltr'><strong>carneum</strong></span> <span class='ocrx_word' id='word_1_204' title='bbox 1627 2783 1832 2853; x_wconf 77' lang='lat' dir='ltr'><strong>(Ezeclt.</strong></span> <span class='ocrx_word' id='word_1_205' title='bbox 1860 2798 1934 2847; x_wconf 79' lang='lat' dir='ltr'><strong>XI,</strong></span> 
     </span>
    </p>
   </div>
   <div class='ocr_carea' id='block_1_28' title="bbox 364 2874 1935 2946">
    <p class='ocr_par' dir='ltr' id='par_1_28' title="bbox 364 2874 1935 2946">
     <span class='ocr_line' id='line_1_28' title="bbox 364 2874 1935 2946; baseline 0 -18"><span class='ocrx_word' id='word_1_206' title='bbox 364 2874 461 2941; x_wconf 73' lang='lat' dir='ltr'><strong>i9,</strong></span> <span class='ocrx_word' id='word_1_207' title='bbox 491 2885 545 2929; x_wconf 92' lang='lat' dir='ltr'><strong>et</strong></span> <span class='ocrx_word' id='word_1_208' title='bbox 581 2892 766 2942; x_wconf 73' lang='lat' dir='ltr'><strong>xxxvr,</strong></span> <span class='ocrx_word' id='word_1_209' title='bbox 795 2875 888 2946; x_wconf 69' lang='lat'><strong>26)</strong></span> <span class='ocrx_word' id='word_1_210' title='bbox 920 2893 931 2929; x_wconf 85' lang='lat'><strong>:</strong></span> <span class='ocrx_word' id='word_1_211' title='bbox 965 2875 1104 2945; x_wconf 89' lang='lat' dir='ltr'><strong>quod</strong></span> <span class='ocrx_word' id='word_1_212' title='bbox 1130 2883 1344 2945; x_wconf 88' lang='lat' dir='ltr'><strong>propter</strong></span> <span class='ocrx_word' id='word_1_213' title='bbox 1371 2890 1584 2929; x_wconf 88' lang='lat' dir='ltr'><strong>sensum</strong></span> <span class='ocrx_word' id='word_1_214' title='bbox 1614 2875 1809 2930; x_wconf 91' lang='lat' dir='ltr'><strong>dictum</strong></span> <span class='ocrx_word' id='word_1_215' title='bbox 1834 2884 1935 2942; x_wconf 87' lang='lat' dir='ltr'><strong>est,</strong></span> 
     </span>
    </p>
   </div>
   <div class='ocr_carea' id='block_1_29' title="bbox 359 2966 1939 3036">
    <p class='ocr_par' dir='ltr' id='par_1_29' title="bbox 359 2966 1939 3036">
     <span class='ocr_line' id='line_1_29' title="bbox 359 2966 1939 3036; baseline 0.002 -18"><span class='ocrx_word' id='word_1_216' title='bbox 359 2982 517 3036; x_wconf 83' lang='lat' dir='ltr'><strong>quem</strong></span> <span class='ocrx_word' id='word_1_217' title='bbox 563 2979 687 3020; x_wconf 86' lang='lat' dir='ltr'><strong>caro</strong></span> <span class='ocrx_word' id='word_1_218' title='bbox 737 2967 912 3030; x_wconf 86' lang='lat' dir='ltr'><strong>habet,</strong></span> <span class='ocrx_word' id='word_1_219' title='bbox 963 2978 1016 3022; x_wconf 91' lang='lat' dir='ltr'><strong>et</strong></span> <span class='ocrx_word' id='word_1_220' title='bbox 1057 2967 1189 3036; x_wconf 87' lang='lat' dir='ltr'><strong>lapis</strong></span> <span class='ocrx_word' id='word_1_221' title='bbox 1228 2981 1332 3021; x_wconf 91' lang='lat' dir='ltr'><strong>non</strong></span> <span class='ocrx_word' id='word_1_222' title='bbox 1373 2966 1549 3033; x_wconf 90' lang='lat' dir='ltr'><strong>habet,</strong></span> <span class='ocrx_word' id='word_1_223' title='bbox 1573 2968 1734 3022; x_wconf 82' lang='lat' dir='ltr'><strong>verbo</strong></span> <span class='ocrx_word' id='word_1_224' title='bbox 1761 2968 1939 3036; x_wconf 90' lang='lat' dir='ltr'><strong>utique</strong></span> 
     </span>
    </p>
   </div>
   <div class='ocr_carea' id='block_1_30' title="bbox 362 3054 1938 3125">
    <p class='ocr_par' dir='ltr' id='par_1_30' title="bbox 362 3054 1938 3125">
     <span class='ocr_line' id='line_1_30' title="bbox 362 3054 1938 3125; baseline 0.001 -16"><span class='ocrx_word' id='word_1_225' title='bbox 362 3056 636 3110; x_wconf 87' lang='lat' dir='ltr'><strong>translato.</strong></span> <span class='ocrx_word' id='word_1_226' title='bbox 671 3056 778 3110; x_wconf 91' lang='lat' dir='ltr'><strong>lloc</strong></span> <span class='ocrx_word' id='word_1_227' title='bbox 809 3056 978 3125; x_wconf 90' lang='lat' dir='ltr'><strong>ipsum</strong></span> <span class='ocrx_word' id='word_1_228' title='bbox 1027 3066 1080 3110; x_wconf 91' lang='lat' dir='ltr'><strong>et</strong></span> <span class='ocrx_word' id='word_1_229' title='bbox 1121 3056 1245 3110; x_wconf 88' lang='lat' dir='ltr'><strong>alibi</strong></span> <span class='ocrx_word' id='word_1_230' title='bbox 1293 3056 1421 3110; x_wconf 89' lang='lat' dir='ltr'><strong>dicit</strong></span> <span class='ocrx_word' id='word_1_231' title='bbox 1468 3073 1481 3108; x_wconf 89' lang='lat'>:</span> <span class='ocrx_word' id='word_1_232' title='bbox 1541 3054 1674 3110; x_wconf 86' lang='lat' dir='ltr'><strong>Ecce</strong></span> <span class='ocrx_word' id='word_1_233' title='bbox 1728 3057 1832 3110; x_wconf 89' lang='lat' dir='ltr'><strong>dies</strong></span> <span class='ocrx_word' id='word_1_234' title='bbox 1858 3073 1938 3110; x_wconf 89' lang='lat' dir='ltr'><strong>ve-</strong></span> 
     </span>
    </p>
   </div>
   <div class='ocr_carea' id='block_1_31' title="bbox 359 3145 1937 3218">
    <p class='ocr_par' dir='ltr' id='par_1_31' title="bbox 359 3145 1937 3218">
     <span class='ocr_line' id='line_1_31' title="bbox 359 3145 1937 3218; baseline 0.002 -21"><span class='ocrx_word' id='word_1_235' title='bbox 359 3146 524 3212; x_wconf 87' lang='lat' dir='ltr'><strong>niunt,</strong></span> <span class='ocrx_word' id='word_1_236' title='bbox 583 3146 702 3198; x_wconf 83' lang='lat' dir='ltr'><strong>dicit</strong></span> <span class='ocrx_word' id='word_1_237' title='bbox 754 3145 1022 3212; x_wconf 78' lang='lat' dir='ltr'><strong>Dominus,</strong></span> <span class='ocrx_word' id='word_1_238' title='bbox 1075 3156 1120 3200; x_wconf 79' lang='lat' dir='ltr'><strong>et</strong></span> <span class='ocrx_word' id='word_1_239' title='bbox 1159 3147 1510 3200; x_wconf 88' lang='lat' dir='ltr'><strong>consummabo</strong></span> <span class='ocrx_word' id='word_1_240' title='bbox 1545 3163 1700 3218; x_wconf 91' lang='lat' dir='ltr'><strong>super</strong></span> <span class='ocrx_word' id='word_1_241' title='bbox 1736 3146 1937 3200; x_wconf 88' lang='lat' dir='ltr'><strong>domum</strong></span> 
     </span>
    </p>
   </div>
   <div class='ocr_carea' id='block_1_32' title="bbox 359 3235 1936 3306">
    <p class='ocr_par' dir='ltr' id='par_1_32' title="bbox 359 3235 1936 3306">
     <span class='ocr_line' id='line_1_32' title="bbox 359 3235 1936 3306; baseline 0.003 -17"><span class='ocrx_word' id='word_1_242' title='bbox 359 3235 526 3290; x_wconf 82' lang='lat' dir='ltr'><strong>Israel</strong></span> <span class='ocrx_word' id='word_1_243' title='bbox 549 3246 594 3290; x_wconf 90' lang='lat' dir='ltr'><strong>et</strong></span> <span class='ocrx_word' id='word_1_244' title='bbox 619 3253 770 3306; x_wconf 88' lang='lat' dir='ltr'><strong>super</strong></span> <span class='ocrx_word' id='word_1_245' title='bbox 798 3237 1001 3290; x_wconf 87' lang='lat' dir='ltr'><strong>domum</strong></span> <span class='ocrx_word' id='word_1_246' title='bbox 1033 3238 1172 3291; x_wconf 85' lang='lat' dir='ltr'><strong>Juda</strong></span> <span class='ocrx_word' id='word_1_247' title='bbox 1209 3246 1554 3292; x_wconf 81' lang='lat' dir='ltr'><strong>testamentum</strong></span> <span class='ocrx_word' id='word_1_248' title='bbox 1587 3254 1767 3291; x_wconf 84' lang='lat' dir='ltr'><strong>novum</strong></span> <span class='ocrx_word' id='word_1_249' title='bbox 1790 3255 1811 3303; x_wconf 78' lang='lat'><strong>,°</strong></span> <span class='ocrx_word' id='word_1_250' title='bbox 1835 3255 1936 3293; x_wconf 88' lang='lat' dir='ltr'><strong>non</strong></span> 
     </span>
    </p>
   </div>
   <div class='ocr_carea' id='block_1_33' title="bbox 357 3327 1936 3400">
    <p class='ocr_par' dir='ltr' id='par_1_33' title="bbox 357 3327 1936 3400">
     <span class='ocr_line' id='line_1_33' title="bbox 357 3327 1936 3400; baseline 0.002 -21"><span class='ocrx_word' id='word_1_251' title='bbox 357 3327 630 3380; x_wconf 86' lang='lat' dir='ltr'><strong>secundum</strong></span> <span class='ocrx_word' id='word_1_252' title='bbox 657 3337 1002 3380; x_wconf 84' lang='lat' dir='ltr'><strong>testamentum</strong></span> <span class='ocrx_word' id='word_1_253' title='bbox 1038 3327 1174 3400; x_wconf 86' lang='lat' dir='ltr'><strong>quod</strong></span> <span class='ocrx_word' id='word_1_254' title='bbox 1209 3328 1434 3395; x_wconf 85' lang='lat' dir='ltr'><strong>disposui</strong></span> <span class='ocrx_word' id='word_1_255' title='bbox 1462 3328 1530 3380; x_wconf 91' lang='lat' dir='ltr'><strong>ad</strong></span> <span class='ocrx_word' id='word_1_256' title='bbox 1566 3338 1732 3397; x_wconf 84' lang='lat' dir='ltr'><strong>patres</strong></span> <span class='ocrx_word' id='word_1_257' title='bbox 1764 3345 1936 3383; x_wconf 90' lang='lat' dir='ltr'><strong>eorum</strong></span> 
     </span>
    </p>
   </div>
   <div class='ocr_carea' id='block_1_34' title="bbox 358 3416 1936 3488">
    <p class='ocr_par' dir='ltr' id='par_1_34' title="bbox 358 3416 1936 3488">
     <span class='ocr_line' id='line_1_34' title="bbox 358 3416 1936 3488; baseline 0.003 -21"><span class='ocrx_word' id='word_1_258' title='bbox 358 3416 411 3468; x_wconf 85' lang='lat' dir='ltr'><strong>in</strong></span> <span class='ocrx_word' id='word_1_259' title='bbox 439 3416 520 3470; x_wconf 89' lang='lat' dir='ltr'><strong>die</strong></span> <span class='ocrx_word' id='word_1_260' title='bbox 558 3433 659 3488; x_wconf 83' lang='lat' dir='ltr'><strong>qua</strong></span> <span class='ocrx_word' id='word_1_261' title='bbox 695 3416 1008 3486; x_wconf 77' lang='lat' dir='ltr'><strong>apprehendi</strong></span> <span class='ocrx_word' id='word_1_262' title='bbox 1034 3433 1238 3470; x_wconf 88' lang='lat' dir='ltr'><strong>manum</strong></span> <span class='ocrx_word' id='word_1_263' title='bbox 1273 3433 1464 3484; x_wconf 88' lang='lat' dir='ltr'><strong>eorum,</strong></span> <span class='ocrx_word' id='word_1_264' title='bbox 1492 3427 1546 3470; x_wconf 89' lang='lat' dir='ltr'><strong>ut</strong></span> <span class='ocrx_word' id='word_1_265' title='bbox 1574 3417 1828 3472; x_wconf 84' lang='lat' dir='ltr'><strong>educerem</strong></span> <span class='ocrx_word' id='word_1_266' title='bbox 1853 3435 1936 3473; x_wconf 89' lang='lat' dir='ltr'><strong>eos</strong></span> 
     </span>
    </p>
   </div>
   <div class='ocr_carea' id='block_1_35' title="bbox 358 3505 1935 3578">
    <p class='ocr_par' dir='ltr' id='par_1_35' title="bbox 358 3505 1935 3578">
     <span class='ocr_line' id='line_1_35' title="bbox 358 3505 1935 3578; baseline 0.001 -18"><span class='ocrx_word' id='word_1_267' title='bbox 358 3507 424 3560; x_wconf 90' lang='lat' dir='ltr'><strong>de</strong></span> <span class='ocrx_word' id='word_1_268' title='bbox 449 3515 583 3560; x_wconf 77' lang='lat' dir='ltr'><strong>terra</strong></span> <span class='ocrx_word' id='word_1_269' title='bbox 604 3505 841 3578; x_wconf 63' lang='lat' dir='ltr'><strong>Egypti.</strong></span> <span class='ocrx_word' id='word_1_270' title='bbox 887 3505 1137 3571; x_wconf 84' lang='lat' dir='ltr'><strong>Quoniam</strong></span> <span class='ocrx_word' id='word_1_271' title='bbox 1177 3506 1272 3560; x_wconf 86' lang='lat' dir='ltr'><strong>hoc</strong></span> <span class='ocrx_word' id='word_1_272' title='bbox 1306 3515 1378 3561; x_wconf 89' lang='lat' dir='ltr'><strong>est</strong></span> <span class='ocrx_word' id='word_1_273' title='bbox 1419 3516 1762 3561; x_wconf 85' lang='lat' dir='ltr'><strong>testamentum</strong></span> <span class='ocrx_word' id='word_1_274' title='bbox 1801 3509 1935 3577; x_wconf 86' lang='lat' dir='ltr'><strong>quod</strong></span> 
     </span>
    </p>
   </div>
   <div class='ocr_carea' id='block_1_36' title="bbox 357 3594 1937 3668">
    <p class='ocr_par' dir='ltr' id='par_1_36' title="bbox 357 3594 1937 3668">
     <span class='ocr_line' id='line_1_36' title="bbox 357 3594 1937 3668; baseline 0.003 -19"><span class='ocrx_word' id='word_1_275' title='bbox 357 3594 584 3667; x_wconf 85' lang='lat' dir='ltr'><strong>disposui</strong></span> <span class='ocrx_word' id='word_1_276' title='bbox 608 3597 675 3650; x_wconf 87' lang='lat' dir='ltr'><strong>ad</strong></span> <span class='ocrx_word' id='word_1_277' title='bbox 698 3614 800 3664; x_wconf 88' lang='lat' dir='ltr'><strong>eos,</strong></span> <span class='ocrx_word' id='word_1_278' title='bbox 829 3605 940 3667; x_wconf 90' lang='lat' dir='ltr'><strong>post</strong></span> <span class='ocrx_word' id='word_1_279' title='bbox 974 3597 1080 3650; x_wconf 88' lang='lat' dir='ltr'><strong>dies</strong></span> <span class='ocrx_word' id='word_1_280' title='bbox 1107 3598 1224 3651; x_wconf 87' lang='lat' dir='ltr'><strong>illos</strong></span> <span class='ocrx_word' id='word_1_281' title='bbox 1253 3611 1274 3650; x_wconf 89' lang='lat'><strong><em>:</em></strong></span> <span class='ocrx_word' id='word_1_282' title='bbox 1297 3596 1424 3651; x_wconf 88' lang='lat' dir='ltr'><strong>dans</strong></span> <span class='ocrx_word' id='word_1_283' title='bbox 1451 3597 1582 3668; x_wconf 89' lang='lat' dir='ltr'><strong>leges</strong></span> <span class='ocrx_word' id='word_1_284' title='bbox 1611 3614 1744 3653; x_wconf 88' lang='lat' dir='ltr'><strong>meas</strong></span> <span class='ocrx_word' id='word_1_285' title='bbox 1771 3599 1823 3652; x_wconf 89' lang='lat' dir='ltr'><strong>in</strong></span> <span class='ocrx_word' id='word_1_286' title='bbox 1849 3615 1937 3653; x_wconf 89' lang='lat' dir='ltr'><strong>cor</strong></span> 
     </span>
    </p>
   </div>
   <div class='ocr_carea' id='block_1_37' title="bbox 357 3688 1934 3760">
    <p class='ocr_par' dir='ltr' id='par_1_37' title="bbox 357 3688 1934 3760">
     <span class='ocr_line' id='line_1_37' title="bbox 357 3688 1934 3760; baseline 0 -18"><span class='ocrx_word' id='word_1_287' title='bbox 357 3705 550 3757; x_wconf 87' lang='lat' dir='ltr'><strong>eorum,</strong></span> <span class='ocrx_word' id='word_1_288' title='bbox 583 3697 628 3742; x_wconf 88' lang='lat' dir='ltr'><strong>et</strong></span> <span class='ocrx_word' id='word_1_289' title='bbox 662 3689 715 3742; x_wconf 90' lang='lat' dir='ltr'><strong>in</strong></span> <span class='ocrx_word' id='word_1_290' title='bbox 743 3698 905 3742; x_wconf 87' lang='lat' dir='ltr'><strong>mente</strong></span> <span class='ocrx_word' id='word_1_291' title='bbox 942 3705 1113 3742; x_wconf 87' lang='lat' dir='ltr'><strong>eorum</strong></span> <span class='ocrx_word' id='word_1_292' title='bbox 1147 3688 1510 3758; x_wconf 85' lang='lat' dir='ltr'><strong>superscribam</strong></span> <span class='ocrx_word' id='word_1_293' title='bbox 1539 3705 1641 3753; x_wconf 88' lang='lat' dir='ltr'><strong>eas,</strong></span> <span class='ocrx_word' id='word_1_294' title='bbox 1669 3698 1717 3743; x_wconf 87' lang='lat' dir='ltr'><strong>et</strong></span> <span class='ocrx_word' id='word_1_295' title='bbox 1747 3690 1934 3760; x_wconf 79' lang='lat' dir='ltr'><strong>iniqui-</strong></span> 
     </span>
    </p>
   </div>
   <div class='ocr_carea' id='block_1_38' title="bbox 360 3789 1934 3852">
    <p class='ocr_par' dir='ltr' id='par_1_38' title="bbox 360 3789 1934 3852">
     <span class='ocr_line' id='line_1_38' title="bbox 360 3789 1934 3852; baseline 0.003 -19"><span class='ocrx_word' id='word_1_296' title='bbox 360 3789 518 3833; x_wconf 75' lang='lat' dir='ltr'><strong>totum</strong></span> <span class='ocrx_word' id='word_1_297' title='bbox 571 3797 741 3835; x_wconf 89' lang='lat' dir='ltr'><strong>eorum</strong></span> <span class='ocrx_word' id='word_1_298' title='bbox 787 3790 835 3834; x_wconf 88' lang='lat' dir='ltr'><strong>et</strong></span> <span class='ocrx_word' id='word_1_299' title='bbox 885 3791 1201 3852; x_wconf 88' lang='lat' dir='ltr'><strong>peccatorum</strong></span> <span class='ocrx_word' id='word_1_300' title='bbox 1245 3798 1418 3836; x_wconf 86' lang='lat' dir='ltr'><strong>eorum</strong></span> <span class='ocrx_word' id='word_1_301' title='bbox 1468 3799 1569 3836; x_wconf 88' lang='lat' dir='ltr'><strong>non</strong></span> <span class='ocrx_word' id='word_1_302' title='bbox 1615 3799 1806 3852; x_wconf 82' lang='lat' dir='ltr'><strong>memor</strong></span> <span class='ocrx_word' id='word_1_303' title='bbox 1851 3801 1934 3838; x_wconf 87' lang='lat' dir='ltr'><strong>ero</strong></span> 
     </span>
    </p>
   </div>
   <div class='ocr_carea' id='block_1_39' title="bbox 356 3870 1937 3944">
    <p class='ocr_par' dir='ltr' id='par_1_39' title="bbox 356 3870 1937 3944">
     <span class='ocr_line' id='line_1_39' title="bbox 356 3870 1937 3944; baseline 0.004 -21"><span class='ocrx_word' id='word_1_304' title='bbox 356 3871 577 3940; x_wconf 86' lang='lat' dir='ltr'><strong>amplius</strong></span> <span class='ocrx_word' id='word_1_305' title='bbox 630 3870 840 3941; x_wconf 86' lang='lat' dir='ltr'><strong>(Jerem.</strong></span> <span class='ocrx_word' id='word_1_306' title='bbox 887 3887 1035 3937; x_wconf 76' lang='lat' dir='ltr'><strong>xxxi,</strong></span> <span class='ocrx_word' id='word_1_307' title='bbox 1083 3872 1290 3944; x_wconf 73' lang='lat'><strong>31-54).</strong></span> <span class='ocrx_word' id='word_1_308' title='bbox 1344 3873 1456 3926; x_wconf 86' lang='lat' dir='ltr'><strong>Hoc</strong></span> <span class='ocrx_word' id='word_1_309' title='bbox 1492 3872 1633 3928; x_wconf 90' lang='lat' dir='ltr'><strong>enim</strong></span> <span class='ocrx_word' id='word_1_310' title='bbox 1683 3873 1937 3930; x_wconf 88' lang='lat' dir='ltr'><strong>discernit</strong></span> 
     </span>
    </p>
   </div>
   <div class='ocr_carea' id='block_1_40' title="bbox 354 3960 1934 4031">
    <p class='ocr_par' dir='ltr' id='par_1_40' title="bbox 354 3960 1934 4031">
     <span class='ocr_line' id='line_1_40' title="bbox 354 3960 1934 4031; baseline 0.002 -16"><span class='ocrx_word' id='word_1_311' title='bbox 354 3960 563 4016; x_wconf 78' lang='lat' dir='ltr'><strong>Novum</strong></span> <span class='ocrx_word' id='word_1_312' title='bbox 601 3961 995 4017; x_wconf 87' lang='lat' dir='ltr'><strong>Testamentum</strong></span> <span class='ocrx_word' id='word_1_313' title='bbox 1036 3976 1066 4015; x_wconf 93' lang='lat' dir='ltr'><strong>a</strong></span> <span class='ocrx_word' id='word_1_314' title='bbox 1098 3961 1296 4028; x_wconf 86' lang='lat' dir='ltr'><strong>Veteri,</strong></span> <span class='ocrx_word' id='word_1_315' title='bbox 1337 3962 1479 4031; x_wconf 89' lang='lat' dir='ltr'><strong>quod</strong></span> <span class='ocrx_word' id='word_1_316' title='bbox 1516 3963 1569 4016; x_wconf 93' lang='lat' dir='ltr'><strong>in</strong></span> <span class='ocrx_word' id='word_1_317' title='bbox 1611 3962 1788 4017; x_wconf 85' lang='lat' dir='ltr'><strong>Veteri</strong></span> <span class='ocrx_word' id='word_1_318' title='bbox 1813 3964 1934 4019; x_wconf 81' lang='lat' dir='ltr'><strong>data</strong></span> 
     </span>
    </p>
   </div>
   <div class='ocr_carea' id='block_1_41' title="bbox 358 4054 1933 4124">
    <p class='ocr_par' dir='ltr' id='par_1_41' title="bbox 358 4054 1933 4124">
     <span class='ocr_line' id='line_1_41' title="bbox 358 4054 1933 4124; baseline 0.003 -16"><span class='ocrx_word' id='word_1_319' title='bbox 358 4065 438 4108; x_wconf 88' lang='lat' dir='ltr'><strong>est</strong></span> <span class='ocrx_word' id='word_1_320' title='bbox 470 4054 578 4109; x_wconf 80' lang='lat' dir='ltr'><strong>Lex</strong></span> <span class='ocrx_word' id='word_1_321' title='bbox 628 4055 679 4108; x_wconf 92' lang='lat' dir='ltr'><strong>in</strong></span> <span class='ocrx_word' id='word_1_322' title='bbox 726 4054 920 4109; x_wconf 86' lang='lat' dir='ltr'><strong>tabulis</strong></span> <span class='ocrx_word' id='word_1_323' title='bbox 963 4054 1209 4124; x_wconf 86' lang='lat' dir='ltr'><strong>lapideis,</strong></span> <span class='ocrx_word' id='word_1_324' title='bbox 1257 4055 1307 4108; x_wconf 90' lang='lat' dir='ltr'><strong>in</strong></span> <span class='ocrx_word' id='word_1_325' title='bbox 1345 4055 1492 4108; x_wconf 83' lang='lat' dir='ltr'><strong>Novo</strong></span> <span class='ocrx_word' id='word_1_326' title='bbox 1516 4063 1690 4109; x_wconf 85' lang='lat' dir='ltr'><strong>autem</strong></span> <span class='ocrx_word' id='word_1_327' title='bbox 1730 4057 1781 4110; x_wconf 90' lang='lat' dir='ltr'><strong>in</strong></span> <span class='ocrx_word' id='word_1_328' title='bbox 1810 4073 1933 4112; x_wconf 86' lang='lat' dir='ltr'><strong>eor-</strong></span> 
     </span>
    </p>
   </div>
   <div class='ocr_carea' id='block_1_42' title="bbox 353 4143 1930 4215">
    <p class='ocr_par' dir='ltr' id='par_1_42' title="bbox 353 4143 1930 4215">
     <span class='ocr_line' id='line_1_42' title="bbox 353 4143 1930 4215; baseline 0.003 -17"><span class='ocrx_word' id='word_1_329' title='bbox 353 4144 530 4209; x_wconf 84' lang='lat' dir='ltr'><strong>dibus,</strong></span> <span class='ocrx_word' id='word_1_330' title='bbox 560 4145 697 4215; x_wconf 89' lang='lat' dir='ltr'><strong>quod</strong></span> <span class='ocrx_word' id='word_1_331' title='bbox 729 4143 786 4199; x_wconf 86' lang='lat' dir='ltr'><strong>lit</strong></span> <span class='ocrx_word' id='word_1_332' title='bbox 817 4160 914 4214; x_wconf 90' lang='lat' dir='ltr'><strong>per</strong></span> <span class='ocrx_word' id='word_1_333' title='bbox 931 4146 1173 4215; x_wconf 82' lang='lat' dir='ltr'><strong>gratiam.</strong></span> <span class='ocrx_word' id='word_1_334' title='bbox 1204 4144 1356 4200; x_wconf 91' lang='lat' dir='ltr'><strong>Unde</strong></span> <span class='ocrx_word' id='word_1_335' title='bbox 1379 4154 1433 4198; x_wconf 87' lang='lat' dir='ltr'><strong>et</strong></span> <span class='ocrx_word' id='word_1_336' title='bbox 1461 4147 1752 4214; x_wconf 20' lang='lat' dir='ltr'><strong>Apostolus.</strong></span> <span class='ocrx_word' id='word_1_337' title='bbox 1775 4149 1930 4214; x_wconf 87' lang='lat' dir='ltr'><strong>dicit,</strong></span> 
     </span>
    </p>
   </div>
   <div class='ocr_carea' id='block_1_43' title="bbox 361 4234 1931 4305">
    <p class='ocr_par' dir='ltr' id='par_1_43' title="bbox 361 4234 1931 4305">
     <span class='ocr_line' id='line_1_43' title="bbox 361 4234 1931 4305; baseline 0.004 -18"><span class='ocrx_word' id='word_1_338' title='bbox 361 4234 480 4288; x_wconf 83' lang='lat' dir='ltr'><strong>Non</strong></span> <span class='ocrx_word' id='word_1_339' title='bbox 522 4235 575 4288; x_wconf 88' lang='lat' dir='ltr'><strong>in</strong></span> <span class='ocrx_word' id='word_1_340' title='bbox 614 4236 798 4290; x_wconf 89' lang='lat' dir='ltr'><strong>tabulis</strong></span> <span class='ocrx_word' id='word_1_341' title='bbox 844 4236 1076 4305; x_wconf 85' lang='lat' dir='ltr'><strong>lapideis,</strong></span> <span class='ocrx_word' id='word_1_342' title='bbox 1127 4235 1215 4289; x_wconf 88' lang='lat' dir='ltr'><strong>sed</strong></span> <span class='ocrx_word' id='word_1_343' title='bbox 1255 4236 1310 4289; x_wconf 89' lang='lat' dir='ltr'><strong>in</strong></span> <span class='ocrx_word' id='word_1_344' title='bbox 1352 4237 1532 4291; x_wconf 85' lang='lat' dir='ltr'><strong>tabulis</strong></span> <span class='ocrx_word' id='word_1_345' title='bbox 1561 4240 1725 4292; x_wconf 80' lang='lat' dir='ltr'><strong>cordis</strong></span> <span class='ocrx_word' id='word_1_346' title='bbox 1748 4257 1931 4293; x_wconf 81' lang='lat' dir='ltr'><strong>carna-</strong></span> 
     </span>
    </p>
   </div>
   <div class='ocr_carea' id='block_1_44' title="bbox 356 4326 1934 4400">
    <p class='ocr_par' dir='ltr' id='par_1_44' title="bbox 356 4326 1934 4400">
     <span class='ocr_line' id='line_1_44' title="bbox 356 4326 1934 4400; baseline 0.006 -22"><span class='ocrx_word' id='word_1_347' title='bbox 356 4327 486 4381; x_wconf 82' lang='lat' dir='ltr'><strong>libus</strong></span> <span class='ocrx_word' id='word_1_348' title='bbox 515 4343 534 4380; x_wconf 93' lang='lat'><em>:</em></span> <span class='ocrx_word' id='word_1_349' title='bbox 571 4336 625 4381; x_wconf 90' lang='lat' dir='ltr'><strong>et</strong></span> <span class='ocrx_word' id='word_1_350' title='bbox 649 4327 754 4381; x_wconf 89' lang='lat' dir='ltr'><strong>alio</strong></span> <span class='ocrx_word' id='word_1_351' title='bbox 777 4329 914 4395; x_wconf 90' lang='lat' dir='ltr'><strong>loco,</strong></span> <span class='ocrx_word' id='word_1_352' title='bbox 942 4326 1160 4382; x_wconf 84' lang='lat' dir='ltr'><strong>Idoneos</strong></span> <span class='ocrx_word' id='word_1_353' title='bbox 1185 4344 1294 4393; x_wconf 83' lang='lat' dir='ltr'><strong>nos,</strong></span> <span class='ocrx_word' id='word_1_354' title='bbox 1324 4329 1511 4399; x_wconf 88' lang='lat' dir='ltr'><strong>inquit,</strong></span> <span class='ocrx_word' id='word_1_355' title='bbox 1541 4332 1654 4400; x_wconf 80' lang='lat' dir='ltr'><strong>fecit</strong></span> <span class='ocrx_word' id='word_1_356' title='bbox 1680 4333 1934 4388; x_wconf 85' lang='lat' dir='ltr'><strong>ministros</strong></span> 
     </span>
    </p>
   </div>
   <div class='ocr_carea' id='block_1_45' title="bbox 361 4417 1930 4496">
    <p class='ocr_par' dir='ltr' id='par_1_45' title="bbox 361 4417 1930 4496">
     <span class='ocr_line' id='line_1_45' title="bbox 361 4417 1930 4496; baseline 0.006 -26"><span class='ocrx_word' id='word_1_357' title='bbox 361 4417 490 4472; x_wconf 86' lang='lat' dir='ltr'><strong>Novi</strong></span> <span class='ocrx_word' id='word_1_358' title='bbox 513 4417 833 4486; x_wconf 84' lang='lat' dir='ltr'><strong>Testamenti,</strong></span> <span class='ocrx_word' id='word_1_359' title='bbox 860 4436 962 4474; x_wconf 87' lang='lat' dir='ltr'><strong>non</strong></span> <span class='ocrx_word' id='word_1_360' title='bbox 987 4419 1184 4488; x_wconf 66' lang='lat' dir='ltr'><strong>litterae,</strong></span> <span class='ocrx_word' id='word_1_361' title='bbox 1215 4421 1303 4474; x_wconf 85' lang='lat' dir='ltr'><strong>sed</strong></span> <span class='ocrx_word' id='word_1_362' title='bbox 1335 4424 1540 4492; x_wconf 85' lang='lat' dir='ltr'><strong>spiritus</strong></span> <span class='ocrx_word' id='word_1_363' title='bbox 1565 4426 1581 4456; x_wconf 73' lang='grc' dir='ltr'>ί</span> <span class='ocrx_word' id='word_1_364' title='bbox 1605 4424 1672 4496; x_wconf 86' lang='lat' dir='ltr'><strong>(Il</strong></span> <span class='ocrx_word' id='word_1_365' title='bbox 1707 4425 1825 4482; x_wconf 89' lang='lat' dir='ltr'><strong>Cor.</strong></span> <span class='ocrx_word' id='word_1_366' title='bbox 1855 4443 1930 4494; x_wconf 85' lang='lat' dir='ltr'><strong>tu,</strong></span> 
     </span>
    </p>
   </div>
   <div class='ocr_carea' id='block_1_46' title="bbox 338 4508 515 4581">
    <p class='ocr_par' dir='ltr' id='par_1_46' title="bbox 338 4508 515 4581">
     <span class='ocr_line' id='line_1_46' title="bbox 338 4508 515 4581; baseline -0.006 -17"><span class='ocrx_word' id='word_1_367' title='bbox 338 4509 406 4576; x_wconf 69' lang='grc' dir='ltr'><strong>δ,</strong></span> <span class='ocrx_word' id='word_1_368' title='bbox 436 4508 515 4581; x_wconf 86' lang='grc'><strong>6).</strong></span> 
     </span>
    </p>
   </div>
   <div class='ocr_carea' id='block_1_47' title="bbox 422 4598 1934 4674">
    <p class='ocr_par' dir='ltr' id='par_1_47' title="bbox 422 4598 1934 4674">
     <span class='ocr_line' id='line_1_47' title="bbox 422 4598 1934 4674; baseline 0.006 -21"><span class='ocrx_word' id='word_1_369' title='bbox 422 4599 536 4654; x_wconf 79' lang='lat' dir='ltr'><strong>XII.</strong></span> <span class='ocrx_word' id='word_1_370' title='bbox 567 4598 666 4672; x_wconf 87' lang='lat' dir='ltr'><strong>[lb.</strong></span> <span class='ocrx_word' id='word_1_371' title='bbox 696 4616 769 4667; x_wconf 74' lang='grc' dir='ltr'><strong>γι,</strong></span> <span class='ocrx_word' id='word_1_372' title='bbox 796 4599 906 4674; x_wconf 79' lang='grc'><strong>15.]</strong></span> <span class='ocrx_word' id='word_1_373' title='bbox 931 4600 1081 4668; x_wconf 83' lang='lat' dir='ltr'><strong>Quod</strong></span> <span class='ocrx_word' id='word_1_374' title='bbox 1107 4602 1180 4656; x_wconf 85' lang='lat' dir='ltr'><strong>ait</strong></span> <span class='ocrx_word' id='word_1_375' title='bbox 1208 4602 1273 4658; x_wconf 90' lang='lat' dir='ltr'><strong>de</strong></span> <span class='ocrx_word' id='word_1_376' title='bbox 1301 4604 1545 4672; x_wconf 90' lang='lat' dir='ltr'><strong>Domino,</strong></span> <span class='ocrx_word' id='word_1_377' title='bbox 1568 4605 1637 4659; x_wconf 90' lang='lat' dir='ltr'><strong>Et</strong></span> <span class='ocrx_word' id='word_1_378' title='bbox 1658 4609 1710 4660; x_wconf 89' lang='lat' dir='ltr'><strong>in</strong></span> <span class='ocrx_word' id='word_1_379' title='bbox 1736 4609 1934 4663; x_wconf 89' lang='lat' dir='ltr'><strong>nomine</strong></span> 
     </span>
    </p>
   </div>
   <div class='ocr_carea' id='block_1_48' title="bbox 348 4692 1929 4768">
    <p class='ocr_par' dir='ltr' id='par_1_48' title="bbox 348 4692 1929 4768">
     <span class='ocr_line' id='line_1_48' title="bbox 348 4692 1929 4768; baseline 0.007 -24"><span class='ocrx_word' id='word_1_380' title='bbox 348 4692 458 4761; x_wconf 82' lang='lat' dir='ltr'><strong>ejus</strong></span> <span class='ocrx_word' id='word_1_381' title='bbox 491 4692 713 4762; x_wconf 86' lang='lat' dir='ltr'><strong>jurabis,</strong></span> <span class='ocrx_word' id='word_1_382' title='bbox 757 4708 865 4746; x_wconf 86' lang='lat' dir='ltr'><strong>non</strong></span> <span class='ocrx_word' id='word_1_383' title='bbox 921 4693 992 4748; x_wconf 87' lang='lat' dir='ltr'><strong>ita</strong></span> <span class='ocrx_word' id='word_1_384' title='bbox 1048 4703 1372 4765; x_wconf 85' lang='lat' dir='ltr'><strong>praeceptum</strong></span> <span class='ocrx_word' id='word_1_385' title='bbox 1418 4699 1780 4768; x_wconf 87' lang='lat' dir='ltr'><strong>accipiendum</strong></span> <span class='ocrx_word' id='word_1_386' title='bbox 1828 4709 1929 4764; x_wconf 88' lang='lat' dir='ltr'><strong>est,</strong></span> 
     </span>
    </p>
   </div>
   <div class='ocr_carea' id='block_1_49' title="bbox 347 4785 1931 4863">
    <p class='ocr_par' dir='ltr' id='par_1_49' title="bbox 347 4785 1931 4863">
     <span class='ocr_line' id='line_1_49' title="bbox 347 4785 1931 4863; baseline 0.008 -26"><span class='ocrx_word' id='word_1_387' title='bbox 347 4786 498 4855; x_wconf 90' lang='lat' dir='ltr'><strong>quasi</strong></span> <span class='ocrx_word' id='word_1_388' title='bbox 537 4785 703 4854; x_wconf 83' lang='lat' dir='ltr'><strong>jurari</strong></span> <span class='ocrx_word' id='word_1_389' title='bbox 750 4787 1001 4855; x_wconf 85' lang='lat' dir='ltr'><strong>jusserit;</strong></span> <span class='ocrx_word' id='word_1_390' title='bbox 1029 4789 1148 4843; x_wconf 81' lang='lat' dir='ltr'><strong>sed</strong></span> <span class='ocrx_word' id='word_1_391' title='bbox 1197 4790 1248 4843; x_wconf 93' lang='lat' dir='ltr'><strong>in</strong></span> <span class='ocrx_word' id='word_1_392' title='bbox 1297 4792 1514 4847; x_wconf 87' lang='lat' dir='ltr'><strong>alterius</strong></span> <span class='ocrx_word' id='word_1_393' title='bbox 1569 4793 1794 4863; x_wconf 83' lang='lat' dir='ltr'><strong>alicujus</strong></span> <span class='ocrx_word' id='word_1_394' title='bbox 1841 4797 1931 4849; x_wconf 89' lang='lat' dir='ltr'><strong>Dei</strong></span> 
     </span>
    </p>
   </div>
   <div class='ocr_carea' id='block_1_50' title="bbox 345 4877 1929 4953">
    <p class='ocr_par' dir='ltr' id='par_1_50' title="bbox 345 4877 1929 4953">
     <span class='ocr_line' id='line_1_50' title="bbox 345 4877 1929 4953; baseline 0.008 -24"><span class='ocrx_word' id='word_1_395' title='bbox 345 4878 565 4931; x_wconf 87' lang='lat' dir='ltr'><strong>nomine</strong></span> <span class='ocrx_word' id='word_1_396' title='bbox 581 4877 747 4946; x_wconf 82' lang='lat' dir='ltr'><strong>jura-ri</strong></span> <span class='ocrx_word' id='word_1_397' title='bbox 775 4878 1059 4948; x_wconf 89' lang='lat' dir='ltr'><strong>prohibuit.</strong></span> <span class='ocrx_word' id='word_1_398' title='bbox 1088 4881 1274 4936; x_wconf 87' lang='lat' dir='ltr'><strong>Melius</strong></span> <span class='ocrx_word' id='word_1_399' title='bbox 1303 4894 1476 4938; x_wconf 86' lang='lat' dir='ltr'><strong>autem</strong></span> <span class='ocrx_word' id='word_1_400' title='bbox 1497 4886 1557 4953; x_wconf 80' lang='lat' dir='ltr'><strong>lit</strong></span> <span class='ocrx_word' id='word_1_401' title='bbox 1579 4887 1624 4940; x_wconf 90' lang='lat' dir='ltr'><strong>si</strong></span> <span class='ocrx_word' id='word_1_402' title='bbox 1644 4888 1929 4942; x_wconf 90' lang='lat' dir='ltr'><strong>secundum</strong></span> 
     </span>
    </p>
   </div>
   <div class='ocr_carea' id='block_1_51' title="bbox 339 4967 1928 5049">
    <p class='ocr_par' dir='ltr' id='par_1_51' title="bbox 339 4967 1928 5049">
     <span class='ocr_line' id='line_1_51' title="bbox 339 4967 1928 5049; baseline 0.009 -29"><span class='ocrx_word' id='word_1_403' title='bbox 339 4967 692 5038; x_wconf 75' lang='lat' dir='ltr'><strong>&#39;Evangelium</strong></span> <span class='ocrx_word' id='word_1_404' title='bbox 724 4983 822 5024; x_wconf 84' lang='lat' dir='ltr'><strong>nec</strong></span> <span class='ocrx_word' id='word_1_405' title='bbox 864 4971 1124 5040; x_wconf 87' lang='lat' dir='ltr'><strong>juraveris</strong></span> <span class='ocrx_word' id='word_1_406' title='bbox 1179 4972 1385 5043; x_wconf 79' lang='lat' dir='ltr'><strong>(Matth.</strong></span> <span class='ocrx_word' id='word_1_407' title='bbox 1419 4991 1474 5041; x_wconf 91' lang='lat' dir='ltr'><strong>v,</strong></span> <span class='ocrx_word' id='word_1_408' title='bbox 1521 4977 1635 5044; x_wconf 64' lang='lat'><strong>&#39;54);</strong></span> <span class='ocrx_word' id='word_1_409' title='bbox 1678 4995 1780 5033; x_wconf 91' lang='lat' dir='ltr'><strong>non</strong></span> <span class='ocrx_word' id='word_1_410' title='bbox 1810 4981 1928 5049; x_wconf 89' lang='lat' dir='ltr'><strong>quia</strong></span> 
     </span>
    </p>
   </div>
   <div class='ocr_carea' id='block_1_52' title="bbox 344 5058 1932 5137">
    <p class='ocr_par' dir='ltr' id='par_1_52' title="bbox 344 5058 1932 5137">
     <span class='ocr_line' id='line_1_52' title="bbox 344 5058 1932 5137; baseline 0.011 -27"><span class='ocrx_word' id='word_1_411' title='bbox 344 5058 484 5111; x_wconf 88' lang='lat' dir='ltr'><strong>mala</strong></span> <span class='ocrx_word' id='word_1_412' title='bbox 511 5068 593 5113; x_wconf 87' lang='lat' dir='ltr'><strong>est</strong></span> <span class='ocrx_word' id='word_1_413' title='bbox 630 5075 752 5114; x_wconf 90' lang='lat' dir='ltr'><strong>vera</strong></span> <span class='ocrx_word' id='word_1_414' title='bbox 780 5061 999 5131; x_wconf 89' lang='lat' dir='ltr'><strong>juratio,</strong></span> <span class='ocrx_word' id='word_1_415' title='bbox 1032 5063 1126 5117; x_wconf 87' lang='lat' dir='ltr'><strong>sed</strong></span> <span class='ocrx_word' id='word_1_416' title='bbox 1169 5079 1236 5118; x_wconf 90' lang='lat' dir='ltr'><strong>ne</strong></span> <span class='ocrx_word' id='word_1_417' title='bbox 1275 5066 1326 5118; x_wconf 91' lang='lat' dir='ltr'><strong>in</strong></span> <span class='ocrx_word' id='word_1_418' title='bbox 1357 5069 1642 5137; x_wconf 87' lang='lat' dir='ltr'><strong>perjurium</strong></span> <span class='ocrx_word' id='word_1_419' title='bbox 1669 5071 1932 5129; x_wconf 89' lang='lat' dir='ltr'><strong>incidatur</strong></span> 
     </span>
    </p>
   </div>
   <div class='ocr_carea' id='block_1_53' title="bbox 343 5148 1926 5234">
    <p class='ocr_par' dir='ltr' id='par_1_53' title="bbox 343 5148 1926 5234">
     <span class='ocr_line' id='line_1_53' title="bbox 343 5148 1926 5234; baseline 0.012 -30"><span class='ocrx_word' id='word_1_420' title='bbox 343 5148 600 5207; x_wconf 78' lang='lat' dir='ltr'><strong>facilitate</strong></span> <span class='ocrx_word' id='word_1_421' title='bbox 624 5154 857 5222; x_wconf 88' lang='lat' dir='ltr'><strong>jurandi.</strong></span> <span class='ocrx_word' id='word_1_422' title='bbox 897 5155 996 5223; x_wconf 88' lang='lat' dir='ltr'><strong>Qui</strong></span> <span class='ocrx_word' id='word_1_423' title='bbox 1023 5158 1162 5212; x_wconf 87' lang='lat' dir='ltr'><strong>enim</strong></span> <span class='ocrx_word' id='word_1_424' title='bbox 1184 5159 1345 5228; x_wconf 87' lang='lat' dir='ltr'><strong>jurat,</strong></span> <span class='ocrx_word' id='word_1_425' title='bbox 1379 5178 1483 5217; x_wconf 92' lang='lat' dir='ltr'><strong>non</strong></span> <span class='ocrx_word' id='word_1_426' title='bbox 1522 5165 1693 5220; x_wconf 90' lang='lat' dir='ltr'><strong>solum</strong></span> <span class='ocrx_word' id='word_1_427' title='bbox 1723 5182 1926 5234; x_wconf 86' lang='lat' dir='ltr'><strong>verum,</strong></span> 
     </span>
    </p>
   </div>
   <div class='ocr_carea' id='block_1_54' title="bbox 335 5237 1930 5323">
    <p class='ocr_par' dir='ltr' id='par_1_54' title="bbox 335 5237 1930 5323">
     <span class='ocr_line' id='line_1_54' title="bbox 335 5237 1930 5323; baseline 0.012 -27"><span class='ocrx_word' id='word_1_428' title='bbox 335 5237 438 5296; x_wconf 79' lang='lat' dir='ltr'><strong>sed</strong></span> <span class='ocrx_word' id='word_1_429' title='bbox 469 5244 626 5298; x_wconf 88' lang='lat' dir='ltr'><strong>etiam</strong></span> <span class='ocrx_word' id='word_1_430' title='bbox 660 5244 851 5301; x_wconf 70' lang='lat' dir='ltr'><strong>falsum</strong></span> <span class='ocrx_word' id='word_1_431' title='bbox 895 5248 1075 5317; x_wconf 88' lang='lat' dir='ltr'><strong>jurare</strong></span> <span class='ocrx_word' id='word_1_432' title='bbox 1113 5259 1288 5319; x_wconf 88' lang='lat' dir='ltr'><strong>potest</strong></span> <span class='ocrx_word' id='word_1_433' title='bbox 1326 5270 1340 5305; x_wconf 89' lang='lat'><strong>:</strong></span> <span class='ocrx_word' id='word_1_434' title='bbox 1379 5254 1466 5323; x_wconf 91' lang='lat' dir='ltr'><strong>qui</strong></span> <span class='ocrx_word' id='word_1_435' title='bbox 1500 5264 1676 5312; x_wconf 89' lang='lat' dir='ltr'><strong>autem</strong></span> <span class='ocrx_word' id='word_1_436' title='bbox 1713 5262 1930 5315; x_wconf 89' lang='lat' dir='ltr'><strong>omnino</strong></span> 
     </span>
    </p>
   </div>
   <div class='ocr_carea' id='block_1_55' title="bbox 342 5335 1418 5410">
    <p class='ocr_par' dir='ltr' id='par_1_55' title="bbox 342 5335 1418 5410">
     <span class='ocr_line' id='line_1_55' title="bbox 342 5335 1418 5410; baseline 0.01 -23"><span class='ocrx_word' id='word_1_437' title='bbox 342 5349 448 5388; x_wconf 91' lang='lat' dir='ltr'><strong>non</strong></span> <span class='ocrx_word' id='word_1_438' title='bbox 475 5335 636 5404; x_wconf 89' lang='lat' dir='ltr'><strong>jurat,</strong></span> <span class='ocrx_word' id='word_1_439' title='bbox 665 5336 702 5390; x_wconf 67' lang='lat' dir='ltr'><strong>a&#39;</strong></span> <span class='ocrx_word' id='word_1_440' title='bbox 725 5338 956 5408; x_wconf 83' lang='lat' dir='ltr'><strong>perjurio</strong></span> <span class='ocrx_word' id='word_1_441' title='bbox 986 5341 1140 5410; x_wconf 85' lang='lat' dir='ltr'><strong>longe</strong></span> <span class='ocrx_word' id='word_1_442' title='bbox 1165 5342 1418 5398; x_wconf 88' lang='lat' dir='ltr'><strong>ambulat.</strong></span> 
     </span>
    </p>
   </div>
   <div class='ocr_carea' id='block_1_56' title="bbox 331 5425 1928 5504">
    <p class='ocr_par' dir='ltr' id='par_1_56' title="bbox 331 5425 1928 5504">
     <span class='ocr_line' id='line_1_56' title="bbox 331 5425 1928 5504; baseline 0.013 -27"><span class='ocrx_word' id='word_1_443' title='bbox 331 5431 340 5444; x_wconf 85' lang='lat'><strong>&#39;</strong></span> <span class='ocrx_word' id='word_1_444' title='bbox 415 5425 554 5480; x_wconf 82' lang='lat' dir='ltr'><strong>XIII.</strong></span> <span class='ocrx_word' id='word_1_445' title='bbox 601 5425 702 5502; x_wconf 86' lang='lat' dir='ltr'><strong>[lb.</strong></span> <span class='ocrx_word' id='word_1_446' title='bbox 733 5445 848 5496; x_wconf 84' lang='lat' dir='ltr'><strong>VIII,</strong></span> <span class='ocrx_word' id='word_1_447' title='bbox 904 5429 984 5504; x_wconf 76' lang='lat'><strong>2.]</strong></span> <span class='ocrx_word' id='word_1_448' title='bbox 1037 5430 1105 5484; x_wconf 86' lang='lat' dir='ltr'><strong>Et</strong></span> <span class='ocrx_word' id='word_1_449' title='bbox 1157 5435 1495 5492; x_wconf 81' lang='lat' dir='ltr'><strong>recordaberis</strong></span> <span class='ocrx_word' id='word_1_450' title='bbox 1549 5455 1743 5495; x_wconf 88' lang='lat' dir='ltr'><strong>omnem</strong></span> <span class='ocrx_word' id='word_1_451' title='bbox 1798 5445 1928 5498; x_wconf 88' lang='lat' dir='ltr'><strong>viam</strong></span> 
     </span>
    </p>
   </div>
   <div class='ocr_carea' id='block_1_57' title="bbox 340 5519 1930 5607">
    <p class='ocr_par' dir='ltr' id='par_1_57' title="bbox 340 5519 1930 5607">
     <span class='ocr_line' id='line_1_57' title="bbox 340 5519 1930 5607; baseline 0.014 -39"><span class='ocrx_word' id='word_1_452' title='bbox 340 5531 494 5583; x_wconf 83' lang='lat' dir='ltr'><strong>quam</strong></span> <span class='ocrx_word' id='word_1_453' title='bbox 516 5520 539 5550; x_wconf 83' lang='grc'>¹</span> <span class='ocrx_word' id='word_1_454' title='bbox 561 5519 703 5573; x_wconf 74' lang='lat' dir='ltr'><strong>duxit</strong></span> <span class='ocrx_word' id='word_1_455' title='bbox 729 5531 776 5574; x_wconf 91' lang='lat' dir='ltr'><strong>te</strong></span> <span class='ocrx_word' id='word_1_456' title='bbox 800 5519 1048 5576; x_wconf 88' lang='lat' dir='ltr'><strong>Dominus</strong></span> <span class='ocrx_word' id='word_1_457' title='bbox 1074 5523 1214 5578; x_wconf 87' lang='lat' dir='ltr'><strong>Deus</strong></span> <span class='ocrx_word' id='word_1_458' title='bbox 1252 5535 1366 5580; x_wconf 89' lang='lat' dir='ltr'><strong>tuus</strong></span> <span class='ocrx_word' id='word_1_459' title='bbox 1397 5529 1449 5581; x_wconf 89' lang='lat' dir='ltr'><strong>in</strong></span> <span class='ocrx_word' id='word_1_460' title='bbox 1473 5529 1686 5596; x_wconf 85' lang='lat' dir='ltr'><strong>deserto,</strong></span> <span class='ocrx_word' id='word_1_461' title='bbox 1727 5543 1780 5587; x_wconf 90' lang='lat' dir='ltr'><strong>ut</strong></span> <span class='ocrx_word' id='word_1_462' title='bbox 1805 5537 1930 5607; x_wconf 72' lang='lat' dir='ltr'><strong>ami-</strong></span> 
     </span>
    </p>
   </div>
   <div class='ocr_carea' id='block_1_58' title="bbox 347 5619 1926 5711">
    <p class='ocr_par' dir='ltr' id='par_1_58' title="bbox 347 5619 1926 5711">
     <span class='ocr_line' id='line_1_58' title="bbox 347 5619 1926 5711; baseline 0.016 -38"><span class='ocrx_word' id='word_1_463' title='bbox 347 5619 354 5622; x_wconf 69' lang='grc'><em>’</em></span> <span class='ocrx_word' id='word_1_464' title='bbox 409 5627 521 5677; x_wconf 67' lang='grc' dir='ltr'><strong>ιςὶο</strong></span> <span class='ocrx_word' id='word_1_465' title='bbox 543 5630 896 5711; x_wconf 48' lang='lat' dir='ltr'><strong>o‘ptimtp&#39;motze</strong></span> <span class='ocrx_word' id='word_1_466' title='bbox 939 5642 1043 5711; x_wconf 78' lang='lat' dir='ltr'><strong>Mss.</strong></span> <span class='ocrx_word' id='word_1_467' title='bbox 1076 5635 1522 5711; x_wconf 51' lang='lat' dir='ltr'><strong>justa‘apostolnm</strong></span> <span class='ocrx_word' id='word_1_468' title='bbox 1570 5643 1616 5690; x_wconf 90' lang='lat' dir='ltr'><strong>in</strong></span> <span class='ocrx_word' id='word_1_469' title='bbox 1653 5658 1926 5711; x_wconf 31' lang='lat' dir='ltr'><strong>grgeeoaou</strong></span> 
     </span>
    </p>
   </div>
   <div class='ocr_carea' id='block_1_59' title="bbox 331 5691 1922 5769">
    <p class='ocr_par' dir='ltr' id='par_1_59' title="bbox 331 5691 1922 5769">
     <span class='ocr_line' id='line_1_59' title="bbox 331 5691 1922 5769; baseline 0.014 -34"><span class='ocrx_word' id='word_1_470' title='bbox 331 5698 651 5769; x_wconf 42' lang='lat' dir='ltr'><strong>mitigatam,</strong></span> <span class='ocrx_word' id='word_1_471' title='bbox 670 5691 768 5741; x_wconf 81' lang='lat' dir='ltr'><strong>alla</strong></span> <span class='ocrx_word' id='word_1_472' title='bbox 790 5691 1164 5769; x_wconf 65' lang='lat' dir='ltr'><strong>1n:eunzatos.&#39;_At</strong></span> <span class='ocrx_word' id='word_1_473' title='bbox 1187 5691 1321 5769; x_wconf 84' lang='lat' dir='ltr'><strong>editi,</strong></span> <span class='ocrx_word' id='word_1_474' title='bbox 1341 5713 1430 5748; x_wconf 83' lang='lat' dir='ltr'><strong>non</strong></span> <span class='ocrx_word' id='word_1_475' title='bbox 1451 5702 1623 5763; x_wconf 65' lang='lat' dir='ltr'><strong>littera,</strong></span> <span class='ocrx_word' id='word_1_476' title='bbox 1639 5691 1725 5755; x_wconf 69' lang='lat' dir='ltr'><strong>sed</strong></span> <span class='ocrx_word' id='word_1_477' title='bbox 1735 5691 1922 5769; x_wconf 56' lang='lat' dir='ltr'><strong>sini-aii:</strong></span> 
     </span>
    </p>
   </div>
   <div class='ocr_carea' id='block_1_60' title="bbox 336 5752 1924 5861">
    <p class='ocr_par' dir='ltr' id='par_1_60' title="bbox 336 5752 1924 5861">
     <span class='ocr_line' id='line_1_60' title="bbox 336 5752 1924 5861; baseline 0.015 -63"><span class='ocrx_word' id='word_1_478' title='bbox 336 5752 734 5861; x_wconf 58' lang='lat' dir='ltr'><strong>,u‘xliditi,rimn</strong></span> <span class='ocrx_word' id='word_1_479' title='bbox 760 5752 847 5819; x_wconf 70' lang='lat' dir='ltr'><strong>per</strong></span> <span class='ocrx_word' id='word_1_480' title='bbox 869 5770 1030 5820; x_wconf 85' lang='lat' dir='ltr'><strong>quam.</strong></span> <span class='ocrx_word' id='word_1_481' title='bbox 1064 5761 1228 5822; x_wconf 70' lang='lat' dir='ltr'><strong>abest,</strong></span> <span class='ocrx_word' id='word_1_482' title='bbox 1251 5752 1363 5823; x_wconf 76' lang='lat' dir='ltr'><strong>per,</strong></span> <span class='ocrx_word' id='word_1_483' title='bbox 1395 5776 1424 5813; x_wconf 88' lang='lat' dir='ltr'><strong>a</strong></span> <span class='ocrx_word' id='word_1_484' title='bbox 1460 5773 1564 5814; x_wconf 74' lang='lat' dir='ltr'><strong>Mss.</strong></span> <span class='ocrx_word' id='word_1_485' title='bbox 1612 5752 1924 5832; x_wconf 48' lang='lat' dir='ltr'><strong>erigi-1166</strong></span> 
     </span>
    </p>
   </div>
   <div class='ocr_carea' id='block_1_61' title="bbox 1696 384 2273 452">
    <p class='ocr_par' dir='ltr' id='par_1_61' title="bbox 1696 384 2273 452">
     <span class='ocr_line' id='line_1_61' title="bbox 1696 384 2273 452; baseline 0 -13"><span class='ocrx_word' id='word_1_486' title='bbox 1696 385 1894 440; x_wconf 75' lang='lat' dir='ltr'><strong>LIBER</strong></span> <span class='ocrx_word' id='word_1_487' title='bbox 1934 384 2273 452; x_wconf 73' lang='lat' dir='ltr'><strong>QUARTUS.</strong></span> 
     </span>
    </p>
   </div>
   <div class='ocr_carea' id='block_1_62' title="bbox 3525 397 3628 454">
    <p class='ocr_par' dir='ltr' id='par_1_62' title="bbox 3525 397 3628 454">
     <span class='ocr_line' id='line_1_62' title="bbox 3525 397 3628 454; baseline 0.039 -4"><span class='ocrx_word' id='word_1_488' title='bbox 3525 397 3628 454; x_wconf 64' lang='grc'><strong>754</strong></span> 
     </span>
    </p>
   </div>
   <div class='ocr_carea' id='block_1_63' title="bbox 2050 501 3626 574">
    <p class='ocr_par' dir='ltr' id='par_1_63' title="bbox 2050 501 3626 574">
     <span class='ocr_line' id='line_1_63' title="bbox 2050 501 3626 574; baseline 0.007 -23"><span class='ocrx_word' id='word_1_489' title='bbox 2050 508 2185 570; x_wconf 81' lang='lat' dir='ltr'><strong>geret</strong></span> <span class='ocrx_word' id='word_1_490' title='bbox 2206 508 2270 562; x_wconf 88' lang='lat' dir='ltr'><strong>te,</strong></span> <span class='ocrx_word' id='word_1_491' title='bbox 2285 507 2342 552; x_wconf 83' lang='lat' dir='ltr'><strong>.et</strong></span> <span class='ocrx_word' id='word_1_492' title='bbox 2368 507 2579 553; x_wconf 85' lang='lat' dir='ltr'><strong>tentaret</strong></span> <span class='ocrx_word' id='word_1_493' title='bbox 2600 508 2663 564; x_wconf 71' lang='lat' dir='ltr'><strong>te,</strong></span> <span class='ocrx_word' id='word_1_494' title='bbox 2684 510 2728 554; x_wconf 85' lang='lat' dir='ltr'><strong>et</strong></span> <span class='ocrx_word' id='word_1_495' title='bbox 2748 501 2947 573; x_wconf 82' lang='lat' dir='ltr'><strong>cognita</strong></span> <span class='ocrx_word' id='word_1_496' title='bbox 2969 503 3150 572; x_wconf 78' lang='lat' dir='ltr'><strong>faceret</strong></span> <span class='ocrx_word' id='word_1_497' title='bbox 3169 520 3280 574; x_wconf 68' lang='lat' dir='ltr'><strong>quia</strong></span> <span class='ocrx_word' id='word_1_498' title='bbox 3297 507 3349 559; x_wconf 86' lang='lat' dir='ltr'><strong>in</strong></span> <span class='ocrx_word' id='word_1_499' title='bbox 3372 507 3522 562; x_wconf 87' lang='lat' dir='ltr'><strong>corde</strong></span> <span class='ocrx_word' id='word_1_500' title='bbox 3542 520 3626 562; x_wconf 86' lang='lat' dir='ltr'><strong>tuo</strong></span> 
     </span>
    </p>
   </div>
   <div class='ocr_carea' id='block_1_64' title="bbox 2049 589 3630 666">
    <p class='ocr_par' dir='ltr' id='par_1_64' title="bbox 2049 589 3630 666">
     <span class='ocr_line' id='line_1_64' title="bbox 2049 589 3630 666; baseline 0.006 -24"><span class='ocrx_word' id='word_1_501' title='bbox 2049 601 2185 654; x_wconf 85' lang='lat' dir='ltr'><strong>sunt,</strong></span> <span class='ocrx_word' id='word_1_502' title='bbox 2216 589 2260 642; x_wconf 90' lang='lat' dir='ltr'><strong>si</strong></span> <span class='ocrx_word' id='word_1_503' title='bbox 2283 589 2560 646; x_wconf 85' lang='lat' dir='ltr'><strong>observabis</strong></span> <span class='ocrx_word' id='word_1_504' title='bbox 2588 593 2826 646; x_wconf 88' lang='lat' dir='ltr'><strong>mandata</strong></span> <span class='ocrx_word' id='word_1_505' title='bbox 2862 595 2988 664; x_wconf 87' lang='lat' dir='ltr'><strong>ejus,</strong></span> <span class='ocrx_word' id='word_1_506' title='bbox 3020 610 3086 646; x_wconf 90' lang='lat' dir='ltr'><strong>an</strong></span> <span class='ocrx_word' id='word_1_507' title='bbox 3121 611 3241 647; x_wconf 82' lang='lat' dir='ltr'><strong>non.</strong></span> <span class='ocrx_word' id='word_1_508' title='bbox 3274 596 3368 652; x_wconf 90' lang='lat' dir='ltr'><strong>llic</strong></span> <span class='ocrx_word' id='word_1_509' title='bbox 3395 599 3630 666; x_wconf 83' lang='lat' dir='ltr'><strong>apertius</strong></span> 
     </span>
    </p>
   </div>
   <div class='ocr_carea' id='block_1_65' title="bbox 2050 679 3625 754">
    <p class='ocr_par' dir='ltr' id='par_1_65' title="bbox 2050 679 3625 754">
     <span class='ocr_line' id='line_1_65' title="bbox 2050 679 3625 754; baseline 0.008 -20"><span class='ocrx_word' id='word_1_510' title='bbox 2050 679 2247 734; x_wconf 90' lang='lat' dir='ltr'><strong>dictum</strong></span> <span class='ocrx_word' id='word_1_511' title='bbox 2267 692 2366 746; x_wconf 87' lang='lat' dir='ltr'><strong>est,</strong></span> <span class='ocrx_word' id='word_1_512' title='bbox 2387 683 2523 751; x_wconf 86' lang='lat' dir='ltr'><strong>quod</strong></span> <span class='ocrx_word' id='word_1_513' title='bbox 2555 684 2674 737; x_wconf 88' lang='lat' dir='ltr'><strong>alibi</strong></span> <span class='ocrx_word' id='word_1_514' title='bbox 2701 699 2894 754; x_wconf 79' lang='lat' dir='ltr'><strong>genere</strong></span> <span class='ocrx_word' id='word_1_515' title='bbox 2920 685 3201 740; x_wconf 89' lang='lat' dir='ltr'><strong>locutionis</strong></span> <span class='ocrx_word' id='word_1_516' title='bbox 3221 689 3502 744; x_wconf 89' lang='lat' dir='ltr'><strong>obscurum</strong></span> <span class='ocrx_word' id='word_1_517' title='bbox 3523 701 3625 752; x_wconf 87' lang='lat' dir='ltr'><strong>est.</strong></span> 
     </span>
    </p>
   </div>
   <div class='ocr_carea' id='block_1_66' title="bbox 2050 770 3630 844">
    <p class='ocr_par' dir='ltr' id='par_1_66' title="bbox 2050 770 3630 844">
     <span class='ocr_line' id='line_1_66' title="bbox 2050 770 3630 844; baseline 0.007 -20"><span class='ocrx_word' id='word_1_518' title='bbox 2050 770 2140 825; x_wconf 88' lang='lat' dir='ltr'><strong>ubi</strong></span> <span class='ocrx_word' id='word_1_519' title='bbox 2162 772 2373 840; x_wconf 80' lang='lat' dir='ltr'><strong>legitur,</strong></span> <span class='ocrx_word' id='word_1_520' title='bbox 2409 771 2587 827; x_wconf 86' lang='lat' dir='ltr'><strong>Tentat</strong></span> <span class='ocrx_word' id='word_1_521' title='bbox 2612 790 2697 827; x_wconf 84' lang='lat' dir='ltr'><strong>vos</strong></span> <span class='ocrx_word' id='word_1_522' title='bbox 2719 774 2966 830; x_wconf 88' lang='lat' dir='ltr'><strong>Dominus</strong></span> <span class='ocrx_word' id='word_1_523' title='bbox 2991 777 3128 831; x_wconf 78' lang='lat' dir='ltr'><strong>Deus</strong></span> <span class='ocrx_word' id='word_1_524' title='bbox 3153 789 3328 844; x_wconf 88' lang='lat' dir='ltr'><strong>vester,</strong></span> <span class='ocrx_word' id='word_1_525' title='bbox 3361 789 3414 832; x_wconf 88' lang='lat' dir='ltr'><strong>ut</strong></span> <span class='ocrx_word' id='word_1_526' title='bbox 3441 782 3568 834; x_wconf 87' lang='lat' dir='ltr'><strong>sciat</strong></span> <span class='ocrx_word' id='word_1_527' title='bbox 3586 783 3630 835; x_wconf 86' lang='lat' dir='ltr'><strong>si</strong></span> 
     </span>
    </p>
   </div>
   <div class='ocr_carea' id='block_1_67' title="bbox 2051 861 3628 939">
    <p class='ocr_par' dir='ltr' id='par_1_67' title="bbox 2051 861 3628 939">
     <span class='ocr_line' id='line_1_67' title="bbox 2051 861 3628 939; baseline 0.008 -26"><span class='ocrx_word' id='word_1_528' title='bbox 2051 862 2259 932; x_wconf 84' lang='lat' dir='ltr'><strong>diligitis</strong></span> <span class='ocrx_word' id='word_1_529' title='bbox 2283 878 2391 915; x_wconf 88' lang='lat' dir='ltr'><strong>eum</strong></span> <span class='ocrx_word' id='word_1_530' title='bbox 2424 861 2598 934; x_wconf 89' lang='lat' dir='ltr'><strong>(Deut.</strong></span> <span class='ocrx_word' id='word_1_531' title='bbox 2627 880 2742 930; x_wconf 84' lang='lat' dir='ltr'><strong>xm,</strong></span> <span class='ocrx_word' id='word_1_532' title='bbox 2775 866 2851 933; x_wconf 82' lang='grc'><strong>5).</strong></span> <span class='ocrx_word' id='word_1_533' title='bbox 2878 865 3191 938; x_wconf 76' lang='lat' dir='ltr'><strong>lntelligitur</strong></span> <span class='ocrx_word' id='word_1_534' title='bbox 3213 869 3355 923; x_wconf 90' lang='lat' dir='ltr'><strong>enim</strong></span> <span class='ocrx_word' id='word_1_535' title='bbox 3401 871 3628 939; x_wconf 89' lang='lat' dir='ltr'><strong>positum</strong></span> 
     </span>
    </p>
   </div>
   <div class='ocr_carea' id='block_1_68' title="bbox 2052 953 3628 1034">
    <p class='ocr_par' dir='ltr' id='par_1_68' title="bbox 2052 953 3628 1034">
     <span class='ocr_line' id='line_1_68' title="bbox 2052 953 3628 1034; baseline 0.008 -29"><span class='ocrx_word' id='word_1_536' title='bbox 2052 966 2190 1018; x_wconf 78' lang='lat' dir='ltr'><strong>esse,</strong></span> <span class='ocrx_word' id='word_1_537' title='bbox 2219 962 2272 1005; x_wconf 89' lang='lat' dir='ltr'><strong>ut</strong></span> <span class='ocrx_word' id='word_1_538' title='bbox 2295 953 2441 1018; x_wconf 87' lang='lat' dir='ltr'><strong>sciat,</strong></span> <span class='ocrx_word' id='word_1_539' title='bbox 2468 969 2565 1023; x_wconf 91' lang='lat' dir='ltr'><strong>pro</strong></span> <span class='ocrx_word' id='word_1_540' title='bbox 2589 969 2654 1010; x_wconf 90' lang='lat' dir='ltr'><strong>eo</strong></span> <span class='ocrx_word' id='word_1_541' title='bbox 2680 957 2821 1026; x_wconf 88' lang='lat' dir='ltr'><strong>quod</strong></span> <span class='ocrx_word' id='word_1_542' title='bbox 2865 967 2966 1021; x_wconf 88' lang='lat' dir='ltr'><strong>est,</strong></span> <span class='ocrx_word' id='word_1_543' title='bbox 3013 968 3069 1013; x_wconf 90' lang='lat' dir='ltr'><strong>ut</strong></span> <span class='ocrx_word' id='word_1_544' title='bbox 3089 961 3216 1015; x_wconf 86' lang='lat' dir='ltr'><strong>sciri</strong></span> <span class='ocrx_word' id='word_1_545' title='bbox 3259 961 3447 1028; x_wconf 83' lang='lat' dir='ltr'><strong>faciat;</strong></span> <span class='ocrx_word' id='word_1_546' title='bbox 3488 966 3628 1034; x_wconf 86' lang='lat' dir='ltr'><strong>quod</strong></span> 
     </span>
    </p>
   </div>
   <div class='ocr_carea' id='block_1_69' title="bbox 2051 1041 3626 1124">
    <p class='ocr_par' dir='ltr' id='par_1_69' title="bbox 2051 1041 3626 1124">
     <span class='ocr_line' id='line_1_69' title="bbox 2051 1041 3626 1124; baseline 0.008 -30"><span class='ocrx_word' id='word_1_547' title='bbox 2051 1041 2209 1095; x_wconf 86' lang='lat' dir='ltr'><strong>modo</strong></span> <span class='ocrx_word' id='word_1_548' title='bbox 2239 1042 2465 1097; x_wconf 91' lang='lat' dir='ltr'><strong>dilucide</strong></span> <span class='ocrx_word' id='word_1_549' title='bbox 2506 1043 2702 1099; x_wconf 91' lang='lat' dir='ltr'><strong>dictum</strong></span> <span class='ocrx_word' id='word_1_550' title='bbox 2747 1055 2848 1112; x_wconf 89' lang='lat' dir='ltr'><strong>est,</strong></span> <span class='ocrx_word' id='word_1_551' title='bbox 2883 1046 2950 1102; x_wconf 88' lang='lat' dir='ltr'><strong>Ut</strong></span> <span class='ocrx_word' id='word_1_552' title='bbox 2993 1058 3203 1105; x_wconf 86' lang='lat' dir='ltr'><strong>tentaret</strong></span> <span class='ocrx_word' id='word_1_553' title='bbox 3247 1060 3314 1118; x_wconf 90' lang='lat' dir='ltr'><strong>te,</strong></span> <span class='ocrx_word' id='word_1_554' title='bbox 3355 1062 3400 1107; x_wconf 87' lang='lat' dir='ltr'><strong>et</strong></span> <span class='ocrx_word' id='word_1_555' title='bbox 3426 1056 3626 1124; x_wconf 83' lang='lat' dir='ltr'><strong>cognita</strong></span> 
     </span>
    </p>
   </div>
   <div class='ocr_carea' id='block_1_70' title="bbox 2053 1133 3630 1216">
    <p class='ocr_par' dir='ltr' id='par_1_70' title="bbox 2053 1133 3630 1216">
     <span class='ocr_line' id='line_1_70' title="bbox 2053 1133 3630 1216; baseline 0.011 -32"><span class='ocrx_word' id='word_1_556' title='bbox 2053 1133 2234 1201; x_wconf 80' lang='lat' dir='ltr'><strong>faceret</strong></span> <span class='ocrx_word' id='word_1_557' title='bbox 2265 1149 2376 1203; x_wconf 68' lang='lat' dir='ltr'><strong>quae</strong></span> <span class='ocrx_word' id='word_1_558' title='bbox 2401 1134 2456 1188; x_wconf 91' lang='lat' dir='ltr'><strong>in</strong></span> <span class='ocrx_word' id='word_1_559' title='bbox 2483 1137 2634 1190; x_wconf 87' lang='lat' dir='ltr'><strong>corde</strong></span> <span class='ocrx_word' id='word_1_560' title='bbox 2659 1145 2744 1190; x_wconf 87' lang='lat' dir='ltr'><strong>tuo</strong></span> <span class='ocrx_word' id='word_1_561' title='bbox 2758 1148 2874 1192; x_wconf 87' lang='lat' dir='ltr'><strong>sunt</strong></span> <span class='ocrx_word' id='word_1_562' title='bbox 2892 1155 2911 1193; x_wconf 91' lang='lat'><strong><em>:</em></strong></span> <span class='ocrx_word' id='word_1_563' title='bbox 2937 1155 3040 1195; x_wconf 92' lang='lat' dir='ltr'><strong>non</strong></span> <span class='ocrx_word' id='word_1_564' title='bbox 3068 1143 3210 1197; x_wconf 86' lang='lat' dir='ltr'><strong>enim</strong></span> <span class='ocrx_word' id='word_1_565' title='bbox 3241 1142 3331 1208; x_wconf 85' lang='lat' dir='ltr'><strong>ait,</strong></span> <span class='ocrx_word' id='word_1_566' title='bbox 3356 1153 3411 1200; x_wconf 88' lang='lat' dir='ltr'><strong>et</strong></span> <span class='ocrx_word' id='word_1_567' title='bbox 3433 1160 3630 1216; x_wconf 86' lang='lat' dir='ltr'><strong>cogno-</strong></span> 
     </span>
    </p>
   </div>
   <div class='ocr_carea' id='block_1_71' title="bbox 2049 1226 3623 1306">
    <p class='ocr_par' dir='ltr' id='par_1_71' title="bbox 2049 1226 3623 1306">
     <span class='ocr_line' id='line_1_71' title="bbox 2049 1226 3623 1306; baseline 0.011 -29"><span class='ocrx_word' id='word_1_568' title='bbox 2049 1233 2254 1291; x_wconf 87' lang='lat' dir='ltr'><strong>sceret;</strong></span> <span class='ocrx_word' id='word_1_569' title='bbox 2286 1226 2425 1295; x_wconf 90' lang='lat' dir='ltr'><strong>quod</strong></span> <span class='ocrx_word' id='word_1_570' title='bbox 2461 1227 2671 1297; x_wconf 91' lang='lat' dir='ltr'><strong>quidem</strong></span> <span class='ocrx_word' id='word_1_571' title='bbox 2703 1228 2746 1284; x_wconf 92' lang='lat' dir='ltr'><strong>si</strong></span> <span class='ocrx_word' id='word_1_572' title='bbox 2777 1229 3015 1298; x_wconf 82' lang='lat' dir='ltr'><strong>dixisset,</strong></span> <span class='ocrx_word' id='word_1_573' title='bbox 3057 1233 3455 1305; x_wconf 85' lang='lat' dir='ltr'><strong>intelligendum</strong></span> <span class='ocrx_word' id='word_1_574' title='bbox 3488 1251 3623 1306; x_wconf 88' lang='lat' dir='ltr'><strong>erat,</strong></span> 
     </span>
    </p>
   </div>
   <div class='ocr_carea' id='block_1_72' title="bbox 2049 1316 2498 1384">
    <p class='ocr_par' dir='ltr' id='par_1_72' title="bbox 2049 1316 2498 1384">
     <span class='ocr_line' id='line_1_72' title="bbox 2049 1316 2498 1384; baseline 0.009 -18"><span class='ocrx_word' id='word_1_575' title='bbox 2049 1316 2253 1384; x_wconf 87' lang='lat' dir='ltr'><strong>cognita</strong></span> <span class='ocrx_word' id='word_1_576' title='bbox 2285 1316 2498 1370; x_wconf 84' lang='lat' dir='ltr'><strong>faceret.</strong></span> 
     </span>
    </p>
   </div>
   <div class='ocr_carea' id='block_1_73' title="bbox 2118 1406 3640 1492">
    <p class='ocr_par' dir='ltr' id='par_1_73' title="bbox 2118 1406 3640 1492">
     <span class='ocr_line' id='line_1_73' title="bbox 2118 1406 3640 1492; baseline 0.009 -31"><span class='ocrx_word' id='word_1_577' title='bbox 2118 1406 2256 1462; x_wconf 78' lang='lat' dir='ltr'><strong>XIV.</strong></span> <span class='ocrx_word' id='word_1_578' title='bbox 2299 1406 2397 1481; x_wconf 89' lang='lat' dir='ltr'><strong>[lb.</strong></span> <span class='ocrx_word' id='word_1_579' title='bbox 2421 1425 2495 1476; x_wconf 83' lang='lat' dir='ltr'><strong>ix,</strong></span> <span class='ocrx_word' id='word_1_580' title='bbox 2530 1409 2670 1485; x_wconf 83' lang='lat'><strong>6-8.]</strong></span> <span class='ocrx_word' id='word_1_581' title='bbox 2697 1411 2764 1466; x_wconf 87' lang='lat' dir='ltr'><strong>Et</strong></span> <span class='ocrx_word' id='word_1_582' title='bbox 2786 1413 2915 1468; x_wconf 87' lang='lat' dir='ltr'><strong>scias</strong></span> <span class='ocrx_word' id='word_1_583' title='bbox 2943 1414 3091 1470; x_wconf 83' lang='lat' dir='ltr'><strong>hodie</strong></span> <span class='ocrx_word' id='word_1_584' title='bbox 3127 1417 3245 1487; x_wconf 83' lang='lat' dir='ltr'><strong>quia</strong></span> <span class='ocrx_word' id='word_1_585' title='bbox 3284 1435 3384 1474; x_wconf 87' lang='lat' dir='ltr'><strong>non</strong></span> <span class='ocrx_word' id='word_1_586' title='bbox 3428 1431 3640 1492; x_wconf 69' lang='lat' dir='ltr'><strong>propter</strong></span> 
     </span>
    </p>
   </div>
   <div class='ocr_carea' id='block_1_74' title="bbox 2041 1499 3632 1571">
    <p class='ocr_par' dir='ltr' id='par_1_74' title="bbox 2041 1499 3632 1571">
     <span class='ocr_line' id='line_1_74' title="bbox 2041 1499 3632 1571; baseline 0.009 -19"><span class='ocrx_word' id='word_1_587' title='bbox 2041 1499 2267 1571; x_wconf 84' lang='lat' dir='ltr'><strong>justitias</strong></span> <span class='ocrx_word' id='word_1_588' title='bbox 2295 1510 2408 1556; x_wconf 87' lang='lat' dir='ltr'><strong>tuas</strong></span> <span class='ocrx_word' id='word_1_589' title='bbox 2433 1501 2682 1559; x_wconf 80' lang='lat' dir='ltr'><strong>Dominus</strong></span> <span class='ocrx_word' id='word_1_590' title='bbox 2717 1504 2854 1561; x_wconf 84' lang='lat' dir='ltr'><strong>Deus</strong></span> <span class='ocrx_word' id='word_1_591' title='bbox 2881 1515 2996 1562; x_wconf 87' lang='lat' dir='ltr'><strong>tuus</strong></span> <span class='ocrx_word' id='word_1_592' title='bbox 3022 1507 3108 1561; x_wconf 87' lang='lat' dir='ltr'><strong>dat</strong></span> <span class='ocrx_word' id='word_1_593' title='bbox 3134 1509 3222 1562; x_wconf 88' lang='lat' dir='ltr'><strong>tibi</strong></span> <span class='ocrx_word' id='word_1_594' title='bbox 3241 1519 3422 1564; x_wconf 85' lang='lat' dir='ltr'><strong>terram</strong></span> <span class='ocrx_word' id='word_1_595' title='bbox 3448 1512 3632 1566; x_wconf 82' lang='lat' dir='ltr'><strong>bonam</strong></span> 
     </span>
    </p>
   </div>
   <div class='ocr_carea' id='block_1_75' title="bbox 2047 1590 3626 1670">
    <p class='ocr_par' dir='ltr' id='par_1_75' title="bbox 2047 1590 3626 1670">
     <span class='ocr_line' id='line_1_75' title="bbox 2047 1590 3626 1670; baseline 0.008 -25"><span class='ocrx_word' id='word_1_596' title='bbox 2047 1590 2193 1645; x_wconf 84' lang='lat' dir='ltr'><strong>istam</strong></span> <span class='ocrx_word' id='word_1_597' title='bbox 2247 1593 2576 1663; x_wconf 74' lang='lat' dir='ltr'><strong>Iuvreditare;</strong></span> <span class='ocrx_word' id='word_1_598' title='bbox 2612 1598 2872 1668; x_wconf 79' lang='lat' dir='ltr'><strong>quoniam</strong></span> <span class='ocrx_word' id='word_1_599' title='bbox 2900 1600 3120 1670; x_wconf 87' lang='lat' dir='ltr'><strong>populus</strong></span> <span class='ocrx_word' id='word_1_600' title='bbox 3159 1602 3288 1655; x_wconf 86' lang='lat' dir='ltr'><strong>dura</strong></span> <span class='ocrx_word' id='word_1_601' title='bbox 3329 1607 3516 1658; x_wconf 88' lang='lat' dir='ltr'><strong>cervice</strong></span> <span class='ocrx_word' id='word_1_602' title='bbox 3555 1623 3626 1660; x_wconf 82' lang='lat' dir='ltr'><strong>es.</strong></span> 
     </span>
    </p>
   </div>
   <div class='ocr_carea' id='block_1_76' title="bbox 2048 1682 3640 1769">
    <p class='ocr_par' dir='ltr' id='par_1_76' title="bbox 2048 1682 3640 1769">
     <span class='ocr_line' id='line_1_76' title="bbox 2048 1682 3640 1769; baseline 0.011 -32"><span class='ocrx_word' id='word_1_603' title='bbox 2048 1682 2204 1739; x_wconf 87' lang='lat' dir='ltr'><strong>Certe</strong></span> <span class='ocrx_word' id='word_1_604' title='bbox 2231 1685 2315 1740; x_wconf 89' lang='lat' dir='ltr'><strong>isti</strong></span> <span class='ocrx_word' id='word_1_605' title='bbox 2351 1696 2474 1742; x_wconf 91' lang='lat' dir='ltr'><strong>sunt</strong></span> <span class='ocrx_word' id='word_1_606' title='bbox 2510 1691 2599 1759; x_wconf 88' lang='lat' dir='ltr'><strong>qui</strong></span> <span class='ocrx_word' id='word_1_607' title='bbox 2639 1701 2918 1760; x_wconf 85' lang='lat' dir='ltr'><strong>preptcrea</strong></span> <span class='ocrx_word' id='word_1_608' title='bbox 2963 1709 3068 1749; x_wconf 92' lang='lat' dir='ltr'><strong>non</strong></span> <span class='ocrx_word' id='word_1_609' title='bbox 3108 1706 3414 1752; x_wconf 86' lang='lat' dir='ltr'><strong>meruerunt</strong></span> <span class='ocrx_word' id='word_1_610' title='bbox 3456 1701 3640 1769; x_wconf 72' lang='lat' dir='ltr'><strong>perire</strong></span> 
     </span>
    </p>
   </div>
   <div class='ocr_carea' id='block_1_77' title="bbox 2047 1775 3624 1849">
    <p class='ocr_par' dir='ltr' id='par_1_77' title="bbox 2047 1775 3624 1849">
     <span class='ocr_line' id='line_1_77' title="bbox 2047 1775 3624 1849; baseline 0.009 -20"><span class='ocrx_word' id='word_1_611' title='bbox 2047 1775 2103 1829; x_wconf 88' lang='lat' dir='ltr'><strong>in</strong></span> <span class='ocrx_word' id='word_1_612' title='bbox 2127 1775 2358 1842; x_wconf 88' lang='lat' dir='ltr'><strong>deserto,</strong></span> <span class='ocrx_word' id='word_1_613' title='bbox 2387 1780 2508 1849; x_wconf 87' lang='lat' dir='ltr'><strong>quia</strong></span> <span class='ocrx_word' id='word_1_614' title='bbox 2531 1783 2832 1838; x_wconf 87' lang='lat' dir='ltr'><strong>nescierunt</strong></span> <span class='ocrx_word' id='word_1_615' title='bbox 2859 1784 3131 1840; x_wconf 79' lang='lat' dir='ltr'><strong>dexteram</strong></span> <span class='ocrx_word' id='word_1_616' title='bbox 3158 1799 3242 1841; x_wconf 88' lang='lat' dir='ltr'><strong>aut</strong></span> <span class='ocrx_word' id='word_1_617' title='bbox 3275 1789 3542 1844; x_wconf 83' lang='lat' dir='ltr'><strong>sinistram</strong></span> <span class='ocrx_word' id='word_1_618' title='bbox 3568 1796 3583 1823; x_wconf 77' lang='grc'>⁸</span> <span class='ocrx_word' id='word_1_619' title='bbox 3610 1807 3624 1843; x_wconf 88' lang='lat'><strong>:</strong></span> 
     </span>
    </p>
   </div>
   <div class='ocr_carea' id='block_1_78' title="bbox 2047 1855 3634 1945">
    <p class='ocr_par' dir='ltr' id='par_1_78' title="bbox 2047 1855 3634 1945">
     <span class='ocr_line' id='line_1_78' title="bbox 2047 1855 3634 1945; baseline 0.01 -23"><span class='ocrx_word' id='word_1_620' title='bbox 2047 1855 2172 1922; x_wconf 85' lang='lat' dir='ltr'><strong>ecce</strong></span> <span class='ocrx_word' id='word_1_621' title='bbox 2211 1868 2318 1938; x_wconf 90' lang='lat' dir='ltr'><strong>jam</strong></span> <span class='ocrx_word' id='word_1_622' title='bbox 2365 1870 2497 1925; x_wconf 88' lang='lat' dir='ltr'><strong>dura</strong></span> <span class='ocrx_word' id='word_1_623' title='bbox 2543 1874 2750 1928; x_wconf 85' lang='lat' dir='ltr'><strong>cervice</strong></span> <span class='ocrx_word' id='word_1_624' title='bbox 2777 1876 3127 1945; x_wconf 76' lang='lat' dir='ltr'><strong>appellantur.</strong></span> <span class='ocrx_word' id='word_1_625' title='bbox 3161 1878 3314 1935; x_wconf 84' lang='lat' dir='ltr'><strong>Unde</strong></span> <span class='ocrx_word' id='word_1_626' title='bbox 3341 1881 3634 1938; x_wconf 82' lang='lat' dir='ltr'><strong>videndum</strong></span> 
     </span>
    </p>
   </div>
   <div class='ocr_carea' id='block_1_79' title="bbox 2047 1961 3627 2044">
    <p class='ocr_par' dir='ltr' id='par_1_79' title="bbox 2047 1961 3627 2044">
     <span class='ocr_line' id='line_1_79' title="bbox 2047 1961 3627 2044; baseline 0.009 -29"><span class='ocrx_word' id='word_1_627' title='bbox 2047 1971 2125 2015; x_wconf 86' lang='lat' dir='ltr'><strong>est</strong></span> <span class='ocrx_word' id='word_1_628' title='bbox 2157 1961 2286 2016; x_wconf 89' lang='lat' dir='ltr'><strong>illud</strong></span> <span class='ocrx_word' id='word_1_629' title='bbox 2315 1963 2366 2016; x_wconf 90' lang='lat' dir='ltr'><strong>in</strong></span> <span class='ocrx_word' id='word_1_630' title='bbox 2414 1975 2747 2020; x_wconf 88' lang='lat' dir='ltr'><strong>sacramento</strong></span> <span class='ocrx_word' id='word_1_631' title='bbox 2789 1982 2908 2022; x_wconf 88' lang='lat' dir='ltr'><strong>esse</strong></span> <span class='ocrx_word' id='word_1_632' title='bbox 2947 1968 3166 2034; x_wconf 88' lang='lat' dir='ltr'><strong>dictum,</strong></span> <span class='ocrx_word' id='word_1_633' title='bbox 3198 1986 3304 2026; x_wconf 84' lang='lat' dir='ltr'><strong>non</strong></span> <span class='ocrx_word' id='word_1_634' title='bbox 3328 1973 3469 2044; x_wconf 90' lang='lat' dir='ltr'><strong>quod</strong></span> <span class='ocrx_word' id='word_1_635' title='bbox 3497 1974 3627 2028; x_wconf 75' lang='lat' dir='ltr'><strong>isto-</strong></span> 
     </span>
    </p>
   </div>
   <div class='ocr_carea' id='block_1_80' title="bbox 2046 2054 3628 2132">
    <p class='ocr_par' dir='ltr' id='par_1_80' title="bbox 2046 2054 3628 2132">
     <span class='ocr_line' id='line_1_80' title="bbox 2046 2054 3628 2132; baseline 0.009 -26"><span class='ocrx_word' id='word_1_636' title='bbox 2046 2067 2164 2106; x_wconf 89' lang='lat' dir='ltr'><strong>rum</strong></span> <span class='ocrx_word' id='word_1_637' title='bbox 2195 2054 2380 2108; x_wconf 85' lang='lat' dir='ltr'><strong>merita</strong></span> <span class='ocrx_word' id='word_1_638' title='bbox 2411 2056 2776 2111; x_wconf 85' lang='lat' dir='ltr'><strong>commendata</strong></span> <span class='ocrx_word' id='word_1_639' title='bbox 2809 2059 2933 2113; x_wconf 89' lang='lat' dir='ltr'><strong>sint.</strong></span> <span class='ocrx_word' id='word_1_640' title='bbox 2963 2060 3093 2114; x_wconf 86' lang='lat' dir='ltr'><strong>Nam</strong></span> <span class='ocrx_word' id='word_1_641' title='bbox 3122 2078 3189 2117; x_wconf 89' lang='lat' dir='ltr'><strong>ne</strong></span> <span class='ocrx_word' id='word_1_642' title='bbox 3216 2065 3335 2132; x_wconf 87' lang='lat' dir='ltr'><strong>quis</strong></span> <span class='ocrx_word' id='word_1_643' title='bbox 3358 2065 3628 2121; x_wconf 80' lang='lat' dir='ltr'><strong>existimet</strong></span> 
     </span>
    </p>
   </div>
   <div class='ocr_carea' id='block_1_81' title="bbox 2046 2145 3627 2222">
    <p class='ocr_par' dir='ltr' id='par_1_81' title="bbox 2046 2145 3627 2222">
     <span class='ocr_line' id='line_1_81' title="bbox 2046 2145 3627 2222; baseline 0.008 -24"><span class='ocrx_word' id='word_1_644' title='bbox 2046 2145 2220 2199; x_wconf 90' lang='lat' dir='ltr'><strong>subito</strong></span> <span class='ocrx_word' id='word_1_645' title='bbox 2255 2145 2382 2201; x_wconf 90' lang='lat' dir='ltr'><strong>istos</strong></span> <span class='ocrx_word' id='word_1_646' title='bbox 2407 2147 2780 2218; x_wconf 82' lang='lat' dir='ltr'><strong>vituperabiles</strong></span> <span class='ocrx_word' id='word_1_647' title='bbox 2824 2151 3006 2217; x_wconf 83' lang='lat' dir='ltr'><strong>factos,</strong></span> <span class='ocrx_word' id='word_1_648' title='bbox 3056 2154 3144 2222; x_wconf 92' lang='lat' dir='ltr'><strong>qui</strong></span> <span class='ocrx_word' id='word_1_649' title='bbox 3185 2156 3376 2210; x_wconf 90' lang='lat' dir='ltr'><strong>merito</strong></span> <span class='ocrx_word' id='word_1_650' title='bbox 3407 2157 3627 2213; x_wconf 82' lang='lat' dir='ltr'><strong>fuissent</strong></span> 
     </span>
    </p>
   </div>
   <div class='ocr_carea' id='block_1_82' title="bbox 2046 2237 3626 2316">
    <p class='ocr_par' dir='ltr' id='par_1_82' title="bbox 2046 2237 3626 2316">
     <span class='ocr_line' id='line_1_82' title="bbox 2046 2237 3626 2316; baseline 0.011 -27"><span class='ocrx_word' id='word_1_651' title='bbox 2046 2246 2169 2291; x_wconf 86' lang='lat' dir='ltr'><strong>ante</strong></span> <span class='ocrx_word' id='word_1_652' title='bbox 2208 2237 2422 2306; x_wconf 83' lang='lat' dir='ltr'><strong>laudati,</strong></span> <span class='ocrx_word' id='word_1_653' title='bbox 2450 2240 2605 2309; x_wconf 91' lang='lat' dir='ltr'><strong>paulo</strong></span> <span class='ocrx_word' id='word_1_654' title='bbox 2649 2250 2767 2310; x_wconf 90' lang='lat' dir='ltr'><strong>post</strong></span> <span class='ocrx_word' id='word_1_655' title='bbox 2807 2243 2883 2298; x_wconf 90' lang='lat' dir='ltr'><strong>eis</strong></span> <span class='ocrx_word' id='word_1_656' title='bbox 2929 2245 3121 2300; x_wconf 89' lang='lat' dir='ltr'><strong>dicitur</strong></span> <span class='ocrx_word' id='word_1_657' title='bbox 3150 2262 3164 2299; x_wconf 88' lang='lat'><strong><em>:</em></strong></span> <span class='ocrx_word' id='word_1_658' title='bbox 3195 2247 3389 2303; x_wconf 83' lang='lat' dir='ltr'><strong>Memor</strong></span> <span class='ocrx_word' id='word_1_659' title='bbox 3415 2259 3537 2316; x_wconf 86' lang='lat' dir='ltr'><strong>esto,</strong></span> <span class='ocrx_word' id='word_1_660' title='bbox 3566 2269 3626 2308; x_wconf 87' lang='lat' dir='ltr'><strong>ne</strong></span> 
     </span>
    </p>
   </div>
   <div class='ocr_carea' id='block_1_83' title="bbox 2047 2329 3626 2401">
    <p class='ocr_par' dir='ltr' id='par_1_83' title="bbox 2047 2329 3626 2401">
     <span class='ocr_line' id='line_1_83' title="bbox 2047 2329 3626 2401; baseline 0.009 -20"><span class='ocrx_word' id='word_1_661' title='bbox 2047 2329 2369 2395; x_wconf 88' lang='lat' dir='ltr'><strong>obliviscaris,</strong></span> <span class='ocrx_word' id='word_1_662' title='bbox 2415 2340 2602 2401; x_wconf 88' lang='lat' dir='ltr'><strong>qttanta</strong></span> <span class='ocrx_word' id='word_1_663' title='bbox 2650 2335 2956 2389; x_wconf 79' lang='lat' dir='ltr'><strong>exacerbasti</strong></span> <span class='ocrx_word' id='word_1_664' title='bbox 2993 2337 3265 2394; x_wconf 86' lang='lat' dir='ltr'><strong>Dominum</strong></span> <span class='ocrx_word' id='word_1_665' title='bbox 3297 2339 3455 2395; x_wconf 89' lang='lat' dir='ltr'><strong>Deum</strong></span> <span class='ocrx_word' id='word_1_666' title='bbox 3487 2353 3626 2396; x_wconf 70' lang='lat' dir='ltr'><strong>(unus</strong></span> 
     </span>
    </p>
   </div>
   <div class='ocr_carea' id='block_1_84' title="bbox 2044 2418 3622 2503">
    <p class='ocr_par' dir='ltr' id='par_1_84' title="bbox 2044 2418 3622 2503">
     <span class='ocr_line' id='line_1_84' title="bbox 2044 2418 3622 2503; baseline 0.009 -31"><span class='ocrx_word' id='word_1_667' title='bbox 2044 2418 2097 2472; x_wconf 86' lang='lat' dir='ltr'><strong>in</strong></span> <span class='ocrx_word' id='word_1_668' title='bbox 2149 2419 2381 2483; x_wconf 84' lang='lat' dir='ltr'><strong>deserto;</strong></span> <span class='ocrx_word' id='word_1_669' title='bbox 2430 2438 2491 2476; x_wconf 79' lang='lat' dir='ltr'><strong>ea:</strong></span> <span class='ocrx_word' id='word_1_670' title='bbox 2538 2439 2638 2493; x_wconf 85' lang='lat' dir='ltr'><strong>qua</strong></span> <span class='ocrx_word' id='word_1_671' title='bbox 2695 2424 2777 2478; x_wconf 89' lang='lat' dir='ltr'><strong>die</strong></span> <span class='ocrx_word' id='word_1_672' title='bbox 2821 2425 2991 2479; x_wconf 78' lang='lat' dir='ltr'><strong>existis</strong></span> <span class='ocrx_word' id='word_1_673' title='bbox 3036 2429 3057 2458; x_wconf 79' lang='lat'>&#39;</span> <span class='ocrx_word' id='word_1_674' title='bbox 3104 2429 3168 2482; x_wconf 84' lang='lat' dir='ltr'><strong>de</strong></span> <span class='ocrx_word' id='word_1_675' title='bbox 3214 2439 3346 2483; x_wconf 88' lang='lat' dir='ltr'><strong>terra</strong></span> <span class='ocrx_word' id='word_1_676' title='bbox 3384 2431 3622 2503; x_wconf 49' lang='lat' dir='ltr'><strong>(Eggpti,</strong></span> 
     </span>
    </p>
   </div>
   <div class='ocr_carea' id='block_1_85' title="bbox 2046 2509 3625 2592">
    <p class='ocr_par' dir='ltr' id='par_1_85' title="bbox 2046 2509 3625 2592">
     <span class='ocr_line' id='line_1_85' title="bbox 2046 2509 3625 2592; baseline 0.011 -30"><span class='ocrx_word' id='word_1_677' title='bbox 2046 2509 2203 2563; x_wconf 90' lang='lat' dir='ltr'><strong>donec</strong></span> <span class='ocrx_word' id='word_1_678' title='bbox 2246 2512 2446 2566; x_wconf 87' lang='lat' dir='ltr'><strong>venistis</strong></span> <span class='ocrx_word' id='word_1_679' title='bbox 2487 2515 2539 2566; x_wconf 90' lang='lat' dir='ltr'><strong>in</strong></span> <span class='ocrx_word' id='word_1_680' title='bbox 2584 2514 2747 2568; x_wconf 81' lang='lat' dir='ltr'><strong>locum</strong></span> <span class='ocrx_word' id='word_1_681' title='bbox 2796 2516 2946 2582; x_wconf 86' lang='lat' dir='ltr'><strong>hunc,</strong></span> <span class='ocrx_word' id='word_1_682' title='bbox 2985 2518 3232 2574; x_wconf 87' lang='lat' dir='ltr'><strong>increduli</strong></span> <span class='ocrx_word' id='word_1_683' title='bbox 3278 2527 3625 2592; x_wconf 76' lang='lat' dir='ltr'><strong>perseeerastis</strong></span> 
     </span>
    </p>
   </div>
   <div class='ocr_carea' id='block_1_86' title="bbox 2044 2601 3641 2677">
    <p class='ocr_par' dir='ltr' id='par_1_86' title="bbox 2044 2601 3641 2677">
     <span class='ocr_line' id='line_1_86' title="bbox 2044 2601 3641 2677; baseline 0.012 -26"><span class='ocrx_word' id='word_1_684' title='bbox 2044 2616 2156 2669; x_wconf 73' lang='lat' dir='ltr'><strong>qua:</strong></span> <span class='ocrx_word' id='word_1_685' title='bbox 2182 2601 2248 2653; x_wconf 86' lang='lat' dir='ltr'><strong>ad</strong></span> <span class='ocrx_word' id='word_1_686' title='bbox 2274 2601 2563 2656; x_wconf 90' lang='lat' dir='ltr'><strong>Dominum.</strong></span> <span class='ocrx_word' id='word_1_687' title='bbox 2598 2604 2747 2672; x_wconf 84' lang='lat' dir='ltr'><strong>Quod</strong></span> <span class='ocrx_word' id='word_1_688' title='bbox 2770 2607 2811 2660; x_wconf 89' lang='lat' dir='ltr'><strong>si</strong></span> <span class='ocrx_word' id='word_1_689' title='bbox 2840 2608 3051 2676; x_wconf 86' lang='lat' dir='ltr'><strong>quidam</strong></span> <span class='ocrx_word' id='word_1_690' title='bbox 3077 2625 3258 2664; x_wconf 87' lang='lat' dir='ltr'><strong>eorum</strong></span> <span class='ocrx_word' id='word_1_691' title='bbox 3291 2613 3421 2669; x_wconf 85' lang='lat' dir='ltr'><strong>tales</strong></span> <span class='ocrx_word' id='word_1_692' title='bbox 3450 2624 3641 2677; x_wconf 58' lang='lat' dir='ltr'><strong>erant;</strong></span> 
     </span>
    </p>
   </div>
   <div class='ocr_carea' id='block_1_87' title="bbox 2044 2691 3624 2777">
    <p class='ocr_par' dir='ltr' id='par_1_87' title="bbox 2044 2691 3624 2777">
     <span class='ocr_line' id='line_1_87' title="bbox 2044 2691 3624 2777; baseline 0.012 -34"><span class='ocrx_word' id='word_1_693' title='bbox 2044 2691 2254 2762; x_wconf 89' lang='lat' dir='ltr'><strong>quidam</strong></span> <span class='ocrx_word' id='word_1_694' title='bbox 2303 2709 2431 2748; x_wconf 79' lang='lat' dir='ltr'><strong>vero</strong></span> <span class='ocrx_word' id='word_1_695' title='bbox 2471 2695 2652 2751; x_wconf 83' lang='lat' dir='ltr'><strong>ﬁdeles</strong></span> <span class='ocrx_word' id='word_1_696' title='bbox 2693 2707 2744 2752; x_wconf 92' lang='lat' dir='ltr'><strong>et</strong></span> <span class='ocrx_word' id='word_1_697' title='bbox 2791 2699 2936 2766; x_wconf 89' lang='lat' dir='ltr'><strong>boni,</strong></span> <span class='ocrx_word' id='word_1_698' title='bbox 2985 2703 3142 2756; x_wconf 85' lang='lat' dir='ltr'><strong>etiam</strong></span> <span class='ocrx_word' id='word_1_699' title='bbox 3188 2705 3264 2759; x_wconf 93' lang='lat' dir='ltr'><strong>sic</strong></span> <span class='ocrx_word' id='word_1_700' title='bbox 3308 2721 3411 2760; x_wconf 91' lang='lat' dir='ltr'><strong>non</strong></span> <span class='ocrx_word' id='word_1_701' title='bbox 3444 2707 3624 2777; x_wconf 87' lang='lat' dir='ltr'><strong>utique</strong></span> 
     </span>
    </p>
   </div>
   <div class='ocr_carea' id='block_1_88' title="bbox 2044 2783 3624 2864">
    <p class='ocr_par' dir='ltr' id='par_1_88' title="bbox 2044 2783 3624 2864">
     <span class='ocr_line' id='line_1_88' title="bbox 2044 2783 3624 2864; baseline 0.012 -27"><span class='ocrx_word' id='word_1_702' title='bbox 2044 2783 2146 2838; x_wconf 88' lang='lat' dir='ltr'><strong>iliis</strong></span> <span class='ocrx_word' id='word_1_703' title='bbox 2177 2785 2330 2840; x_wconf 85' lang='lat' dir='ltr'><strong>datur</strong></span> <span class='ocrx_word' id='word_1_704' title='bbox 2360 2796 2498 2843; x_wconf 89' lang='lat' dir='ltr'><strong>terra</strong></span> <span class='ocrx_word' id='word_1_705' title='bbox 2536 2790 2926 2861; x_wconf 88' lang='lat' dir='ltr'><strong>promissionis,</strong></span> <span class='ocrx_word' id='word_1_706' title='bbox 2954 2797 3040 2864; x_wconf 91' lang='lat' dir='ltr'><strong>qui</strong></span> <span class='ocrx_word' id='word_1_707' title='bbox 3070 2795 3313 2852; x_wconf 85' lang='lat' dir='ltr'><strong>nesciunt</strong></span> <span class='ocrx_word' id='word_1_708' title='bbox 3351 2799 3624 2856; x_wconf 82' lang='lat' dir='ltr'><strong>dexteram</strong></span> 
     </span>
    </p>
   </div>
   <div class='ocr_carea' id='block_1_89' title="bbox 2042 2879 3623 2961">
    <p class='ocr_par' dir='ltr' id='par_1_89' title="bbox 2042 2879 3623 2961">
     <span class='ocr_line' id='line_1_89' title="bbox 2042 2879 3623 2961; baseline 0.01 -31"><span class='ocrx_word' id='word_1_709' title='bbox 2042 2886 2130 2930; x_wconf 86' lang='lat' dir='ltr'><strong>aut</strong></span> <span class='ocrx_word' id='word_1_710' title='bbox 2156 2879 2445 2946; x_wconf 88' lang='lat' dir='ltr'><strong>sinistram,</strong></span> <span class='ocrx_word' id='word_1_711' title='bbox 2503 2890 2560 2936; x_wconf 91' lang='lat' dir='ltr'><strong>ut</strong></span> <span class='ocrx_word' id='word_1_712' title='bbox 2626 2883 2726 2938; x_wconf 91' lang='lat' dir='ltr'><strong>hoc</strong></span> <span class='ocrx_word' id='word_1_713' title='bbox 2787 2887 2863 2939; x_wconf 92' lang='lat' dir='ltr'><strong>sic</strong></span> <span class='ocrx_word' id='word_1_714' title='bbox 2919 2886 3272 2958; x_wconf 82' lang='lat' dir='ltr'><strong>intelligamus</strong></span> <span class='ocrx_word' id='word_1_715' title='bbox 3318 2892 3468 2961; x_wconf 90' lang='lat' dir='ltr'><strong>quasi</strong></span> <span class='ocrx_word' id='word_1_716' title='bbox 3515 2908 3623 2947; x_wconf 75' lang='lat' dir='ltr'><strong>non</strong></span> 
     </span>
    </p>
   </div>
   <div class='ocr_carea' id='block_1_90' title="bbox 2041 2967 3620 3050">
    <p class='ocr_par' dir='ltr' id='par_1_90' title="bbox 2041 2967 3620 3050">
     <span class='ocr_line' id='line_1_90' title="bbox 2041 2967 3620 3050; baseline 0.011 -30"><span class='ocrx_word' id='word_1_717' title='bbox 2041 2967 2359 3023; x_wconf 78' lang='lat' dir='ltr'><strong>oll’enderint</strong></span> <span class='ocrx_word' id='word_1_718' title='bbox 2385 2971 2568 3025; x_wconf 89' lang='lat' dir='ltr'><strong>Deum.</strong></span> <span class='ocrx_word' id='word_1_719' title='bbox 2598 2973 2729 3027; x_wconf 85' lang='lat' dir='ltr'><strong>Nam</strong></span> <span class='ocrx_word' id='word_1_720' title='bbox 2773 2984 2826 3029; x_wconf 90' lang='lat' dir='ltr'><strong>et</strong></span> <span class='ocrx_word' id='word_1_721' title='bbox 2872 2985 3048 3044; x_wconf 87' lang='lat' dir='ltr'><strong>patres</strong></span> <span class='ocrx_word' id='word_1_722' title='bbox 3079 2993 3284 3046; x_wconf 87' lang='lat' dir='ltr'><strong>eorum,</strong></span> <span class='ocrx_word' id='word_1_723' title='bbox 3314 2982 3400 3050; x_wconf 89' lang='lat' dir='ltr'><strong>qui</strong></span> <span class='ocrx_word' id='word_1_724' title='bbox 3426 2985 3620 3037; x_wconf 88' lang='lat' dir='ltr'><strong>mortui</strong></span> 
     </span>
    </p>
   </div>
   <div class='ocr_carea' id='block_1_91' title="bbox 2040 3061 3622 3145">
    <p class='ocr_par' dir='ltr' id='par_1_91' title="bbox 2040 3061 3622 3145">
     <span class='ocr_line' id='line_1_91' title="bbox 2040 3061 3622 3145; baseline 0.012 -35"><span class='ocrx_word' id='word_1_725' title='bbox 2040 3066 2182 3123; x_wconf 87' lang='lat' dir='ltr'><strong>sunt,</strong></span> <span class='ocrx_word' id='word_1_726' title='bbox 2227 3075 2324 3114; x_wconf 90' lang='lat' dir='ltr'><strong>nec</strong></span> <span class='ocrx_word' id='word_1_727' title='bbox 2371 3061 2421 3114; x_wconf 91' lang='lat' dir='ltr'><strong>in</strong></span> <span class='ocrx_word' id='word_1_728' title='bbox 2466 3063 2706 3118; x_wconf 88' lang='lat' dir='ltr'><strong>eamdem</strong></span> <span class='ocrx_word' id='word_1_729' title='bbox 2738 3074 2930 3122; x_wconf 88' lang='lat' dir='ltr'><strong>terram</strong></span> <span class='ocrx_word' id='word_1_730' title='bbox 2963 3069 3158 3125; x_wconf 87' lang='lat' dir='ltr'><strong>intrare</strong></span> <span class='ocrx_word' id='word_1_731' title='bbox 3195 3074 3433 3140; x_wconf 90' lang='lat' dir='ltr'><strong>permissi</strong></span> <span class='ocrx_word' id='word_1_732' title='bbox 3477 3085 3622 3145; x_wconf 73' lang='lat' dir='ltr'><strong>sunt,-</strong></span> 
     </span>
    </p>
   </div>
   <div class='ocr_carea' id='block_1_92' title="bbox 2041 3150 3624 3237">
    <p class='ocr_par' dir='ltr' id='par_1_92' title="bbox 2041 3150 3624 3237">
     <span class='ocr_line' id='line_1_92' title="bbox 2041 3150 3624 3237; baseline 0.014 -36"><span class='ocrx_word' id='word_1_733' title='bbox 2041 3150 2172 3204; x_wconf 87' lang='lat' dir='ltr'><strong>tales</strong></span> <span class='ocrx_word' id='word_1_734' title='bbox 2217 3151 2560 3208; x_wconf 85' lang='lat' dir='ltr'><strong>inveniuntur</strong></span> <span class='ocrx_word' id='word_1_735' title='bbox 2611 3154 2801 3224; x_wconf 83' lang='lat' dir='ltr'><strong>fuisse,</strong></span> <span class='ocrx_word' id='word_1_736' title='bbox 2851 3168 2907 3212; x_wconf 90' lang='lat' dir='ltr'><strong>ut</strong></span> <span class='ocrx_word' id='word_1_737' title='bbox 2953 3161 3006 3214; x_wconf 90' lang='lat' dir='ltr'><strong>in</strong></span> <span class='ocrx_word' id='word_1_738' title='bbox 3061 3163 3361 3219; x_wconf 75' lang='lat' dir='ltr'><strong>eis‘essent</strong></span> <span class='ocrx_word' id='word_1_739' title='bbox 3407 3167 3624 3237; x_wconf 74' lang='lat' dir='ltr'><strong>quidam</strong></span> 
     </span>
    </p>
   </div>
   <div class='ocr_carea' id='block_1_93' title="bbox 2040 3242 3622 3326">
    <p class='ocr_par' dir='ltr' id='par_1_93' title="bbox 2040 3242 3622 3326">
     <span class='ocr_line' id='line_1_93' title="bbox 2040 3242 3622 3326; baseline 0.011 -31"><span class='ocrx_word' id='word_1_740' title='bbox 2040 3242 2196 3295; x_wconf 88' lang='lat' dir='ltr'><strong>etiam</strong></span> <span class='ocrx_word' id='word_1_741' title='bbox 2224 3242 2368 3297; x_wconf 89' lang='lat' dir='ltr'><strong>boni.</strong></span> <span class='ocrx_word' id='word_1_742' title='bbox 2400 3244 2626 3316; x_wconf 86' lang='lat' dir='ltr'><strong>Propter</strong></span> <span class='ocrx_word' id='word_1_743' title='bbox 2652 3250 2792 3318; x_wconf 89' lang='lat' dir='ltr'><strong>quod</strong></span> <span class='ocrx_word' id='word_1_744' title='bbox 2826 3252 3130 3320; x_wconf 82' lang='lat' dir='ltr'><strong>Apostolus,</strong></span> <span class='ocrx_word' id='word_1_745' title='bbox 3160 3273 3262 3310; x_wconf 90' lang='lat' dir='ltr'><strong>non</strong></span> <span class='ocrx_word' id='word_1_746' title='bbox 3285 3273 3494 3326; x_wconf 89' lang='lat' dir='ltr'><strong>omnes,</strong></span> <span class='ocrx_word' id='word_1_747' title='bbox 3524 3260 3622 3316; x_wconf 86' lang='lat' dir='ltr'><strong>sed</strong></span> 
     </span>
    </p>
   </div>
   <div class='ocr_carea' id='block_1_94' title="bbox 2039 3332 3618 3416">
    <p class='ocr_par' dir='ltr' id='par_1_94' title="bbox 2039 3332 3618 3416">
     <span class='ocr_line' id='line_1_94' title="bbox 2039 3332 3618 3416; baseline 0.015 -33"><span class='ocrx_word' id='word_1_748' title='bbox 2039 3332 2295 3400; x_wconf 91' lang='lat' dir='ltr'><strong>quosdam</strong></span> <span class='ocrx_word' id='word_1_749' title='bbox 2337 3348 2523 3389; x_wconf 90' lang='lat' dir='ltr'><strong>eorum</strong></span> <span class='ocrx_word' id='word_1_750' title='bbox 2571 3337 2698 3393; x_wconf 89' lang='lat' dir='ltr'><strong>dicit</strong></span> <span class='ocrx_word' id='word_1_751' title='bbox 2743 3339 3044 3410; x_wconf 80' lang='lat' dir='ltr'><strong>oll‘endissc,</strong></span> <span class='ocrx_word' id='word_1_752' title='bbox 3092 3345 3144 3398; x_wconf 88' lang='lat' dir='ltr'><strong>in</strong></span> <span class='ocrx_word' id='word_1_753' title='bbox 3193 3348 3402 3416; x_wconf 91' lang='lat' dir='ltr'><strong>quibus,</strong></span> <span class='ocrx_word' id='word_1_754' title='bbox 3433 3365 3618 3406; x_wconf 91' lang='lat' dir='ltr'><strong>eorum</strong></span> 
     </span>
    </p>
   </div>
   <div class='ocr_carea' id='block_1_95' title="bbox 2041 3428 3620 3511">
    <p class='ocr_par' dir='ltr' id='par_1_95' title="bbox 2041 3428 3620 3511">
     <span class='ocr_line' id='line_1_95' title="bbox 2041 3428 3620 3511; baseline 0.013 -36"><span class='ocrx_word' id='word_1_755' title='bbox 2041 3431 2253 3491; x_wconf 90' lang='lat' dir='ltr'><strong>peccata</strong></span> <span class='ocrx_word' id='word_1_756' title='bbox 2285 3431 2667 3482; x_wconf 69' lang='lat' dir='ltr'><strong>commemorat</strong></span> <span class='ocrx_word' id='word_1_757' title='bbox 2685 3429 2725 3499; x_wconf 87' lang='lat' dir='ltr'><strong>(l</strong></span> <span class='ocrx_word' id='word_1_758' title='bbox 2752 3428 2870 3484; x_wconf 85' lang='lat' dir='ltr'><strong>Cor.</strong></span> <span class='ocrx_word' id='word_1_759' title='bbox 2896 3446 2952 3497; x_wconf 75' lang='grc' dir='ltr'><strong>ι,</strong></span> <span class='ocrx_word' id='word_1_760' title='bbox 2973 3433 3157 3505; x_wconf 82' lang='grc'><strong>5-10).</strong></span> <span class='ocrx_word' id='word_1_761' title='bbox 3188 3436 3399 3493; x_wconf 80' lang='lat' dir='ltr'><strong>Similes</strong></span> <span class='ocrx_word' id='word_1_762' title='bbox 3425 3441 3620 3511; x_wconf 84' lang='lat' dir='ltr'><strong>quippe</strong></span> 
     </span>
    </p>
   </div>
   <div class='ocr_carea' id='block_1_96' title="bbox 2039 3513 3619 3588">
    <p class='ocr_par' dir='ltr' id='par_1_96' title="bbox 2039 3513 3619 3588">
     <span class='ocr_line' id='line_1_96' title="bbox 2039 3513 3619 3588; baseline 0.013 -21"><span class='ocrx_word' id='word_1_763' title='bbox 2039 3513 2169 3569; x_wconf 90' lang='lat' dir='ltr'><strong>istos</strong></span> <span class='ocrx_word' id='word_1_764' title='bbox 2217 3518 2524 3585; x_wconf 88' lang='lat' dir='ltr'><strong>parentibus</strong></span> <span class='ocrx_word' id='word_1_765' title='bbox 2577 3521 2708 3588; x_wconf 88' lang='lat' dir='ltr'><strong>suis,</strong></span> <span class='ocrx_word' id='word_1_766' title='bbox 2762 3523 2831 3576; x_wconf 85' lang='lat' dir='ltr'><strong>ita</strong></span> <span class='ocrx_word' id='word_1_767' title='bbox 2873 3525 3171 3582; x_wconf 87' lang='lat' dir='ltr'><strong>evidentius</strong></span> <span class='ocrx_word' id='word_1_768' title='bbox 3216 3529 3374 3584; x_wconf 89' lang='lat' dir='ltr'><strong>docet</strong></span> <span class='ocrx_word' id='word_1_769' title='bbox 3411 3540 3467 3586; x_wconf 89' lang='lat' dir='ltr'><strong>et</strong></span> <span class='ocrx_word' id='word_1_770' title='bbox 3521 3533 3619 3587; x_wconf 88' lang='lat' dir='ltr'><strong>ista</strong></span> 
     </span>
    </p>
   </div>
   <div class='ocr_carea' id='block_1_97' title="bbox 2038 3603 3619 3694">
    <p class='ocr_par' dir='ltr' id='par_1_97' title="bbox 2038 3603 3619 3694">
     <span class='ocr_line' id='line_1_97' title="bbox 2038 3603 3619 3694; baseline 0.013 -35"><span class='ocrx_word' id='word_1_771' title='bbox 2038 3603 2308 3674; x_wconf 88' lang='lat' dir='ltr'><strong>Scriptura</strong></span> <span class='ocrx_word' id='word_1_772' title='bbox 2363 3608 2779 3676; x_wconf 87' lang='lat' dir='ltr'><strong>Deuteronomii,</strong></span> <span class='ocrx_word' id='word_1_773' title='bbox 2821 3615 2961 3685; x_wconf 91' lang='lat' dir='ltr'><strong>quod</strong></span> <span class='ocrx_word' id='word_1_774' title='bbox 2997 3629 3387 3689; x_wconf 87' lang='lat' dir='ltr'><strong>consequenter</strong></span> <span class='ocrx_word' id='word_1_775' title='bbox 3431 3623 3619 3694; x_wconf 81' lang='lat' dir='ltr'><strong>adjun-</strong></span> 
     </span>
    </p>
   </div>
   <div class='ocr_carea' id='block_1_98' title="bbox 2038 3697 3616 3772">
    <p class='ocr_par' dir='ltr' id='par_1_98' title="bbox 2038 3697 3616 3772">
     <span class='ocr_line' id='line_1_98' title="bbox 2038 3697 3616 3772; baseline 0.015 -24"><span class='ocrx_word' id='word_1_776' title='bbox 2038 3697 2132 3765; x_wconf 80' lang='lat' dir='ltr'><strong>git,</strong></span> <span class='ocrx_word' id='word_1_777' title='bbox 2185 3707 2238 3753; x_wconf 90' lang='lat' dir='ltr'><strong>et</strong></span> <span class='ocrx_word' id='word_1_778' title='bbox 2279 3699 2407 3754; x_wconf 85' lang='lat' dir='ltr'><strong>dicit</strong></span> <span class='ocrx_word' id='word_1_779' title='bbox 2454 3719 2467 3754; x_wconf 91' lang='lat'>:</span> <span class='ocrx_word' id='word_1_780' title='bbox 2517 3701 2588 3755; x_wconf 85' lang='lat' dir='ltr'><strong>Et</strong></span> <span class='ocrx_word' id='word_1_781' title='bbox 2629 3705 2680 3757; x_wconf 87' lang='lat' dir='ltr'><strong>in</strong></span> <span class='ocrx_word' id='word_1_782' title='bbox 2731 3704 2898 3761; x_wconf 86' lang='lat' dir='ltr'><strong>Iloreb</strong></span> <span class='ocrx_word' id='word_1_783' title='bbox 2943 3711 3275 3766; x_wconf 72' lang='lat' dir='ltr'><strong>exacerbastis</strong></span> <span class='ocrx_word' id='word_1_784' title='bbox 3324 3715 3616 3772; x_wconf 87' lang='lat' dir='ltr'><strong>Dominum.</strong></span> 
     </span>
    </p>
   </div>
   <div class='ocr_carea' id='block_1_99' title="bbox 2041 3785 3618 3873">
    <p class='ocr_par' dir='ltr' id='par_1_99' title="bbox 2041 3785 3618 3873">
     <span class='ocr_line' id='line_1_99' title="bbox 2041 3785 3618 3873; baseline 0.014 -32"><span class='ocrx_word' id='word_1_785' title='bbox 2041 3785 2138 3841; x_wconf 89' lang='lat' dir='ltr'><strong>Ubi</strong></span> <span class='ocrx_word' id='word_1_786' title='bbox 2190 3797 2333 3843; x_wconf 87' lang='lat' dir='ltr'><strong>certe</strong></span> <span class='ocrx_word' id='word_1_787' title='bbox 2379 3790 2454 3845; x_wconf 92' lang='lat' dir='ltr'><strong>illi</strong></span> <span class='ocrx_word' id='word_1_788' title='bbox 2505 3795 2973 3866; x_wconf 66' lang='lat' dir='ltr'><strong>exacerlraverunt,</strong></span> <span class='ocrx_word' id='word_1_789' title='bbox 3023 3803 3110 3870; x_wconf 87' lang='lat' dir='ltr'><strong>qui</strong></span> <span class='ocrx_word' id='word_1_790' title='bbox 3162 3813 3384 3873; x_wconf 89' lang='lat' dir='ltr'><strong>propter</strong></span> <span class='ocrx_word' id='word_1_791' title='bbox 3433 3807 3618 3863; x_wconf 86' lang='lat' dir='ltr'><strong>eadem</strong></span> 
     </span>
    </p>
   </div>
   <div class='ocr_carea' id='block_1_100' title="bbox 2039 3877 3621 3964">
    <p class='ocr_par' dir='ltr' id='par_1_100' title="bbox 2039 3877 3621 3964">
     <span class='ocr_line' id='line_1_100' title="bbox 2039 3877 3621 3964; baseline 0.013 -34"><span class='ocrx_word' id='word_1_792' title='bbox 2039 3877 2176 3931; x_wconf 88' lang='lat' dir='ltr'><strong>mala</strong></span> <span class='ocrx_word' id='word_1_793' title='bbox 2224 3881 2407 3934; x_wconf 87' lang='lat' dir='ltr'><strong>merita</strong></span> <span class='ocrx_word' id='word_1_794' title='bbox 2457 3897 2550 3936; x_wconf 86' lang='lat' dir='ltr'><strong>sua</strong></span> <span class='ocrx_word' id='word_1_795' title='bbox 2594 3899 2698 3938; x_wconf 86' lang='lat' dir='ltr'><strong>non</strong></span> <span class='ocrx_word' id='word_1_796' title='bbox 2752 3896 2875 3942; x_wconf 88' lang='lat' dir='ltr'><strong>sunt</strong></span> <span class='ocrx_word' id='word_1_797' title='bbox 2917 3889 2968 3943; x_wconf 90' lang='lat' dir='ltr'><strong>in</strong></span> <span class='ocrx_word' id='word_1_798' title='bbox 3017 3899 3213 3946; x_wconf 89' lang='lat' dir='ltr'><strong>terram</strong></span> <span class='ocrx_word' id='word_1_799' title='bbox 3257 3895 3621 3964; x_wconf 83' lang='lat' dir='ltr'><strong>promissionis</strong></span> 
     </span>
    </p>
   </div>
   <div class='ocr_carea' id='block_1_101' title="bbox 2039 3968 2259 4024">
    <p class='ocr_par' dir='ltr' id='par_1_101' title="bbox 2039 3968 2259 4024">
     <span class='ocr_line' id='line_1_101' title="bbox 2039 3968 2259 4024; baseline 0 -2"><span class='ocrx_word' id='word_1_800' title='bbox 2039 3968 2259 4024; x_wconf 79' lang='lat' dir='ltr'><strong>inducti.</strong></span> 
     </span>
    </p>
   </div>
   <div class='ocr_carea' id='block_1_102' title="bbox 2109 4060 3621 4142">
    <p class='ocr_par' dir='ltr' id='par_1_102' title="bbox 2109 4060 3621 4142">
     <span class='ocr_line' id='line_1_102' title="bbox 2109 4060 3621 4142; baseline 0.014 -29"><span class='ocrx_word' id='word_1_801' title='bbox 2109 4060 2224 4115; x_wconf 78' lang='lat' dir='ltr'><strong>XV.</strong></span> <span class='ocrx_word' id='word_1_802' title='bbox 2255 4061 2353 4134; x_wconf 83' lang='lat' dir='ltr'><strong>[lb.</strong></span> <span class='ocrx_word' id='word_1_803' title='bbox 2387 4081 2419 4118; x_wconf 69' lang='grc' dir='ltr'>κ</span> <span class='ocrx_word' id='word_1_804' title='bbox 2442 4108 2456 4129; x_wconf 85' lang='grc'><em>,</em></span> <span class='ocrx_word' id='word_1_805' title='bbox 2491 4067 2627 4140; x_wconf 70' lang='lat'><strong>1-4.]</strong></span> <span class='ocrx_word' id='word_1_806' title='bbox 2657 4068 2719 4122; x_wconf 86' lang='lat' dir='ltr'><strong>In</strong></span> <span class='ocrx_word' id='word_1_807' title='bbox 2744 4071 2832 4124; x_wconf 86' lang='lat' dir='ltr'><strong>illo</strong></span> <span class='ocrx_word' id='word_1_808' title='bbox 2856 4080 3076 4142; x_wconf 84' lang='lat' dir='ltr'><strong>tempore</strong></span> <span class='ocrx_word' id='word_1_809' title='bbox 3104 4077 3230 4130; x_wconf 72' lang='lat' dir='ltr'><strong>dixit</strong></span> <span class='ocrx_word' id='word_1_810' title='bbox 3282 4079 3526 4134; x_wconf 82' lang='lat' dir='ltr'><strong>Dominus</strong></span> <span class='ocrx_word' id='word_1_811' title='bbox 3555 4085 3621 4134; x_wconf 89' lang='lat' dir='ltr'><strong>ad</strong></span> 
     </span>
    </p>
   </div>
   <div class='ocr_carea' id='block_1_103' title="bbox 2041 4154 3621 4238">
    <p class='ocr_par' dir='ltr' id='par_1_103' title="bbox 2041 4154 3621 4238">
     <span class='ocr_line' id='line_1_103' title="bbox 2041 4154 3621 4238; baseline 0.013 -33"><span class='ocrx_word' id='word_1_812' title='bbox 2041 4169 2120 4206; x_wconf 88' lang='lat' dir='ltr'><strong>me</strong></span> <span class='ocrx_word' id='word_1_813' title='bbox 2142 4196 2156 4219; x_wconf 90' lang='lat'><strong>,</strong></span> <span class='ocrx_word' id='word_1_814' title='bbox 2195 4154 2384 4210; x_wconf 73' lang='lat' dir='ltr'><strong>Excide</strong></span> <span class='ocrx_word' id='word_1_815' title='bbox 2427 4160 2512 4211; x_wconf 86' lang='lat' dir='ltr'><strong>tibi</strong></span> <span class='ocrx_word' id='word_1_816' title='bbox 2546 4161 2672 4214; x_wconf 87' lang='lat' dir='ltr'><strong>duas</strong></span> <span class='ocrx_word' id='word_1_817' title='bbox 2712 4162 2907 4218; x_wconf 85' lang='lat' dir='ltr'><strong>tabulas</strong></span> <span class='ocrx_word' id='word_1_818' title='bbox 2944 4166 3170 4236; x_wconf 84' lang='lat' dir='ltr'><strong>lapideas</strong></span> <span class='ocrx_word' id='word_1_819' title='bbox 3199 4171 3621 4238; x_wconf 84' lang='lat' dir='ltr'><strong>quemadmodum</strong></span> 
     </span>
    </p>
   </div>
   <div class='ocr_carea' id='block_1_104' title="bbox 2039 4247 3622 4332">
    <p class='ocr_par' dir='ltr' id='par_1_104' title="bbox 2039 4247 3622 4332">
     <span class='ocr_line' id='line_1_104' title="bbox 2039 4247 3622 4332; baseline 0.012 -33"><span class='ocrx_word' id='word_1_820' title='bbox 2039 4247 2261 4317; x_wconf 87' lang='lat' dir='ltr'><strong>priores,</strong></span> <span class='ocrx_word' id='word_1_821' title='bbox 2310 4257 2357 4302; x_wconf 84' lang='lat' dir='ltr'><strong>et</strong></span> <span class='ocrx_word' id='word_1_822' title='bbox 2381 4253 2596 4305; x_wconf 83' lang='lat' dir='ltr'><strong>ascende</strong></span> <span class='ocrx_word' id='word_1_823' title='bbox 2623 4254 2691 4307; x_wconf 87' lang='lat' dir='ltr'><strong>ad</strong></span> <span class='ocrx_word' id='word_1_824' title='bbox 2715 4272 2792 4308; x_wconf 89' lang='lat' dir='ltr'><strong>me</strong></span> <span class='ocrx_word' id='word_1_825' title='bbox 2816 4257 2868 4309; x_wconf 89' lang='lat' dir='ltr'><strong>in</strong></span> <span class='ocrx_word' id='word_1_826' title='bbox 2896 4269 3140 4324; x_wconf 88' lang='lat' dir='ltr'><strong>montem;</strong></span> <span class='ocrx_word' id='word_1_827' title='bbox 3171 4271 3216 4314; x_wconf 90' lang='lat' dir='ltr'><strong>et</strong></span> <span class='ocrx_word' id='word_1_828' title='bbox 3249 4264 3402 4332; x_wconf 79' lang='lat' dir='ltr'><strong>facies</strong></span> <span class='ocrx_word' id='word_1_829' title='bbox 3424 4264 3512 4318; x_wconf 91' lang='lat' dir='ltr'><strong>tibi</strong></span> <span class='ocrx_word' id='word_1_830' title='bbox 3539 4282 3622 4318; x_wconf 80' lang='lat' dir='ltr'><strong>ar-</strong></span> 
     </span>
    </p>
   </div>
   <div class='ocr_carea' id='block_1_105' title="bbox 2039 4342 3620 4423">
    <p class='ocr_par' dir='ltr' id='par_1_105' title="bbox 2039 4342 3620 4423">
     <span class='ocr_line' id='line_1_105' title="bbox 2039 4342 3620 4423; baseline 0.012 -31"><span class='ocrx_word' id='word_1_831' title='bbox 2039 4356 2150 4394; x_wconf 89' lang='lat' dir='ltr'><strong>cam</strong></span> <span class='ocrx_word' id='word_1_832' title='bbox 2178 4342 2392 4412; x_wconf 86' lang='lat' dir='ltr'><strong>ligneam</strong></span> <span class='ocrx_word' id='word_1_833' title='bbox 2420 4359 2439 4396; x_wconf 89' lang='lat'><strong><em>:</em></strong></span> <span class='ocrx_word' id='word_1_834' title='bbox 2479 4353 2526 4397; x_wconf 88' lang='lat' dir='ltr'><strong>et</strong></span> <span class='ocrx_word' id='word_1_835' title='bbox 2554 4346 2768 4400; x_wconf 84' lang='lat' dir='ltr'><strong>scribam</strong></span> <span class='ocrx_word' id='word_1_836' title='bbox 2801 4349 2853 4401; x_wconf 91' lang='lat' dir='ltr'><strong>in</strong></span> <span class='ocrx_word' id='word_1_837' title='bbox 2883 4349 3063 4404; x_wconf 88' lang='lat' dir='ltr'><strong>tabulis</strong></span> <span class='ocrx_word' id='word_1_838' title='bbox 3100 4351 3244 4404; x_wconf 89' lang='lat' dir='ltr'><strong>verba</strong></span> <span class='ocrx_word' id='word_1_839' title='bbox 3269 4369 3380 4423; x_wconf 73' lang='lat' dir='ltr'><strong>qua:</strong></span> <span class='ocrx_word' id='word_1_840' title='bbox 3403 4365 3543 4408; x_wconf 89' lang='lat' dir='ltr'><strong>erant</strong></span> <span class='ocrx_word' id='word_1_841' title='bbox 3569 4360 3620 4412; x_wconf 87' lang='lat' dir='ltr'><strong>in</strong></span> 
     </span>
    </p>
   </div>
   <div class='ocr_carea' id='block_1_106' title="bbox 2041 4432 3620 4505">
    <p class='ocr_par' dir='ltr' id='par_1_106' title="bbox 2041 4432 3620 4505">
     <span class='ocr_line' id='line_1_106' title="bbox 2041 4432 3620 4505; baseline 0.012 -22"><span class='ocrx_word' id='word_1_842' title='bbox 2041 4432 2222 4485; x_wconf 77' lang='lat' dir='ltr'><strong>tabulis</strong></span> <span class='ocrx_word' id='word_1_843' title='bbox 2252 4434 2500 4501; x_wconf 85' lang='lat' dir='ltr'><strong>prioribus</strong></span> <span class='ocrx_word' id='word_1_844' title='bbox 2523 4477 2538 4501; x_wconf 89' lang='lat'><strong>,</strong></span> <span class='ocrx_word' id='word_1_845' title='bbox 2585 4453 2709 4505; x_wconf 86' lang='lat' dir='ltr'><strong>quas</strong></span> <span class='ocrx_word' id='word_1_846' title='bbox 2759 4439 3066 4503; x_wconf 83' lang='lat' dir='ltr'><strong>contrivisti;</strong></span> <span class='ocrx_word' id='word_1_847' title='bbox 3108 4451 3153 4494; x_wconf 92' lang='lat' dir='ltr'><strong>et</strong></span> <span class='ocrx_word' id='word_1_848' title='bbox 3196 4443 3432 4498; x_wconf 87' lang='lat' dir='ltr'><strong>immittes</strong></span> <span class='ocrx_word' id='word_1_849' title='bbox 3457 4464 3542 4500; x_wconf 87' lang='lat' dir='ltr'><strong>eas</strong></span> <span class='ocrx_word' id='word_1_850' title='bbox 3569 4450 3620 4502; x_wconf 91' lang='lat' dir='ltr'><strong>in</strong></span> 
     </span>
    </p>
   </div>
   <div class='ocr_carea' id='block_1_107' title="bbox 2031 4523 3616 4602">
    <p class='ocr_par' dir='ltr' id='par_1_107' title="bbox 2031 4523 3616 4602">
     <span class='ocr_line' id='line_1_107' title="bbox 2031 4523 3616 4602; baseline 0.012 -28"><span class='ocrx_word' id='word_1_851' title='bbox 2031 4540 2226 4576; x_wconf 82' lang='lat' dir='ltr'><strong>arcam.</strong></span> <span class='ocrx_word' id='word_1_852' title='bbox 2253 4523 2322 4577; x_wconf 86' lang='lat' dir='ltr'><strong>Et</strong></span> <span class='ocrx_word' id='word_1_853' title='bbox 2352 4524 2444 4592; x_wconf 77' lang='lat' dir='ltr'><strong>feci</strong></span> <span class='ocrx_word' id='word_1_854' title='bbox 2471 4543 2640 4578; x_wconf 88' lang='lat' dir='ltr'><strong>arcam</strong></span> <span class='ocrx_word' id='word_1_855' title='bbox 2673 4545 2737 4582; x_wconf 77' lang='lat' dir='ltr'><strong>ea:</strong></span> <span class='ocrx_word' id='word_1_856' title='bbox 2762 4529 2911 4600; x_wconf 81' lang='lat' dir='ltr'><strong>lignis</strong></span> <span class='ocrx_word' id='word_1_857' title='bbox 2933 4531 3352 4602; x_wconf 87' lang='lat' dir='ltr'><strong>impulribilibus,</strong></span> <span class='ocrx_word' id='word_1_858' title='bbox 3381 4546 3424 4590; x_wconf 91' lang='lat' dir='ltr'><strong>et</strong></span> <span class='ocrx_word' id='word_1_859' title='bbox 3451 4540 3616 4592; x_wconf 73' lang='lat' dir='ltr'><strong>excidi</strong></span> 
     </span>
    </p>
   </div>
   <div class='ocr_carea' id='block_1_108' title="bbox 2040 4611 3615 4698">
    <p class='ocr_par' dir='ltr' id='par_1_108' title="bbox 2040 4611 3615 4698">
     <span class='ocr_line' id='line_1_108' title="bbox 2040 4611 3615 4698; baseline 0.013 -34"><span class='ocrx_word' id='word_1_860' title='bbox 2040 4611 2166 4665; x_wconf 88' lang='lat' dir='ltr'><strong>duas</strong></span> <span class='ocrx_word' id='word_1_861' title='bbox 2183 4615 2377 4667; x_wconf 87' lang='lat' dir='ltr'><strong>tabulas</strong></span> <span class='ocrx_word' id='word_1_862' title='bbox 2397 4617 2624 4684; x_wconf 75' lang='lat' dir='ltr'><strong>lapideas</strong></span> <span class='ocrx_word' id='word_1_863' title='bbox 2640 4619 2766 4673; x_wconf 84' lang='lat' dir='ltr'><strong>sicut</strong></span> <span class='ocrx_word' id='word_1_864' title='bbox 2782 4621 2994 4690; x_wconf 87' lang='lat' dir='ltr'><strong>priores,</strong></span> <span class='ocrx_word' id='word_1_865' title='bbox 3020 4633 3065 4676; x_wconf 87' lang='lat' dir='ltr'><strong>et</strong></span> <span class='ocrx_word' id='word_1_866' title='bbox 3081 4627 3284 4678; x_wconf 84' lang='lat' dir='ltr'><strong>ascemli</strong></span> <span class='ocrx_word' id='word_1_867' title='bbox 3305 4628 3354 4680; x_wconf 87' lang='lat' dir='ltr'><strong>in</strong></span> <span class='ocrx_word' id='word_1_868' title='bbox 3379 4639 3615 4698; x_wconf 81' lang='lat' dir='ltr'><strong>utentem,</strong></span> 
     </span>
    </p>
   </div>
   <div class='ocr_carea' id='block_1_109' title="bbox 2040 4703 3618 4790">
    <p class='ocr_par' dir='ltr' id='par_1_109' title="bbox 2040 4703 3618 4790">
     <span class='ocr_line' id='line_1_109' title="bbox 2040 4703 3618 4790; baseline 0.013 -35"><span class='ocrx_word' id='word_1_869' title='bbox 2040 4711 2087 4755; x_wconf 91' lang='lat' dir='ltr'><strong>et</strong></span> <span class='ocrx_word' id='word_1_870' title='bbox 2114 4703 2228 4755; x_wconf 70' lang='lat' dir='ltr'><strong>dum</strong></span> <span class='ocrx_word' id='word_1_871' title='bbox 2268 4705 2449 4758; x_wconf 76' lang='lat' dir='ltr'><strong>tabalw</strong></span> <span class='ocrx_word' id='word_1_872' title='bbox 2480 4707 2532 4760; x_wconf 91' lang='lat' dir='ltr'><strong>in</strong></span> <span class='ocrx_word' id='word_1_873' title='bbox 2574 4708 2766 4763; x_wconf 88' lang='lat' dir='ltr'><strong>duabus</strong></span> <span class='ocrx_word' id='word_1_874' title='bbox 2805 4712 3035 4766; x_wconf 85' lang='lat' dir='ltr'><strong>manibus</strong></span> <span class='ocrx_word' id='word_1_875' title='bbox 3067 4717 3204 4770; x_wconf 89' lang='lat' dir='ltr'><strong>meis.</strong></span> <span class='ocrx_word' id='word_1_876' title='bbox 3242 4716 3306 4770; x_wconf 83' lang='lat' dir='ltr'><strong>Et</strong></span> <span class='ocrx_word' id='word_1_877' title='bbox 3336 4721 3539 4790; x_wconf 83' lang='lat' dir='ltr'><strong>scripsit</strong></span> <span class='ocrx_word' id='word_1_878' title='bbox 3565 4723 3618 4776; x_wconf 88' lang='lat' dir='ltr'><strong>in</strong></span> 
     </span>
    </p>
   </div>
   <div class='ocr_carea' id='block_1_110' title="bbox 2039 4796 3623 4883">
    <p class='ocr_par' dir='ltr' id='par_1_110' title="bbox 2039 4796 3623 4883">
     <span class='ocr_line' id='line_1_110' title="bbox 2039 4796 3623 4883; baseline 0.013 -36"><span class='ocrx_word' id='word_1_879' title='bbox 2039 4796 2220 4851; x_wconf 87' lang='lat' dir='ltr'><strong>tabulis</strong></span> <span class='ocrx_word' id='word_1_880' title='bbox 2245 4798 2516 4851; x_wconf 84' lang='lat' dir='ltr'><strong>secundum</strong></span> <span class='ocrx_word' id='word_1_881' title='bbox 2539 4803 2841 4869; x_wconf 83' lang='lat' dir='ltr'><strong>scripturam</strong></span> <span class='ocrx_word' id='word_1_882' title='bbox 2867 4806 3084 4874; x_wconf 85' lang='lat' dir='ltr'><strong>priorem</strong></span> <span class='ocrx_word' id='word_1_883' title='bbox 3112 4809 3278 4862; x_wconf 88' lang='lat' dir='ltr'><strong>decem</strong></span> <span class='ocrx_word' id='word_1_884' title='bbox 3305 4813 3478 4877; x_wconf 87' lang='lat' dir='ltr'><strong>verba,</strong></span> <span class='ocrx_word' id='word_1_885' title='bbox 3511 4831 3623 4883; x_wconf 64' lang='lat' dir='ltr'><strong>quae</strong></span> 
     </span>
    </p>
   </div>
   <div class='ocr_carea' id='block_1_111' title="bbox 2039 4886 3622 4973">
    <p class='ocr_par' dir='ltr' id='par_1_111' title="bbox 2039 4886 3622 4973">
     <span class='ocr_line' id='line_1_111' title="bbox 2039 4886 3622 4973; baseline 0.012 -33"><span class='ocrx_word' id='word_1_886' title='bbox 2039 4886 2233 4941; x_wconf 84' lang='lat' dir='ltr'><strong>locutus</strong></span> <span class='ocrx_word' id='word_1_887' title='bbox 2270 4898 2339 4942; x_wconf 91' lang='lat' dir='ltr'><strong>est</strong></span> <span class='ocrx_word' id='word_1_888' title='bbox 2368 4888 2615 4945; x_wconf 85' lang='lat' dir='ltr'><strong>Dominus</strong></span> <span class='ocrx_word' id='word_1_889' title='bbox 2641 4894 2709 4946; x_wconf 89' lang='lat' dir='ltr'><strong>ad</strong></span> <span class='ocrx_word' id='word_1_890' title='bbox 2731 4911 2813 4948; x_wconf 84' lang='lat' dir='ltr'><strong>vos</strong></span> <span class='ocrx_word' id='word_1_891' title='bbox 2834 4896 2886 4949; x_wconf 87' lang='lat' dir='ltr'><strong>in</strong></span> <span class='ocrx_word' id='word_1_892' title='bbox 2920 4907 3087 4952; x_wconf 86' lang='lat' dir='ltr'><strong>monte</strong></span> <span class='ocrx_word' id='word_1_893' title='bbox 3126 4917 3152 4952; x_wconf 92' lang='lat' dir='ltr'><strong>e</strong></span> <span class='ocrx_word' id='word_1_894' title='bbox 3177 4901 3340 4955; x_wconf 87' lang='lat' dir='ltr'><strong>medio</strong></span> <span class='ocrx_word' id='word_1_895' title='bbox 3370 4903 3499 4973; x_wconf 85' lang='lat' dir='ltr'><strong>ignis</strong></span> <span class='ocrx_word' id='word_1_896' title='bbox 3539 4918 3622 4959; x_wconf 87' lang='lat' dir='ltr'><strong>:et</strong></span> 
     </span>
    </p>
   </div>
   <div class='ocr_carea' id='block_1_112' title="bbox 2027 4977 3622 5065">
    <p class='ocr_par' dir='ltr' id='par_1_112' title="bbox 2027 4977 3622 5065">
     <span class='ocr_line' id='line_1_112' title="bbox 2027 4977 3622 5065; baseline 0.014 -36"><span class='ocrx_word' id='word_1_897' title='bbox 2027 4977 2177 5031; x_wconf 83' lang='lat' dir='ltr'><strong>&quot;dedit</strong></span> <span class='ocrx_word' id='word_1_898' title='bbox 2198 4996 2282 5032; x_wconf 83' lang='lat' dir='ltr'><strong>eas</strong></span> <span class='ocrx_word' id='word_1_899' title='bbox 2312 4979 2556 5036; x_wconf 88' lang='lat' dir='ltr'><strong>Dominus</strong></span> <span class='ocrx_word' id='word_1_900' title='bbox 2581 4986 2720 5038; x_wconf 83' lang='lat' dir='ltr'><strong>milii.</strong></span> <span class='ocrx_word' id='word_1_901' title='bbox 2767 4987 2880 5041; x_wconf 82' lang='lat' dir='ltr'><strong>Non</strong></span> <span class='ocrx_word' id='word_1_902' title='bbox 2913 4990 3178 5045; x_wconf 84' lang='lat' dir='ltr'><strong>immerito</strong></span> <span class='ocrx_word' id='word_1_903' title='bbox 3207 4996 3461 5063; x_wconf 74' lang='lat' dir='ltr'><strong>qumritur</strong></span> <span class='ocrx_word' id='word_1_904' title='bbox 3487 5014 3622 5065; x_wconf 82' lang='lat' dir='ltr'><strong>quo-</strong></span> 
     </span>
    </p>
   </div>
   <div class='ocr_carea' id='block_1_113' title="bbox 2038 5064 3620 5156">
    <p class='ocr_par' dir='ltr' id='par_1_113' title="bbox 2038 5064 3620 5156">
     <span class='ocr_line' id='line_1_113' title="bbox 2038 5064 3620 5156; baseline 0.014 -33"><span class='ocrx_word' id='word_1_905' title='bbox 2038 5071 2197 5124; x_wconf 85' lang='lat' dir='ltr'><strong>modo</strong></span> <span class='ocrx_word' id='word_1_906' title='bbox 2216 5071 2330 5127; x_wconf 73' lang='lat' dir='ltr'><strong>lure</strong></span> <span class='ocrx_word' id='word_1_907' title='bbox 2357 5075 2406 5127; x_wconf 87' lang='lat' dir='ltr'><strong>in</strong></span> <span class='ocrx_word' id='word_1_908' title='bbox 2438 5064 2850 5135; x_wconf 68' lang='lat' dir='ltr'><strong>DeitterOiiomio</strong></span> <span class='ocrx_word' id='word_1_909' title='bbox 2865 5081 3126 5149; x_wconf 89' lang='lat' dir='ltr'><strong>dicantur,</strong></span> <span class='ocrx_word' id='word_1_910' title='bbox 3153 5084 3330 5156; x_wconf 84' lang='lat' dir='ltr'><strong>Moyse</strong></span> <span class='ocrx_word' id='word_1_911' title='bbox 3353 5089 3620 5150; x_wconf 80' lang='lat' dir='ltr'><strong>recalente</strong></span> 
     </span>
    </p>
   </div>
   <div class='ocr_carea' id='block_1_114' title="bbox 2037 5173 3617 5251">
    <p class='ocr_par' dir='ltr' id='par_1_114' title="bbox 2037 5173 3617 5251">
     <span class='ocr_line' id='line_1_114' title="bbox 2037 5173 3617 5251; baseline 0.013 -38"><span class='ocrx_word' id='word_1_912' title='bbox 2037 5175 2098 5214; x_wconf 93' lang='lat' dir='ltr'><strong>ac</strong></span> <span class='ocrx_word' id='word_1_913' title='bbox 2128 5173 2400 5232; x_wconf 87' lang='lat' dir='ltr'><strong>repetente</strong></span> <span class='ocrx_word' id='word_1_914' title='bbox 2426 5181 2543 5234; x_wconf 79' lang='lat' dir='ltr'><strong>quae</strong></span> <span class='ocrx_word' id='word_1_915' title='bbox 2567 5179 2709 5238; x_wconf 85' lang='lat' dir='ltr'><strong>gesta</strong></span> <span class='ocrx_word' id='word_1_916' title='bbox 2739 5181 2896 5239; x_wconf 90' lang='lat' dir='ltr'><strong>sunt;</strong></span> <span class='ocrx_word' id='word_1_917' title='bbox 2922 5189 3040 5228; x_wconf 91' lang='lat' dir='ltr'><strong>cum</strong></span> <span class='ocrx_word' id='word_1_918' title='bbox 3065 5176 3114 5229; x_wconf 91' lang='lat' dir='ltr'><strong>in</strong></span> <span class='ocrx_word' id='word_1_919' title='bbox 3149 5176 3350 5243; x_wconf 81' lang='lat' dir='ltr'><strong>Exodo,</strong></span> <span class='ocrx_word' id='word_1_920' title='bbox 3387 5179 3472 5233; x_wconf 90' lang='lat' dir='ltr'><strong>ubi</strong></span> <span class='ocrx_word' id='word_1_921' title='bbox 3506 5183 3617 5251; x_wconf 86' lang='lat' dir='ltr'><strong>pri-</strong></span> 
     </span>
    </p>
   </div>
   <div class='ocr_carea' id='block_1_115' title="bbox 2026 5253 3614 5339">
    <p class='ocr_par' dir='ltr' id='par_1_115' title="bbox 2026 5253 3614 5339">
     <span class='ocr_line' id='line_1_115' title="bbox 2026 5253 3614 5339; baseline 0.013 -35"><span class='ocrx_word' id='word_1_922' title='bbox 2026 5267 2182 5305; x_wconf 42' lang='lat' dir='ltr'><strong>‘mum</strong></span> <span class='ocrx_word' id='word_1_923' title='bbox 2225 5253 2337 5308; x_wconf 78' lang='lat' dir='ltr'><strong>luce</strong></span> <span class='ocrx_word' id='word_1_924' title='bbox 2358 5255 2498 5310; x_wconf 85' lang='lat' dir='ltr'><strong>dicta</strong></span> <span class='ocrx_word' id='word_1_925' title='bbox 2533 5269 2586 5312; x_wconf 88' lang='lat' dir='ltr'><strong>et</strong></span> <span class='ocrx_word' id='word_1_926' title='bbox 2617 5259 2752 5316; x_wconf 82' lang='lat' dir='ltr'><strong>facta</strong></span> <span class='ocrx_word' id='word_1_927' title='bbox 2785 5274 3084 5330; x_wconf 89' lang='lat' dir='ltr'><strong>narrantur,</strong></span> <span class='ocrx_word' id='word_1_928' title='bbox 3131 5256 3206 5320; x_wconf 37' lang='lat' dir='ltr'><strong>ita.</strong></span> <span class='ocrx_word' id='word_1_929' title='bbox 3227 5268 3296 5321; x_wconf 90' lang='lat' dir='ltr'><strong>sit</strong></span> <span class='ocrx_word' id='word_1_930' title='bbox 3318 5270 3572 5339; x_wconf 84' lang='lat' dir='ltr'><strong>scriptum</strong></span> <span class='ocrx_word' id='word_1_931' title='bbox 3601 5315 3614 5336; x_wconf 93' lang='lat'><strong>,</strong></span> 
     </span>
    </p>
   </div>
   <div class='ocr_carea' id='block_1_116' title="bbox 2036 5343 3617 5426">
    <p class='ocr_par' dir='ltr' id='par_1_116' title="bbox 2036 5343 3617 5426">
     <span class='ocr_line' id='line_1_116' title="bbox 2036 5343 3617 5426; baseline 0.013 -30"><span class='ocrx_word' id='word_1_932' title='bbox 2036 5343 2103 5396; x_wconf 83' lang='lat' dir='ltr'><strong>Et</strong></span> <span class='ocrx_word' id='word_1_933' title='bbox 2128 5345 2257 5398; x_wconf 76' lang='lat' dir='ltr'><strong>dixit</strong></span> <span class='ocrx_word' id='word_1_934' title='bbox 2281 5347 2526 5401; x_wconf 87' lang='lat' dir='ltr'><strong>Dominus</strong></span> <span class='ocrx_word' id='word_1_935' title='bbox 2548 5350 2861 5421; x_wconf 69' lang='lat' dir='ltr'><strong>ad‘Moysen,</strong></span> <span class='ocrx_word' id='word_1_936' title='bbox 2890 5355 3063 5410; x_wconf 85' lang='lat' dir='ltr'><strong>Scribe</strong></span> <span class='ocrx_word' id='word_1_937' title='bbox 3080 5357 3167 5411; x_wconf 87' lang='lat' dir='ltr'><strong>tibi</strong></span> <span class='ocrx_word' id='word_1_938' title='bbox 3188 5361 3332 5412; x_wconf 85' lang='lat' dir='ltr'><strong>verba</strong></span> <span class='ocrx_word' id='word_1_939' title='bbox 3358 5361 3504 5426; x_wconf 77' lang='lat' dir='ltr'><strong>lucc;</strong></span> <span class='ocrx_word' id='word_1_940' title='bbox 3543 5373 3617 5416; x_wconf 83' lang='lat' dir='ltr'><strong>et-</strong></span> 
     </span>
    </p>
   </div>
   <div class='ocr_carea' id='block_1_117' title="bbox 2021 5435 3618 5510">
    <p class='ocr_par' dir='ltr' id='par_1_117' title="bbox 2021 5435 3618 5510">
     <span class='ocr_line' id='line_1_117' title="bbox 2021 5435 3618 5510; baseline 0.013 -23"><span class='ocrx_word' id='word_1_941' title='bbox 2021 5435 2164 5487; x_wconf 79' lang='lat' dir='ltr'><strong>enim</strong></span> <span class='ocrx_word' id='word_1_942' title='bbox 2189 5437 2241 5488; x_wconf 87' lang='lat' dir='ltr'><strong>in</strong></span> <span class='ocrx_word' id='word_1_943' title='bbox 2263 5437 2420 5490; x_wconf 85' lang='lat' dir='ltr'><strong>verbis</strong></span> <span class='ocrx_word' id='word_1_944' title='bbox 2445 5439 2523 5492; x_wconf 76' lang='lat' dir='ltr'><strong>liis</strong></span> <span class='ocrx_word' id='word_1_945' title='bbox 2555 5444 2699 5510; x_wconf 88' lang='lat' dir='ltr'><strong>posui</strong></span> <span class='ocrx_word' id='word_1_946' title='bbox 2724 5441 3096 5500; x_wconf 85' lang='lat' dir='ltr'><strong>Testamentum</strong></span> <span class='ocrx_word' id='word_1_947' title='bbox 3125 5449 3212 5501; x_wconf 86' lang='lat' dir='ltr'><strong>tibi</strong></span> <span class='ocrx_word' id='word_1_948' title='bbox 3235 5459 3282 5502; x_wconf 86' lang='lat' dir='ltr'><strong>et</strong></span> <span class='ocrx_word' id='word_1_949' title='bbox 3317 5449 3503 5505; x_wconf 84' lang='lat' dir='ltr'><strong>Israel.</strong></span> <span class='ocrx_word' id='word_1_950' title='bbox 3551 5454 3618 5508; x_wconf 73' lang='lat' dir='ltr'><strong>Et</strong></span> 
     </span>
    </p>
   </div>
   <div class='ocr_carea' id='block_1_118' title="bbox 2026 5533 3618 5602">
    <p class='ocr_par' dir='ltr' id='par_1_118' title="bbox 2026 5533 3618 5602">
     <span class='ocr_line' id='line_1_118' title="bbox 2026 5533 3618 5602; baseline 0.015 -24"><span class='ocrx_word' id='word_1_951' title='bbox 2026 5547 2030 5551; x_wconf 60' lang='grc' dir='ltr'>ί</span> <span class='ocrx_word' id='word_1_952' title='bbox 2071 5533 2116 5602; x_wconf 22' lang='grc' dir='ltr'><strong>Δί</strong></span> <span class='ocrx_word' id='word_1_953' title='bbox 2141 5540 2246 5602; x_wconf 73' lang='lat' dir='ltr'><strong>Mss.</strong></span> <span class='ocrx_word' id='word_1_954' title='bbox 2283 5535 2362 5584; x_wconf 88' lang='lat' dir='ltr'><strong>hic</strong></span> <span class='ocrx_word' id='word_1_955' title='bbox 2385 5543 2435 5602; x_wconf 85' lang='lat' dir='ltr'><strong>et</strong></span> <span class='ocrx_word' id='word_1_956' title='bbox 2458 5538 2676 5602; x_wconf 79' lang='lat' dir='ltr'><strong>inferius,</strong></span> <span class='ocrx_word' id='word_1_957' title='bbox 2701 5543 2878 5592; x_wconf 70' lang='lat' dir='ltr'><strong>dextra</strong></span> <span class='ocrx_word' id='word_1_958' title='bbox 2905 5548 2951 5593; x_wconf 90' lang='lat' dir='ltr'><strong>et</strong></span> <span class='ocrx_word' id='word_1_959' title='bbox 2985 5544 3178 5596; x_wconf 73' lang='lat' dir='ltr'><strong>sinistra</strong></span> <span class='ocrx_word' id='word_1_960' title='bbox 3205 5559 3224 5596; x_wconf 82' lang='lat'><strong>.&#39;</strong></span> <span class='ocrx_word' id='word_1_961' title='bbox 3256 5548 3303 5596; x_wconf 90' lang='lat' dir='ltr'><strong>id</strong></span> <span class='ocrx_word' id='word_1_962' title='bbox 3330 5556 3406 5599; x_wconf 90' lang='lat' dir='ltr'><strong>est</strong></span> <span class='ocrx_word' id='word_1_963' title='bbox 3443 5550 3618 5602; x_wconf 89' lang='lat' dir='ltr'><strong>bomuu</strong></span> 
     </span>
    </p>
   </div>
   <div class='ocr_carea' id='block_1_119' title="bbox 2034 5595 3616 5705">
    <p class='ocr_par' dir='ltr' id='par_1_119' title="bbox 2034 5595 3616 5705">
     <span class='ocr_line' id='line_1_119' title="bbox 2034 5595 3616 5705; baseline 0.015 -65"><span class='ocrx_word' id='word_1_964' title='bbox 2034 5595 2435 5705; x_wconf 47' lang='lat' dir='ltr'><strong>gntnrlmnéquti</strong></span> <span class='ocrx_word' id='word_1_965' title='bbox 2479 5595 2671 5663; x_wconf 61' lang='lat' dir='ltr'><strong>legitis&quot;</strong></span> <span class='ocrx_word' id='word_1_966' title='bbox 2694 5612 2829 5654; x_wconf 68' lang='lat' dir='ltr'><strong>Num.</strong></span> <span class='ocrx_word' id='word_1_967' title='bbox 2863 5620 2968 5668; x_wconf 87' lang='lat' dir='ltr'><strong>cap.</strong></span> <span class='ocrx_word' id='word_1_968' title='bbox 3012 5609 3069 5657; x_wconf 75' lang='grc'><strong>14</strong></span> <span class='ocrx_word' id='word_1_969' title='bbox 3093 5645 3107 5669; x_wconf 90' lang='grc'><strong><em>,</em></strong></span> <span class='ocrx_word' id='word_1_970' title='bbox 3157 5595 3213 5658; x_wconf 84' lang='lat' dir='ltr'><strong>v.</strong></span> <span class='ocrx_word' id='word_1_971' title='bbox 3245 5595 3616 5671; x_wconf 52' lang='lat' dir='ltr'><strong>mféfiiélill</strong></span> 
     </span>
    </p>
   </div>
   <div class='ocr_carea' id='block_1_120' title="bbox 2094 5671 3615 5797">
    <p class='ocr_par' dir='ltr' id='par_1_120' title="bbox 2094 5671 3615 5797">
     <span class='ocr_line' id='line_1_120' title="bbox 2111 5671 2383 5706; baseline 0.022 -7"><span class='ocrx_word' id='word_1_972' title='bbox 2111 5671 2137 5702; x_wconf 69' lang='grc' dir='ltr'><strong>ι.</strong></span> <span class='ocrx_word' id='word_1_973' title='bbox 2255 5672 2282 5704; x_wconf 87' lang='grc'><strong>·.</strong></span> <span class='ocrx_word' id='word_1_974' title='bbox 2314 5671 2383 5706; x_wconf 50' lang='lat' dir='ltr'><strong>“tt.</strong></span> 
     </span>
     <span class='ocr_line' id='line_1_121' title="bbox 2094 5671 3615 5797; baseline 0.015 -35"><span class='ocrx_word' id='word_1_975' title='bbox 2360 5729 2655 5797; x_wconf 45' lang='lat' dir='ltr'><strong>Juxta&#39;txx.</strong></span> <span class='ocrx_word' id='word_1_976' title='bbox 2687 5733 2734 5797; x_wconf 41' lang='lat' dir='ltr'><strong>{tt</strong></span> <span class='ocrx_word' id='word_1_977' title='bbox 2762 5726 2874 5795; x_wconf 69' lang='lat' dir='ltr'><strong>editi</strong></span> <span class='ocrx_word' id='word_1_978' title='bbox 2903 5737 3112 5797; x_wconf 74' lang='lat' dir='ltr'><strong>excepto</strong></span> <span class='ocrx_word' id='word_1_979' title='bbox 3136 5738 3233 5781; x_wconf 76' lang='lat' dir='ltr'><strong>Rat.</strong></span> <span class='ocrx_word' id='word_1_980' title='bbox 3266 5745 3615 5797; x_wconf 63' lang='lat' dir='ltr'><strong>prosequuntur</strong></span> 
     </span>
    </p>
   </div>
   <div class='ocr_carea' id='block_1_121' title="bbox 2033 5777 3605 5860">
    <p class='ocr_par' dir='ltr' id='par_1_121' title="bbox 2033 5777 3605 5860">
     <span class='ocr_line' id='line_1_122' title="bbox 2033 5777 3605 5860; baseline 0.015 -37"><span class='ocrx_word' id='word_1_981' title='bbox 2033 5777 2079 5824; x_wconf 88' lang='lat' dir='ltr'><strong>in</strong></span> <span class='ocrx_word' id='word_1_982' title='bbox 2097 5777 2524 5860; x_wconf 43' lang='lat' dir='ltr'><strong>singulariﬁxist&#39;i,</strong></span> <span class='ocrx_word' id='word_1_983' title='bbox 2554 5777 3042 5860; x_wconf 41' lang='lat' dir='ltr'><strong>venistiyiucredulus‘</strong></span> <span class='ocrx_word' id='word_1_984' title='bbox 3067 5777 3605 5860; x_wconf 51' lang='lat' dir='ltr'><strong>persé&#39;ael-izsaf&#39;iianlll</strong></span> 
     </span>
    </p>
   </div>
   <div class='ocr_carea' id='block_1_122' title="bbox 2034 5845 2614 5899">
    <p class='ocr_par' dir='ltr' id='par_1_122' title="bbox 2034 5845 2614 5899">
     <span class='ocr_line' id='line_1_123' title="bbox 2034 5845 2614 5899; baseline 0.017 -14"><span class='ocrx_word' id='word_1_985' title='bbox 2034 5853 2129 5898; x_wconf 66' lang='lat' dir='ltr'><strong>que</strong></span> <span class='ocrx_word' id='word_1_986' title='bbox 2150 5856 2167 5899; x_wconf 66' lang='grc' dir='ltr'><strong>ι</strong></span> <span class='ocrx_word' id='word_1_987' title='bbox 2186 5845 2276 5895; x_wconf 78' lang='lat' dir='ltr'><strong>ost.</strong></span> <span class='ocrx_word' id='word_1_988' title='bbox 2302 5845 2614 5896; x_wconf 65' lang='lat' dir='ltr'><strong>cava&#39;erluteli.</strong></span> 
     </span>
    </p>
   </div>
  </div>
