4068 6360
531 265 639 323 755

534 388 645 436 erat
674 379 746 436 ibi
774 376 978 451 Moyses
993 377 1048 433 in
1075 384 1341 449 conspectu
1355 369 1919 444 Dominiquadraginta
1944 366 2118 422 diebus

530 480 576 527 et
612 470 950 543 quadraginta
991 469 1258 534 noctibus;
1298 482 1477 539 panem
1525 479 1630 519 non
1656 459 2007 524 manducauit,
2069 464 2119 512 et

533 580 718 635 aquam
746 579 846 618 non
871 562 1021 628 bibit,
1042 571 1087 617 et
1106 560 1308 631 scripsit
1328 559 1383 613 in
1404 556 1586 613 tabulis
1608 553 1757 611 verba
1782 552 2127 619 Testamenti,

531 655 706 710 decem
733 653 901 709 verba.
930 651 1065 709 Cum
1094 666 1223 722 ergo
1256 651 1310 706 in
1348 648 1536 706 Exodo
1559 647 1673 719 ipse
1709 644 1916 717 Moyses
1953 643 2009 698 in
2037 650 2119 698 ta-

528 746 667 801 bulis
694 746 877 802 decem
908 744 1067 816 Legis
1085 744 1248 799 verba
1277 740 1557 811 scripsisse
1587 745 1851 803 narretur,
1881 748 2112 807 quomo-

526 838 597 893 do
631 838 719 895 hic
748 838 800 894 in
829 837 1239 894 Deuteronomio
1259 835 1401 892 Deus
1426 834 1481 890 in
1507 832 1701 889 tabulis
1728 829 1917 889 eadem
1953 826 2115 885 verba

528 931 809 1001 scripsisse
838 927 1127 984 recolituri

599 1021 838 1091 Denique
885 1019 1014 1074 illud
1062 1016 1206 1089 quod
1236 1017 1289 1073 in
1334 1015 1556 1083 Exodo,
1600 1028 1725 1070 cum
1773 1017 2112 1067 transeunter

530 1119 901 1177 tractaremus,
947 1117 1005 1166 et
1039 1107 1167 1180 quid
1212 1107 1366 1164 nobis
1409 1106 1464 1162 in
1506 1120 1570 1162 ea
1608 1101 1905 1159 differentia
1935 1102 2113 1157 visum

530 1200 691 1257 fuerit
712 1200 902 1256 litteris
926 1199 1329 1265 mandaremus,
1363 1212 1461 1254 cur
1492 1195 1702 1269 priores
1726 1194 1917 1250 tabulae
1936 1233 1955 1260 ,
1996 1206 2117 1263 quas

527 1293 773 1348 contrita:
788 1299 932 1356 sunt,
956 1290 1122 1362 digito
1146 1291 1240 1347 Dei
1262 1289 1474 1360 scriptae
1492 1288 1822 1354 referantur;
1851 1284 2115 1342 secundas

522 1394 703 1440 autem
726 1384 924 1439 tamdiu
954 1384 1008 1439 in
1035 1398 1158 1439 arca
1192 1380 1645 1451 tabernaculaque
1668 1391 1970 1446 mansuras,
1996 1376 2112 1446 ipse

521 1474 733 1547 Moyses
754 1476 1033 1543 scripsisse
1058 1474 1304 1529 dicatur:
1340 1472 1413 1528 ita
1450 1486 1549 1542 per
1571 1469 1710 1525 hanc
1751 1467 2108 1523 dill'erentiam

521 1570 630 1623 duo
657 1569 1002 1625 Testamenta
1026 1568 1322 1639 signiﬁcata
1351 1581 1472 1622 esse
1490 1564 1745 1631 diximus,
1772 1570 1830 1618 ut
1852 1562 1904 1616 in
1927 1559 2111 1616 Veteri

521 1659 869 1716 Testamento
893 1660 1003 1717 Lex
1036 1657 1507 1715 commendaretur
1541 1664 1793 1726 tanquam
1815 1668 1950 1721 opus
1977 1651 2108 1718 Dei,

520 1751 610 1806 ubi
635 1751 796 1806 homo
813 1750 945 1805 nihil
970 1749 1176 1816 fecerit,
1201 1763 1269 1805 eo
1288 1746 1429 1820 quod
1451 1746 1561 1803 Lex
1589 1745 1781 1800 timore
1797 1759 1901 1798 non
1926 1752 2111 1813 posset

524 1841 736 1911 impleri
770 1859 783 1895 :
811 1840 1061 1912 quoniam
1091 1854 1212 1896 cum
1242 1851 1370 1895 vere
1398 1836 1456 1892 lit
1479 1850 1615 1907 opus
1643 1834 1775 1905 legis
1798 1874 1813 1899 ,
1846 1831 2109 1888 charitate

524 1929 603 1997 ﬁt,
641 1946 744 1986 non
776 1931 1007 1996 timore;
1050 1944 1169 1999 quae
1201 1926 1435 1984 eharitas
1467 1925 1635 1996 gratia
1670 1933 1754 1979 est
1776 1921 2108 1979 Testamenti

520 2022 674 2078 Novi.
705 2022 831 2078 ldco
854 2023 906 2076 in
936 2020 1185 2076 secundis
1212 2018 1403 2074 tabulis
1431 2016 1590 2072 homo
1608 2016 1802 2087 legitur
1826 2014 2109 2084 scripsisse

521 2112 686 2168 verba
724 2112 851 2179 Dei,
895 2111 1017 2183 quia
1047 2112 1208 2165 homo
1238 2115 1411 2180 potest
1447 2107 1623 2163 facere
1650 2119 1787 2176 opus
1818 2104 1976 2176 Legis
2011 2118 2111 2174 per

520 2204 834 2260 eharitatcm
888 2202 1141 2273 justitiae,
1188 2200 1330 2272 quod
1372 2215 1477 2255 non
1525 2206 1700 2269 potest
1736 2213 1833 2269 per
1860 2198 2106 2254 timorem

519 2312 691 2368 paenae
719 2295 856 2368 (Lib.
888 2295 1231 2363 anstionum
1253 2294 1308 2347 in
1340 2292 1535 2359 Exod,
1567 2300 1746 2362 quaest.
1776 2289 1923 2362 166).

588 2386 741 2443 Nunc
764 2402 893 2457 ergo
912 2400 1034 2442 eum
1060 2385 1254 2456 legitur
1294 2384 1347 2439 in
1380 2383 1793 2439 Deuteronomio
1818 2382 1886 2438 de
1914 2397 2109 2438 secun-

519 2479 603 2534 dis
623 2479 818 2534 tabulis
844 2479 917 2533 ita
942 2478 1140 2533 dictum
1165 2518 1180 2542 ,
1210 2474 1277 2530 Et
1302 2474 1465 2530 excidi
1491 2474 1621 2529 duas
1648 2472 1847 2529 tabulas
1876 2473 2106 2545 lapideas

518 2573 646 2628 sicut
676 2572 897 2643 priores,
939 2578 987 2625 et
1022 2568 1226 2624 ascendi
1250 2569 1303 2621 in
1332 2573 1572 2628 montem,
1612 2574 1659 2618 et
1696 2564 1812 2620 date
1843 2563 2027 2619 tabula:
2051 2565 2104 2619 in

519 2665 713 2719 duabus
740 2661 968 2716 manibus
1008 2661 1152 2715 meis.
1184 2657 1252 2713 Et
1291 2657 1492 2728 scripsit
1530 2656 1584 2711 in
1608 2654 1791 2710 tabulis
1826 2659 2104 2710 secundum

519 2755 825 2823 scripturam
856 2754 1071 2822 priorem
1101 2752 1269 2806 decem
1295 2749 1443 2805 verba
1472 2766 1491 2805 :
1529 2764 1635 2805 non
1685 2750 1829 2805 enim
1878 2748 1989 2817 ait,
2038 2749 2102 2805 Et

519 2847 741 2918 scripsi;
768 2845 885 2913 sed,
906 2845 1107 2916 scripsit
1126 2886 1140 2907 ,
1165 2843 1267 2898 hoc
1295 2851 1397 2910 est,
1424 2842 1590 2906 Deus;
1622 2843 1765 2896 sicut
1788 2841 1943 2911 paulo
1971 2850 2098 2898 ante

516 2940 728 2996 dixerat
752 2938 915 2994 verba
951 2936 1044 2992 Dei
1070 2936 1168 2991 sibi
1200 2936 1373 3001 dicta,
1408 2932 1605 2989 Excids
1639 2933 1730 2988 tibi
1751 2933 1881 2987 duas
1905 2933 2103 2989 tabulas

519 3031 745 3105 lapideas
791 3026 1212 3102 quemadmodum
1240 3027 1433 3098 priores
1454 3065 1470 3092 ,
1520 3034 1567 3080 et
1593 3025 1808 3080 ascende
1843 3023 1912 3079 ad
1947 3040 2025 3078 me
2046 3024 2100 3081 in

514 3133 736 3180 montem
753 3141 771 3189 ;
791 3132 837 3177 et
853 3122 1006 3194 facies
1030 3120 1117 3175 tibi
1144 3135 1316 3173 arcam
1341 3118 1559 3191 ligneam
1585 3130 1608 3174 :
1629 3126 1676 3173 et
1700 3117 1917 3171 scribam
1940 3116 1996 3171 in
2022 3125 2100 3170 ta-

518 3217 650 3274 bulis
687 3216 833 3271 verba
852 3228 965 3286 qua
986 3223 1129 3268 erant
1151 3212 1205 3266 in
1230 3209 1415 3265 tabulis
1442 3209 1694 3280 prioribus
1721 3223 1741 3264 :
1764 3206 2097 3264 discutienda

515 3308 754 3364 nascitur
781 3305 1038 3376 qumstio,
1085 3301 1228 3374 quod
1262 3310 1518 3372 utrasque
1554 3299 1797 3366 tabulas,
1841 3297 1896 3354 id
1928 3307 2013 3355 est
2045 3307 2099 3354 et

517 3401 726 3470 priores
754 3407 809 3454 et
831 3395 1125 3462 secundas,
1150 3395 1290 3451 Deus
1312 3393 1400 3450 hic
1426 3393 1617 3463 legitur
1646 3394 1959 3462 scripsisse,
1988 3408 2095 3448 non

516 3492 698 3548 homo.
726 3489 831 3548 Sed
859 3490 904 3546 si
933 3490 985 3545 in
1014 3488 1132 3560 ipso
1156 3501 1366 3559 quoque
1395 3484 1582 3541 Exodo
1601 3484 1762 3540 verba
1791 3485 1884 3540 Dei
1910 3484 2094 3555 legan-

514 3591 622 3651 tur,
669 3582 759 3637 ubi
807 3579 960 3651 jubet
994 3578 1212 3635 easdem
1267 3576 1473 3633 tabulas
1523 3574 1788 3631 secundas
1838 3575 2012 3630 excidi
2064 3590 2093 3630 a

514 3677 730 3749 Moyse,
769 3673 902 3730 nihil
934 3672 1077 3728 aliud
1116 3671 1403 3735 invenitur,
1438 3684 1597 3740 quam
1637 3670 1807 3739 ipsum
1840 3668 2007 3724 Deum
2035 3682 2097 3725 se

514 3783 590 3823 ea.
608 3767 731 3822 dem
755 3764 1064 3836 promisisse
1087 3762 1426 3831 scripturum.
1453 3760 1584 3815 Nam
1611 3760 1679 3814 ita
1707 3760 1962 3830 scriptum
1977 3767 2093 3814 est:

514 3857 585 3913 Et
608 3856 733 3911 dixit
760 3855 1007 3909 Dominus
1035 3854 1102 3907 ad
1133 3850 1375 3923 Moysen,
1405 3850 1600 3906 Excide
1621 3849 1709 3904 tibi
1738 3849 1866 3903 duas
1899 3848 2097 3905 tabulas

516 3948 743 4020 lapideas
766 3946 892 4001 sicut
921 3954 967 3999 et
991 3944 1182 4017 priores
1206 3983 1222 4008 ,
1247 3950 1294 3996 et
1313 3942 1527 3996 ascende
1553 3941 1622 3994 ad
1645 3956 1724 3994 me
1749 3940 1805 3994 in
1829 3948 2046 3994 montem
2074 3954 2095 3994 :

512 4048 561 4093 et
580 4037 796 4092 scribam
816 4036 868 4090 in
890 4034 1071 4090 tabulis
1087 4034 1235 4088 verba
1252 4048 1365 4104 quae
1387 4040 1530 4087 erant
1551 4032 1604 4085 in
1625 4030 1807 4085 tabulis
1822 4030 2093 4101 prioribus,

510 4145 636 4200 quas
666 4138 719 4183 tu
746 4126 1038 4183 contrivisti.
1059 4123 1490 4195 Exceptoitaque
1515 4122 1651 4180 libro
1670 4119 2092 4184 Deuteronomii,

510 4223 861 4292 qumstionem
893 4221 1048 4274 istam
1075 4219 1233 4275 etiam
1260 4218 1407 4273 solus
1446 4215 1582 4271 liber
1627 4215 1797 4270 Exodi
1823 4215 2093 4282 continet,

508 4312 777 4384 quomodo
794 4311 987 4366 dixerit
1009 4309 1146 4366 Deus
1159 4350 1175 4378 ,
1221 4306 1288 4363 Et
1305 4307 1522 4364 scribam
1546 4308 1599 4361 in
1620 4307 1802 4362 tabulis
1816 4306 1964 4362 verba
1981 4292 2096 4377 qua!

511 4413 655 4459 erant
697 4405 750 4458 in
794 4402 974 4457 tabulis
1013 4399 1292 4473 prioribus;
1331 4414 1453 4455 cum
1501 4398 1657 4468 paulo
1695 4407 1813 4468 post
1853 4397 2092 4469 legatur,

516 4494 695 4551 Scribe
726 4494 813 4548 tibi
832 4492 981 4548 verba
997 4492 1105 4547 limo
1124 4506 1145 4559 ,'
1164 4492 1345 4546 etenim
1367 4491 1421 4545 in
1448 4488 1608 4545 verbis
1632 4488 1711 4542 Itis
1739 4490 1884 4560 posui
1911 4487 2094 4543 Testa-

514 4596 739 4640 mentum
763 4584 850 4639 tibi
878 4593 924 4640 et
955 4582 1141 4639 Israel.
1174 4581 1243 4637 Et
1270 4590 1377 4638 erat
1411 4580 1480 4636 ibi
1501 4579 1706 4652 Moyses
1743 4580 1795 4634 in
1824 4590 2093 4652 conspectu

460 4684 465 4687 ’
508 4677 718 4732 Domini
760 4675 1101 4748 quadraginta
1150 4673 1323 4728 diebus
1363 4682 1410 4727 et
1449 4672 1788 4744 quadraginta
1829 4671 2093 4737 noctibus;

510 4786 693 4843 panem
719 4786 820 4823 non
853 4767 1173 4822 manducauit
1192 4807 1207 4832 ,
1238 4776 1287 4821 et
1305 4782 1491 4838 aquam
1517 4782 1617 4820 non
1637 4764 1797 4832 bibit,
1824 4773 1871 4820 et
1892 4765 2093 4836 scripsit

507 4866 561 4916 in
588 4860 768 4915 tabulis
794 4858 941 4914 verba
964 4857 1300 4922 Testamenti,
1328 4857 1497 4912 decem
1523 4857 1693 4911 verba.
1729 4856 1789 4912 Si
1828 4857 1969 4911 enim
1998 4871 2092 4912 su-

510 4955 687 5023 perius
715 4951 856 5023 quod
885 4952 1085 5008 dictum
1109 4958 1212 5016 est,
1244 4950 1422 5007 Scribe
1438 4949 1528 5004 tibi
1552 4948 1702 5003 verba
1726 4949 1867 5017 lucc;
1905 4950 2091 5005 etenim

506 5049 560 5103 in
584 5046 746 5101 verbis
768 5045 845 5098 Itis
867 5044 1014 5116 posui
1046 5042 1417 5099 Testamentum
1440 5042 1528 5097 tibi
1555 5052 1603 5097 et
1630 5040 1814 5108 Israel,
1838 5041 1905 5096 ad
1932 5055 2093 5111 supe-

508 5140 651 5194 riora
681 5138 945 5209 pertinet,
989 5151 1109 5207 quze
1139 5136 1281 5191 Deus
1302 5136 1372 5189 ita
1398 5132 1771 5205 praecipiebat,
1817 5141 1876 5187 ut
1900 5147 2004 5188 non
2035 5133 2089 5188 in

514 5230 713 5286 duabus
738 5228 959 5299 lapideis
992 5226 1183 5283 tabulis
1217 5227 1601 5292 scriberentur,
1619 5222 1716 5279 sed
1755 5224 1808 5279 in
1835 5223 1926 5280 illo
1953 5223 2090 5281 libro

507 5319 686 5392 Legis,
709 5320 797 5375 ubi
816 5320 978 5375 multa
1006 5319 1308 5389 conscripta
1337 5326 1494 5385 sunt;
1522 5326 1670 5375 certe
1697 5314 1823 5371 illud
1841 5316 1984 5388 quod
2003 5332 2091 5375 se-

506 5412 718 5480 quitur,
754 5410 820 5465 Et
845 5421 953 5465 erat
978 5410 1046 5465 ibi
1083 5408 1284 5482 Moyses
1321 5409 1375 5465 in
1401 5418 1672 5479 conspectu
1713 5406 1922 5463 Domini
1956 5425 2089 5481 qua-

509 5502 744 5572 draginta
776 5500 952 5556 diebus
994 5509 1043 5555 et
1081 5500 1418 5574 quadraginta
1449 5499 1719 5567 noctibus;
1762 5515 1945 5572 panem
1986 5516 2088 5556 non

510 5591 861 5659 manducauit,
897 5601 945 5647 et
985 5608 1169 5663 aquam
1207 5607 1307 5648 non
1338 5591 1496 5659 bibit,
1539 5600 1585 5647 et
1608 5591 1880 5671 scripsitin
1903 5590 2089 5648 tabulis

510 5683 655 5740 mbo
695 5685 1019 5752 't'estamenti,
1058 5685 1230 5742 decem
1254 5684 1404 5741 verba
1448 5680 1645 5757 (Exod.
1679 5698 1868 5755 xxxiv,
1900 5683 1965 5753 1,
1989 5681 2082 5755 27,

1329 255 1792 329 QUESTIONUM
1829 254 1888 311 S.
1931 250 2295 309 AUGUSTINI
2334 253 2399 309 IN
2440 255 2996 315 HEPTATEUCIIUM

2221 367 2341 441 28),
2374 371 2505 428 satis
2523 371 2827 430 manifestat
2848 372 3094 430 eumdem
3132 372 3347 449 Moysen
3387 377 3439 436 in
3471 381 3647 441 tabulis
3671 386 3774 448 lucc

2222 461 2409 518 decem
2437 464 2599 520 verba
2626 463 2926 536 scripsisse,
2955 480 3061 522 non
3090 466 3277 522 Deum.
3299 467 3408 525 Nisi
3428 470 3561 531 forte
3582 476 3775 535 violen-

2222 560 2305 609 ter
2330 553 2573 625 quidem,
2614 557 2708 612 scd
2749 567 2894 613 certa
2935 559 3254 615 necessitate
3289 565 3670 635 compellimur,
3694 572 3776 630 ubi

2222 644 2421 702 dictum
2451 656 2533 705 est
2557 690 2571 713 ,
2603 648 2671 704 Et
2688 650 2890 721 scripsit
2908 650 2960 705 in
2978 649 3160 708 tabulis
3180 650 3327 707 verba
3352 652 3646 714 Testamcnti
3663 704 3679 729 ,
3699 664 3779 719 de-

2221 753 2330 792 cem
2374 739 2522 793 uerba
2543 780 2559 806 ,
2613 756 2718 797 non
2746 741 2963 814 Moysen
2994 743 3311 809 subaudire,
3355 747 3447 803 sed
3481 749 3775 823 Dominum;

2220 842 2380 900 supra
2401 830 2543 886 enim
2568 832 2798 903 positum
2819 843 2920 901 est,
2941 834 3008 889 Et
3028 843 3134 890 erat
3152 837 3220 890 ibi
3247 836 3446 910 Moyses
3458 840 3509 895 in
3530 856 3777 916 conspectu

2225 920 2473 977 Domini:
2498 931 2555 978 ut
2582 939 2612 978 a
2641 923 2900 994 Domino,
2932 925 2987 981 in
3022 926 3175 998 cujus
3203 937 3490 1000 conspectu
3515 942 3627 990 erat
3642 935 3780 1010 Moy-

2220 1025 2328 1077 ses,
2346 1012 2694 1085 quadraginta
2717 1014 2904 1072 diebus
2918 1025 2972 1072 et
2984 1017 3330 1089 quadraginta
3352 1022 3590 1080 noctibus
3607 1040 3781 1095 panem

2219 1117 2327 1160 non
2355 1105 2700 1174 manducans,
2729 1115 2783 1162 et
2806 1121 2997 1178 aquam
3039 1124 3146 1165 non
3175 1109 3394 1179 bibens,
3421 1115 3612 1186 scripta
3635 1117 3784 1175 intel-

2220 1196 2449 1268 ligantur
2473 1196 2587 1255 btec
2610 1199 2797 1256 decem
2823 1200 2986 1257 verba
3009 1200 3066 1259 in
3095 1202 3316 1273 tabulis,
3345 1204 3485 1262 sicut
3523 1217 3643 1266 ante
3667 1225 3780 1281 pro~

2216 1289 2455 1345 miserat.

2290 1380 2442 1448 Quod
2468 1383 2514 1437 si
2539 1380 2611 1437 ita
2636 1391 2741 1448 est,
2766 1397 2874 1440 non
2893 1382 3108 1456 quidem
3138 1384 3227 1441 illa
3250 1384 3548 1444 differentia
3572 1388 3783 1448 duorum

2217 1470 2685 1529 Testamentorum
2710 1515 2725 1541 ,
2757 1488 2877 1546 quas
2903 1474 3061 1532 nobis
3084 1476 3198 1533 visa
3228 1486 3345 1542 est,
3392 1476 3447 1533 in
3496 1478 3578 1534 his
3621 1482 3787 1539 verbis

2217 1562 2582 1618 commendari
2611 1573 2824 1635 potest,
2860 1564 3075 1635 quando
3111 1575 3165 1622 et
3203 1567 3414 1638 priores
3457 1578 3511 1625 et
3544 1570 3788 1627 secundas

2219 1654 2430 1714 tabulas
2454 1654 2689 1725 scripsit,
2720 1671 2826 1711 non
2851 1655 3033 1723 homo,
3063 1655 3159 1713 sed
3185 1657 3327 1714 Deus
3378 1676 3393 1714 :
3439 1669 3788 1717 verumtamen

2215 1746 2305 1802 illa
2346 1755 2494 1804 certe
2520 1747 2773 1804 distantia
2800 1762 2931 1804 .non
2976 1747 3138 1805 habet
3182 1748 3571 1806 dubitationem
3595 1793 3611 1818 ,
3656 1751 3789 1824 quod

2212 1838 2420 1910 priores
2468 1838 2676 1895 tabulas
2701 1848 2756 1896 et
2788 1839 2927 1897 Deus
2971 1840 3124 1909 fecit,
3167 1849 3221 1897 et
3254 1840 3398 1898 Deus
3427 1842 3654 1913 scripsit.
3682 1843 3790 1901 Non

2216 1928 2359 1983 enim
2396 1935 2522 1984 tunc
2540 1928 2742 1985 dictum
2766 1937 2850 1987 est
2872 1929 2941 1986 ad
2965 1929 3205 2004 Moysen,
3236 1928 3439 1988 Excide
3456 1932 3546 1987 tibi
3570 1933 3694 1989 duas
3715 1943 3789 1988 ta-

2213 2018 2398 2075 bulas:
2420 2019 2516 2076 sed
2538 2020 2612 2076 ita
2629 2021 2808 2093 polius
2823 2021 3034 2099 legitur,
3064 2019 3134 2079 Et
3169 2038 3443 2080 conum-sus
3473 2023 3674 2097 Moyses
3709 2025 3791 2081 de-

2211 2110 2405 2166 scendit
2427 2110 2492 2167 de
2522 2122 2709 2180 monte,
2742 2122 2793 2169 et
2817 2114 2936 2170 duas
2966 2114 3152 2171 tabula:
3171 2116 3451 2173 testimonii
3477 2118 3531 2173 in
3568 2119 3786 2174 manibus

2210 2202 2321 2273 ejus
2339 2217 2359 2256 :
2380 2202 2566 2259 tabula
2591 2202 2807 2276 lapidea:
2838 2205 3044 2277 scriptas
3067 2222 3133 2262 ea:
3150 2215 3368 2279 utraque
3398 2217 3563 2281 parte,
3586 2208 3698 2264 hinc
3721 2218 3796 2267 at-

2211 2309 2309 2367 que
2332 2293 2451 2348 hinc
2479 2305 2624 2351 erant
2654 2297 2899 2370 scripta;
2941 2306 2991 2353 et
3032 2298 3220 2355 tabula
3252 2315 3391 2372 opus
3417 2299 3518 2357 Dei
3552 2311 3718 2370 eram,
3754 2309 3798 2358 et

2211 2386 2464 2458 scriptura
2512 2388 2763 2460 scriptura
2807 2386 2908 2445 Dei
2967 2397 3045 2445 est
3100 2389 3303 2463 sculpta
3347 2391 3407 2448 in
3453 2392 3635 2448 tabulis
3674 2390 3799 2467 (Id.

2213 2493 2386 2547 xxxu,
2416 2480 2504 2544 i5,
2531 2480 2641 2552 16).
2672 2478 2790 2536 Jam
2815 2481 2957 2537 enim
2984 2483 3229 2552 superius
3255 2482 3480 2540 dixerat
3500 2484 3710 2542 easdem
3731 2494 3803 2542 ta.

2212 2568 2365 2625 bulas
2391 2571 2618 2641 scriptas
2644 2570 2811 2643 digito
2836 2571 2950 2638 Dei,
2973 2573 3052 2628 sic
3066 2572 3289 2644 loquens
3311 2590 3329 2630 :
3368 2572 3442 2630 Et
3464 2574 3604 2631 dedit
3623 2572 3799 2647 Moysi,

2210 2662 2383 2715 statim
2402 2669 2460 2715 ut
2489 2662 2697 2717 cessavit
2717 2663 2853 2733 loqui
2870 2663 2941 2717 ad
2963 2679 3105 2731 eum,
3132 2663 3186 2718 in
3211 2673 3397 2721 monte
3415 2663 3550 2721 Sina
3583 2664 3707 2720 duas
3730 2673 3805 2718 ta-

2215 2750 2361 2807 bulas
2382 2754 2673 2820 testimonii,
2689 2752 2885 2809 tabulas
2908 2753 3136 2826 lapideas
3150 2756 3383 2825 scriptas
3398 2756 3559 2828 digito
3586 2754 3676 2811 Dei
3698 2754 3802 2828 (id.

2206 2858 2361 2911 xxxi,
2388 2843 2499 2915 18).
2517 2843 2592 2900 lbi
2612 2860 2741 2917 ergo
2768 2854 2823 2900 et
2851 2844 3045 2901 tabula:
3070 2860 3204 2917 opus
3236 2847 3345 2905 Dei
3367 2857 3562 2916 erant,
3594 2858 3649 2905 et
3675 2850 3804 2904 scri-

2210 2944 2364 3007 ptura
2391 2952 2575 2993 earum
2604 2937 2771 3009 digito
2795 2937 2893 2994 Dei
2913 2937 3070 2995 facta.
3090 2940 3380 2998 Secundas
3401 2950 3583 2998 autem
3611 2942 3805 2999 tabulas

2206 3027 2321 3097 ipse
2339 3028 2549 3101 Moyses
2568 3028 2786 3101 jubetur
2804 3031 3083 3099 excidere;
3107 3040 3167 3088 ut
3181 3032 3312 3102 ipsa
3351 3043 3505 3091 certe
3532 3050 3691 3106 opere
3713 3036 3806 3090 bu-

2208 3134 2370 3176 mano
2419 3120 2784 3191 intelligantur
2822 3123 3054 3190 excisae,
3105 3125 3363 3194 quamvis
3394 3141 3492 3183 eas
3532 3126 3673 3183 Deus
3700 3126 3805 3197 ipse

2211 3211 2524 3283 scripserit,
2569 3214 2708 3269 sicut
2747 3215 2992 3285 promisit
3018 3231 3139 3272 cum
3162 3216 3397 3288 jubet-et
3423 3219 3622 3276 excidi.
3648 3218 3807 3275 Porro

2202 3313 2381 3360 autem
2410 3304 2457 3360 si
2496 3304 2801 3377 diligentius
2826 3308 3196 3376 attendamus,
3237 3308 3377 3367 ideo
3410 3320 3696 3383 utrumque
3731 3310 3806 3368 di-

2202 3403 2347 3451 ctum
2367 3396 2566 3453 essein
2595 3398 2844 3455 secundis
2871 3399 3086 3467 tabulis,
3113 3400 3239 3471 quia
3281 3411 3350 3458 et
3382 3403 3532 3460 Deus
3566 3402 3693 3460 facit
3716 3418 3807 3473 per

2204 3488 2432 3558 gratiam
2460 3503 2613 3545 suam
2638 3504 2774 3559 opus
2797 3489 2955 3560 Legis
2979 3490 3034 3544 in
3063 3490 3315 3560 homine,
3347 3502 3406 3550 et
3427 3493 3594 3549 homo
3623 3509 3717 3567 per
3739 3493 3799 3547 ῆς

2207 3578 2332 3635 dem
2359 3594 2510 3635 suam
2535 3582 2832 3654 suscipiens
2854 3582 3080 3653 gratiam
3115 3582 3248 3651 Dei,
3297 3586 3588 3655 pertinens
3611 3585 3678 3642 ad
3702 3584 3802 3641 'l‘e-

2203 3679 2527 3729 stamentum
2548 3672 2776 3741 Novum,
2793 3683 3109 3747 cooperator
3124 3683 3207 3731 est
3219 3676 3535 3747 adjuvantis
3557 3680 3649 3734 Dei
3667 3677 3803 3751 (ideo

2202 3771 2380 3819 autem
2405 3764 2457 3818 in
2487 3764 2672 3834 primis
2698 3766 2872 3822 solum
2892 3781 3027 3837 opus
3050 3767 3145 3823 Dei
3173 3780 3669 3840 commemoratur,
3689 3770 3804 3841 quia

2203 3855 2313 3913 Lex
2342 3857 2636 3928 spiritualis
2660 3866 2767 3926 est,
2788 3866 2843 3914 et
2871 3858 2981 3915 Lex
3008 3869 3209 3927 sancta,
3239 3870 3298 3917 et
3321 3863 3647 3919 mandatum
3688 3878 3805 3919 san-

2201 3956 2347 4003 ctum
2370 3956 2425 4004 et
2446 3948 2647 4019 justum
2676 3958 2732 4005 et
2750 3950 2949 4006 bonum
2976 3949 3150 4023 [Rom.
3198 3966 3306 4019 vn,
3341 3952 3442 4028 12]
3479 3974 3495 4009 :
3535 3954 3663 4011 ideo
3686 3968 3809 4009 vero

2202 4040 2404 4095 nullum
2422 4055 2558 4110 opus
2583 4039 2818 4097 hominis
2847 4040 2921 4097 ibi
2951 4052 3439 4112 commemoratur,
3465 4046 3594 4116 quia
3626 4044 3808 4099 inﬁde-

2201 4130 2280 4187 les
2304 4147 2410 4186 non
2446 4140 2918 4202 eontemperantur
2946 4133 3217 4203 adjutorio
3244 4136 3446 4206 gratia:
3469 4179 3486 4203 ,
3534 4136 3636 4193 sed
3662 4138 3812 4208 igno-

2203 4234 2383 4280 rantes
2401 4224 2492 4280 Dei
2515 4224 2777 4296 justitiam
2805 4234 2860 4280 et
2884 4240 3035 4281 suam
3066 4226 3314 4283 volentes
3358 4230 3707 4285 constituere
3724 4229 3810 4298 ju-

2145 4364 2151 4369 .
2199 4314 2358 4369 stitia:
2387 4314 2482 4370 Dei
2512 4329 2617 4369 non
2644 4323 2771 4370 sunt
2789 4314 3015 4385 subjecti
3043 4313 3152 4389 (Id.
3177 4332 3238 4382 x,
3256 4315 3355 4391 5];
3387 4318 3545 4377 unde
3574 4320 3682 4375 illis
3707 4318 3811 4375 Lex

2199 4406 2265 4461 ad
2293 4406 2789 4463 condemnationem
2818 4406 2995 4473 valet,
3050 4408 3191 4478 quod
3231 4408 3519 4480 significat
3566 4411 3815 4467 contritio

2199 4497 2558 4568 tabularum);
2592 4496 2830 4567 profecto
2853 4512 2957 4553 non
2987 4498 3230 4569 cogimur
3254 4501 3514 4560 violento
3542 4502 3815 4560 intellectu

2197 4588 2489 4644 subaudire
2507 4588 2649 4659 quod
2679 4589 2819 4644 Deus
2842 4589 3151 4661 scripserit,
3188 4591 3276 4647 ubi
3313 4591 3621 4665 Scriptura
3651 4592 3808 4657 dicit,

2196 4679 2266 4736 Et
2288 4689 2397 4736 erat
2436 4680 2508 4735 ibi
2558 4679 2762 4751 Moyses
2795 4681 2851 4735 in
2895 4690 3165 4753 conspectu
3203 4680 3430 4738 Domini
3471 4684 3817 4756 quadraginta

2197 4772 2374 4828 diebus
2394 4781 2441 4827 et
2463 4770 2803 4843 quadraginta
2821 4772 3081 4838 noctibus;
3120 4789 3305 4843 panem
3334 4792 3449 4831 non
3486 4775 3819 4831 manducauit

2195 4872 2243 4919 et
2265 4878 2448 4935 aquam
2472 4878 2573 4917 non
2610 4862 2761 4927 bibit,
2803 4870 2851 4918 et
2885 4864 3087 4930 scripsit
3112 4863 3167 4918 in
3195 4863 3396 4920 tabulis
3436 4867 3601 4922 verba
3634 4864 3817 4922 Testa-

2195 4954 2390 5008 menti:
2418 4953 2508 5009 ubi
2534 4952 2688 5008 valde
2716 4961 2873 5008 sonat
2906 4950 3189 5023 scripsisse
3226 4954 3495 5027 Moysen.
3547 4956 3659 5013 Sed
3702 4955 3820 5011 ideo

2195 5044 2443 5115 superius
2470 5043 2611 5100 Deus
2637 5058 2698 5100 se
2719 5044 2963 5115 promisit
2985 5045 3307 5116 scripturum
3329 5085 3351 5113 ,
3385 5056 3447 5105 et
3473 5048 3531 5104 in
3556 5048 3822 5105 Deutero-
3862 5044 3869 5051 ”

2194 5136 2375 5191 nomio
2402 5151 2505 5191 non
2544 5135 2715 5191 solum
2746 5135 2817 5189 ita
2857 5137 3189 5205 promisisse,
3241 5151 3454 5193 verum
3498 5142 3673 5195 etiam
3710 5138 3822 5208 ipse

2194 5227 2473 5298 scripsisse
2499 5236 2765 5292 narratur,
2791 5234 2849 5281 ut
2863 5224 3189 5298 signiﬁcetur
3204 5228 3358 5298 quod
3382 5230 3468 5286 ait
3496 5229 3821 5302 Apostolus,

2193 5314 2333 5373 Deus
2354 5317 2487 5372 enim
2509 5325 2582 5371 est
2613 5315 2701 5388 qui
2717 5325 2959 5387 operatur
2984 5316 3038 5372 in
3057 5316 3193 5371 nobis
3211 5326 3258 5370 et
3282 5318 3428 5375 uelle
3444 5361 3462 5387 ,
3493 5330 3547 5375 et
3573 5320 3784 5391 aperari
3804 5358 3821 5383 ,

2194 5424 2288 5480 pro
2307 5407 2436 5463 bona
2450 5407 2708 5464 voluntate
2730 5421 2753 5463 :
2781 5406 2884 5462 hoc
2905 5416 3007 5474 est,
3036 5406 3088 5461 in
3115 5407 3195 5463 eis
3214 5406 3312 5477 qui
3339 5422 3419 5465 ex
3450 5409 3569 5467 lide
3588 5409 3823 5483 gratiam

2192 5500 2507 5571 suscipiunt,
2536 5507 2591 5555 et
2606 5513 2713 5555 non
2734 5513 2885 5556 suam
2900 5498 3160 5570 justitiam
3177 5498 3377 5556 volunt
3400 5510 3661 5561 statuere
3676 5544 3696 5573 ,
3726 5501 3824 5557 sed

2187 5589 2406 5662 justitia:
2432 5590 2524 5646 Dei
2544 5588 2765 5661 subjecti
2787 5597 2930 5658 sunt,
2955 5599 3011 5645 ut
3030 5590 3129 5661 ipsi
3152 5590 3257 5646 sint
3272 5590 3335 5645 in
3353 5589 3599 5651 Christo
3612 5590 3821 5666 justiti:

2166 5682 2308 5750 ,Dei.
2337 5679 2468 5737 Nam
2497 5690 2551 5738 et
2571 5680 2677 5739 illic
2700 5680 2985 5753 Apostolus
3005 5689 3287 5753 utrumque
3316 5680 3500 5755 dicit,
3541 5694 3606 5743 et
3645 5685 3820 5742 Deum
