4136 6468
381 361 489 417 ἰδῖ

380 473 626 546 operari,
653 480 711 530 et
739 472 905 543 ipsos.
936 469 1068 527 Nam
1096 470 1144 526 si
1170 469 1269 541 ipsi
1295 484 1401 524 non
1430 468 1806 539 operabantur,
1832 482 1969 539 quo-

382 564 544 621 modo
571 564 651 620 eis
677 562 915 629 dicebat,
949 560 1076 617 Cum
1095 562 1272 617 timore
1289 570 1337 617 et
1356 570 1568 617 tremore
1587 570 1801 615 vestram
1824 559 1965 630 ipso-

381 675 494 713 rum
520 658 733 714 salutent
758 656 1040 729 operamini
1063 654 1323 727 (Philipp.
1349 670 1408 720 ιι,
1437 655 1524 719 15,
1553 653 1677 726 l2)?
1704 653 1969 725 Operatur

381 766 511 822 ergo
536 751 657 817 ille,
683 763 1035 821 coaperamur
1060 762 1159 804 nos
1187 763 1202 803 :
1234 763 1341 803 non
1360 745 1502 803 enim
1521 747 1725 815 aufert,
1747 745 1844 803 sed
1862 744 1963 801 ad-

380 842 535 913 juvat
563 840 719 897 bona:
743 840 1033 897 voluntatis
1059 840 1358 894 arbitrium.

453 933 591 989 XVI.
616 932 715 1006 [Ib.
743 931 867 997 x,8,
892 929 973 1005 9.]
998 930 1066 985 In
1089 932 1180 985 illo
1208 940 1433 1015 tempore
1460 929 1689 986 distinxit
1714 929 1964 985 Dominus

381 1025 563 1079 tribum
578 1023 718 1087 Levi,
750 1032 952 1095 portare
987 1038 1158 1077 arcam
1184 1022 1464 1076 testamenti
1482 1020 1706 1087 Domini,
1733 1023 1966 1076 assistere

379 1133 552 1172 coram
574 1116 813 1181 Domino,
841 1116 1146 1181 ministrare,
1169 1125 1215 1169 et
1232 1130 1379 1169 orare
1396 1115 1448 1169 in
1470 1116 1671 1169 nomine
1684 1115 1793 1186 ejus
1813 1129 1968 1186 usque

381 1208 434 1262 in
455 1208 587 1263 hunc
611 1208 763 1263 diem.
794 1205 1015 1277 Propter
1053 1209 1147 1261 hoc
1169 1223 1269 1261 non
1296 1216 1369 1261 est
1394 1204 1579 1260 Levitis
1621 1222 1741 1276 pars
1775 1215 1823 1260 et
1854 1221 1965 1261 sors

380 1314 495 1352 eum
520 1297 760 1370 fratribus
789 1297 932 1361 suis;
977 1296 1223 1351 Dominus
1257 1296 1367 1366 ipse
1394 1312 1512 1366 pars
1548 1298 1659 1367 ejus
1695 1304 1796 1361 est,
1834 1296 1964 1350 sicut

381 1389 511 1443 dixit
536 1390 604 1443 ei.
633 1389 744 1444 Nisi
766 1403 861 1458 per
880 1389 1016 1444 hanc
1035 1388 1228 1443 tribum
1253 1387 1640 1457 signiﬁcaretur
1657 1387 1963 1443 universum

379 1481 560 1553 regale
587 1481 941 1538 sacerdotium
962 1523 977 1547 ,
1018 1480 1158 1551 quod
1184 1481 1255 1535 ad
1284 1480 1490 1535 Novum
1518 1480 1749 1551 pertinet
1773 1480 1961 1537 Testa-

381 1581 642 1639 mentum,
671 1572 821 1628 nullo
841 1572 1000 1628 modo
1014 1587 1175 1626 ausus
1191 1580 1333 1627 esset
1357 1572 1535 1626 dicere
1564 1571 1726 1627 homo
1744 1615 1759 1639 ,
1788 1572 1877 1643 qui
1896 1588 1964 1629 ex

380 1662 567 1717 eadem
588 1662 727 1717 tribu
754 1678 860 1718 non
882 1671 1017 1730 erat,
1045 1661 1179 1717 Pars
1197 1679 1310 1718 mea
1323 1662 1573 1717 Dominus
1594 1662 1765 1733 (Psal.
1790 1678 1962 1730 Lxxu,

380 1752 504 1826 26);
541 1762 596 1809 et
622 1755 675 1809 in
702 1755 809 1809 alio
839 1755 1066 1826 psalmo,
1085 1754 1334 1810 Dominus
1362 1771 1483 1827 pars
1507 1755 1814 1811 hereditatis
1839 1770 1965 1811 mea

368 1845 557 1915 tegat.
578 1862 670 1913 xv,
701 1847 782 1919 δ).

452 1936 616 1993 XVII.
641 1935 743 2011 [Ib.
766 1953 823 1993 ιι
841 1979 858 2005 ,
879 1936 994 2011 20.]
1014 1937 1150 2006 Quid
1178 1948 1262 1996 est
1288 1938 1432 2011 quod
1467 1941 1721 2012 praecepit
1754 1940 1963 2013 Moyses

382 2028 765 2085 commendans
795 2029 954 2085 verba
980 2028 1220 2099 Domini,
1262 2040 1317 2087 et
1339 2032 1443 2097 ait,
1474 2032 1715 2088 Scribetis
1738 2049 1795 2087 ea
1815 2048 1966 2105 super

382 2120 559 2175 limina
575 2120 837 2176 domorum
855 2131 1133 2177 vestrarum
1151 2132 1198 2178 et
1204 2124 1484 2196 januarum
1504 2134 1777 2180 vestrarum
1800 2140 1818 2180 :
1841 2140 1963 2181 cum

384 2209 488 2266 hoc
504 2211 796 2267 secundum
822 2214 1200 2283 proprietatem
1225 2231 1385 2270 nemo
1399 2216 1587 2272 fecisse
1606 2217 1962 2273 lsraelitarum

382 2310 862 2370 commemoretur,
895 2304 976 2359 vel
1004 2304 1242 2374 legatur;
1286 2307 1408 2377 quia
1437 2322 1537 2363 nec
1562 2309 1838 2379 quisquam
1870 2324 1964 2379 po-

384 2402 521 2461 test,
552 2395 656 2451 nisi
698 2396 834 2452 forte
858 2396 1059 2453 dividat
1085 2412 1147 2453 ea
1180 2414 1278 2470 per
1322 2401 1514 2457 multas
1555 2413 1733 2471 partes
1773 2403 1963 2458 domus

382 2485 529 2539 suae?
565 2488 645 2539 An
675 2485 1017 2558 hyperbolice
1057 2489 1449 2546 commendatio
1477 2500 1593 2559 est,
1621 2492 1760 2548 sicut
1796 2493 1967 2551 multa

380 2576 631 2631 dicuntur
649 2577 673 2631 ?

451 2665 637 2722 XVIII.
678 2666 778 2742 [lb.
812 2685 923 2737 xu,
952 2668 1067 2744 1L]
1097 2670 1452 2739 Quaerendum
1480 2676 1749 2745 quomodo
1781 2676 1966 2747 jubeat

383 2758 769 2816 decimationes
788 2761 1025 2818 omnium
1052 2764 1313 2819 fructuum
1336 2774 1392 2821 et
1419 2768 1681 2836 primitiva
1714 2784 1963 2839 pecorum

382 2868 488 2907 non
516 2853 856 2923 manducari,
910 2856 1011 2911 nisi
1058 2858 1110 2912 in
1152 2858 1365 2913 civitate
1394 2860 1483 2914 ubi
1523 2861 1778 2933 templum
1821 2860 1961 2930 erit,

380 2960 503 2999 eum
529 2960 621 3001 eas
646 2946 843 3002 Levitis
861 2948 975 3003 dari
1005 2948 1058 3004 in
1085 2950 1224 3020 Lege
1248 2953 1581 3023 prmceperit.

452 3034 593 3091 XIX.
614 3035 711 3110 [Ib.
732 3040 888 3104 me
908 3050 955 3094 et
966 3038 1045 3113 5.]
1060 3040 1121 3097 Si
1138 3053 1303 3096 autem
1312 3044 1528 3098 surrexit
1552 3045 1605 3099 in
1626 3054 1673 3100 te
1696 3047 1961 3117 propheta,

380 3142 468 3180 seu
493 3128 769 3184 somniator
798 3131 1086 3199 somnians,
1112 3144 1162 3188 et
1179 3132 1373 3188 dederit
1401 3134 1491 3189 tibi
1513 3137 1712 3208 signum
1736 3139 1813 3193 vel
1843 3156 1966 3209 pro-

381 3217 603 3292 digium,
649 3229 698 3276 et
720 3223 905 3277 venerit
928 3224 1129 3295 signum
1169 3224 1272 3279 sive
1297 3226 1582 3298 prodigium
1609 3229 1745 3295 quod
1770 3230 1967 3288 locutus

380 3320 454 3366 est
478 3311 545 3365 ad
570 3322 645 3379 te,
666 3312 838 3368 dicens
856 3355 870 3377 ,
899 3313 1129 3383 Eamus,
1173 3325 1219 3371 et
1244 3318 1517 3371 serviamus
1544 3319 1643 3374 diis
1663 3321 1797 3386 aliis,
1840 3338 1965 3393 quos

382 3404 623 3459 nescitis:
636 3420 738 3459 non
755 3405 971 3461 audietis
993 3406 1141 3462 verba
1160 3408 1420 3479 prophetas
1437 3408 1595 3475 illius,
1620 3411 1698 3465 vel
1709 3414 1967 3469 somnian-

381 3496 447 3550 tis
471 3497 722 3551 somnium
749 3498 914 3566 illud;
938 3500 1177 3570 quoniam
1201 3510 1355 3555 tentat
1373 3500 1625 3558 Dominus
1647 3503 1786 3560 Deus
1810 3516 1966 3561 vester

382 3603 500 3653 vos,
545 3588 674 3643 scire
695 3605 763 3643 an
786 3590 1009 3661 diligatis
1037 3590 1308 3645 Dominum
1328 3589 1494 3646 Deum
1524 3604 1739 3648 vestrum
1769 3612 1835 3650 ea:
1861 3604 1965 3653 toto

381 3678 532 3732 corde
547 3687 728 3745 vestro,
751 3690 798 3734 et
817 3696 882 3734 ea:
905 3689 1009 3735 tota
1032 3682 1202 3735 anima
1222 3691 1402 3736 vestra.
1432 3683 1546 3739 Hoc
1561 3684 1774 3754 quidam
1792 3686 1963 3742 inter-

383 3777 562 3838 pretes
587 3768 736 3824 latini
766 3784 873 3826 non
904 3770 973 3825 ita
1004 3780 1317 3840 posuerunt,
1332 3773 1461 3826 scire
1480 3789 1547 3827 an
1569 3775 1824 3846 diligatis;
1844 3778 1961 3844 sed,

382 3867 437 3912 ut
454 3859 580 3913 sciat
605 3876 671 3914 an
697 3861 936 3933 diligatis.
967 3861 1221 3931 Quamvis
1250 3864 1436 3919 eadem
1479 3868 1740 3921 sententia
1784 3868 1964 3923 videa-

382 3958 505 4004 tur:
530 3962 898 4006 verumtamen
925 3952 1047 4006 illud
1069 3954 1211 4023 quod
1242 3953 1439 4009 dictum
1461 3963 1562 4020 est,
1584 3958 1731 4023 scire,
1756 3958 1965 4017 facilius

385 4042 450 4096 ad
483 4042 600 4097 illos
625 4041 883 4110 refertur;
927 4053 987 4098 ut
1014 4045 1092 4098 sic
1127 4045 1475 4114 accipiamus,
1508 4056 1665 4101 tentat
1692 4065 1778 4104 vos
1797 4051 1925 4104 scire
1945 4092 1960 4115 ,

381 4148 445 4189 ac
473 4135 515 4188 si
554 4134 839 4201 diceretur,
868 4136 1121 4191 tentando
1144 4151 1235 4190 vos
1265 4136 1388 4191 facit
1416 4138 1572 4193 scire.
1608 4139 1703 4195 Ubi
1726 4156 1853 4196 sane
1884 4144 1965 4199 in-

384 4225 545 4296 telligi
573 4226 941 4290 voluit,'etiam
970 4228 1056 4281 illa
1084 4243 1202 4298 qua:
1226 4243 1255 4281 a
1273 4228 1627 4285 divinantibus
1646 4247 1964 4289 nonsecun-

381 4320 507 4373 dum
539 4320 702 4373 Deum
730 4319 997 4386 dicuntur,
1032 4321 1075 4373 si
1100 4320 1390 4375 acciderint
1415 4337 1532 4392 quae
1561 4322 1827 4390 dicuntur,
1856 4342 1960 4381 non

380 4410 685 4480 accipienda
714 4411 789 4465 sic
812 4451 825 4475 ,
856 4419 912 4465 ut
940 4410 1068 4465 liant
1089 4427 1206 4481 qua:
1240 4412 1612 4484 prmcipiuntur
1632 4416 1698 4471 ab
1727 4416 1834 4485 eis,
1872 4425 1964 4472 aut

379 4502 623 4557 colantur
650 4518 769 4569 qua:
804 4503 1049 4557 coluntur
1068 4503 1134 4557 ab
1155 4503 1252 4557 eis.
1276 4502 1384 4559 Nec
1420 4514 1611 4574 praeter
1642 4521 1790 4560 suam
1815 4518 1963 4577 pote-

380 4601 571 4649 statem
600 4593 743 4648 Deus
769 4593 1000 4648 ostendit
1025 4609 1144 4649 esse
1172 4594 1311 4665 quod
1338 4595 1434 4649 ism
1461 4598 1773 4668 contingunt
1807 4616 1821 4652 :
1865 4600 1961 4655 sed

381 4684 529 4755 quasi
556 4694 884 4755 quaereretur
906 4701 1002 4739 cur
1016 4701 1075 4740 ea
1100 4688 1387 4755 permittat,
1415 4702 1628 4742 causam
1658 4691 1961 4747 tentationis

380 4777 640 4844 esposuit,
667 4775 734 4832 ad
754 4778 1172 4849 cognoscendam
1189 4793 1371 4833 eorum
1393 4779 1751 4847 dilectionem,
1781 4791 1959 4841 utrum

381 4883 498 4922 eam
529 4869 759 4923 habeant
795 4885 918 4939 erga
961 4871 1126 4925 Deum
1157 4885 1341 4935 suum;
1383 4873 1802 4941 cognoscendam
1834 4891 1961 4932 vero

380 4957 448 5011 ab
477 4958 605 5028 ipsis
624 4958 821 5029 potius,
852 4974 1007 5030 quam
1036 4960 1104 5015 ab
1124 4959 1216 5014 illo
1245 4961 1333 5031 qui
1359 4962 1456 5015 scit
1478 4962 1653 5017 omnia
1674 4973 1959 5037 antequam

381 5050 525 5103 ﬁant.
1404 5096 1445 5119 ν

447 5140 565 5195 XX.
599 5139 697 5215 [Ib.
724 5157 836 5208 xxv,
863 5141 1063 5210 28,29,
1091 5153 1146 5198 et
1169 5160 1261 5209 xv,
1292 5142 1367 5217 l.]
1394 5144 1517 5199 Post
1536 5154 1633 5201 tres
1658 5164 1817 5203 annos
1846 5166 1961 5218 pro-

379 5216 531 5283 duces
578 5248 775 5285 omnem
810 5234 1053 5287 decimam
1082 5236 1336 5305 fructuum
1357 5245 1589 5301 tuorum,
1626 5240 1679 5294 in
1703 5241 1792 5294 illo
1827 5258 1960 5297 anno

378 5339 533 5391 pones
558 5322 686 5377 illud
714 5324 768 5378 in
796 5326 1073 5379 civitatibus
1098 5328 1217 5395 tuis,
1247 5339 1296 5383 et
1321 5331 1478 5384 veniet
1503 5330 1692 5398 Levita,
1716 5335 1834 5404 quia
1861 5352 1959 5390 non

377 5423 449 5466 est
470 5414 515 5467 ei
540 5431 658 5484 pars
680 5431 839 5483 neque
861 5432 969 5470 sors
995 5425 1155 5471 tecum
1176 5435 1197 5484 ;
1222 5429 1266 5472 et
1289 5421 1480 5473 advena
1505 5432 1551 5476 et
1573 5423 1796 5493 pupillus
1817 5435 1862 5479 et
1883 5427 1958 5479 vi-

379 5505 500 5570 dua,
526 5520 638 5574 qua:
658 5506 710 5559 in
730 5506 1010 5561 civitatibus
1037 5509 1167 5573 tuis;
1196 5518 1242 5562 et
1268 5510 1656 5577 manducabunt,
1685 5522 1729 5566 et
1754 5524 1958 5568 satura-

379 5595 596 5663 buntur;
632 5607 683 5651 ut
705 5596 962 5652 benedicat
1004 5608 1052 5653 te
1078 5598 1324 5653 Dominus
1351 5598 1489 5656 Deus
1514 5611 1627 5658 tuus
1654 5604 1705 5657 in
1732 5605 1959 5661 omnibus

375 5688 608 5755 operibus
650 5690 749 5744 tuis
789 5705 1113 5761 qutecumque
1153 5692 1345 5763 feceris.
1379 5691 1454 5747 Ex
1492 5693 1590 5748 ista
1616 5694 1820 5751 decima
1853 5714 1956 5754 non

377 5774 511 5835 dixit
533 5786 593 5834 ut
612 5779 724 5852 ipse
743 5779 1027 5837 manducet
1049 5792 1172 5838 cum
1192 5780 1303 5837 suis
1320 5798 1335 5811 ·
1359 5796 1423 5839 ac
1441 5799 1537 5857 per
1559 5786 1657 5844 hoc
1683 5787 1878 5845 Levitis
1904 5800 1958 5847 et

1746 349 1951 407 LIBER
1987 349 2307 420 QUINTUS.

3560 364 3663 422 738

2072 470 2293 526 advenis
2318 478 2374 528 et
2407 472 2620 544 pupillis
2650 482 2706 532 et
2730 467 2904 534 viduis
2926 492 3046 535 eam
3064 477 3231 550 iussit
3262 480 3517 554 impendi.
3551 484 3657 543 Sed

2073 561 2300 617 obscure
2338 564 2569 634 positum
2593 574 2702 633 est,
2724 568 2848 640 quia
2875 583 2981 626 non
3007 581 3089 626 est
3110 571 3356 630 distincta
3384 574 3482 630 ista
3514 575 3654 632 deci-

2070 668 2157 708 ma
2177 654 2246 709 ab
2270 654 2361 709 illa
2385 671 2544 727 quam
2574 658 2738 715 voluit
2760 675 2881 715 cum
2906 660 3105 718 Levitis
3124 662 3176 718 in
3197 677 3267 722 eo
3287 662 3406 721 loco
3429 668 3655 723 mandu-

2070 746 2202 813 cari,
2232 761 2391 818 quem
2420 748 2674 807 Dominus
2700 751 2947 823 elegisset
2974 754 3201 825 tempio'
3230 770 3349 812 suo.
3380 756 3485 813 Sed
3516 758 3568 812 in
3596 774 3657 815 ea

2070 836 2528 909 interpretatione,
2551 856 2673 913 quas
2699 850 2867 898 estex
2889 827 3137 914 hebraso,‘
3155 848 3392 919 apertius
3418 847 3518 904 hoc
3544 850 3657 905 dis-

2070 928 2292 986 tinctum
2326 931 2641 1000 reperimus.
2684 933 2772 988 Ait
2808 935 2949 989 enim
2986 952 3003 991 :
3046 934 3194 993 Anno
3224 938 3370 994 tertio
3398 941 3657 1009 separabis

2068 1017 2226 1074 aliam
2251 1020 2496 1075 decimam
2520 1038 2587 1078 ex
2612 1025 2840 1081 omnibus
2873 1041 2986 1098 qua
3006 1038 3282 1083 nascuntur
3322 1030 3413 1085 tibi
3430 1046 3487 1085 eo
3526 1039 3653 1086 tem-

2069 1126 2213 1183 pore,
2260 1120 2309 1168 et
2335 1129 2549 1184 repones
2588 1114 2723 1170 intra
2746 1116 2938 1189 januas
2971 1126 3120 1185 tuas;
3158 1121 3413 1193 venictque
3437 1121 3654 1186 Levites,

2067 1204 2155 1274 qui
2173 1204 2327 1260 aliam
2356 1222 2457 1261 non
2496 1206 2643 1262 habet
2672 1219 2864 1280 partem
2890 1226 2981 1265 nec
3017 1213 3381 1284 possessionem
3400 1224 3582 1279 tecum,
3608 1227 3655 1270 et

2070 1295 2364 1366 peregrinus
2402 1306 2451 1351 et
2494 1299 2719 1371 pupillus
2743 1310 2790 1354 et
2806 1301 2989 1367 vidua,
3021 1304 3109 1372 qui
3156 1303 3290 1359 intra
3329 1315 3501 1377 portas
3542 1316 3655 1360 tuas

2067 1394 2205 1452 sunt,
2235 1395 2284 1442 et
2304 1389 2593 1458 comedent,
2637 1400 2683 1446 et
2722 1393 3127 1461 saturabuntur;
3167 1404 3225 1451 ut
3265 1397 3521 1453 benedicat
3566 1398 3654 1452 tibi

2068 1474 2317 1534 Dominus
2331 1479 2469 1535 Deus
2495 1492 2611 1537 tuus
2633 1482 2685 1536 in
2708 1485 2901 1539 cunctis
2918 1485 3151 1556 operibus
3165 1503 3405 1543 manuum
3427 1496 3650 1553 tuarum,

2066 1584 2181 1642 quas
2216 1571 2411 1643 feceris.
2452 1571 2631 1628 Primo
2672 1574 2774 1630 hoc
2802 1575 2975 1644 ipsum
3004 1575 3211 1646 planius
3249 1586 3332 1634 est
3367 1577 3511 1649 quod
3547 1578 3650 1641 ait,

2067 1659 2215 1714 Anno
2240 1662 2421 1729 tertio;
2442 1662 2750 1735 intelligitur
2767 1667 2908 1721 enim
2932 1682 3039 1723 uno
3058 1683 3198 1724 anno
3218 1668 3533 1741 interposito
3558 1687 3571 1723 :
3598 1671 3649 1724 in

2066 1749 2410 1823 Septuaginta
2439 1762 2636 1821 autem,
2661 1756 2910 1826 quoniam
2933 1756 3061 1813 Post
3090 1767 3188 1814 tres
3216 1776 3375 1816 annos
3396 1761 3550 1825 dixit,
3574 1760 3654 1814 in-

2064 1851 2271 1898 certum
2301 1852 2384 1899 est
2411 1853 2585 1901 utrum
2606 1861 2703 1902 eos
2727 1848 2934 1904 medios
2961 1863 3083 1906 esse
3107 1850 3356 1917 voluerit,
3386 1860 3444 1905 ut
3466 1851 3653 1921 quinto

2066 1950 2277 2007 quoque
2327 1952 2468 1993 anno
2516 1938 2687 1994 fieret.
2739 1940 2942 1996 Deinde
2988 1958 3109 1997 cum
3135 1943 3228 2010 ait,
3283 1941 3352 1998 Et
3396 1943 3677 2016 separabis.

2066 2026 2223 2080 aliam
2252 2026 2519 2096 decimam,
2551 2030 2680 2086 satis
2718 2032 2950 2087 ostendit
2977 2041 3128 2089 extra
3164 2048 3284 2090 esse
3313 2034 3459 2089 illam
3492 2050 3648 2106 quam

2068 2118 2234 2173 voluit
2258 2135 2381 2174 eum
2408 2121 2579 2190 ipsum
2611 2123 2701 2192 qui
2739 2123 2931 2190 oli'ert,
2954 2126 3275 2181 manducare
3306 2142 3429 2182 cum
3455 2128 3567 2182 suis
3601 2135 3656 2182 et

2067 2208 2266 2265 Levitis
2285 2208 2338 2265 in
2375 2225 2441 2266 eo
2468 2211 2587 2268 loco
2618 2228 2777 2283 quem
2816 2215 3073 2271 Dominus
3109 2217 3375 2288 elegisset.
3407 2217 3476 2272 Et
3518 2216 3655 2272 hanc

2067 2301 2210 2356 enim
2248 2301 2446 2356 aliam'
2479 2301 2741 2359 decimam
2771 2303 2908 2360 intra
2942 2306 3135 2376 januas
3158 2322 3282 2363 suas
3304 2323 3427 2363 eum
3457 2323 3654 2378 ponere

2069 2394 2344 2465 prmcepit,
2373 2410 2479 2451 non
2508 2396 2573 2451 ad
2602 2413 2723 2453 eum
2752 2397 2926 2454 locum
2946 2397 3180 2467 deferre,
3210 2401 3297 2455 ubi
3322 2401 3577 2457 Dominus
3596 2416 3654 2456 se

2066 2486 2233 2542 voluit
2257 2488 2513 2543 invocari.
2541 2487 2611 2544 Et
2633 2491 2827 2559 veniet,
2858 2490 3058 2561 inquit,
3087 2491 3300 2556 Levites,
3328 2493 3413 2562 qui
3441 2509 3540 2547 non
3562 2494 3654 2545 Ita-

2067 2576 2146 2633 bet
2166 2588 2358 2649 partem
2377 2595 2468 2634 nec
2489 2581 2853 2651 possessionem
2879 2592 3060 2647 tecum,
3092 2592 3139 2639 et
3164 2584 3454 2656 peregrinus
3477 2593 3524 2639 et
3553 2600 3652 2653 pu~

2069 2668 2223 2739 pillus
2244 2677 2293 2724 et
2312 2669 2482 2737 vidua,
2508 2671 2597 2741 qui
2614 2671 2750 2726 intra
2780 2682 2952 2743 portas
2969 2682 3083 2729 tuas
3105 2685 3251 2739 sunt,
3280 2684 3327 2729 et
3369 2674 3649 2730 comedent.

2068 2758 2203 2814 lline
2248 2768 2395 2815 certe
2436 2759 2716 2818 manifeste
2733 2777 2919 2819 verum
2944 2771 3046 2829 est,
3073 2778 3177 2820 non
3206 2765 3362 2821 istam
3390 2766 3651 2822 decimam

2068 2854 2235 2909 Deum
2278 2854 2391 2910 fieri
2429 2855 2662 2912 voluisse
2697 2871 3035 2914 communem
3075 2858 3125 2914 ei
3158 2859 3248 2929 qui
3275 2858 3450 2925 oll'ert,
3491 2868 3545 2915 et
3571 2860 3654 2914 his

2067 2945 2260 3017 quibus
2311 2946 2663 3017 impendenda
2704 2955 2815 3015 est;
2863 2948 2960 3004 sed
2986 2949 3089 3005 illis
3128 2950 3260 3005 solis
3302 2950 3507 3019 erogari
3533 2965 3652 3005 eam

2065 3036 2243 3108 jussit,
2267 3036 2358 3107 qui
2381 3036 2526 3093 aliud
2551 3052 2657 3093 non
2683 3037 2961 3106 baberent,
2986 3039 3040 3094 in
3058 3040 3251 3109 quibus
3270 3040 3534 3111 prtecipue
3554 3039 3653 3095 Le-

2069 3129 2228 3183 vitem
2251 3129 2448 3199 posuit.
2476 3127 2604 3183 Post
2618 3137 2809 3200 septem
2829 3146 2988 3185 annos
3005 3131 3159 3202 facies
3177 3131 3536 3186 remissionem.
3558 3130 3653 3185 llic

2067 3228 2214 3276 certe
2256 3220 2654 3287 manifestatur,
2708 3222 2977 3291 quomodo
3026 3231 3081 3278 et
3134 3223 3382 3292 superius
3437 3221 3650 3287 dixerit,

2070 3310 2194 3366 Post
2219 3321 2317 3367 tres
2341 3328 2521 3367 annos.
2556 3310 2670 3367 Non
2699 3310 2841 3367 enim
2881 3320 2938 3367 et
2973 3312 3072 3367 hos
3105 3323 3313 3382 septem
3338 3326 3507 3368 annos
3535 3327 3653 3367 me-

2067 3401 2187 3457 dios
2209 3416 2329 3457 esse
2350 3402 2520 3457 voluit
2550 3419 2563 3455 :
2587 3416 2905 3473 unoquoque
2932 3417 3075 3459 anno
3092 3418 3210 3459 eam
3238 3402 3351 3458 licri
3378 3403 3649 3473 prtecepit,

2071 3503 2321 3564 tanquam
2345 3492 2723 3547 sabbatismum
2751 3508 3032 3548 annorum.

2138 3585 2281 3642 XXI.
2310 3583 2412 3658 [lb.
2431 3600 2523 3652 xv,
2542 3584 2621 3659 9.]
2650 3585 2862 3641 Attende
2886 3586 2974 3641 tibi
2990 3586 3116 3659 ipsi,
3141 3603 3204 3641 ne
3227 3587 3319 3656 ﬁat
3341 3586 3544 3642 verbum
3569 3602 3655 3641 oc-

2068 3677 2257 3731 cultum
2284 3676 2337 3731 in
2366 3675 2515 3731 corde
2533 3685 2619 3730 tuo
2645 3677 2915 3747 iniquitas,
2950 3677 3120 3732 dicens
3139 3718 3153 3741 ,
3185 3677 3467 3751 Appi-apiat
3488 3695 3653 3733 annus

2067 3770 2312 3840 septimus
2332 3810 2346 3834 ,
2384 3786 2551 3824 annus
2576 3770 2883 3826 remissionis
2904 3786 2925 3835 ,'
2948 3778 2994 3824 et
3022 3770 3324 3842 malignetur
3342 3770 3517 3825 oculus
3537 3779 3651 3824 tuus

2067 3865 2120 3917 in
2140 3868 2348 3936 fratrem
2378 3872 2517 3917 tuum
2545 3879 2757 3934 egenum
2772 3904 2788 3928 ,
2824 3873 2869 3917 et
2890 3880 2991 3917 non
3013 3862 3203 3918 tribuas
3226 3863 3273 3917 ei
3295 3878 3315 3916 :
3338 3872 3384 3917 et
3399 3862 3652 3916 exclama-—

2068 3957 2136 4013 bit
2162 3958 2427 4012 adversum
2451 3966 2499 4011 te
2529 3956 2598 4011 ad
2634 3955 2909 4010 Dominum
2937 3996 2958 4023 ,
2994 3964 3041 4009 et
3067 3956 3159 4010 erit
3204 3955 3257 4009 in
3298 3963 3346 4009 te
3390 3963 3649 4025 peccatum

2069 4064 2327 4120 magnum.
2362 4046 2636 4118 Magniﬁce
2659 4047 2923 4102 occultum
2944 4046 3165 4103 verbum
3201 4046 3304 4102 hoc
3327 4047 3487 4113 dixit;
3519 4062 3652 4117 quo-

2068 4139 2210 4192 niam
2252 4152 2410 4193 nemo
2446 4136 2605 4192 audet
2647 4136 2751 4193 hoc
2787 4137 2966 4192 dicere
2994 4138 3082 4207 qui
3126 4138 3359 4207 potuerit
3395 4138 3646 4209 cogitare,

2068 4228 2189 4283 ideo
2214 4244 2320 4282 non
2367 4241 2487 4282 esse
2531 4236 2771 4282 mutuum
2802 4227 3034 4283 dandum
3079 4229 3330 4299 indigenti
3353 4270 3367 4293 ,
3397 4228 3647 4299 quoniam

2068 4320 2456 4390 appropinquat
2497 4333 2667 4373 annus
2694 4319 3060 4385 remissionis,
3105 4333 3222 4373 cum
3251 4320 3392 4374 Deus
3432 4328 3650 4391 propter

2069 4409 2486 4465 misericordiam
2522 4417 2805 4479 utrumque
2838 4410 3186 4479 praeceperit,
3232 4417 3287 4463 et.
3322 4411 3648 4465 commodari

2067 4517 2187 4557 cum
2227 4500 2451 4571 quisque
2492 4492 2727 4571 indiget,
2783 4507 2838 4554 et
2877 4500 3073 4555 remitti
3115 4516 3257 4556 anno
3296 4502 3646 4558 remissionis.

2067 4594 2345 4663 Quomodo
2369 4609 2497 4665 ergo
2521 4595 2935 4650 misericorditer
2951 4596 3272 4651 remissurus
3292 4606 3373 4652 est
3394 4597 3486 4651 illo
3508 4612 3651 4651 anno

2067 4700 2173 4755 quo
2203 4684 2576 4740 remittendum
2615 4693 2730 4750 est,
2763 4686 2808 4741 si
2844 4686 3132 4742 crudeliter
3159 4687 3358 4756 cogitat
3392 4688 3484 4743 illo
3512 4696 3647 4744 tem-

2066 4790 2196 4846 pore
2220 4774 2453 4830 dandum
2481 4791 2587 4831 non
2617 4790 2736 4831 esse
2755 4792 2859 4845 quo
2885 4776 3114 4831 dandum
3141 4776 3258 4832 est?

2138 4866 2300 4922 XXII.
2330 4866 2429 4941 [Ib.
2464 4883 2555 4935 xv,
2587 4866 2718 4941 l2.]
2757 4869 2817 4923 Si
2841 4878 3007 4922 autem
3032 4872 3359 4925 venumdatus
3384 4872 3534 4941 fuerit
3563 4874 3649 4925 tibi

2067 4956 2226 5027 frater
2252 4967 2367 5013 tuus
2398 4957 2639 5014 Ilebrwus
2670 4968 2756 5012 aut
2788 4958 3021 5026 Hebrtea,
3052 4962 3228 5016 serviet
3254 4962 3341 5016 tibi
3368 4979 3456 5017 sea:
3479 4966 3645 5029 annis,

2066 5059 2114 5103 et
2146 5049 2357 5119 septimo
2384 5049 2601 5105 dimittes
2626 5066 2738 5104 eum
2775 5050 2986 5105 liberum
3008 5068 3040 5105 a
3065 5061 3129 5105 te.
3166 5051 3277 5106 Hos
3308 5060 3514 5123 emptos
3544 5070 3646 5106 non

2066 5157 2206 5197 anno
2223 5144 2550 5197 remissionis
2566 5143 2762 5200 remitti
2777 5144 2963 5210 voluit,
2978 5159 3133 5214 quem
3151 5144 3434 5214 septimum
3460 5161 3643 5214 quem-

2066 5248 2171 5305 que
2197 5235 2474 5290 observari
2499 5235 2780 5305 oportebat
2804 5222 2871 5290 ab
2892 5234 3166 5301 omnibus;
3192 5235 3285 5290 sed
3311 5251 3452 5291 anno
3479 5238 3648 5305 septi-

2066 5339 2155 5379 mo
2183 5325 2466 5395 emptionis
2488 5325 2625 5396 ejus,
2664 5334 3055 5397 quotocumque
3079 5342 3218 5381 anno
3238 5327 3449 5382 illorum
3479 5329 3644 5398 septi-

2066 5431 2184 5469 mus
2211 5417 2308 5470 iste
2327 5430 2498 5470 annus
2521 5425 2845 5488 occurreret.

2138 5506 2324 5561 XXIII.
2355 5506 2458 5579 [11).
2480 5523 2572 5578 xv,
2594 5506 2708 5581 ω]
2727 5508 2888 5565 Omne
2906 5509 3288 5582 primogenitum
3310 5512 3446 5583 quod
3475 5522 3646 5567 natum

2131 5679 2149 5751 ξ
2172 5680 2365 5751 Εὸίιὶ-βι
2384 5678 2482 5751 duo
2502 5687 2632 5743 Mss,
2648 5687 2877 5751 tempore.
2897 5684 3070 5751 caeteri
3091 5691 3214 5751 Mss,
3242 5684 3433 5751 templo.

2130 5742 2150 5773 ι
2175 5751 2274 5810 A_t_n_.
2297 5748 2371 5790 Er.
2397 5750 2603 5810 ριμηη
2634 5750 2681 5793 et
2702 5742 2886 5810 aliam.
2921 5746 3068 5797 Abest
3087 5742 3357 5810 coniunctio
3390 5761 3421 5799 ι
3455 5756 3560 5800 Mss.
3598 5758 3649 5801 et

2066 5802 2127 5851 ab
2152 5803 2362 5853 editione
2386 5805 2732 5866 natispoucnsi.
3173 5802 3191 5810 '
3470 5834 3473 5839 ‹
