4136 6466
497 348 602 405 759

497 461 648 532 fuerit
668 461 720 516 in
741 461 896 516 bobus
921 461 1038 522 tuis.
1061 448 1107 516 et
1132 462 1184 514 in
1203 461 1372 514 ovibus
1402 462 1520 525 tuis.
1550 461 1828 516 masculina
1846 462 1861 492 ²
1884 459 2071 514 sancti-

497 554 672 621 ficabis
690 552 910 609 Domtno
926 551 1034 609 Deo
1061 564 1168 608 tuo.
1194 553 1546 620 Quatrendum
1574 563 1746 607 utrum
1769 567 1886 621 quae
1899 565 2073 621 grarce

499 644 747 700 dicuntur
787 654 1092 715 πρωτότοκα,
1136 657 1234 698 nec
1273 643 1432 697 latine
1457 642 1560 696 dici
1601 643 1700 696 nisi
1741 641 2072 713 primogenita

501 743 804 803 potuerunt,
836 736 888 789 in
913 735 994 789 his
1025 742 1226 788 tantum
1263 732 1598 803 intelligenda
1639 734 1784 797 sint,
1829 748 1948 802 quae
1973 747 2070 785 na-

497 833 720 880 scuntur
744 840 808 879 ex
848 823 1106 880 matribus
1146 841 1160 878 :
1208 824 1319 892 ipsa
1361 824 1503 878 enim
1545 822 1760 893 proprie
1797 823 2072 894 pariuntur

497 916 671 984 potius
687 931 844 986 quam
860 916 1164 986 gignuntur.
1188 915 1382 968 Parere
1402 916 1598 984 quippe
1613 923 1695 969 est
1711 920 1904 979 τίκτειν,
1929 912 2071 982 quod

497 1014 580 1060 est
605 1020 672 1061 ex
721 1004 943 1070 femina,
977 1003 1118 1059 unde
1146 1013 1432 1075 πρωτότοκον
1459 1004 1691 1059 dicitur:
1719 1004 1936 1074 gignere
1972 1020 2070 1058 au-

499 1108 602 1150 tem
628 1106 709 1152 est
731 1104 906 1165 γεννᾷν,
941 1094 1078 1150 unde
1106 1095 1316 1164 proprie
1345 1096 1506 1150 latine
1533 1095 1911 1166 primogenitus
1935 1094 2070 1150 dici«-

498 1198 604 1242 tur.
634 1189 714 1242 Ex
738 1186 948 1242 feminis
975 1196 1150 1242 autem
1179 1186 1440 1240 dabantur
1467 1185 1748 1256 primitiva,
1776 1185 1826 1240 id
1851 1194 1934 1241 est
1953 1201 2071 1255 quae

499 1279 666 1347 prima
709 1277 1068 1348 pariebantur,
1095 1295 1200 1332 non
1227 1293 1343 1348 qua:
1377 1279 1544 1346 prima
1571 1279 1918 1348 gignebantur
1936 1293 1966 1330 a
1988 1278 2070 1330 vi-

499 1369 593 1436 ris,
619 1369 664 1425 si
691 1368 829 1424 forte
872 1385 939 1426 ex
961 1370 1132 1428 viduis
1167 1385 1286 1440 qua:
1310 1371 1418 1438 jam
1449 1379 1764 1440 pepererant
1790 1371 2072 1440 gigneren-

498 1471 600 1516 tur.
630 1461 746 1517 Non
785 1462 926 1517 enim
953 1463 1106 1517 aliter
1133 1472 1311 1518 essent
1363 1479 1482 1533 quze
1517 1464 1783 1532 aperirent
1819 1463 2024 1517 vulvam
2050 1503 2065 1528 ,

495 1553 636 1623 quod
661 1554 930 1624 proprium
955 1553 1120 1609 voluit
1138 1569 1257 1610 esse
1276 1554 1382 1608 Lex
1406 1569 1589 1610 eorum
1609 1570 1728 1624 qua:
1755 1554 1926 1624 primo
1946 1565 2067 1608 nata

495 1645 721 1701 Domino
759 1645 1109 1702 debebantur.
1157 1646 1213 1702 Si
1257 1662 1385 1717 ergo
1425 1656 1505 1701 est
1530 1646 1583 1701 in
1614 1647 1697 1701 his
1723 1647 1899 1702 verbis
1923 1655 2067 1701 certa

495 1735 798 1806 distinctio,
831 1751 934 1791 non
974 1736 1165 1793 frustra
1208 1737 1465 1796 Dominus
1494 1753 1596 1791 non
1625 1737 1817 1792 dicitur
1852 1752 1881 1791 a
1911 1737 2068 1792 Patre

493 1839 740 1895 μνότοκος
757 1871 772 1898 ,
823 1829 918 1886 88d
960 1844 1203 1899 μονογενὴς
1227 1873 1242 1895 ,
1275 1832 1326 1885 Id
1351 1841 1433 1886 est
1460 1828 1786 1901 unigenitus,
1819 1828 1959 1902 (μιοά
1987 1837 2069 1883 est

494 1923 680 1980 unicus
708 1941 722 1977 :
751 1940 783 1976 a
826 1925 1037 1979 mortuis
1072 1934 1248 1980 autem
1285 1925 1640 1994 primogenitus
1667 1925 1877 1995 quidem
1907 1922 2069 1978 latine

494 2013 707 2080 dicitur,
732 2015 853 2084 quia
881 2030 988 2069 non
1021 2016 1191 2084 potuit
1219 2016 1438 2069 latinum
1469 2015 1687 2070 verbum
1720 2015 1790 2070 ita
1816 2012 2064 2085 componi

493 2104 782 2160 secundum
838 2105 1088 2174 loquendi
1148 2106 1619 2170 consuetudinem;
1667 2121 1840 2177 graece
1888 2117 2065 2161 autem

495 2204 785 2266 πρωτότοκος
811 2196 1022 2263 dicitur,
1050 2212 1156 2254 non
1186 2211 1470 2270 πρωτογινὴς
1493 2217 1506 2252 :
1529 2207 1776 2268 tanquam
1795 2199 1948 2254 Pater
1969 2214 2065 2269 ge-

494 2285 668 2340 nuerit
689 2287 944 2355 aequalem
978 2287 1100 2354 sibi,
1136 2299 1376 2343 creatura
1407 2303 1532 2343 vero
1552 2289 1832 2358 pepererit.
1857 2288 1987 2343 Nam
2013 2299 2068 2344 et

492 2375 633 2444 quod
661 2375 852 2432 dicitur
890 2378 1245 2448 primogenitus
1273 2380 1434 2433 omnis
1473 2389 1718 2433 creaturae
1744 2378 1972 2450 (Coloss.
2007 2396 2063 2447 ι,

497 2468 586 2532 18,
612 2469 679 2523 l5
697 2469 714 2537 )
733 2509 750 2536 ,
777 2469 916 2539 quod
951 2469 1022 2524 ibi
1045 2454 1330 2542 «parentia;
1355 2486 1526 2541 grtcce
1565 2471 1774 2541 legitur,
1802 2480 1975 2541 potest
1995 2473 2066 2526 ita

495 2561 713 2632 intelligi
762 2563 1050 2618 secundum
1094 2578 1283 2618 novam
1321 2572 1638 2631 creaturam,
1685 2565 1752 2620 de
1795 2581 1900 2635 qua
1939 2565 2067 2620 dicit

492 2653 796 2722 Apostolus,
840 2653 902 2709 Si
935 2671 1035 2724 qua
1056 2654 1211 2725 igitur
1238 2656 1292 2708 in
1323 2654 1520 2710 Christo
1557 2671 1685 2710 noua
1725 2667 1956 2710 creatura
1981 2652 2092 2726 (111

493 2741 611 2797 Cor.
642 2759 697 2809 v,
731 2743 819 2817 ΓΖ)
853 2763 865 2799 :
897 2761 963 2800 ex
981 2762 1086 2816 qua
1117 2747 1204 2802 ille
1229 2749 1525 2816 primitivus
1539 2758 1642 2814 est,
1673 2749 1796 2818 quia
1826 2749 2066 2818 primitus

493 2834 562 2886 ita
590 2837 900 2904 resurrexit,
925 2846 980 2891 ut
995 2837 1104 2906 jam
1128 2853 1234 2893 non
1259 2839 1533 2905 moriatur,
1564 2854 1664 2894 nec
1686 2841 1734 2894 ei
1764 2855 1909 2896 mors
1931 2841 2063 2895 ultra

491 2922 794 2980 dominetur
813 2925 987 2995 (Rom.
1013 2943 1084 2995 Vl,
1115 2928 1203 3000 9);
1230 2929 1371 2998 quod
1397 2945 1548 2984 nova:
1572 2939 1851 2998 creaturae,
1879 2947 1992 3000 quae
2013 2931 2064 2985 in

494 3013 585 3068 illo
607 3025 708 3082 est,
739 3014 970 3072 futurum
999 3019 1320 3086 promittitur
1348 3019 1401 3073 in
1440 3018 1564 3073 line.
1600 3017 1706 3074 Sed
1742 3021 1840 3074 ista
1882 3019 2066 3074 distin-

492 3107 600 3161 ctio
619 3122 723 3162 non
747 3118 945 3163 temere
971 3109 1302 3176 affirmando,
1329 3108 1421 3164 sed
1444 3110 1495 3164 in
1523 3109 1812 3180 Scripturis
1839 3111 2064 3181 diligen-

494 3195 599 3252 tius
640 3200 1015 3266 perscrutanda
1067 3208 1166 3254 est.
1211 3199 1388 3255 Movet
1429 3201 1570 3256 enim
1623 3201 2063 3272 quemadmodum

491 3286 596 3342 dici
633 3288 801 3356 potuit
829 3288 880 3342 in
930 3288 1250 3354 Proverbiis,
1283 3290 1641 3362 Primogenite,
1684 3291 1772 3345 tibi
1809 3291 1943 3358 dico,
1988 3292 2066 3361 ﬁli

493 3377 668 3447 (Apud
694 3377 852 3444 LXX,
886 3377 1040 3434 Prov.
1069 3395 1217 3446 xxiv,
1247 3381 1324 3434 vel
1348 3382 1536 3451 xxxi);
1576 3382 1628 3436 id
1666 3390 1780 3450 est,
1813 3397 1876 3436 ex
1915 3383 2066 3452 cujus

492 3481 718 3536 persona
753 3468 948 3522 dictum
989 3469 1334 3540 intelligatur.
1371 3471 1429 3528 Si
1469 3472 1610 3526 enim
1647 3488 1715 3528 ex
1760 3473 1856 3529 Dei
1893 3473 2065 3532 Patris

494 3572 719 3626 persona
744 3559 814 3613 ad
860 3557 1128 3615 Christum
1156 3560 1348 3615 dicitur
1393 3562 1525 3632 (cui
1563 3562 1841 3618 sententias
1887 3572 2063 3618 utrum

491 3650 766 3719 sequentia
795 3660 1090 3707 consonent
1122 3653 1207 3707 vix
1234 3660 1315 3708 est
1344 3652 1627 3727 asserere),
1659 3655 1902 3710 eumdem
1935 3656 2065 3713 dicit

493 3739 897 3810 primogenitum
918 3757 1075 3811 quem
1098 3743 1458 3813 unigenitum:
1490 3746 1914 3815 primogenitum,
1939 3747 2061 3816 quia

491 3831 649 3889 etiam
676 3847 776 3887 nos
801 3833 893 3887 filii
925 3834 1016 3888 Dei
1045 3849 1256 3900 sumus;
1287 3837 1612 3905 unigenitum
1641 3851 1789 3903 vero,
1813 3839 2062 3908 quoniam

491 3920 635 3977 solus
660 3922 749 3978 ille
775 3922 842 3977 de
867 3923 1155 3979 substantia
1197 3926 1368 3980 Patris
1411 3936 1464 3981 et
1492 3927 1633 3981 Patri
1662 3930 1878 3997 aequalis
1905 3939 2062 4000 atque

491 4019 788 4071 coazternus
815 4022 917 4068 est.
947 4013 1134 4068 Mirum
1174 4023 1256 4069 est
1281 4025 1457 4072 autem
1487 4025 1662 4071 utrum
1710 4019 1847 4073 inter
1874 4034 2063 4089 parere

490 4111 546 4154 et
567 4101 783 4171 gignere
817 4103 1220 4161 evidentissimis
1245 4106 1578 4164 documentis
1606 4124 1753 4164 sacra
1793 4110 2062 4181 Scriptura

487 4193 792 4264 distinguat.

558 4287 749 4344 XXIV.
791 4286 890 4360 [lb.
923 4304 1036 4356 ιγ),
1062 4289 1144 4363 2.]
1170 4289 1239 4345 Et
1275 4291 1556 4347 immolabis
1595 4292 1797 4348 Pascha
1843 4295 2062 4352 Domino

489 4376 600 4432 Deo
628 4387 732 4443 tuo,
762 4395 874 4433 oves
899 4388 944 4434 et
972 4379 1135 4436 boves.
1165 4381 1301 4448 Quid
1331 4383 1431 4438 sibi
1455 4384 1565 4438 vult
1594 4383 1713 4450 hoe,
1745 4386 1884 4455 quod
1913 4388 2063 4442 addi-

486 4471 584 4537 dit,
611 4470 776 4537 boves;
793 4487 914 4526 cum
942 4472 1352 4530 immolationem
1382 4475 1600 4530 Paschaa
1623 4476 1692 4532 de
1710 4494 1808 4532 ove
1830 4488 2062 4534 tantum-

488 4563 648 4618 modo
665 4564 1136 4633 commendaverit,
1163 4583 1319 4639 quam
1343 4567 1503 4638 jussit
1521 4571 1688 4639 accipi
1709 4586 1772 4626 ex
1801 4573 1988 4628 ovibus
2007 4583 2063 4630 et

489 4653 655 4709 laedis
681 4656 762 4711 vel
800 4671 869 4712 ex
903 4657 1114 4726 capris?
1143 4658 1282 4728 quod
1306 4661 1527 4732 mystice
1561 4661 1818 4730 accipitur
1846 4673 2061 4733 propter

485 4744 777 4812 Christum,
825 4748 976 4816 cujus
1004 4763 1067 4803 ex
1113 4749 1268 4816 justis
1317 4758 1371 4805 et
1412 4752 1779 4820 peccatoribus
1803 4764 1885 4809 est
1913 4757 2061 4826 origo

486 4835 739 4891 carnalis.
777 4836 892 4892 Non
933 4838 1072 4893 enim
1104 4840 1210 4905 ait,
1238 4839 1317 4894 Ex
1354 4842 1539 4896 ovibus
1571 4852 1660 4898 aut
1693 4845 1900 4912 capris,
1941 4847 2062 4902 licet

487 4927 703 4996 proprie
741 4942 847 4983 non
885 4929 1052 4998 possit
1092 4929 1311 5000 intelligi
1351 4933 1466 4985 ovis
1491 4948 1574 4987 rex
1623 4935 1797 5004 capris
1829 4953 1842 4990 :
1875 4937 2061 4993 sedne

486 5019 622 5072 forte
647 5017 815 5078 Iudaei
837 5018 1078 5074 dicerent
1118 5019 1536 5076 subaudiendum
1561 5038 1775 5092 caprum
1798 5026 1841 5079 si
1862 5027 2060 5082 dictum

485 5118 647 5174 esset,
673 5110 778 5164 Aut
803 5126 871 5164 ex
899 5110 1102 5179 capris;
1144 5111 1340 5166 dictum
1376 5121 1492 5178 est,
1530 5130 1592 5167 ex
1627 5114 1798 5169 ovibus
1824 5126 1870 5169 et
1895 5121 2062 5188 capris

487 5199 676 5267 (Exod.
702 5216 796 5263 xu,
828 5201 908 5271 5),
937 5202 1072 5266 Quid
1095 5218 1222 5272 ergo
1246 5203 1333 5258 hic
1368 5204 1470 5259 sibi
1509 5205 1691 5259 volunt
1734 5206 1939 5262 boves?
1978 5211 2058 5262 An

487 5299 700 5360 propter
716 5293 814 5347 alia
835 5294 1091 5350 sacrificia
1113 5308 1232 5366 quae
1259 5293 1387 5364 ipsis
1408 5295 1596 5350 diebus
1611 5311 1917 5365 azymorum
1940 5308 2063 5352 sunt

487 5381 839 5435 immolanda?
1277 5447 1280 5451 _

554 5471 720 5527 XXV.
753 5470 850 5545 [lb.
880 5490 991 5539 xvi,
1024 5473 1189 5547 9-H.)
1204 5475 1555 5540 Quarrendum
1577 5477 1841 5546 quomodo
1861 5493 2062 5547 prmce-

485 5565 622 5633 perit
646 5563 914 5618 observari
943 5566 1084 5634 quod
1121 5567 1195 5620 ait
1229 5584 1242 5620 :
1278 5566 1480 5635 Septent
1511 5570 1818 5636 septimanos
1847 5571 2064 5640 integras

488 5656 822 5712 dinumerabis
850 5656 937 5708 tibi
952 5657 1066 5725 ipsi,
1100 5657 1336 5710 inchoare
1363 5668 1410 5710 te
1434 5659 1612 5727 falcem
1634 5659 1837 5729 injicere
1858 5661 1909 5712 in
1938 5676 2065 5715 mes-

558 5769 572 5799 ι
598 5768 728 5828 tzditi,
756 5766 1082 5820 natscuhnimt.
1109 5776 1164 5821 At
1193 5776 1298 5821 Mss.
1326 5786 1433 5832 σιω)
1456 5786 1632 5838 graeco,
1655 5771 1936 5826 masculina.

1294 347 1753 416 QUASSTIONUM
1791 348 1846 405 S.
1890 343 2254 402 AUGUSTINI
2293 345 2359 402 IN
2396 349 2948 408 HEPTATEUCIIUM

3655 361 3758 415 780

2177 474 2324 513 sem:
2349 461 2553 532 incipies
2601 479 2864 517 numerare
2908 473 3096 533 septem
3123 468 3459 535 septimanos,
3509 483 3552 523 ιι
3603 481 3758 540 [acies

2178 549 2307 602 diem
2329 553 2510 620 festum
2532 553 2922 621 septintanarum
2943 553 3162 609 Domino
3187 555 3294 610 Deo
3319 568 3426 617 tuo.
3459 574 3607 628 prout
3627 565 3756 617 t-eiet

2175 655 2355 694 atauus
2382 649 2488 705 tua,
2518 657 2836 712 quwcumque
2863 641 3105 697 Dominus
3131 646 3216 699 tibi
3241 647 3452 711 dederit,
3483 652 3763 706 secundum

2174 729 2309 796 quod
2333 729 2580 784 benedicet
2600 740 2648 785 te
2664 730 2912 786 Dominus
2939 732 3078 788 Deus
3103 745 3253 802 tuus;
3276 748 3320 791 et
3341 739 3620 807 epulaberis
3638 751 3754 796 ante

2174 819 2449 876 Dominum
2489 822 2651 877 Deum
2691 836 2852 881 tuum.
2894 826 2948 882 Si
2983 829 3126 883 enim
3169 831 3236 885 ab
3273 833 3519 888 universo
3555 836 3754 904 p0pulo

2175 909 2290 965 hate
2317 923 2620 980 pentecoste
2651 915 2800 982 jussa
2827 926 2910 972 est
2938 918 3229 988 observari,
3273 924 3529 993 numquid
3567 940 3754 982 omnes

2176 1015 2282 1056 uno
2305 1001 2392 1058 die
2415 1005 2734 1061 credendum
2759 1015 2842 1062 est
2863 1006 3052 1063 falcem
3073 1011 3250 1080 jussos
3274 1015 3487 1070 mittere
3524 1016 3575 1070 in
3607 1032 3754 1072 mes-

2174 1098 2323 1151 sem?
2352 1097 2407 1154 Si
2434 1108 2611 1154 autem
2646 1100 2744 1156 sibi
2782 1102 3008 1174 quisque
3043 1104 3292 1160 observat
3321 1106 3471 1162 istam
3493 1111 3757 1178 quinqua-

2173 1187 2426 1256 gesimam
2452 1231 2468 1254 ,
2506 1189 2852 1248 dinumerans
2876 1193 2944 1248 ab
2971 1194 3064 1249 illo
3093 1195 3177 1250 die
3202 1212 3307 1267 quo
3331 1197 3517 1253 falcem
3559 1200 3751 1264 mittit;

2174 1293 2279 1334 non
2309 1295 2410 1335 una
2449 1290 2533 1336 est
2563 1283 2811 1338 universo
2854 1287 3049 1356 p0pulo
3085 1304 3098 1340 :
3129 1289 3214 1342 illa
3242 1305 3370 1345 vero
3397 1307 3500 1345 una
3527 1302 3608 1346 est
3632 1309 3752 1360 qua:

2173 1379 2511 1440 computatur
2544 1374 2612 1427 ab
2653 1375 3016 1433 immolatione
3051 1378 3268 1435 Pascha!
3308 1397 3478 1452 usque
3513 1383 3567 1438 in
3606 1384 3750 1440 diem

2172 1462 2308 1516 data:
2336 1463 2490 1533 Legis
2517 1465 2567 1518 in
2591 1465 2736 1520 Sina.
3445 1490 3451 1528 ξ

2244 1554 2430 1610 XXVI.
2455 1555 2555 1628 [lb.
2583 1574 2710 1624 xvu,
2735 1561 2859 1614 Met
2876 1559 2988 1634 l5.)
3004 1561 3064 1617 Si
3092 1572 3257 1616 autem
3282 1565 3542 1619 intraueris
3566 1567 3618 1619 in
3647 1576 3749 1621 ter-

2170 1661 2279 1698 ram
2302 1663 2452 1716 quam
2482 1647 2730 1702 Dominus
2749 1649 2888 1704 Deus
2914 1660 3029 1705 tuus
3053 1653 3139 1706 dat
3167 1654 3255 1707 tibi
3273 1655 3325 1707 in
3353 1664 3503 1721 sorte,
3531 1665 3577 1709 et
3593 1657 3756 1710 hatre-

2171 1735 2406 1790 ditaueris
2428 1752 2560 1801 eam,
2590 1747 2636 1790 et
2658 1738 2959 1805 habitaueris
2990 1742 3043 1796 in
3077 1759 3156 1807 ea,
3185 1752 3233 1797 et
3247 1743 3402 1808 dices,
3435 1744 3751 1800 Constituans

2170 1844 2319 1899 super
2344 1845 2422 1881 me
2443 1829 2712 1899 principes,
2740 1831 2868 1885 sicut
2895 1841 2941 1885 et
2967 1843 3166 1888 cratera:
3190 1844 3367 1905 gentes
3391 1851 3510 1906 quae
3521 1838 3752 1891 circamc

2171 1929 2286 1973 sunt
2305 1937 2324 1984 ;
2345 1921 2690 1975 constituendo
2727 1923 2998 1977 constitues
3017 1940 3168 1993 super
3202 1936 3250 1980 te
3273 1927 3568 1997 principem,
3602 1944 3750 1997 quem

2171 2012 2368 2082 elegerit
2403 2011 2643 2067 Dominus
2683 2012 2821 2068 Deus
2849 2024 2962 2068 tuus
3003 2016 3168 2085 ipsum
3203 2032 3222 2071 :
3263 2034 3327 2071 ea;
3366 2018 3606 2088 fratribus
3649 2019 3750 2073 tuis

2169 2101 2438 2156 constitues
2482 2118 2634 2171 super
2653 2113 2700 2156 te
2739 2105 3046 2173 principem;
3096 2123 3196 2161 non
3233 2109 3418 2177 poteris
3456 2109 3752 2163 constituere

2168 2211 2318 2264 super
2337 2202 2386 2249 le
2427 2192 2678 2248 hominem
2709 2193 2963 2260 alienant,
3010 2197 3127 2266 quia
3167 2215 3267 2252 non
3309 2208 3382 2252 est
3422 2203 3580 2269 frater
3609 2209 3746 2253 tuus.

2169 2287 2344 2352 Qumri
2391 2293 2562 2357 potest
2607 2300 2703 2340 cur
2734 2285 3063 2356 displicuerit
3105 2289 3326 2358 populus
3357 2289 3497 2356 Deo,
3535 2289 3751 2359 quando

2168 2393 2346 2446 regem
2370 2376 2692 2433 desideravit
2721 2376 2766 2446 (l
2793 2377 2919 2448 Reg.
2946 2393 3057 2443 vnt,
3089 2377 3164 2448 7),
3193 2393 3314 2434 cum
3347 2378 3432 2432 hic
3453 2379 3750 2435 inveniatur

2169 2485 2290 2525 csse
2329 2474 2640 2540 permissus.
2685 2469 2788 2524 Sed
2832 2472 3000 2538 magis
3029 2469 3150 2524 hinc
3194 2470 3594 2540 intelligendum
3633 2480 3746 2538 cst,

2169 2562 2359 2614 merito
2379 2578 2482 2615 non
2510 2563 2670 2615 fuisse
2701 2560 2991 2614 secundum
3012 2561 3334 2615 voluntatem
3354 2560 3470 2625 Dei,
3493 2562 3618 2630 quia
3634 2561 3751 2618 fieri

2169 2650 2271 2706 hoc
2295 2667 2404 2706 non
2439 2654 2718 2721 praecepit,
2762 2649 2859 2706 scd
2893 2649 3316 2705 desiderantibus
3354 2651 3616 2721 permisit.
3649 2650 3750 2707 Ve-

2169 2753 2465 2796 rumtamen
2507 2743 2774 2812 praecepit,
2802 2759 2868 2799 ne
2908 2741 3060 2796 ﬂeret
3088 2741 3319 2807 alienus,
3359 2740 3453 2796 sed
3482 2740 3666 2809 frater,
3694 2741 3750 2798 id

2169 2842 2270 2897 est,
2297 2849 2364 2887 cx
2385 2833 2571 2891 eodem
2595 2834 2791 2903 pepqu
2827 2834 3070 2904 indigena
3104 2847 3209 2886 non
3248 2832 3562 2902 alienigena.
3595 2832 3749 2898 Quod

2167 2935 2339 2979 autem
2362 2926 2464 2990 ait,
2489 2942 2588 2978 non
2611 2927 2812 2993 poteris,
2839 2924 3235 2995 intelligendum
3263 2933 3364 2987 est,
3382 2939 3487 2980 non
3507 2923 3749 2981 debebis.

2236 3017 2448 3072 XXVII.
2487 3016 2586 3090 [lb.
2618 3032 2750 3081 xvn,
2785 3016 2898 3090 17.]
2927 3019 2999 3074 De
3016 3034 3139 3089 rege
3158 3032 3279 3074 cum
3310 3017 3612 3086 loqneretur
3639 3018 3745 3086 ait,

2169 3107 2291 3164 Non
2317 3109 2670 3180 multiplicabit
2693 3109 2786 3164 sibi
2816 3127 3018 3177 uxores,
3047 3121 3100 3164 ut
3125 3128 3223 3166 non
3257 3110 3481 3170 discedat
3505 3126 3592 3164 cor
3614 3111 3750 3178 eius:
3838 3095 3843 3101 ’

2167 3212 2214 3257 et
2229 3212 2490 3274 argentum
2517 3212 2562 3255 et
2586 3219 2766 3256 aurum
2794 3219 2894 3257 non
2915 3204 3262 3273 multiplicabit
3289 3205 3382 3260 sibi
3403 3203 3572 3260 ualde.
3595 3201 3747 3262 Unde

2167 3294 2418 3364 quaeritur
2441 3302 2618 3348 utrum
2647 3293 2810 3349 David
2833 3302 3016 3350 contra
3043 3294 3143 3350 hoc
3173 3306 3496 3365 praeceptum
3523 3311 3628 3351 non
3665 3295 3742 3351 fe-

2167 3384 2335 3438 cerit:
2366 3399 2472 3439 non
2503 3385 2642 3439 enim
2674 3400 2832 3439 unam
2860 3384 3042 3440 habuit
3062 3401 3278 3442 uxorem
3307 3385 3372 3457 (11
3400 3385 3527 3456 Reg.
3553 3402 3606 3453 v,
3630 3384 3744 3456 i3).

2165 3476 2297 3532 Nam
2335 3475 2402 3531 de
2430 3477 2715 3532 Salomone
2751 3477 3082 3532 manifestum
3107 3485 3190 3531 est
3215 3477 3355 3548 quod
3385 3486 3747 3547 transgressus

2166 3565 2326 3622 fuerit
2353 3566 2456 3621 hoc
2481 3576 2824 3636 praeceptum,
2852 3575 2904 3622 et
2935 3568 2987 3621 in
3015 3565 3248 3632 feminis,
3277 3577 3332 3624 et
3352 3568 3405 3622 in
3434 3583 3586 3633 auro,
3611 3575 3666 3622 et
3689 3567 3742 3622 in

2165 3667 2405 3727 argento.
2429 3655 2535 3712 Sed
2562 3658 2681 3712 hinc
2711 3657 2884 3726 potius
2905 3657 3210 3727 intelligitur
3237 3657 3549 3727 permissum
3577 3656 3745 3712 fuisse

2166 3748 2398 3818 regibus,
2427 3756 2483 3800 ut
2503 3746 2683 3814 plures
2707 3745 2965 3802 baberent
2981 3763 3138 3816 quam
3168 3763 3326 3801 unam
3355 3765 3368 3800 :
3396 3746 3746 3816 multiplicare

2165 3839 2306 3894 enim
2331 3837 2577 3907 prohibiti
2607 3848 2762 3892 sunt:
2792 3854 2910 3907 qua:
2939 3838 3226 3909 prohibitio
3253 3855 3356 3893 non
3383 3839 3543 3893 habet
3567 3847 3744 3892 trans-

2164 3929 2488 4000 gressionem
2510 3967 2528 3994 ,
2571 3928 2614 3982 si
2645 3943 2829 3998 paucae
2856 3927 3087 3995 fuerint,
3125 3929 3261 3984 sicut
3298 3929 3459 3983 David
3497 3928 3742 3992 fuerunt;

2167 4034 2271 4073 non
2299 4027 2474 4072 autem
2506 4018 2706 4083 multae,
2734 4019 2873 4073 sicut
2905 4018 3195 4074 Salomoni.
3224 4019 3474 4086 Quamvis
3498 4034 3619 4074 cum
3648 4017 3746 4074 ad.

2165 4109 2317 4177 didit,
2347 4121 2399 4163 ut
2423 4126 2524 4164 non
2548 4109 2770 4163 discedat
2797 4126 2882 4162 cor
2902 4111 3030 4179 ejus,
3060 4109 3161 4165 hoc
3185 4111 3350 4179 magis
3371 4109 3575 4165 videtur
3603 4125 3742 4179 pra:-

2163 4202 2393 4270 cepisse,
2416 4215 2482 4254 ne
2511 4199 2910 4268 multiplicando
2931 4200 3205 4268 perveniat
3227 4201 3292 4255 ad
3314 4201 3636 4271 alienigenas
3661 4198 3742 4255 fe-

2165 4292 2334 4345 minas
2367 4309 2379 4344 :
2415 4306 2508 4360 per
2526 4305 2655 4358 quas
2684 4289 2877 4343 factum
2909 4298 2991 4344 est
3016 4289 3066 4343 in
3097 4290 3400 4352 Salomone,
3423 4289 3739 4344 utdiscede—

2165 4391 2245 4436 ret
2265 4397 2357 4435 cor
2379 4381 2493 4450 ejus
2523 4396 2550 4434 a
2578 4381 2687 4434 Deo
2717 4380 2804 4451 (111
2837 4380 2964 4448 Reg.
2992 4396 3051 4446 ll,
3084 4381 3110 4435 1
3132 4381 3240 4451 ui).
3269 4379 3630 4449 Multiplicatio
3655 4388 3740 4434 ωε

2165 4490 2284 4529 men
2315 4473 2635 4542 generaliter
2677 4473 2748 4526 ita
2796 4473 3057 4541 prohibita
3100 4481 3202 4539 est,
3232 4482 3288 4526 ut
3316 4471 3522 4526 etiamsi
3546 4487 3610 4525 ex
3634 4471 3740 4526 lle-

2163 4564 2321 4619 braeis
2350 4563 2477 4619 solis
2501 4577 2592 4618 eas
2625 4563 3046 4632 multiplicasset,
3075 4571 3258 4617 contra
3287 4561 3389 4617 hoc
3419 4569 3741 4632 praeceptum

2165 4655 2351 4709 IECISSC
2377 4655 2564 4708 merito
2588 4653 2735 4722 argui
2765 4662 2966 4721 posset.

2236 4743 2467 4799 XXVIII.
2503 4742 2603 4814 [lb.
2629 4758 2775 4807 xvttt,
2807 4738 2948 4814 6-8.]
2985 4740 3046 4796 Si
3087 4752 3254 4794 autent
3279 4741 3614 4809 supervenerit
3640 4737 3742 4793 Le-

2164 4838 2284 4892 vites
2314 4852 2374 4890 ex
2399 4852 2499 4887 una
2527 4835 2777 4888 civitatum
2802 4842 3023 4899 tuarum,
3055 4850 3118 4888 ex
3141 4833 3366 4887 ontnibus
3393 4834 3514 4901 ﬁliis
3539 4831 3739 4896 Israel,

2165 4930 2250 4983 ubi
2278 4930 2384 4998 ipse
2411 4927 2602 4991 incolit,
2633 4927 2906 4980 secundum
2932 4925 3067 4997 quod
3092 4927 3227 4996 cupit
3253 4926 3422 4979 anima
3452 4928 3560 4995 ejus
3587 4927 3638 4979 in
3668 4926 3745 4978 lo-

2165 5039 2279 5075 cum
2303 5035 2450 5091 quem
2480 5019 2679 5088 elegerit
2712 5017 2958 5072 Dominus
2982 5059 2996 5081 ,
3039 5017 3090 5071 id
3129 5026 3209 5072 est
3229 5059 3242 5082 ,
3291 5018 3335 5070 si
3364 5014 3746 5071 desideraverit

2167 5113 2244 5166 ire
2269 5112 2334 5164 ad
2367 5111 2539 5162 locum
2580 5108 2668 5162 ubi
2710 5108 2963 5164 Dominus
3003 5108 3308 5168 invocatur;
3355 5116 3400 5160 et
3445 5105 3745 5160 ministrabit

2166 5204 2357 5257 nomini
2389 5202 2592 5255 Domini
2621 5201 2714 5254 Dei
2736 5201 2837 5262 sui,
2865 5202 2992 5254 sicut
3018 5217 3188 5254 omnes
3212 5205 3394 5272 fratres
3408 5201 3518 5269 ejus
3538 5199 3743 5265 Leuita’,

2168 5297 2250 5360 qui
2290 5303 2453 5346 astant
2488 5292 2555 5344 ibi
2593 5308 2760 5345 corant
2799 5291 3018 5345 Domino
3060 5307 3076 5344 :
3117 5301 3304 5361 partem
3335 5291 3570 5359 partitam
3599 5291 3744 5356 edet,

2167 5395 2346 5456 prwter
2364 5384 2713 5451 venditionem,
2749 5401 2860 5454 qua:
2888 5394 2958 5438 cst
2987 5384 3255 5438 secundum
3283 5383 3550 5454 familiam.
3577 5382 3745 5448 Quam

2169 5475 2308 5529 dicat
2338 5474 2715 5539 venditionem,
2747 5475 3030 5528 obscurum
3057 5485 3138 5527 est
3171 5491 3183 5526 :
3213 5473 3313 5526 nisi
3340 5472 3478 5526 forte
3501 5473 3621 5542 quia
3648 5471 3749 5525 de-

2169 5566 2480 5619 citnationes
2519 5575 2570 5619 ct
2605 5565 2950 5634 primogenita
2994 5565 3246 5633 pra‘ccpit
3281 5564 3433 5618 vendi
3457 5564 3524 5618 ab
3552 5565 3629 5618 eis
3655 5563 3744 5633 qui

2169 5656 2222 5709 in
2249 5656 2533 5726 longinquo
2560 5656 2873 5716 habitarent,
2905 5671 2970 5707 ne
2999 5655 3159 5708 multa
3187 5663 3506 5724 cogerentur
3532 5663 3746 5723 portare

2172 5745 2238 5802 ad
2267 5747 2438 5802 locum
2470 5745 2817 5801 invocatiouis
2847 5744 3078 5813 Domini,
3110 5745 3190 5800 vel
3223 5759 3413 5816 pecora
3440 5743 3658 5810 ducere,
3687 5751 3747 5800 ut
