4136 6472
363 379 466 435 ’1111

363 493 470 549 illic
492 490 560 545 ab
587 489 664 544 eis
691 487 866 542 denuo
891 493 1193 542 emerentur
1217 500 1282 540 ex
1311 485 1496 540 eodem
1522 485 1723 556 pretio;
1753 493 1806 540 et
1830 485 1943 554 jus-

362 591 508 638 scrat
535 580 732 634 habere
759 579 829 632 ibi
861 587 1062 646 partem
1096 575 1360 642 Levitam,
1393 577 1481 646 qui
1520 587 1759 630 maneret
1793 577 1844 628 in
1881 590 1943 630 ca

361 673 592 734 civitate,
625 668 764 724 unde
791 668 894 722 illa:
919 668 1298 722 decimatioues
1325 679 1378 723 et
1404 668 1750 737 primogenita
1778 667 1943 720 debe-

345 743 573 817 bantur.
606 759 673 814 Et
701 758 818 814 ideo
844 759 976 812 dixit
1013 758 1300 813 secundum
1349 758 1596 811 familiam
1639 758 1739 812 hoc
1763 757 1944 812 deberi

361 853 586 914 Levitm,
609 851 864 920 quoniam
907 865 973 904 ex
1000 849 1338 904 successione
1365 864 1466 918 qua
1493 849 1727 903 succedit
1756 863 1945 918 paren-

363 945 504 1000 tibus
532 945 663 1010 suis,
694 943 796 998 hoc
827 943 966 997 circa
991 957 1113 995 eum
1159 941 1359 996 servari
1399 949 1628 1010 oportet,
1662 939 1804 1010 quod
1847 954 1942 1010 pa-

361 1036 602 1091 rentibus
630 1034 925 1088 exhibitum
956 1041 1058 1087 est.

433 1123 742 1196 XXIX.[lb.
774 1139 918 1189 xvtu,
950 1121 1061 1196 11,]
1087 1122 1345 1190 Quoniam
1379 1130 1741 1192 portentorum
1766 1121 1943 1191 iuSpe-

361 1227 538 1273 ctores
586 1216 831 1287 prohibet
871 1231 991 1270 esse
1035 1216 1087 1268 in
1116 1215 1312 1285 pepqu
1344 1215 1468 1278 Dei,
1493 1213 1839 1285 qumrendnm
1864 1221 1946 1267 est

361 1309 631 1381 quomodo
673 1309 771 1363 ista
820 1316 1064 1377 portenta
1128 1322 1246 1376 quae
1309 1306 1494 1375 inspici
1543 1305 1894 1376 prohibentur
1924 1345 1940 1370 ,

362 1401 734 1456 discernantur
761 1391 836 1452 ab.
868 1399 946 1452 eis
972 1413 1090 1467 qua:
1115 1397 1365 1451 divinitus
1394 1399 1465 1451 ita
1489 1396 1712 1461 dantur,
1739 1404 1795 1448 ut
1818 1395 1943 1465 quid

363 1491 665 1561 signiﬁcent
689 1489 792 1545 dici
821 1489 1011 1543 debeat
1039 1507 1051 1541 :
1077 1489 1212 1542 sicut
1246 1488 1421 1542 omnia
1453 1487 1725 1548 miracula,
1749 1501 1866 1555 qua}
1891 1486 1943 1538 in

360 1584 648 1653 Scripturis
672 1583 1002 1652 reperiuntur
1031 1577 1381 1651 signiﬁcantia
1416 1579 1556 1648 quod
1593 1579 1849 1648 pertineat
1877 1575 1944 1632 ad

364 1675 600 1747 regulam
631 1673 784 1736 ﬁdei;
817 1674 952 1728 sicut
977 1671 1204 1727 dicimus
1233 1671 1357 1740 quid
1383 1669 1756 1740 signiﬁcaverit
1775 1669 1944 1723 vellus

363 1769 416 1823 in
446 1781 568 1822 area
590 1765 857 1834 compluta
887 1765 1110 1828 siccum,
1140 1763 1224 1818 vel
1263 1763 1315 1816 in
1360 1762 1500 1817 sicca
1539 1776 1661 1815 area
1706 1760 1947 1831 complu-

363 1867 474 1913 tum
511 1857 705 1931 (Judic.
747 1873 820 1924 vt,
857 1857 1082 1925 57-40);
1126 1865 1216 1909 aut
1253 1857 1400 1926 virga
1427 1857 1602 1910 Aaron
1624 1871 1741 1924 quae
1768 1855 1945 1908 ﬂoruit

367 1951 554 2024 (Num.
578 1967 704 2016 xvu,
728 1950 803 2020 8),
837 1958 890 2004 et
914 1964 1076 2004 nuces
1091 1949 1297 2012 attulit;
1319 1957 1373 2002 et
1393 1957 1587 2002 czetera
1618 1945 1960 2015 hujusmodi.-

361 2043 511 2099 Sicut
551 2055 726 2099 autem
771 2043 1145 2098 discernuntur
1181 2041 1554 2104 divinationes,
1587 2053 1720 2110 quas
1757 2052 1946 2093 conse-

363 2145 588 2204 quenter
630 2133 889 2203 prohibct,
921 2148 950 2186 a
998 2132 1430 2202 prcedictionibus
1464 2131 1549 2186 vel
1587 2130 1944 2184 annuntiatio—

363 2225 521 2285 nibus
548 2224 952 2296 Prophetarum,
975 2223 1052 2278 sic
1080 2224 1180 2277 illa:
1210 2223 1567 2292 inspectiones
1586 2221 1944 2291 prodigiorum

363 2332 396 2372 a
425 2317 894 2388 signiﬁcationibus
919 2316 1217 2372 divinorum
1248 2315 1617 2370 miraculorum
1641 2315 1946 2370 discernen-

364 2406 448 2463 (ιω
485 2417 626 2461 sunt.

436 2497 608 2553 XXX.
639 2496 741 2569 [lb.
771 2513 861 2563 xx,
889 2496 968 2569 4.]
1007 2496 1258 2562 Quoniam
1297 2495 1544 2551 Dominus
1564 2496 1702 2550 Deus
1743 2504 1900 2550 vester
1925 2537 1942 2561 ,

366 2589 454 2657 qui
484 2587 715 2659 prmccdit
742 2586 1010 2650 vobiscum,
1043 2587 1194 2641 simul
1221 2586 1484 2640 debellabit
1506 2585 1752 2641 vobiscum
1776 2586 1946 2638 inimi-

367 2696 453 2739 cos
476 2689 698 2745 vestros,
740 2687 784 2732 ct
818 2679 982 2734 salvos
1013 2679 1160 2749 faciet
1191 2695 1294 2734 vos.
1326 2679 1465 2732 Ecce
1497 2676 1944 2747 quemadmodqu

367 2777 425 2828 et
461 2770 514 2824 in
554 2769 914 2840 Spiritualibus
954 2769 1290 2824 conﬂictibus
1326 2769 1646 2838 sperandum
1675 2779 1730 2823 et
1759 2777 1945 2837 peten-

367 2861 492 2918 dum
531 2869 614 2917 est
653 2861 973 2930 adjutorium
1004 2861 1114 2926 Dei,
1138 2876 1246 2918 non
1274 2870 1331 2914 ut
1356 2876 1452 2914 nos
1482 2860 1611 2914 nihil
1650 2860 1903 2914 faciamus
1926 2900 1942 2925 ,

367 2953 462 3010 sed
487 2961 546 3010 ut
571 2953 735 3024 adjuti
761 2967 1134 3024 coopercmur.
1157 2951 1247 3007 Sic
1273 2951 1413 3006 enim
1441 2952 1534 3018 ait,
1563 2950 1830 3008 debellabit
1854 2967 1944 3004 va-

367 3045 578 3112 biscum,
611 3054 666 3100 ut
703 3047 861 3102 etiam
902 3046 1046 3117 ipsos
1077 3053 1287 3101 acturos
1320 3044 1461 3116 quod
1502 3044 1763 3115 agendum
1804 3052 1948 3100 esset

366 3137 690 3192 ostenderet.

436 3227 630 3282 XXXI.
660 3225 759 3300 [lb.
780 3243 870 3292 xx,
887 3225 1026 3300 5-7.]
1045 3227 1108 3281 Et
1125 3227 1390 3298 loquentur
1405 3226 1580 3283 scriba:
1607 3227 1674 3280 ad
1704 3227 1946 3297 pupulum

367 3318 606 3386 dicentes,
641 3319 766 3384 Quis
793 3327 866 3372 est
894 3319 1042 3372 homo
1079 3319 1166 3388 qui
1192 3319 1457 3388 aediﬁcavit
1486 3318 1689 3371 domum
1726 3335 1903 3372 novam
1927 3360 1942 3383 ,

367 3418 416 3466 et
461 3424 562 3463 non
611 3408 854 3463 dedicavit
894 3411 1043 3464 eam?
1070 3409 1258 3475 vadat,
1288 3419 1335 3464 et
1365 3417 1638 3463 revertatur
1661 3410 1711 3463 in
1743 3411 1947 3463 domum

365 3517 533 3567 mam,
578 3517 640 3556 ne
667 3502 911 3555 moriatur
937 3503 990 3555 in
1013 3501 1163 3569 bello,
1192 3511 1240 3557 et
1264 3502 1412 3556 homo
1437 3503 1570 3556 alius
1597 3502 1787 3555 dedicet
1814 3519 1938 3558 eam.

368 3593 439 3647 Et
461 3595 574 3665 quis
597 3604 668 3648 est
697 3596 845 3650 homo
869 3597 954 3666 qui
982 3597 1249 3666 pastinavit
1274 3597 1489 3663 vineam,
1522 3606 1570 3652 et
1598 3613 1697 3650 non
1725 3606 1797 3650 est
1823 3615 1948 3668 epu-

367 3685 500 3741 latus
528 3703 591 3742 ea:
615 3688 708 3742 ea?
734 3688 901 3754 vadat,
947 3698 994 3742 et
1019 3698 1294 3742 revertatur
1330 3690 1383 3743 in
1413 3688 1616 3742 domum
1659 3705 1841 3758 suam,
1886 3707 1949 3745 ne

368 3780 613 3836 moriatur
632 3781 684 3839 in
710 3779 857 3846 bello,
883 3790 929 3834 et
954 3781 1102 3835 homo
1127 3781 1260 3835 alius
1284 3781 1513 3850 epuletur
1538 3798 1603 3837 ea:
1636 3797 1718 3836 ea.
1751 3781 1817 3836 Et
1836 3782 1947 3853 quis

367 3877 440 3924 est
463 3869 610 3924 homo
647 3871 734 3942 qui
767 3872 1020 3940 sponsavit
1064 3888 1293 3939 uxorem,
1346 3882 1394 3926 et
1439 3889 1541 3926 non
1578 3873 1769 3944 accepit
1793 3875 1949 3930 eam?

367 3960 535 4025 vadat,
562 3971 608 4015 et
636 3961 804 4014 redeat
828 3962 879 4014 in
909 3961 1113 4015 domum
1133 3978 1275 4016 suam
1293 4004 1305 4025 ,
1340 3979 1401 4016 ne
1424 3963 1668 4018 moriatur
1693 3965 1747 4018 in
1772 3965 1900 4018 bello
1928 4005 1944 4031 ,

366 4060 415 4104 et
445 4049 592 4104 homo
619 4052 749 4105 alius
773 4051 987 4120 accipiat
1007 4069 1136 4105 eam.
1163 4053 1389 4107 Possunt
1412 4069 1628 4109 movere
1651 4055 1774 4121 ista,
1796 4055 1946 4126 quasi

367 4141 589 4196 meliore
618 4142 921 4197 conditione
952 4143 1246 4196 moriantur
1277 4144 1328 4196 in
1356 4143 1518 4210 bello,
1549 4145 1638 4214 qui
1661 4145 1771 4215 jam
1801 4145 1950 4200 dedi-

367 4241 619 4290 caverunt
639 4231 859 4286 mdiﬁcia
879 4249 994 4300 sua,
1008 4233 1224 4302 jamque
1253 4233 1447 4303 epulati
1477 4244 1599 4289 sunt
1619 4235 1684 4290 de
1703 4237 1944 4303 novellis,

365 4321 577 4393 iamque
605 4323 870 4378 duxerunt
897 4340 1120 4394 sponsas
1150 4341 1293 4392 suas,
1325 4342 1483 4396 quam
1511 4327 1544 4380 ii
1572 4329 1660 4398 qui
1689 4330 1944 4384 nondum.

366 4413 468 4470 Sed
503 4415 753 4485 quoniam
799 4415 883 4470 his
916 4416 1074 4470 rebus
1100 4425 1311 4472 tenetur
1340 4417 1599 4472 humanus
1627 4419 1866 4486 allectus,
1895 4431 1949 4477 et

368 4506 545 4578 magni
579 4507 910 4560 :estimantur
940 4506 1054 4560 hazc
1079 4507 1146 4561 ab
1183 4507 1514 4574 hominibus;
1549 4509 1946 4580 intelligendum

369 4606 451 4654 est
471 4597 538 4652 ad
568 4597 669 4652 hoc
694 4597 791 4652 ista
821 4599 923 4654 dici
949 4601 998 4653 in
1029 4601 1220 4656 bellum
1252 4603 1658 4671 procedentibus
1677 4645 1692 4669 ,
1723 4613 1778 4657 ut
1805 4605 1950 4673 quis-

370 4690 486 4759 quis
513 4691 690 4745 animo
717 4691 800 4745 his
826 4701 1052 4755 tenetur,
1078 4703 1331 4762 appareat
1360 4709 1480 4748 cum
1513 4697 1800 4748 revertitur
1821 4737 1835 4762 ,
1880 4711 1947 4752 ne

369 4791 584 4853 prOptcr
609 4782 708 4837 hoc
743 4783 916 4837 minus
955 4783 1161 4838 fortiter
1197 4794 1355 4856 agat,
1387 4785 1512 4838 dum
1548 4785 1698 4842 timet
1727 4801 1791 4840 ne
1822 4796 1946 4842 ante

369 4878 655 4942 moriatur,
702 4893 859 4948 quam
900 4877 1116 4931 domum
1147 4877 1503 4943 dedicaverit,
1532 4887 1622 4933 aut
1648 4878 1713 4932 de
1743 4879 1948 4934 novella

369 4981 461 5021 sua
489 4968 710 5032 biberit,
739 4976 830 5022 aut
865 4983 1114 5037 sponsam
1157 4982 1309 5021 suam
1351 4967 1582 5023 duxerit.
1611 4969 1743 5024 Nam
1770 4970 1949 5038 utique

369 5074 623 5130 quantum
671 5060 736 5115 ad
775 5059 1024 5114 feminam
1079 5061 1344 5130 pertinet,
1389 5061 1580 5118 melius
1617 5061 1772 5116 alteri
1802 5062 1950 5117 nubit

370 5153 562 5206 intacta
593 5167 749 5222 quam
784 5152 937 5205 vidua
975 5170 988 5204 :
1020 5152 1113 5206 sed
1146 5151 1280 5215 h;ec,
1325 5159 1381 5205 ut
1405 5151 1534 5220 dixi,
1563 5153 1798 5208 instituta
1826 5164 1950 5209 sunt

368 5252 584 5312 propter
611 5245 846 5296 virorum
877 5243 1083 5296 animos
1113 5242 1487 5312 explorandos.

437 5333 652 5388 XXXII.
685 5331 785 5406 [lb.
815 5349 942 5398 xxtt,
1073 5332 1191 5386 Non
1216 5342 1360 5386 erunt
1386 5351 1502 5387 vasa
1528 5333 1622 5388 viri
1654 5351 1805 5404 super
1837 5351 1950 5386 mu-

371 5422 539 5478 lierem
571 5440 589 5478 :
619 5440 742 5477 vasa
778 5423 966 5478 bellica
992 5422 1104 5477 vult
1134 5424 1372 5493 intelligi,
1406 5424 1458 5478 id
1487 5434 1588 5490 cst,
1620 5440 1785 5478 arma.
1817 5426 1946 5480 Nam

367 5516 580 5586 quidam
607 5517 764 5570 etiam
793 5515 893 5568 hoc
925 5515 1252 5584 interpretati
1284 5523 1427 5568 sunt.

437 5605 669 5660 XXXIII.
704 5603 803 5678 [lb.
842 5622 971 5671 xxn,
1006 5603 1218 5679 Ili—9.1.]
1255 5605 1315 5658 Si
1361 5615 1525 5658 autem
1549 5607 1659 5675 quis
1702 5607 1948 5677 acceperit

369 5714 592 5762 uxorem,
613 5709 659 5753 et
680 5699 971 5752 habitaverit
994 5715 1108 5752 cum
1129 5715 1206 5761 ea,
1239 5706 1284 5751 et
1309 5697 1468 5751 oderit
1490 5715 1620 5762 eam,
1650 5707 1695 5750 ct
1722 5699 1946 5768 imponat

365 5794 412 5846 si
455 5792 730 5848 occasionis
757 5793 900 5848 verba
917 5831 936 5861 ,
963 5801 1008 5847 et
1037 5791 1268 5848 detulerit
1296 5793 1340 5847 ei
1369 5807 1548 5848 nomen
1577 5791 1873 5862 malignum,
1899 5802 1945 5846 ct

1721 370 1923 426 LIBER
1959 370 2276 439 QUINTUS.

3525 375 3628 431 762

2047 483 2252 546 dixerit,
2284 481 2546 539 Mulierem
2574 485 2704 538 Itane
2731 485 2920 556 accepi,
2953 494 3000 539 et
3025 485 3268 542 accedens
3295 485 3363 539 ad
3389 501 3498 540 eant
3523 504 3623 541 non

2048 575 2212 629 inveni
2236 577 2342 646 ejus
2368 577 2632 647 virginalia
2665 593 2684 632 :
2709 578 3023 646 et‘accipiens
3053 587 3194 647 pater
3215 577 3414 648 puellm,
3443 587 3490 631 et
3516 595 3628 631 ma-

2049 678 2142 734 ter,
2176 669 2448 747 producent
2483 670 2744 740 virginalia
2770 669 2950 738 puellm
2978 671 3045 722 ad
3071 671 3287 724 seniores
3313 671 3381 722 ad
3401 679 3624 740 portam,

2049 769 2094 812 et
2125 759 2253 812 dicet
2274 770 2414 830 pater
2433 760 2614 832 puellm
2637 761 2931 826 senioribus,
2955 761 3144 814 Filiam
3172 779 3330 815 meatu
3354 762 3483 814 hanc
3509 763 3626 814 dedi

2049 847 2239 903 homini
2263 849 2379 903 huic
2405 867 2629 914 uxorem,
2661 862 2704 905 et
2731 853 2844 905 odio
2865 852 3050 906 habens
3077 869 3205 917 eam,
3235 854 3341 922 ipse
3368 869 3501 906 nunc
3529 853 3627 904 im-

2049 942 2189 1010 ponit
2215 944 2260 995 ei
2286 945 2560 998 occasionis
2586 945 2731 998 verba
2757 945 2924 998 dicens
2944 988 2956 1009 ,
3003 944 3123 999 Non
3160 946 3324 998 inveni
3368 945 3492 1012 ﬁlim
3530 955 3630 998 tum

2049 1035 2315 1104 virginalia
2346 1052 2364 1090 :
2392 1048 2436 1090 et
2459 1054 2568 1091 ecce
2595 1039 2856 1108 virgine/ia
2897 1039 3018 1106 filim
3044 1053 3184 1090 metu.
3221 1037 3282 1090 Et
3320 1036 3628 1104 replicabunt

2049 1126 2264 1197 pallium
2292 1145 2459 1181 coram
2488 1129 2686 1182 senibus
2707 1130 2915 1182 civitatis
2942 1129 3097 1182 illius.
3133 1129 3198 1183 Et
3219 1129 3461 1196 accipient
3486 1143 3627 1181 senes

2048 1217 2260 1271 civitatis
2285 1218 2533 1271 hominem
2562 1218 2739 1283 illum,
2767 1230 2812 1274 et
2842 1221 3152 1290 castigabant
3179 1236 3312 1285 eum,
3342 1229 3386 1270 et
3421 1219 3623 1273 damni-

2049 1307 2270 1374 ﬁcabunt
2299 1325 2410 1362 eum
2444 1319 2639 1362 centum
2672 1310 2810 1365 siclis
2833 1351 2848 1376 ,
2887 1320 2932 1364 et
2960 1311 3148 1364 dabunt
3179 1311 3311 1378 patri
3336 1309 3629 1363 adolescen-

2051 1401 2203 1464 tulm;
2227 1402 2344 1468 quia
2373 1403 2578 1473 protulit
2607 1420 2785 1456 nomen
2803 1404 2990 1458 malum
3017 1421 3167 1473 super
3195 1404 3433 1473 virginem
3453 1401 3628 1456 Israe-

2050 1492 2184 1546 litem
2229 1509 2247 1548 :
2287 1504 2332 1549 et
2370 1495 2526 1564 ipsius
2570 1495 2662 1549 erit
2707 1511 2868 1559 uxor;
2908 1511 3008 1548 non
3041 1495 3219 1565 poterit
3245 1495 3488 1546 dimittere
3515 1508 3624 1544 eam

2049 1594 2286 1653 perpetuo
2303 1594 2542 1654 tempore.
2565 1587 2624 1640 Si
2639 1596 2801 1640 autem
2821 1602 2989 1640 verum
3007 1585 3194 1654 factum
3213 1585 3385 1639 sithoc
3405 1584 3626 1647 verbum,

2049 1685 2095 1727 et
2125 1691 2223 1728 non
2253 1677 2570 1730 inveniantur
2597 1677 2861 1747 virginaliu
2888 1676 3097 1746 puellm,
3123 1687 3168 1729 et
3199 1675 3474 1745 producent
3499 1675 3627 1727 ado-

2050 1765 2370 1820 lescentulam
2406 1768 2474 1820 ad
2503 1769 2720 1838 januam
2750 1768 2926 1822 domus
2953 1768 3108 1836 patris
3128 1766 3314 1836 ipsius,
3343 1775 3390 1819 et
3423 1765 3628 1834 lapida-

2049 1855 2167 1910 bunt
2197 1874 2305 1911 eam
2334 1859 2426 1911 viri
2455 1860 2664 1912 civitatis
2706 1861 2814 1929 ejus
2856 1859 2908 1912 in
2956 1859 3238 1928 lapidibus,
3269 1867 3314 1910 et
3353 1857 3630 1919 morietur;

2048 1952 2285 2021 quoniam
2335 1951 2450 2021 fecit
2482 1953 2853 2022 impudentiam
2882 1953 2934 2004 in
2963 1951 3084 2020 ﬁliis
3115 1950 3299 2016 Israel,
3333 1950 3632 2021 prostituere

2049 2042 2250 2096 domum
2300 2043 2457 2113 patris
2484 2043 2563 2096 sui
2589 2059 2608 2096 .'
2637 2053 2680 2096 et
2709 2043 2907 2111 auferes
2934 2043 3207 2111 malignum
3235 2057 3296 2095 ea:
3326 2041 3459 2094 vobis
3481 2038 3628 2108 ipsis.

2048 2132 2186 2187 Satis
2222 2131 2347 2188 hinc
2389 2141 2606 2203 apparet
2648 2133 3091 2202 quemadmodum
3133 2131 3371 2187 subditas
3408 2130 3630 2184 feminas

2052 2222 2215 2288 viris,
2268 2232 2323 2278 et
2361 2239 2495 2293 pene
2539 2224 2762 2279 famulas
2795 2223 2906 2278 Lex
2956 2238 3075 2278 esse
3117 2223 3345 2277 voluerit
3388 2234 3628 2276 uxores:

2049 2313 2188 2384 quod
2219 2315 2400 2370 dicens
2426 2315 2680 2372 adversus
2715 2331 2932 2370 uxorem
2975 2316 3057 2369 vir
3099 2313 3456 2390 testimonium
3488 2311 3633 2367 unde

2050 2403 2374 2474 lapidaretur
2411 2406 2520 2468 illa,
2559 2406 2604 2460 si
2641 2405 2743 2460 hoc
2767 2421 2950 2460 verum
2984 2421 3104 2460 esse
3132 2405 3628 2467 demonstraretur;

2050 2496 2165 2566 ipse
2193 2505 2367 2550 tamen
2397 2512 2500 2551 non
2529 2498 2760 2551 viciSsim
2788 2497 3070 2566 lapidatur,
3096 2497 3139 2549 si
3164 2495 3265 2552 hoc
3292 2495 3483 2550 falsum
3509 2509 3632 2552 esse

2050 2588 2376 2653 consﬁterit;
2419 2589 2905 2658 sed_tantummodo
2935 2587 3256 2658 castigatur,
3295 2596 3347 2642 et
3389 2583 3632 2640 damniﬁ-

2050 2691 2230 2748 cntur,
2277 2681 2431 2750 eique
2470 2689 2724 2750 perpetuo
2762 2681 2976 2751 jubetur
3012 2679 3286 2733 adlucrere
3315 2694 3417 2748 qua
3447 2692 3632 2731 carere

2049 2771 2306 2826 voluerat.
2350 2770 2406 2824 In
2447 2772 2564 2826 aliis
2588 2779 2765 2826 autem
2804 2772 3000 2835 causis,
3036 2785 3156 2824 eum
3200 2768 3289 2839 qui
3327 2767 3631 2824 testimonio

2051 2861 2183 2916 falso
2222 2861 2469 2931 cuiquam
2511 2863 2770 2927 nocuerit,
2803 2877 2981 2932 quem,
3013 2860 3057 2915 si
3085 2861 3398 2930 probaretur
3421 2900 3436 2925 ,
3471 2858 3632 2929 jussit

2051 2954 2253 3022 occidi,
2296 2954 2480 3009 eadem
2528 2970 2682 3024 poena
2719 2955 2877 3026 plecti
2898 2954 3068 3025 jubet,
3110 2969 3212 3025 qua
3243 2953 3432 3019 fuerat,
3457 2953 3504 3006 si
3533 2965 3631 3006 ve-

2051 3064 2167 3102 rum
2197 3057 2356 3112 esset,
2392 3048 2492 3102 iste
2521 3047 2851 3117 plectendus.

2123 3137 2366 3194 XXXIV.
2395 3135 2495 3211 [lb.
2529 3154 2673 3204 xxu,
2707 3138 2798 3205 28,
2843 3138 2931 3206 29,
2967 3135 3078 3212 I9.]
3123 3137 3184 3194 Si
3207 3146 3372 3192 autem
3396 3135 3636 3190 invenerit

2049 3231 2232 3302 aliquis
2257 3231 2478 3303 puellam
2507 3231 2745 3302 virginem
2785 3248 2897 3304 qum
2937 3242 3177 3304 sponsata
3220 3247 3321 3285 non
3347 3238 3435 3292 est,
3462 3238 3510 3283 et
3532 3228 3634 3282 vim

2051 3323 2240 3392 faciens
2268 3324 2314 3376 ei
2338 3323 2596 3376 dormierit
2631 3339 2746 3376 cum
2793 3339 2888 3389 ea,
2929 3333 2976 3377 et
3012 3323 3240 3376 inventus
3284 3322 3464 3392 fuerit;
3495 3317 3636 3375 dabit

2052 3412 2201 3466 homo
2224 3413 2309 3483 qui
2337 3412 2567 3466 dormivit
2593 3430 2708 3467 cum
2725 3429 2808 3480 ea,
2825 3413 2955 3483 patri
2979 3413 3158 3482 puellm
3171 3411 3534 3482 quinquaginta
3553 3410 3635 3464 di-

2051 3502 2296 3556 drachma
2317 3503 2332 3534 ¹
2355 3503 2585 3572 argenti,
2631 3513 2678 3557 et
2711 3503 2870 3572 ipsius
2903 3504 2993 3557 erit
3019 3520 3148 3558 uxor
3163 3519 3183 3568 ;
3207 3503 3323 3573 quia
3349 3500 3634 3556 humiliavit

2050 3610 2161 3648 eam
2192 3609 2330 3648 :non
2358 3595 2536 3662 poterit
2561 3594 2809 3648 dimittere
2835 3610 2946 3648 eam
2980 3610 3070 3662 per
3092 3610 3239 3648 omne
3275 3603 3489 3662 tempus.
3517 3591 3630 3647 Me-

2051 3684 2155 3738 rito
2177 3684 2434 3753 quarritur
2460 3693 2637 3738 utrum
2666 3683 2764 3738 ista
2795 3699 2950 3754 pmna
2977 3685 3065 3751 sit,
3099 3693 3153 3738 ut
3183 3698 3438 3739 noneam
3462 3681 3631 3753 possit

2051 3773 2325 3840 dimittere,
2359 3790 2454 3845 per
2478 3791 2635 3831 omne
2664 3784 2893 3847 tempus,
2933 3792 3092 3847 quam
3133 3775 3430 3830 inordinate
3471 3784 3630 3846 atque

2052 3864 2232 3919 illicite
2261 3865 2490 3920 violavit.
2521 3866 2576 3920 Si
2607 3867 2749 3920 enim
2775 3867 2844 3921 ob
2867 3865 2968 3921 hoc
2999 3867 3293 3936 intelligere
3309 3865 3631 3920 voluerimus

2053 3973 2168 4013 eam
2201 3973 2306 4014 non
2344 3973 2529 4028 posse,
2559 3957 2611 4012 id
2636 3967 2717 4012 est
2742 3975 2846 4012 non
2876 3958 3073 4014 debere
3098 3958 3289 4012 dimitti
3334 3971 3431 4027 per
3471 3971 3632 4011 omne

2055 4057 2282 4116 tempus,
2333 4050 2452 4118 quia
2495 4066 2627 4103 uxor
2667 4048 2852 4104 eﬂ‘ecla
2901 4057 3004 4117 est,
3043 4049 3280 4104 occurrit
3324 4045 3451 4102 illud
3490 4047 3631 4118 quod

2052 4138 2295 4208 permisit
2333 4139 2544 4210 Moyses
2572 4139 2699 4194 dare
2740 4141 2972 4194 libellum
3013 4140 3239 4211 repudii,
3275 4148 3330 4194 et
3369 4138 3635 4193 dimittere

2058 4227 2229 4299 (Deut.
2256 4245 2398 4297 xxtv,
2434 4229 2510 4299 1).
2543 4229 2598 4283 In
2625 4229 2709 4284 his
2739 4240 2914 4286 autem
2950 4231 3038 4301 qui
3082 4231 3263 4286 illicite
3301 4229 3506 4292 vitiant,
3534 4243 3635 4282 no-

2054 4320 2150 4374 luit
2180 4321 2358 4387 licere,
2390 4337 2456 4375 ne
2484 4321 2548 4374 ad
2568 4322 2852 4375 ludibrium
2879 4322 3066 4376 fecisse
3094 4322 3353 4384 videatur,
3385 4328 3437 4374 et
3458 4321 3635 4392 potius

2054 4412 2270 4468 ﬁnxisse
2296 4413 2436 4483 quod
2463 4429 2580 4468 eam
2612 4429 2830 4467 uxorem
2860 4414 3088 4477 duxerit,
3120 4429 3278 4482 quam
3305 4427 3430 4467 vere
3465 4412 3632 4482 placi-

2055 4515 2215 4574 toque
2253 4505 2486 4559 duxisse.
2517 4506 2630 4560 Hoc
2659 4514 2711 4559 et
2739 4505 2807 4560 de
2835 4505 2917 4558 illa
2945 4505 3150 4574 jussum
3189 4512 3308 4570 est,
3355 4504 3439 4558 cui
3477 4503 3637 4558 fuerit

2052 4594 2134 4648 vir
2160 4595 2510 4648 calumniatus
2535 4593 2600 4648 de
2631 4594 2975 4664 virginalibus
3001 4610 3104 4648 non
3131 4594 3379 4647 inventis.

2126 4684 2347 4739 XXXV.
2382 4683 2484 4757 [lb.
2520 4699 2672 4749 xx'ttt,
2713 4685 2765 4748 5,
2785 4683 2863 4757 4.]
2888 4683 3006 4738 Νοη
3033 4685 3233 4738 intrabit
3256 4683 3566 4739 Ammanites
3588 4693 3637 4738 et

2056 4771 2300 4827 Moabites
2325 4773 2379 4827 in
2411 4773 2689 4827 Ecclesiam
2733 4773 2960 4842 Domini,
3010 4784 3056 4828 et
3093 4791 3247 4844 usque
3283 4775 3350 4827 ad
3389 4774 3636 4828 decimam

2053 4865 2421 4936 generationem
2440 4883 2541 4919 non
2560 4865 2766 4919 intrabit
2785 4866 2837 4920 in
2866 4865 3147 4920 Ecclesiam
3166 4864 3396 4932 Domini,
3417 4876 3461 4919 et
3483 4882 3638 4935 usque

2053 4955 2105 5008 in
2134 4964 2392 5010 mternum.
2439 4957 2674 5023 Qumstio
2719 4965 2834 5025 est,
2876 4957 3143 5027 quomodo
3174 4958 3451 5010 intraverit
3493 4957 3636 5010 Ruth

2053 5063 2170 5116 qua:
2210 5046 2452 5102 Moabitis
2492 5048 2589 5102 fuit
2629 5048 2810 5120 (Ruth.
2859 5064 2897 5116 ι,
2927 5049 3042 5120 2‘2),
3089 5048 3156 5102 de
3196 5064 3295 5117 qua
3325 5048 3483 5100 etiam
3511 5063 3637 5102 caro

2056 5139 2261 5193 Domini
2289 5140 2546 5209 originem
2579 5140 2723 5194 ducit
2748 5138 2958 5213 (Matth.
2990 5155 3043 5207 ι,
3073 5139 3150 5207 5).
3181 5137 3290 5191 Nisi
3319 5138 3452 5192 forte
3479 5137 3632 5190 istam

2055 5231 2280 5301 mystice
2309 5231 2701 5301 prephetavcrit
2728 5231 3060 5292 intraturam,
3091 5227 3230 5299 quod
3257 5227 3348 5294 ait,
3378 5243 3532 5297 usque
3569 5227 3637 5280 ad

2054 5322 2158 5374 dcci
2166 5339 2295 5375 mam
2311 5323 2696 5393 generationem.
2712 5321 3098 5390 Computantur
3108 5319 3246 5373 enim
3269 5317 3636 5387 generationes

2055 5426 2121 5465 ex
2155 5411 2443 5476 Abraham,
2483 5412 2696 5482 quando
2726 5413 2824 5466 fuit
2849 5419 2904 5466 et
2927 5411 3025 5466 Lot
3052 5409 3142 5480 qui
3163 5410 3344 5477 genuit
3382 5408 3635 5464 Moabitas

2053 5513 2105 5556 et
2130 5503 2458 5558 Ammanitas
2485 5519 2550 5558 cx
2575 5503 2785 5558 ﬁliabus
2811 5501 2964 5573 (Gen.
2997 5517 3106 5567 χιχ,
3135 5501 3223 5568 57,
3248 5501 3369 5571 58);
3407 5511 3459 5555 et
3485 5501 3634 5554 inve-

2052 5593 2270 5646 niuntur
2307 5609 2426 5648 cum
2474 5594 2588 5664 ipso
2623 5595 2888 5649 Abraham
2933 5593 3190 5663 compleri
3236 5592 3418 5647 decem
3471 5606 3633 5661 gene-

2117 5741 2135 5804 ‘,
2159 5745 2207 5789 In
2231 5741 2449 5804 excusis_,_
2475 5738 3212 5804 quinquagintarditltjaclnnata.
3237 5747 3287 5790 tn
3321 5738 3501 5804 aliquot
3523 5745 3630 5790 Mss.

2050 5809 2102 5851 ut
2127 5802 2174 5850 iu
2196 5816 2371 5866 graeco,
2397 5800 2708 5853 ditli'acltinaf
2723 5809 2772 5852 tu
2794 5802 2915 5866 aliis,
2940 5801 3268 5858 didrac/uuas.
3307 5862 3313 5867 ε
