4136 6472
550 377 655 433 763
722 402 725 405 <

551 493 784 549 rationes
804 508 973 566 usque
996 495 1062 551 ad
1087 495 1302 553 Salmon
1324 538 1339 564 ,
1381 497 1469 569 qui
1500 495 1680 567 genuit
1708 494 1865 560 Booz,
1897 495 1984 564 qui
2014 508 2133 547 mae

552 590 689 641 ritus
714 586 981 642 secundus
1003 586 1105 643 fuit
1132 586 1293 642 Ruth.
1326 588 1462 643 Sunt
1487 586 1628 642 enim
1658 587 1794 655 istm,
1827 584 2089 641 Abraham
2118 627 2133 652 ,

550 676 914 745 Isaac,'Jacnb,
932 678 1115 747 Iudas,
1134 679 1355 747 Phares,
1381 681 1591 745 Esrom,
1616 678 1798 745 Aram,
1820 677 2132 745 Aminadab,

547 766 797 833 Naason,
848 771 1062 827 Salmon
1102 770 1360 827 :Salmon
1408 772 1602 842 quippe
1643 771 1826 842 genuit
1853 770 2011 835 Booz,
2045 770 2136 840 qui

548 861 760 918 viduam
791 863 940 918 duxit
964 863 1108 919 Ruth
1127 881 1140 927 ;
1170 880 1233 920 ac
1255 880 1349 935 per
1367 863 1470 920 hoc
1491 864 1704 919 videtur
1728 871 1848 935 post
1873 863 2133 919 decimam

549 957 942 1025 generationem
979 972 1148 1027 genus
1187 957 1378 1013 fecisse
1418 957 1469 1012 in
1516 956 1751 1012 Ecclesia
1800 955 2007 1011 Domini
2045 970 2136 1024 pa-

549 1049 737 1104 riendo
764 1050 896 1104 filios
921 1048 1019 1119 ipsi
1042 1050 1201 1105 Booz.
1239 1051 1343 1106 Sed
1370 1067 1465 1106 cur
1486 1050 1722 1105 additum
1751 1050 1847 1113 sit,
1898 1058 1944 1102 et
1981 1063 2137 1117 usque

548 1140 601 1194 in
626 1141 1093 1204 wternum,merito
1118 1142 1292 1197 adhuc
1321 1143 1594 1213 quaeritur.
1624 1143 1702 1195 An
1735 1142 1854 1211 quia
1885 1140 2134 1208 deinceps

549 1232 692 1286 nulla
742 1233 917 1288 anima
962 1232 1031 1288 de
1075 1234 1393 1289 Ammanitis
1434 1242 1489 1290 et
1534 1234 1774 1289 Moabitis
1818 1233 2035 1288 intravit
2078 1232 2130 1286 in

548 1320 690 1375 illam
732 1321 1027 1377 Ecclesiam
1056 1324 1234 1393 populi
1260 1323 1628 1391 Hebraeorum,
1656 1334 1999 1394 posteaquam
2032 1322 2130 1376 ista

546 1411 889 1480 generatione
948 1412 1154 1467 decima
1207 1413 1485 1485 prephetia
1552 1414 1815 1483 completa
1869 1411 1994 1469 est?
2049 1413 2132 1468 An

544 1501 722 1570 potius
755 1501 823 1556 ita
859 1501 1059 1583 dictum
1094 1512 1209 1568 est,
1247 1513 1295 1559 et
1341 1522 1496 1576 usque
1534 1506 1602 1558 ad
1639 1506 1882 1559 decimam
1919 1522 2130 1575 genera-

544 1595 747 1661 tionem,
762 1605 820 1650 ut
836 1598 1055 1651 omnino
1073 1610 1287 1668 semper
1307 1598 1527 1669 intelligi
1547 1599 1794 1666 voluerit,
1816 1613 1911 1668 per
1927 1597 2131 1654 denarii

544 1689 751 1743 numeri
794 1689 1079 1760 quamdam
1128 1691 1546 1760 universitatem,
1589 1699 1648 1746 ut
1680 1690 1783 1746 hoc
1828 1692 2132 1761 exposuerit

542 1780 936 1851 quodammodo
952 1782 1198 1838 addendo
1213 1792 1267 1838 et
1281 1782 1527 1851 dicendo,
1552 1793 1598 1837 et
1613 1800 1769 1853 usque
1786 1783 1845 1837 in
1855 1792 2093 1837 teternum
2106 1783 2136 1838 Ρ

543 1872 695 1940 Quod
726 1873 769 1928 si
800 1874 871 1928 ita
893 1883 994 1939 est,
1023 1872 1166 1929 Ruth
1194 1883 1378 1930 contra
1401 1882 1727 1945 praeceptum
1748 1874 1965 1929 vetitum
1987 1872 2130 1928 vidc-

543 1971 632 2018 tur
659 1962 912 2019 admissa.
961 1965 1042 2018 An
1086 1965 1420 2021 Ammanitas
1451 1964 1721 2036 prohibuit
1759 1964 1987 2030 admitti,
2023 1980 2127 2020 non

542 2054 951 2124 Ammanitidas,
984 2054 1036 2111 id
1065 2064 1165 2124 est,
1194 2059 1340 2113 viros
1369 2057 1512 2123 inde,
1536 2072 1643 2111 non
1670 2056 1937 2112 feminas?
1963 2057 2131 2111 maxi-

542 2161 630 2202 me
673 2148 793 2217 quia
834 2164 955 2203 cum
995 2152 1313 2204 evertissent
1361 2148 1614 2205 Israelitae
1662 2149 1830 2219 ipsam
1870 2158 2081 2220 gentem
2109 2189 2126 2216 ,

542 2254 730 2295 omnes
752 2240 895 2295 viros
916 2241 1163 2297 occidere
1198 2241 1332 2311 jussi
1370 2250 1513 2303 sunt,
1551 2240 1774 2296 feminas
1794 2252 1970 2296 autem
1997 2257 2127 2307 non,

541 2329 644 2385 nisi
677 2344 769 2386 eas
795 2347 914 2401 quae
941 2341 1200 2387 noverant
1232 2331 1572 2388 concubitum
1613 2331 1713 2387 viri
1755 2330 1941 2404 (Num.
1971 2346 2125 2396 xxxi,

542 2422 631 2487 17,
665 2419 791 2493 18);
821 2423 1072 2493 quoniam
1102 2423 1232 2495 ipsae
1277 2425 1329 2480 in
1377 2423 1775 2479 fornicationem
1808 2424 2129 2479 seduxerant

540 2518 795 2589 populum
830 2536 845 2574 :
876 2521 1108 2591 virgines
1133 2528 1310 2574 autem
1339 2520 1512 2575 salvas
1541 2533 1660 2573 esse
1688 2517 1988 2583 voluerunt,
2021 2533 2126 2571 non

540 2609 619 2664 eis
649 2610 971 2679 imputantes
996 2611 1207 2681 culpam
1237 2625 1339 2681 qua
1384 2610 1552 2666 everti
1595 2610 1681 2664 illa
1726 2623 1858 2680 gens
1895 2610 2124 2675 meruit;

538 2716 695 2768 quam
724 2701 885 2757 etiam
915 2700 1002 2757 hic
1029 2701 1488 2768 commemoravit,
1516 2702 1658 2757 velut
1684 2709 2014 2772 quaereretur
2033 2716 2130 2756 cur

536 2789 794 2846 Moabitas
818 2800 873 2848 et
898 2792 1230 2847 Ammanitas
1258 2791 1465 2847 admitti
1494 2792 1723 2846 noluerit
1750 2792 1802 2846 in
1831 2791 2124 2847 Eeclcsiam

541 2884 752 2939 Domini
794 2884 1113 2955 :subjunxit
1155 2884 1333 2952 enim,
1380 2882 1461 2938 Eo
1505 2883 1639 2953 quod
1682 2899 1783 2937 non
1825 2882 2128 2936 obviaverint

540 2978 676 3032 vobis
718 2994 833 3032 cum
886 2979 1100 3050 panibus
1143 2987 1190 3033 et
1230 2994 1364 3044 aqua
1408 2977 1464 3031 in
1518 2977 1635 3042 via,
1686 2992 1799 3030 cum
1840 2976 2039 3030 exiretis
2066 2975 2130 3028 de

542 3064 794 3138 zEgypto,
824 3076 872 3121 et
895 3069 1012 3136 quia
1040 3067 1389 3122 conduxerunt
1420 3067 1683 3121 adversum
1723 3076 1771 3120 te
1806 3065 2021 3120 Balaam
2058 3066 2125 3135 ﬁ-

543 3159 667 3213 lium
706 3158 838 3214 Beor
884 3159 949 3213 de
993 3157 1395 3231 Mesopotamia,
1448 3167 1506 3213 ut
1547 3158 1862 3213 malediceret
1904 3167 1971 3213 te.
2020 3157 2128 3214 IIas

543 3250 728 3321 culpas
757 3265 855 3307 nec
879 3258 1024 3319 tunc,
1047 3250 1258 3322 quando
1284 3251 1373 3306 illa
1402 3265 1532 3322 gens
1570 3249 1829 3305 debellata
1852 3256 1952 3314 est,
1980 3247 2129 3303 femi-

544 3340 629 3395 nis
670 3341 1082 3410 imputaverunt,
1115 3356 1246 3412 quas
1264 3341 1439 3396 salvas
1455 3354 1772 3396 conservare
1810 3340 2124 3395 maluerunt.

617 3431 855 3487 XXXVI.
880 3429 980 3506 [11).
1006 3449 1166 3498 xxnl,
1194 3433 1281 3501 15,
1306 3430 1419 3506 16.]
1446 3430 1569 3486 Non
1596 3431 1765 3486 trades
1787 3449 1994 3500 puerum
2036 3432 2128 3485 doc

544 3526 679 3580 mino
704 3542 817 3593 suo,
841 3526 927 3598 qui
945 3526 1204 3597 appositus
1223 3536 1295 3580 est
1318 3524 1406 3579 tibi
1431 3541 1462 3577 a
1482 3523 1686 3579 domino
1706 3539 1797 3578 suo
1821 3538 1841 3577 :
1861 3540 1965 3577 non
1988 3523 2127 3595 quod

544 3617 790 3672 dominus
805 3617 918 3688 ejus
938 3633 1058 3672 eum
1087 3618 1412 3688 apposuerit,
1444 3616 1496 3672 id
1522 3625 1605 3672 est
1631 3614 2124 3680 commendaverit;

544 3709 719 3778 potius
748 3710 888 3763 enim
918 3708 1216 3780 depositum
1247 3708 1492 3773 diceret;
1531 3708 1627 3764 sed
1656 3708 1958 3780 appositum
1997 3707 2131 3763 dixit

544 3817 574 3855 a
614 3801 829 3857 domino
871 3817 990 3870 suo,
1030 3802 1082 3857 id
1115 3810 1200 3858 est
1237 3801 1363 3858 huic
1401 3801 1731 3872 adjunctum,
1775 3812 1897 3856 cum
1938 3800 2005 3854 ab
2040 3800 2129 3855 illo

545 3893 889 3948 abscessisset
917 3910 932 3948 :
961 3910 1065 3948 non
1088 3909 1215 3963 ergo
1230 3892 1444 3963 suscipi,
1466 3891 1559 3947 sed
1582 3891 1729 3947 reddi
1751 3890 1930 3962 potius
1950 3890 2130 3961 prohi—

543 3987 659 4042 Imit
683 3986 951 4058 fugitivos.
985 3988 1098 4044 Hoc
1120 3989 1333 4058 quidem
1362 3987 1535 4058 putari
1565 3996 1767 4058 potest,
1797 3988 1897 4043 nisi
1928 3988 2126 4043 intem.

543 4094 731 4150 gamus
754 4079 899 4150 genti
923 4087 977 4133 et
1007 4080 1204 4149 p0pulo
1234 4079 1333 4133 ista
1359 4078 1485 4144 dici,
1514 4093 1619 4133 non
1650 4078 1740 4133 uni
1781 4078 2005 4133 homini.
2050 4078 2128 4134 Ex

544 4171 643 4225 alia
676 4170 853 4241 itaque
877 4179 1089 4241 gentem
1130 4169 1478 4241 refugientem
1504 4168 1570 4223 ad
1598 4168 1752 4223 istam
1788 4176 1999 4238 gentem
2040 4168 2127 4223 cui

544 4264 878 4335 loquebatur,
919 4262 1189 4318 hominem
1227 4278 1256 4317 a
1298 4262 1515 4317 domino
1554 4276 1672 4324 suo,
1715 4259 1769 4316 id
1810 4269 1894 4316 est
1935 4277 1963 4313 a
2004 4276 2127 4331 rege

541 4371 660 4422 suo,
694 4355 846 4411 reddi
876 4354 1144 4425 prohibuit
1170 4374 1182 4410 :
1208 4352 1348 4425 quod
1370 4354 1529 4409 etiam
1566 4351 1863 4422 alienigena
1897 4354 2128 4409 servavit

540 4449 702 4506 Achis
738 4465 831 4504 rex
858 4448 1017 4517 Geth,
1048 4448 1261 4520 quando
1285 4448 1350 4502 ad
1374 4463 1498 4503 eum
1520 4445 1715 4517 refugit
1742 4447 1902 4502 David
1931 4462 1961 4502 a
1990 4446 2125 4505 facie

540 4542 741 4597 domini
782 4544 902 4606 sui,
948 4541 1049 4597 hoc
1096 4550 1211 4607 est,
1251 4540 1393 4610 regis
1436 4540 1561 4595 Saﬁl
1606 4537 1822 4613 (IReg.
1859 4554 1977 4605 xxi,
2009 4537 2120 4611 10).

540 4632 891 4702 Apertissime
932 4642 1110 4687 autem
1152 4631 1253 4686 hoc
1287 4630 1559 4702 explanat,
1585 4646 1706 4686 cum
1747 4629 1969 4686 dicitde
2007 4630 2125 4700 ipso

540 4723 720 4794 refuga
748 4764 763 4790 ,
805 4721 871 4778 In
919 4723 1056 4779 vobis
1112 4722 1392 4790 habitabit,
1451 4724 1505 4778 in
1542 4722 1682 4777 omni
1724 4720 1835 4778 loco
1884 4722 1967 4777 ubi
2006 4721 2122 4793 pla-

539 4816 698 4870 cuerit
735 4815 799 4871 ei.

614 4904 883 4963 XXXVII.
905 4905 1005 4980 [11).
1029 4922 1190 4972 xxm,
1216 4905 1327 4981 17.]
1348 4906 1469 4961 Non
1490 4906 1584 4961 erit
1608 4905 1844 4961 meretrix
1866 4922 1899 4960 a
1921 4904 2123 4974 filiabus

535 4997 738 5066 Israel,
770 5007 818 5053 et
858 5016 961 5055 non
998 4999 1091 5053 erit
1132 4999 1393 5072 fornicans
1420 5015 1451 5053 a
1479 4999 1601 5068 ﬁliis
1646 4997 1832 5053 Israel.
1866 4997 2003 5053 Ecce
2032 4996 2122 5053 ubi

536 5091 819 5148 manifeste
842 5090 1108 5160 prohibuit
1129 5091 1377 5148 fornicari
1400 5100 1454 5148 et
1472 5091 1615 5148 viros
1638 5099 1693 5147 et
1716 5090 1941 5147 feminas
1960 5090 2119 5145 etiam

536 5194 659 5238 cum
686 5196 793 5237 non
821 5182 1009 5237 alienis
1034 5181 1382 5253 conjugibus;
1416 5190 1693 5251 peccatum
1737 5195 1857 5237 esse
1895 5179 2120 5235 demon-

536 5284 718 5328 strans
762 5271 977 5328 misceri
1019 5288 1125 5328 non
1166 5272 1481 5344 conjugibus
1508 5272 1652 5339 suis,
1690 5270 1902 5343 quando
1928 5280 1983 5326 et
2010 5286 2123 5327 me-

535 5365 759 5420 retrices
800 5378 953 5432 esse,
996 5372 1053 5420 et
1091 5364 1160 5420 ad
1203 5365 1516 5422 meretrices
1557 5364 1815 5422 accedere
1854 5362 2119 5433 prohibet,

534 5471 761 5528 quarum
805 5456 1014 5527 publice
1057 5456 1261 5513 venalis
1302 5464 1387 5512 est
1427 5456 1713 5527 turpitudo.
1760 5455 1818 5512 In
1858 5454 2121 5526 Decalogo

536 5558 713 5603 autem
735 5546 979 5605 mmehiae
1004 5548 1217 5603 nomine
1245 5562 1351 5603 non
1375 5547 1585 5603 videtur
1607 5547 1709 5603 hoc
1731 5555 1915 5619 aperte
1942 5544 2123 5617 prohi-

535 5641 748 5708 buisse,
780 5641 1029 5711 quoniam
1057 5639 1285 5697 mtechia
1311 5640 1521 5696 nonnisi
1550 5639 1863 5695 adulterium
1894 5636 2120 5709 intelligi

534 5733 692 5789 solet.
736 5731 890 5790 Unde
932 5731 1057 5803 quid
1106 5733 1260 5789 nobis
1304 5731 1611 5805 videretur,
1658 5731 1729 5790 ibi
1780 5730 2119 5790 tractavimus

534 5824 753 5897 (Quam.
782 5824 834 5881 in
859 5823 1025 5881 Exod.
1047 5864 1061 5893 ,
1092 5835 1265 5897 quiest.
1293 5823 1406 5899 71).

1358 374 1822 445 ςιὊίΕΒΤΙΟΝυΜ
1859 373 1916 429 S.
1960 369 2327 429 AUGUSTINI
2365 370 2433 428 IN
2473 371 3030 432 IIEPTATEUCIIUM

3719 384 3820 443 761

2313 487 2599 544 XXXVIII.
2629 487 2728 565 [11).
2755 505 2908 559 xxm,
2930 490 3017 558 I8,
3052 486 3165 565 I7.]
3194 487 3317 547 Non
3345 490 3525 561 offeres
3550 500 3819 555 mercedem

2242 582 2514 635 meretricis
2533 623 2549 648 ,
2578 598 2735 653 neque
2760 582 3196 637 commutationem
3223 584 3364 639 canis
3391 587 3445 641 in
3479 585 3683 644 domum
3711 590 3816 646 Do-

2241 674 2367 727 mini
2393 673 2486 727 Dei
2514 675 2587 728 tui
2611 674 2680 728 ad
2707 690 2854 730 omne
2875 684 3042 729 votum
3061 715 3078 742 ,
3108 677 3344 747 quoniam
3368 677 3675 736 abominatio
3714 682 3819 739 Do-

2241 764 2376 817 mino
2404 761 2513 817 Deo
2543 773 2630 819 tuo
2658 774 2764 831 est,
2796 774 2843 819 et
2872 774 3138 837 utrumque
3166 782 3186 822 :
3213 766 3356 838 quod
3387 767 3460 824 ita
3490 769 3817 843 intelligitur,

2240 858 2490 927 quoniam
2517 859 2842 913 abominatio
2866 858 3093 914 Domino
3119 859 3228 915 Deo
3259 869 3349 916 tuo
3376 872 3477 930 est,
3509 872 3563 920 et
3590 863 3691 919 hoc
3717 882 3820 922 non

2241 964 2402 1003 unum
2444 948 2633 1003 horum
2657 992 2673 1015 ,
2705 949 2799 1005 sed
2829 957 3132 1020 utrumque.
3165 951 3240 1006 De
3276 966 3409 1009 cane
3449 954 3644 1025 quippe
3681 965 3822 1013 vetat

2241 1039 2357 1105 fieri
2404 1041 2871 1096 commutationem
2914 1041 3422 1113 primogenilorum,
3470 1061 3627 1114 quam
3674 1046 3823 1117 jubet

2240 1130 2354 1186 fieri
2381 1130 2446 1185 de
2472 1132 2588 1186 aliis
2612 1131 2897 1186 immundis
2924 1132 3258 1199 animalibus,
3291 1134 3342 1189 id
3367 1143 3449 1190 est
3473 1136 3623 1207 equis
3646 1146 3699 1192 et
3721 1138 3817 1193 asio

2239 1222 2342 1285 nis,
2375 1230 2427 1277 et
2457 1222 2501 1276 si
2531 1221 2657 1292 quid
2687 1231 2768 1277 est
2798 1238 2981 1277 eorum
3012 1239 3132 1293 quae
3161 1223 3413 1294 adjuvant
3438 1225 3703 1283 hominem
3723 1271 3739 1295 ,
3772 1239 3824 1285 et

2238 1310 2401 1367 latine
2444 1328 2473 1366 a
2514 1311 2749 1381 juvando
2782 1312 3020 1384 jumenta
3064 1315 3330 1370 dicuntur.
3379 1317 3455 1371 De
3486 1332 3619 1373 cane
3646 1329 3824 1375 autem

2238 1404 2433 1471 uoluit;
2468 1414 2641 1460 utrum
2669 1415 2723 1460 et
2748 1405 2816 1461 de
2846 1419 3007 1474 porco
3026 1448 3042 1474 ,
3072 1415 3124 1461 et
3150 1422 3317 1478 quare
3342 1409 3600 1475 noluerit,
3629 1412 3825 1482 tequi-

2236 1494 2458 1549 rendum
2485 1504 2567 1551 est
2593 1514 2606 1549 :
2636 1504 2688 1551 et
2725 1497 2773 1551 si
2810 1496 2875 1551 de
2901 1498 3148 1553 omnibus
3177 1497 3371 1553 talibus
3399 1500 3628 1567 noluit’,
3658 1517 3826 1573 quare

2235 1585 2407 1639 solum
2436 1601 2620 1641 canem
2652 1585 2756 1641 isto
2785 1586 2906 1643 loco
2934 1597 3212 1659 exceptum
3245 1587 3450 1644 fecerit.
3479 1590 3553 1645 De
3576 1591 3827 1648 mercede

2233 1686 2411 1733 autem
2453 1678 2748 1734 meretricis
2792 1688 2849 1734 ut
2884 1679 3117 1749 diceret,
3158 1681 3369 1737 videtur
3400 1697 3463 1736 ea
3493 1697 3612 1738 esse
3639 1697 3826 1750 causa,

2234 1769 2355 1837 quia
2385 1770 2629 1840 superius
2659 1770 2989 1841 prohibuerit
3017 1787 3136 1828 esse
3163 1774 3495 1828 meretricem
3521 1773 3590 1830 de
3614 1774 3828 1832 ﬁliabus

2233 1860 2431 1928 Israel,
2463 1870 2554 1916 aut
2580 1852 2898 1935 quemquam
2935 1864 3164 1920 ﬁliorum
3198 1863 3358 1921 Israel
3394 1866 3471 1922 uti
3505 1869 3824 1926 meretrice:

2199 1961 2213 1972 ‘
2231 1960 2289 2009 et
2309 1969 2378 2009 ne
2402 1954 2715 2025 subreperet
2742 1957 3066 2028 cogitationi,
3097 1959 3301 2030 expiari
3327 1974 3483 2031 posse
3509 1960 3611 2017 hoc
3634 1976 3826 2032 pecca-

2233 2053 2367 2113 tum,
2396 2047 2440 2100 si
2469 2047 2664 2117 aliquid
2694 2045 2816 2103 inde
2844 2047 3126 2104 olYerretur
3152 2051 3206 2105 in
3234 2051 3507 2121 templum,
3538 2051 3827 2109 dicendum

2234 2135 2327 2190 fuit
2354 2137 2493 2207 quod
2524 2138 2594 2192 sit
2620 2137 2944 2194 abominatio
2969 2140 3215 2195 Domino.

2301 2226 2546 2282 XXXIX.
2576 2227 2675 2301 [Ib.
2702 2245 2843 2295 xxiv,
2866 2228 2944 2302 7.]
2976 2228 3227 2285 Morietur
3254 2234 3339 2298 fur
3363 2230 3483 2299 ille,
3512 2231 3565 2287 id
3586 2241 3696 2300 est,
3732 2235 3825 2303 qui

2232 2317 2435 2372 itu-atus
2465 2326 2547 2373 est
2574 2319 2878 2385 hominem;
2910 2330 2956 2374 et
2991 2322 3228 2391 auferetis
3263 2323 3542 2393 malignum
3581 2340 3645 2378 ea:
3681 2324 3830 2380 vobis

2232 2409 2377 2479 ipsis.
2410 2409 2637 2467 Assidue
2663 2411 2766 2466 hoc
2793 2412 2921 2466 dicit
2944 2411 3213 2482 Scriptura
3234 2455 3251 2482 ,
3294 2430 3417 2468 cum
3454 2414 3606 2486 jubet
3648 2416 3827 2472 occidi

2231 2501 2404 2556 malos
2432 2521 2446 2556 :
2474 2518 2577 2571 qua
2607 2504 2873 2561 locutione
2898 2520 3025 2560 usus
3050 2513 3134 2561 est
3159 2506 3319 2561 etiam
3348 2508 3665 2577 Apostolus,
3696 2524 3833 2565 cum

2230 2594 2464 2661 diceret,
2498 2594 2633 2660 Quid
2657 2596 2789 2650 enim
2823 2597 2948 2651 mihi
2972 2597 3034 2651 de
3061 2584 3235 2668 iis'qui
3258 2599 3384 2668 foris
3410 2609 3527 2654 sunt
3543 2601 3828 2672 judicare?

2233 2683 2420 2739 Nonne
2446 2684 2509 2739 de
2532 2685 2595 2740 iis
2619 2687 2708 2759 qui
2733 2688 2868 2741 intus
2893 2696 3031 2752 sunt,
3063 2704 3149 2743 vos
3165 2689 3449 2759 judicatis?
3473 2688 3679 2759 Auferte
3705 2707 3829 2745 ma-

2233 2777 2337 2831 lum
2376 2795 2440 2833 ea:
2479 2777 2614 2834 vobis
2653 2778 2778 2849 ipsis
2820 2777 3107 2852 (lCor.v,
3149 2780 3250 2846 12,
3289 2781 3403 2850 15).
3442 2780 3575 2836 Nam
3614 2797 3827 2852 grtccus

2232 2869 2390 2926 habet
2425 2880 2502 2926 τὸν
2533 2879 2761 2942 πονηρὸν,
2792 2870 2933 2941 quod
2970 2871 3129 2926 etiam
3172 2871 3259 2928 hic
3284 2872 3538 2942 scriptum
3572 2881 3657 2928 est
3679 2890 3692 2926 :
3718 2872 3827 2929 hoc

2231 2974 2408 3020 autent
2444 2965 2618 3035 potius
2647 2964 2938 3035 malignum
2964 2965 3101 3020 solet
3126 2965 3491 3035 interpretari,
3514 2980 3672 3036 quam
3700 2980 3826 3019 ma-

2229 3054 2361 3111 lum.
2390 3055 2500 3112 Nec
2521 3056 2628 3123 ait,
2660 3064 2715 3113 τι
2743 3066 2970 3128 πονηρὸν,
3002 3055 3054 3112 id
3083 3066 3198 3121 est,
3229 3055 3334 3113 hoc
3359 3056 3685 3127 malignum;
3725 3058 3827 3112 sed
3863 3086 3867 3090 -

2230 3155 2309 3204 τὸν
2330 3158 2545 3221 πονηρὸν,
2570 3149 2712 3220 quod
2737 3156 2838 3215 est,
2867 3148 3009 3204 hunc
3032 3149 3343 3220 malignum.
3371 3149 3454 3204 Ex
3475 3164 3581 3220 quo
3600 3159 3829 3219 apparet

2232 3254 2351 3293 cum
2392 3238 2624 3295 voluisse
2664 3239 2923 3310 intelligi,
2953 3240 3045 3310 qui
3073 3239 3272 3311 aliquid
3301 3239 3407 3295 tale
3434 3240 3735 3307 commisit,
3771 3249 3830 3295 ut

2231 3330 2781 3385 excommunicatione
2808 3331 2878 3384 sit
2903 3329 3113 3400 dignus.
3147 3330 3259 3385 Iloe
3286 3330 3428 3386 enim
3459 3345 3602 3386 nunc
3628 3331 3740 3401 agit
3774 3330 3831 3386 in

2231 3419 2469 3476 Ecclesia
2514 3422 3029 3487 excommunicatio,
3070 3421 3212 3491 quod
3254 3421 3444 3491 agebat
3489 3430 3617 3478 tunc
3654 3422 3823 3476 inter-

2232 3512 2408 3570 fectio.
2437 3514 2690 3583 Quamvis
2727 3523 2781 3571 et
2807 3515 2963 3570 aliter
3000 3513 3129 3569 illud
3158 3514 3506 3585 apostolicum
3542 3514 3710 3584 possit
3745 3515 3830 3569 in-

2234 3606 2397 3677 telligi
2420 3649 2435 3673 ,
2467 3617 2525 3662 ut
2553 3606 2920 3677 unusquisque
2955 3606 3155 3662 malum
3199 3605 3285 3661 vel
3322 3606 3611 3675 malignum
3654 3621 3721 3661 ex
3770 3621 3829 3662 se

2233 3700 2348 3770 ipso
2368 3699 2437 3754 sit
2456 3698 2639 3769 jussus
2662 3699 2891 3755 auferre.
2917 3698 3017 3767 Qui
3040 3712 3231 3754 sensus
3254 3697 3631 3768 acceptabilior
3652 3707 3831 3763 esset,

2232 3793 2276 3847 si
2306 3791 2406 3846 hoc
2430 3791 2625 3846 malum
2648 3833 2664 3859 ,
2693 3790 2778 3846 vel
2818 3790 2920 3846 hoc
2954 3789 3242 3861 malignum
3263 3831 3279 3857 ,
3322 3803 3429 3844 non
3470 3797 3647 3843 autem
3678 3787 3830 3844 hunc

2234 3882 2520 3952 malignum
2544 3882 2595 3936 in
2618 3896 2793 3953 graeco
2813 3881 3139 3937 inveniretur
3161 3897 3175 3936 :
3205 3896 3347 3936 nunc
3365 3895 3494 3937 vero
3513 3880 3835 3936 credibilius

2232 3984 2316 4032 est
2355 3976 2423 4033 de
2465 3977 2682 4033 homine
2723 3976 2958 4041 dictum,
3003 3991 3160 4047 quam
3205 3976 3273 4031 de
3316 3976 3465 4030 vitio.
3507 3975 3828 4045 Quanquam

2235 4069 2401 4138 possit
2426 4069 2696 4139 eleganter
2724 4068 2946 4139 intelligi
2970 4069 3129 4123 etiam
3154 4066 3317 4123 homo
3338 4067 3547 4122 auferre
3572 4082 3601 4120 a
3628 4081 3687 4121 se
3707 4082 3831 4120 ma-

2232 4161 2339 4215 lum
2368 4160 2659 4227 hominem,
2691 4159 3140 4230 quemadmodum
3165 4158 3365 4213 dictum
3392 4166 3494 4222 est,
3524 4156 3709 4211 Exuite
3739 4173 3828 4212 vos

2230 4261 2440 4307 veterem
2470 4252 2720 4307 hominem
2746 4268 2765 4307 :
2794 4252 2934 4323 quod
2961 4267 3237 4321 exponens
3262 4251 3365 4319 ait,
3409 4250 3508 4318 Qui
3531 4251 3823 4323 iurabatur,

2221 4344 2336 4417 jam
2362 4360 2463 4397 non
2492 4336 2685 4412 furatur
2714 4341 2929 4415 (Ep/tes.
2956 4359 3030 4410 IV,
3061 4342 3150 4406 22,
3180 4342 3297 4412 28).

2302 4434 2412 4490 XL.
2442 4433 2542 4508 [11).
2566 4451 2708 4500 xxw,
2747 4434 2826 4508 8.]
2853 4435 3143 4491 Secundum
3170 4435 3326 4506 legem
3349 4452 3546 4491 omnem
3564 4452 3714 4508 quam
3727 4437 3826 4507 ju-

2228 4527 2446 4581 raverint
2488 4524 2624 4580 vobis
2663 4526 2943 4580 sacerdotes
2982 4525 3190 4580 Levitw.
3229 4524 3325 4581 Hic
3352 4534 3573 4597 apparet
3600 4542 3821 4582 omnem

2228 4616 2560 4673 sacerdotem
2586 4602 2825 4671 Levitam
2855 4614 3051 4682 fuisse;
3082 4616 3324 4687 quamvis
3362 4631 3469 4671 non
3506 4616 3683 4671 omnis
3710 4616 3823 4673 Lc-

2227 4709 2363 4764 vitcs
2391 4708 2642 4764 sacerdos
2670 4707 2847 4764 fuerit.

2297 4800 2435 4855 XLI.
2469 4798 2569 4873 [Ib.
2588 4815 2740 4866 xxrv,
2763 4797 2975 4873 10-13.]
3005 4798 3068 4855 Si
3090 4799 3309 4853 debitum
3333 4800 3484 4869 fuerit
3510 4799 3562 4855 in
3586 4800 3825 4872 proximo

2228 4900 2315 4946 tuo
2332 4933 2347 4958 ,
2377 4891 2596 4945 debitth
2620 4890 2995 4961 quodcumque,
3026 4907 3127 4944 non
3155 4891 3365 4945 intrabis
3392 4891 3446 4945 in
3474 4891 3679 4945 domum
3706 4893 3825 4962 ejus

2228 4984 2492 5057 pignerare
2511 4984 2693 5055 pignus
2719 4998 2738 5037 :
2756 4983 2881 5053 foris
2900 4974 3057 5037 stabis
3078 5024 3092 5048 ,
3114 4994 3160 5038 et
3182 4985 3329 5037 homo
3350 4983 3491 5054 apud
3512 5001 3660 5054 quem
3681 4984 3822 5038 debi-

2228 5083 2334 5128 tum
2354 5084 2494 5127 tuum
2518 5082 2610 5138 est,
2640 5074 2859 5143 proferet
2884 5071 2973 5126 tibi
2998 5073 3179 5144 pignus
3210 5075 3367 5146 foras.
3396 5073 3461 5128 Si
3476 5082 3645 5129 autem
3666 5073 3821 5129 homo

2226 5177 2364 5239 eget,
2405 5183 2506 5221 non
2545 5166 2761 5220 dormies
2800 5165 2854 5219 in
2894 5166 3102 5237 pignore
3134 5167 3279 5237 ejus,
3323 5165 3603 5221 redditione
3637 5166 3821 5221 reddes

2227 5260 2274 5314 ei
2314 5259 2660 5314 uestimentum
2702 5273 2850 5311 suum
2891 5259 3026 5312 circa
3064 5274 3297 5313 occasura
3335 5256 3495 5324 solis;
3531 5268 3578 5314 et
3604 5259 3820 5313 dormiet

2226 5349 2281 5405 in
2301 5350 2588 5404 vestimento
2606 5364 2724 5415 suo,
2749 5359 2793 5403 et
2814 5348 3067 5403 benedicet
3090 5357 3156 5416 te,
3178 5357 3225 5402 et
3250 5348 3340 5402 tibi
3362 5348 3455 5402 erit
3475 5348 3823 5402 misericordia

2227 5456 2398 5495 coram
2419 5440 2635 5495 Domino
2658 5438 2766 5495 Deo
2796 5448 2901 5495 tuo.
2934 5439 3050 5496 Non
3073 5441 3339 5495 immerito
3364 5439 3572 5495 videtur
3592 5439 3659 5494 ad
3681 5454 3819 5510 opus

2229 5534 2610 5590 misericordia:
2636 5534 2901 5604 pertinere
2928 5542 2985 5588 ut
3012 5547 3116 5588 non
3141 5533 3300 5587 intret
3320 5533 3624 5604 pignerator
3644 5532 3694 5587 in
3715 5530 3816 5586 do-

2228 5639 2374 5680 mum
2395 5664 2410 5693 ,
2443 5639 2510 5679 ne
2537 5623 2629 5679 fiat
2656 5623 2981 5695 perturbatio
3018 5622 3241 5679 debitori
3271 5640 3283 5675 :
3313 5620 3409 5677 sed
3437 5637 3502 5678 ex
3526 5621 3628 5677 hoc
3649 5620 3813 5676 etiam

2294 5763 2387 5834 '_ln
2411 5760 2809 5834 estts,_uotuit.
2843 5761 2913 5815 Ad
2938 5763 3157 5829 qumque
3186 5759 3405 5818 melioﬂs
3435 5764 3564 5813 now
3605 5763 3709 5812 II.
3730 5768 3819 5809 ro-

2228 5825 2465 5891 ponlmus,
2489 5824 2655 5877 noluit.
