4136 6482
377 370 485 427 ’165

374 488 553 553 ipsum
580 481 873 539 debitorem
903 475 1154 532 admonet
1182 473 1371 545 pignus
1403 473 1543 528 foras
1572 470 1811 542 proferre
1838 486 1957 526 cre-

380 578 559 635 ditari.
602 574 754 646 Quod
780 586 910 628 vero
938 569 1089 641 jubet
1116 567 1292 638 egenti
1324 567 1510 637 pignus
1546 565 1733 620 eodem
1763 563 1849 618 die
1878 578 1964 618 re-

377 668 552 733 stitui,
584 677 639 721 ut
668 666 722 719 in
751 678 817 718 eo
843 662 1070 717 dormiat
1100 660 1188 729 qui
1235 672 1339 712 non
1384 655 1544 711 habet
1580 656 1668 709 ubi
1711 654 1957 719 dormiat,

378 759 572 814 merito
599 764 811 821 movet,
845 762 902 807 ut
928 750 1224 821 requiratur
1251 764 1347 804 cur
1380 763 1486 803 non
1514 748 1685 816 potius
1711 745 1959 801 creditori

378 848 681 920 praeceperit
730 855 787 900 ut
833 859 942 898 non
983 842 1188 898 auferat
1224 840 1449 910 pignus,
1479 837 1617 910 quod
1647 838 1835 893 eodem
1872 837 1960 891 die

375 948 586 1011 Oportet
625 947 681 991 ut
708 936 968 991 restituat.
999 932 1149 1000 Quod
1190 931 1235 985 si
1269 932 1334 984 ad
1358 928 1781 1001 compellendum
1808 927 1957 983 dehio

378 1040 545 1085 torem
592 1027 704 1082 ﬁeri
746 1026 1006 1092 voluerit,
1045 1021 1312 1093 quomodo
1341 1036 1399 1075 se
1426 1027 1614 1090 urgeat
1639 1018 1707 1073 ad
1733 1017 1961 1073 redden-

374 1121 533 1185 dum,
564 1134 682 1173 cum
723 1118 857 1173 sciat
897 1115 1085 1186 pignus
1121 1112 1308 1168 eodem
1353 1111 1440 1166 die
1482 1125 1542 1166 se
1584 1107 1959 1178 recepturum?

375 1213 457 1269 An
498 1211 635 1266 forte
674 1209 777 1265 hoc
824 1208 937 1264 ﬁeri
985 1205 1212 1262 voluerit
1252 1212 1472 1275 propter
1510 1202 1853 1266 memoriam,
1891 1216 1960 1257 ne

373 1304 714 1359 obliviscatur
739 1300 963 1357 reddere
982 1340 996 1365 ,
1027 1308 1082 1354 et
1117 1307 1241 1354 tunc
1275 1310 1380 1351 non
1407 1293 1592 1350 reddat
1618 1293 1665 1349 sl
1691 1308 1817 1348 vere
1851 1308 1957 1347 non

372 1396 620 1452 habuerit
653 1413 668 1452 :
707 1396 940 1450 maxime
982 1391 1103 1462 quia
1146 1387 1427 1445 creditoris
1471 1385 1554 1442 sui
1595 1382 1957 1440 misericordia

373 1489 620 1555 vincitur,
651 1486 736 1543 cui
762 1501 882 1541 esse
912 1499 1020 1540 non
1045 1482 1201 1538 debet
1225 1480 1461 1550 ingratus
1480 1520 1496 1547 ,
1526 1476 1571 1533 si
1600 1477 1787 1547 pignus
1811 1490 1961 1530 rece-

373 1580 511 1651 perit
540 1579 591 1634 in
618 1593 724 1648 quo
752 1576 1015 1640 dormiat;
1046 1572 1201 1628 simul
1231 1580 1286 1627 et
1313 1569 1545 1625 creditor
1579 1582 1702 1623 cum
1736 1566 1824 1621 ille
1849 1582 1954 1621 non

368 1669 691 1735 reddiderit,
735 1666 891 1723 debet
931 1680 1050 1721 eum
1089 1662 1309 1719 credere
1344 1674 1451 1715 non
1486 1658 1713 1723 habere,
1740 1655 1830 1728 qui
1859 1655 1959 1711 hac

367 1763 530 1815 etiam
575 1759 775 1829 indiget
816 1754 1215 1820 misericordia,
1260 1761 1320 1807 ut
1361 1750 1551 1822 pignus
1589 1748 1637 1803 ei
1678 1755 1956 1819 propterea

368 1855 698 1918 reStituatur,
728 1849 870 1921 quod
899 1848 1041 1903 aliud
1072 1861 1175 1902 non
1209 1844 1369 1899 habet
1397 1842 1484 1899 ubi
1513 1839 1778 1897 dormiat?

440 1944 596 1999 XLII.
628 1941 729 2016 [lb.
751 1956 904 2005 xxnv,
927 1936 1037 2011 16.]
1069 1936 1188 1991 Non
1214 1934 1491 1989 morientur
1509 1940 1675 2003 patres
1700 1947 1790 2001 pro
1808 1928 1953 1997 filiis,

368 2049 413 2091 et
448 2037 542 2106 ﬁlii
572 2053 671 2089 non
698 2035 974 2089 morientur
999 2047 1091 2103 pro
1117 2028 1342 2102 patribus
1374 2041 1394 2081 :
1428 2025 1763 2095 unusquisque
1783 2023 1837 2077 in
1862 2038 1955 2077 suo

371 2137 571 2198 peccato
599 2128 857 2180 morietur.
905 2124 1045 2179 Ecce
1076 2137 1179 2176 non
1209 2120 1382 2174 solum
1422 2116 1701 2187 Propheke
1736 2114 1836 2171 hoc
1874 2114 1956 2169 di-

370 2228 563 2273 xerunt
595 2216 801 2291 (Ezech.
826 2230 978 2280 xvnt,
1006 2214 1096 2282 Π)
1117 2252 1134 2281 ,
1160 2226 1344 2266 verum
1368 2209 1527 2264 etiam
1556 2208 1663 2261 Lex
1688 2205 1836 2269 dicit,
1859 2219 1953 2259 sua

365 2310 519 2379 culpa
550 2323 809 2379 quemque
838 2304 1251 2362 interimendum
1274 2345 1288 2365 ,
1315 2318 1420 2356 non
1461 2308 1637 2354 autem
1660 2298 1825 2369 patris
1848 2298 1951 2363 sui,

366 2408 458 2455 aut
486 2399 577 2454 ﬁlii
605 2400 706 2453 sui.
752 2396 889 2465 Quid
934 2404 1017 2452 est
1060 2411 1188 2464 ergo
1226 2392 1364 2464 quod
1401 2391 1524 2447 alibi
1551 2390 1774 2456 dicitur,
1817 2387 1954 2443 Deus

365 2493 580 2548 reddens
619 2501 821 2563 peccata
848 2500 1051 2563 patrum
1078 2491 1132 2544 in
1157 2488 1311 2559 ﬁlios,
1342 2488 1396 2541 in
1426 2486 1620 2541 tertiam
1649 2493 1697 2539 et
1724 2492 1955 2554 quartam

368 2582 694 2654 progeniem?
719 2584 799 2635 An
820 2581 888 2637 de
911 2581 1029 2634 filiis
1052 2579 1283 2634 nondum
1311 2578 1448 2632 natis
1472 2574 1599 2630 illud
1620 2574 1949 2645 intelligitur,

366 2682 584 2745 preptcr
624 2672 880 2743 originale
924 2678 1234 2742 peccatum,
1281 2667 1422 2739 quod
1466 2666 1626 2721 etiam
1674 2680 1740 2719 ex
1782 2663 1952 2720 Adam

367 2769 525 2822 traxit
551 2782 716 2837 genus
746 2765 1075 2831 humanum;
1112 2762 1197 2819 hic
1223 2772 1401 2818 autem
1430 2759 1496 2814 de
1525 2757 1647 2813 ﬁliis
1676 2755 1785 2827 jam
1817 2754 1956 2810 natis

365 2867 450 2911 est
492 2857 626 2911 facta
669 2855 975 2919 distinctio,
1008 2863 1065 2908 ut
1105 2852 1469 2923 unusquisque
1506 2849 1558 2903 in
1597 2861 1693 2902 suo
1738 2853 1954 2917 peccato

366 2947 661 3003 moriatur?
689 2946 803 3001 Non
830 2945 971 3001 enim
1000 2944 1166 2998 trahit
1200 2941 1397 3012 aliquid
1427 2955 1493 2995 ex
1521 2947 1704 3011 patre,
1730 2936 1819 3006 qui
1843 2933 1951 3005 jam

368 3052 523 3096 natus
550 3048 697 3106 erat,
729 3038 941 3109 quando
972 3044 1123 3107 pater
1156 3034 1271 3104 ejus
1308 3031 1561 3105 peccavit.
1594 3028 1701 3085 Sed
1740 3042 1861 3082 cum
1900 3032 1955 3082 et

368 3135 439 3192 ibi
459 3134 603 3198 dicit,
632 3134 708 3187 his
728 3133 813 3203 qui
832 3131 1042 3187 oderunt
1064 3145 1141 3183 me
1165 3126 1358 3198 (Exod.
1377 3140 1472 3188 xx,
1497 3123 1589 3194 5);
1615 3119 1952 3177 manifestum

366 3238 449 3283 est
476 3227 635 3284 etiam
666 3226 807 3281 illam
834 3223 1192 3279 conditionem
1222 3232 1380 3291 posse
1406 3215 1633 3279 mutari,
1665 3214 1709 3268 si
1739 3212 1828 3266 ﬁlii
1858 3226 1953 3281 pa-

365 3327 576 3373 rentum
603 3330 818 3372 suorum
847 3314 981 3369 facta
1008 3327 1113 3366 non
1141 3310 1336 3364 fuerint
1359 3305 1568 3361 imitati.
1595 3304 1726 3359 Nam
1748 3311 1805 3358 et
1825 3300 1954 3357 illud

366 3426 433 3465 ex
460 3409 628 3464 Adam
657 3406 1018 3477 temporaliter
1047 3402 1316 3463 redditur,
1348 3399 1471 3470 quia
1511 3411 1697 3452 omnes
1736 3399 1955 3464 propter

368 3504 470 3555 hoc
494 3500 825 3563 moriuntur;
855 3512 961 3552 non
990 3505 1166 3550 autem
1193 3493 1245 3547 in
1268 3500 1525 3546 aeternum
1547 3488 1623 3543 eis
1646 3487 1734 3558 qui
1757 3484 1957 3541 fuerint

368 3609 463 3663 per
484 3591 703 3662 gratiam
731 3588 1074 3659 Spiritualiter
1095 3582 1410 3655 regenerati,
1439 3582 1491 3636 in
1519 3595 1685 3650 eaque
1710 3593 1955 3649 perman-

369 3684 537 3739 serint
563 3696 734 3753 usque
762 3682 813 3736 in
841 3680 1021 3736 ﬁnem.
1054 3676 1306 3746 Quamvis
1334 3684 1389 3731 et
1417 3673 1547 3729 illud
1576 3671 1764 3727 merito
1788 3668 1952 3738 quaeri

369 3778 569 3844 possit,
598 3775 642 3827 si
670 3772 962 3828 redduntur
990 3777 1202 3839 peccata
1230 3776 1439 3837 patrum
1477 3765 1528 3817 in
1570 3761 1708 3816 ﬁlios
1742 3759 1826 3815 his
1865 3759 1954 3829 qui

370 3866 596 3920 oderunt
618 3865 783 3919 Deum
801 3905 816 3930 ,
848 3877 943 3918 cur
972 3862 1026 3915 in
1054 3860 1262 3915 tertiam
1298 3866 1353 3913 et
1382 3862 1621 3926 quartam
1649 3851 1954 3924 generatio-

370 3974 515 4024 nem,
539 3957 621 4011 vel
643 3955 995 4027 praetcrmissa
1016 3953 1185 4023 prima
1210 3948 1537 4012 etsecunda,
1564 3947 1647 4002 vel
1671 3961 1774 4000 non
1795 3944 1953 3999 etiam

371 4051 424 4107 in
449 4060 668 4104 caeteras
696 4053 1038 4119 permanente
1075 4044 1344 4114 impietate
1374 4051 1427 4096 et
1457 4039 1750 4094 imitatione
1788 4036 1957 4091 maln-

370 4157 487 4195 rum
538 4148 834 4210 parentum.
882 4139 962 4191 An
1012 4152 1105 4206 per
1151 4136 1291 4188 hunc
1342 4145 1657 4195 numerum,
1705 4127 1954 4198 quoniam

370 4232 705 4300 septenarius
742 4228 1082 4299 intelligitur,
1112 4222 1507 4280 universitatem
1538 4218 1834 4290 signiﬁcare
1859 4232 1955 4270 vo-

370 4322 467 4377 luit
496 4340 511 4376 :
543 4330 597 4377 et
622 4321 742 4376 ideo
766 4336 873 4375 non
899 4321 1072 4389 ipsum
1096 4316 1270 4387 potius
1297 4312 1651 4383 septenarinm
1675 4309 1871 4381 posuit,
1899 4316 1957 4361 ut

368 4415 571 4471 diceret
598 4415 650 4468 in
676 4413 953 4483 septimam
991 4408 1384 4481 generationem
1407 4447 1422 4473 ,
1464 4420 1528 4460 ac
1566 4404 1642 4458 sic
1672 4403 1845 4458 omnis
1876 4401 1957 4454 in-

373 4508 735 4577 telligeretur;
778 4504 899 4574 quia
934 4516 1147 4556 causam
1189 4495 1529 4568 perfectionis
1567 4493 1724 4564 hujus
1747 4491 1956 4546 numeri

375 4597 476 4652 hoc
504 4596 663 4651 modo
701 4598 876 4667 potius
907 4590 1203 4648 intimavit?
1234 4589 1355 4643 ldeo
1386 4601 1613 4656 namque
1651 4584 1959 4655 perhibetur

379 4687 673 4757 perfectus,
700 4686 821 4756 quia
848 4700 911 4739 ex
944 4684 1029 4738 his
1063 4682 1269 4737 duobus
1296 4685 1537 4739 constat,
1581 4672 1813 4730 ternario
1850 4672 1956 4727 sci-

375 4777 498 4835 licet
524 4779 698 4849 primo
740 4777 927 4846 impari
972 4784 1113 4839 toto,
1158 4783 1212 4828 et
1251 4769 1593 4841 quaternario
1634 4766 1804 4839 primo
1844 4762 1958 4835 pari

377 4879 508 4927 toto.
536 4868 689 4926 Unde
723 4884 842 4924 esse
870 4878 923 4923 et
948 4866 1074 4921 illud
1103 4862 1467 4936 pr0pheticum
1498 4858 1776 4921 existimo,
1816 4854 1960 4926 quod

377 4962 590 5017 assidue
615 4962 893 5032 repetitur,
923 4956 989 5013 In
1014 4958 1169 5012 tribus
1196 4965 1240 5009 et
1265 4964 1478 5026 quatuor
1500 4948 1836 5022 impietatibus
1859 4963 1961 5003 non

378 5052 639 5107 aversabor
666 5052 845 5123 (Amos
871 5066 908 5117 ι,
935 5049 1026 5122 5);
1054 5064 1151 5119 per
1173 5045 1315 5117 quod
1338 5043 1504 5099 voluit
1528 5041 1825 5111 impietates
1844 5038 1959 5094 uni-

380 5160 560 5201 versas
590 5146 765 5216 potius
790 5158 949 5215 quam
980 5150 1088 5196 tres
1118 5139 1201 5195 vel
1229 5147 1456 5210 quatuor
1485 5133 1724 5205 intelligi.

446 5236 630 5293 XLIII.
663 5235 762 5310 [lb.
790 5251 955 5302 xliv,
983 5233 1096 5306 17.]
1128 5231 1248 5286 Non
1286 5227 1557 5285 declinabis
1588 5226 1843 5299 judicium
1865 5224 1962 5278 ad-

378 5344 532 5395 venae,
560 5338 607 5382 et
630 5327 867 5401 orphani,
894 5335 941 5381 et
966 5324 1147 5380 viduae.
1177 5322 1297 5377 Non
1322 5319 1605 5393 pignerabis
1624 5318 1966 5374 vestimentum

379 5421 563 5476 vidum.
592 5422 701 5477 Cur
732 5436 836 5477 non
873 5421 980 5487 ait,
1013 5418 1081 5473 Et
1117 5432 1223 5471 non
1261 5413 1562 5487 pignerabis
1587 5411 1963 5467 vestimentum

380 5513 603 5566 eorum?
630 5512 760 5580 Quae
784 5512 925 5567 enim
954 5522 1115 5564 causa
1146 5514 1231 5562 est
1266 5513 1325 5560 ut
1364 5504 1522 5559 trium
1564 5501 1787 5556 istorum
1820 5498 1965 5569 judi-

382 5605 522 5659 cium
565 5604 837 5660 declinare
878 5600 1134 5667 vetucrit,
1161 5599 1351 5669 pignus
1375 5604 1550 5651 autem
1581 5591 1775 5648 auferri
1800 5590 1965 5646 vcsti-

384 5705 619 5752 mentum
645 5695 810 5750 solius
834 5693 1028 5760 viduae,
1059 5706 1166 5746 non
1192 5698 1246 5745 et
1271 5686 1519 5744 illorum?
1547 5684 1659 5741 Nisi
1685 5683 1807 5755 quia
1827 5681 1967 5754 judi-

383 5790 465 5847 cia
503 5789 741 5846 omnium
782 5786 1023 5846 facienda
1061 5792 1342 5859 propterea
1374 5776 1803 5846 commendavit,
1844 5774 1966 5847 quia

1716 359 1917 416 LIBER
1956 358 2269 431 QUINTUS.

3538 366 3643 422 766

2072 490 2176 531 non
2202 471 2400 530 habent
2421 490 2450 529 a
2477 475 2667 547 quibus
2699 474 3050 533 defendantur
3090 475 3202 532 sive
3242 473 3479 546 advena,
3520 494 3635 549 quis

2072 570 2123 624 in
2154 579 2294 625 terra
2322 571 2492 626 aliena
2530 582 2644 639 est;
2688 573 2801 630 sive
2839 574 3142 644 orphanus,
3180 573 3231 629 id
3271 582 3355 629 est
3391 574 3622 647 pupillus

2068 661 2190 729 quia
2222 661 2524 731 parentibus
2548 673 2723 730 caret;
2754 664 2870 719 sive
2896 663 3076 731 vidua,
3104 663 3227 735 quia
3258 662 3503 720 maritum
3536 679 3636 721 non

2071 749 2225 807 habet
2256 770 2268 806 :
2302 754 2490 823 pignus
2526 771 2655 810 vero
2690 771 2811 810 cum
2856 755 3102 826 prohibet
3140 757 3509 813 vestimentum
3549 771 3642 809 au-

2069 840 2191 894 ferri
2224 842 2392 897 vidua:
2410 886 2425 909 ,
2458 854 2582 914 puto
2607 846 2746 916 quod
2772 847 2900 902 satis
2922 847 3191 917 eleganter
3209 846 3523 913 admoneat,
3551 862 3643 903 eas

2068 948 2194 988 vere
2218 934 2469 990 dicendas
2493 951 2611 992 esse
2636 938 2839 1002 viduas,
2866 954 2985 1009 quae
3008 939 3168 994 etiam
3203 952 3462 1009 pauperes
3494 948 3639 992 sunt.

2068 1023 2123 1080 Id
2167 1026 2308 1079 enim
2352 1036 2405 1080 et
2444 1028 2730 1097 Apostolus
2774 1029 3046 1084 evidenter
3086 1028 3349 1091 ostendit,
3395 1027 3484 1083 tibi
3526 1028 3638 1083 ait:

2066 1115 2128 1171 Si
2154 1133 2253 1186 qua
2282 1127 2445 1171 autem
2474 1120 2624 1173 vidua
2658 1119 2793 1189 ﬁlios
2829 1130 2874 1175 et
2902 1130 3103 1191 nepotes
3136 1119 3311 1185 habet,
3342 1120 3502 1174 discat
3531 1120 3640 1189 pri-

2066 1225 2201 1263 mum
2221 1209 2425 1264 domum
2444 1228 2587 1265 suam
2611 1213 2692 1282 pie
2715 1222 2945 1280 tractare,
2968 1223 3015 1267 et
3039 1222 3262 1267 mutuam
3286 1212 3437 1266 uicem
3459 1226 3641 1281 paren-

2066 1300 2194 1353 tibus
2233 1302 2440 1356 reddere
2467 1318 2486 1357 :
2514 1304 2607 1356 hoc
2635 1304 2765 1357 enim
2802 1314 3060 1374 acceptum
3097 1311 3167 1357 est
3201 1319 3372 1359 coram
3401 1300 3637 1355 Domino.

2069 1393 2195 1460 Quae
2219 1405 2385 1450 autem
2415 1413 2524 1451 uere
2548 1398 2698 1450 vidua
2724 1406 2826 1463 est,
2856 1404 2902 1451 et
2927 1394 3180 1459 desolata,
3213 1394 3429 1466 speravit
3456 1394 3506 1447 in
3536 1394 3641 1448 Do-

2064 1488 2256 1539 minum
2276 1526 2291 1551 ,
2336 1496 2383 1541 et
2423 1487 2639 1556 persistit
2672 1487 2725 1541 in
2752 1485 3056 1541 orationibus
3089 1494 3231 1541 nocte
3264 1496 3311 1541 et
3348 1486 3448 1541 die.
3493 1486 3639 1543 lianc

2064 1589 2190 1631 vere
2220 1576 2429 1630 viduam
2468 1576 2634 1642 dixit,
2670 1591 2788 1647 qum
2817 1591 2922 1630 non
2963 1574 3122 1630 habet
3153 1590 3183 1629 a
3215 1575 3402 1646 quibus
3430 1585 3640 1632 susten-

2066 1675 2234 1733 tetur;
2264 1667 2383 1737 quia
2412 1681 2516 1721 non
2543 1666 2714 1722 solum
2742 1667 2879 1734 viro,
2913 1666 3009 1722 sed
3042 1666 3201 1722 etiam
3232 1667 3457 1736 posteris
3479 1675 3640 1736 atque

2061 1759 2205 1814 omni
2245 1774 2346 1829 ope
2383 1758 2631 1813 destituta
2670 1768 2793 1813 est:
2824 1757 3040 1813 divitem
3074 1758 3267 1829 quippe
3305 1773 3409 1812 non
3438 1757 3642 1813 diceret

2060 1848 2372 1904 desolatam.
2396 1850 2618 1920 Pauperi
2642 1850 2818 1919 itaque
2844 1848 3030 1920 pignus
3059 1864 3163 1903 non
3188 1856 3270 1904 est
3294 1847 3636 1903 auferendum

2060 1942 2434 1997 vestimentum
2473 1959 2488 1996 :
2528 1957 2651 1996 nam
2695 1949 2748 1996 et
2787 1940 2888 1995 hoc
2925 1940 3045 2009 ipso
3085 1939 3225 2009 quod
3266 1939 3638 1994 vestimentum

2062 2036 2306 2105 prohibet
2323 2034 2541 2101 auferri,
2569 2048 2851 2104 pauperem
2874 2031 3123 2087 ostendit.
3148 2030 3331 2101 Neque
3357 2031 3496 2085 enim
3523 2045 3641 2086 crea

2059 2126 2201 2191 ditor
2225 2142 2329 2181 non
2361 2126 2534 2195 potius
2558 2125 2791 2179 auferret
2815 2130 3088 2192 argentum
3108 2162 3124 2187 ,
3157 2120 3240 2176 vel
3260 2121 3304 2175 si
3325 2119 3450 2190 quid
3472 2120 3636 2187 aliud,

2059 2234 2217 2290 quam
2245 2218 2637 2273 vestimentum.
2670 2216 2836 2270 Porro
2858 2214 2903 2271 si
2934 2213 3223 2270 occurrerit
3248 2228 3446 2278 ammo,
3478 2210 3634 2278 Quid,

2058 2310 2104 2365 si
2126 2309 2288 2364 multa
2312 2307 2503 2363 habeat
2529 2307 2841 2363 vestimenta
2868 2320 2973 2359 non
2997 2300 3315 2370 necessaria,
3339 2301 3432 2358 sed
3454 2316 3642 2371 supcr~

2059 2401 2203 2457 ﬁua?
2229 2400 2497 2471 quomodo
2540 2399 2847 2470 intelligitur
2886 2412 3013 2453 vere
3048 2396 3231 2461 vidua,
3272 2394 3376 2451 hoc
3409 2402 3493 2449 est
3532 2408 3639 2448 non

2056 2493 2229 2549 solum
2255 2491 2523 2557 desolata,
2571 2505 2758 2545 verum
2802 2488 2961 2544 etiam
3004 2502 3123 2557 qua:
3158 2501 3262 2541 non
3287 2487 3304 2518 ί
3344 2486 3396 2539 in
3435 2484 3638 2539 deliciis

2057 2583 2202 2653 agit?
2229 2598 2385 2653 quam
2408 2580 2634 2650 subjecit
2652 2579 2855 2647 dicens,
2887 2579 3016 2645 Quae
3032 2585 3196 2630 autem
3222 2576 3274 2630 in
3298 2575 3488 2630 deliciis
3510 2574 3637 2645 agit,

2005 2701 2008 2704 ’
2057 2678 2221 2730 vivens
2247 2682 2443 2728 mortua
2465 2681 2540 2727 est
2570 2672 2613 2746 (ι
2642 2671 2773 2725 Tim.
2798 2687 2850 2738 v,
2878 2667 3016 2743 4-6).
3057 2670 3203 2724 lianc
3244 2669 3438 2738 quippe
3474 2680 3641 2735 oppo-

2057 2768 2182 2833 suit,
2215 2775 2462 2836 tanquam
2491 2779 2524 2820 e
2550 2763 2822 2819 contrario
2843 2775 2984 2817 vera:
3008 2760 3177 2815 vidua:
3195 2799 3212 2825 ,
3242 2768 3489 2828 tanquam
3521 2756 3641 2812 talis

2057 2875 2164 2916 non
2206 2859 2276 2915 sit
2304 2873 2426 2914 vera
2454 2857 2632 2911 vidua.
2671 2854 3030 2924 Quaecumque
3065 2861 3241 2906 autem
3284 2850 3473 2906 divites
3508 2848 3641 2904 alias

2058 2951 2268 3020 nuptias
2294 2948 2524 3019 experiri
2555 2947 2871 3013 noluerunt,
2899 2944 3219 2998 continentia
3250 2944 3302 2995 in
3342 2942 3421 2997 eis
3457 2940 3641 2996 lauda-

2059 3051 2164 3109 tur,
2197 3056 2303 3096 non
2342 3038 2603 3095 desolatio
2642 3034 3063 3093 commendatur.
3093 3033 3186 3087 lla:
3212 3030 3405 3103 quippe
3435 3029 3641 3087 maritis

2059 3140 2264 3190 tantum
2295 3131 2523 3187 viduata:
2550 3136 2696 3195 sunt,
2726 3142 2831 3182 non
2859 3126 2977 3182 aliis
3002 3123 3179 3180 rebus.

2127 3226 2309 3284 XLIV.
2340 3223 2440 3299 [lb.
2477 3238 2615 3280 xxiv
2634 3264 2651 3289 ,
2688 3219 2799 3293 i9.]
2826 3218 2975 3287 Quod
3000 3215 3270 3281 admonet,
3299 3221 3356 3269 ut
3384 3212 3435 3267 in
3465 3226 3641 3267 messe

2057 3321 2279 3377 oblitum
2301 3308 2629 3387 manipulum
2658 3328 2817 3369 nemo
2836 3310 3069 3380 colligat,
3096 3316 3150 3364 et
3167 3307 3359 3362 olivam
3382 3304 3463 3360 vel
3486 3318 3640 3358 uvam

2058 3412 2299 3467 relictam
2328 3422 2486 3463 nemo
2515 3414 2721 3475 repetat
2756 3402 3058 3471 diligentius
3097 3398 3332 3468 neglecta
3370 3396 3638 3466 colligere,

2056 3512 2112 3559 et
2135 3500 2260 3557 dicit
2291 3498 2567 3571 egentibus
2597 3492 2944 3559 dimittenda;
2972 3490 3207 3546 occurrit
3242 3486 3462 3543 forsitan
3498 3485 3643 3554 cogi—

2061 3592 2275 3658 talioni,
2305 3591 2475 3661 Quid,
2507 3589 2552 3644 si
2592 3589 2707 3643 haec
2746 3601 2865 3656 qua:
2905 3584 2973 3639 ab
3012 3595 3258 3653 agrorum
3293 3576 3520 3634 dominis
3557 3575 3643 3630 di.

2059 3687 2372 3751 mittuntur,
2400 3698 2505 3737 non
2544 3687 2796 3749 egentes,
2827 3676 2922 3732 sed
2958 3672 3182 3744 improbi
3215 3669 3499 3740 colligant?
3535 3666 3643 3723 Sed

2058 3774 2500 3832 considerandum
2530 3772 2702 3841 primo
2737 3769 2885 3823 illum
2923 3763 3285 3822 misericordia
3324 3761 3524 3827 facere,
3552 3758 3644 3829 qui

2059 3870 2162 3926 hoc
2183 3868 2363 3922 animo
2391 3863 2639 3928 dimittit,
2669 3868 2729 3916 ut
2757 3867 2975 3930 egentes
3003 3855 3235 3911 habeant
3258 3850 3399 3924 quod
3425 3848 3646 3905 dimitti-

2060 3971 2163 4017 tur.
2192 3958 2392 4015 Deinde
2417 3972 2536 4013 cum
2564 3954 2681 4009 haec
2706 3950 2899 4022 pupulo
2936 3946 3340 4019 praecipiuntur,
3368 3940 3526 3997 simul
3550 3937 3647 3994 ad.

2059 4059 2341 4107 monentur
2365 4047 2401 4103 ii
2426 4047 2515 4118 qui
2539 4060 2644 4100 non
2676 4041 2930 4112 indigent,
2957 4040 3057 4094 ista
3084 4051 3189 4092 non
3211 4046 3470 4106 qumrere.
3493 4028 3645 4098 Quod

2058 4143 2104 4199 si
2128 4139 2454 4214 quaesierint,
2481 4136 2605 4208 quid
2634 4133 2778 4191 aliud
2805 4146 2963 4203 quam
2991 4144 3079 4184 res
3103 4128 3332 4198 alienas,
3373 4133 3428 4179 et
3448 4164 3470 4214 ,Α
3504 4121 3647 4214 quod

2058 4210 2271 4304 gra—vius
2299 4238 2399 4293 est,
2431 4240 2723 4299 pauperum
2754 4221 3006 4277 invadere
3025 4215 3294 4289 iudicandi
3316 4212 3477 4268 sunt?
3502 4210 3648 4268 Utri.

2059 4344 2162 4399 que
2191 4340 2318 4396 ergo
2347 4323 2835 4378 commemorantur
2853 4315 2874 4345 ²
2906 4312 2991 4365 his
3016 4306 3317 4380 praeceptis,
3342 4314 3397 4359 et
3419 4316 3643 4372 quorum

2059 4391 2174 4492 agri
2214 4391 2368 4482 sunt,
2416 4421 2475 4467 ut
2516 4405 2934 4466 misericorditer
2978 4416 3041 4455 ea
3084 4397 3415 4466 relinquant;
3461 4400 3515 4446 et
3552 4391 3645 4460 qui

2060 4481 2357 4582 indigentes
2387 4522 2493 4561 non
2519 4509 2679 4567 sunt,
2716 4506 2776 4553 ut
2814 4495 2937 4551 inde
2964 4507 3024 4548 se
3051 4488 3352 4545 abstineant
3384 4502 3398 4539 :
3434 4481 3651 4553 quando

2061 4573 2344 4671 utruvmque
2370 4596 2585 4659 dicitur,
2617 4600 2670 4646 et
2694 4605 2725 4646 a
2750 4587 2944 4661 quibus
2971 4578 3285 4639 dimittenda
3308 4576 3433 4643 sint,
3459 4584 3515 4633 et
3533 4573 3649 4645 qui-

2062 4695 2160 4750 bus
2189 4687 2503 4747 dimittenda
2533 4685 2660 4740 sint.

2134 4781 2295 4840 XLV.
2329 4779 2427 4854 [lb.
2462 4792 2600 4844 xxv,
2629 4771 2775 4847 1-5.]
2801 4771 2863 4829 Si
2882 4778 3052 4825 autem
3065 4766 3217 4839 fuerit
3244 4761 3500 4819 altercatio
3524 4760 3651 4815 inter

2064 4876 2324 4940 homines,
2351 4881 2398 4928 et
2422 4868 2716 4925 accesserint
2742 4865 2810 4919 ad
2826 4862 3079 4936 judicium
3098 4901 3113 4926 ,
3150 4866 3199 4913 et
3212 4854 3572 4928 judicaoerint,
3603 4859 3653 4907 et

2054 4964 2445 5043 justiﬁeaverint
2454 4962 2670 5035 justum.
2688 4956 2903 5014 Iudices
2914 4949 3242 5021 intelligendi
3254 4955 3376 5002 sunt
3388 4944 3649 5043 judicare,

2066 5031 2199 5117 non.
2221 5058 2295 5114 illi
2338 5056 2429 5127 qui
2455 5031 2599 5111 vdicti
2625 5059 2748 5107 sunt
2779 5044 3175 5104 altercationem
3204 5037 3420 5127 habere.
3438 5031 3654 5127 gD-einde

2066 5150 2306 5223 sequitur
2330 5123 2440 5203 {Et
2464 5138 2874 5215 reprehenderint
2900 5133 3132 5207 impium.
3160 5128 3227 5183 Et
3251 5126 3376 5191 erit,
3405 5124 3450 5181 si
3473 5123 3656 5193 dignus

2069 5218 2218 5315 fuerit
2243 5240 2408 5313 plagis
2425 5279 2443 5307 ,
2483 5238 2569 5309 qui
2591 5233 2744 5306 impie
2769 5230 2907 5302 agit;
2934 5223 3203 5282 constitues
3231 5235 3342 5274 eum
3367 5218 3420 5272 in
3443 5229 3657 5284 conspe--

2069 5306 2153 5391 ctu
2170 5306 2443 5406 judicum
2474 5306 2519 5384 et
2536 5323 2864 5401 ﬂagellabant
2886 5334 2999 5375 eum
3024 5325 3141 5371 ante
3166 5329 3242 5380 se,
3266 5307 3537 5366 secundum
3564 5306 3658 5359 im-

2070 5399 2304 5502 pietatem
2344 5426 2455 5497 ejus
2484 5438 2502 5477 :
2528 5399 2733 5475 numero
2760 5410 3096 5487 quadraginta
3140 5399 3467 5502 ﬂagellabunt
3507 5412 3619 5452 eum
3636 5411 3662 5462 ξ

2072 5495 2173 5578 non
2193 5495 2469 5593 opponent.
2494 5514 2554 5571 Si
2582 5522 2747 5567 autem
2764 5495 3355 5581 apposuerintjlagellare
3378 5506 3490 5549 eum
3509 5503 3665 5558 super

2140 5658 2157 5690 ι
2191 5651 2330 5712 editi,
2352 5662 2461 5715 quae
2481 5646 2533 5698 in
2551 5642 2740 5715 deliciis
2770 5639 2871 5715 agit
2898 5636 3116 5715 :_
3155 5634 3372 5694 negante
3396 5618 3628 5691 parnasia
3642 5651 3666 5682 ι

2060 5722 2187 5784 quae
2207 5705 2527 5774 interponitur
2620 5705 2886 5784 potioribus
2906 5708 3012 5751 uss.

2141 5781 2160 5813 ³
2183 5785 2280 5837 Eia,
2302 5775 2672 5827 commentum
3112 5794 3137 5816 ο
