4136 6476
519 367 627 423 767

520 485 608 537 tias
658 483 835 557 plagas
879 486 1075 555 plures,
1119 485 1463 557 deturpabitur
1492 486 1648 557 frater
1671 493 1787 537 tuus
1827 497 1996 536 coram
2024 488 2089 536 te.

520 578 684 632 \‘alde
711 578 1090 634 advertendum
1134 587 1216 634 est
1239 578 1380 649 quod
1409 592 1528 633 cum
1569 591 1630 632 ea
1674 584 1890 647 peccata
1929 576 2096 646 plagis

512 668 847 723 emendanda
884 669 1218 740 praeceperit,
1258 684 1375 739 qua:
1404 668 1561 738 digna
1598 681 1706 721 non
1746 674 1869 720 sunt
1910 665 2097 720 mortis

512 758 777 827 supplicio
799 759 1074 823 vindicari,
1096 767 1151 813 et
1171 758 1275 813 hoc
1304 766 1410 812 tam
1439 756 1622 828 paucis
1649 754 1848 826 plagis;
1871 770 1991 810 eum
2018 763 2098 809 ta-

512 852 639 903 ‘men
653 849 739 919 qui
753 849 990 915 caeditur,
1011 847 1522 919 appellavitimpium
1540 847 1623 902 vel
1641 847 1798 915 impie
1816 854 2057 916 agentem
2076 862 2093 900 ε

516 949 576 996 ιιι
611 942 936 1009 noverimus,
964 954 1069 995 non
1111 941 1249 996 sicut
1286 940 1501 1011 plurimi
1542 940 1848 1009 loquuntur,
1893 937 2096 992 locutas

514 1046 634 1088 esse
658 1031 987 1102 Scripturas;
1017 1045 1148 1101 quas
1188 1030 1503 1086 incuriosius
1526 1029 1771 1100 legimus,
1799 1043 1919 1082 cum
1941 1037 2094 1097 puta-

516 1138 635 1178 mus
650 1123 964 1178 adulterium
986 1138 1090 1177 non
1106 1138 1225 1178 esse
1241 1123 1584 1193 impietatem,
1602 1121 1722 1190 quia
1748 1120 1800 1175 in
1826 1120 2093 1174 hominem

516 1214 728 1269 videtur
753 1228 1007 1283 peccasse
1035 1215 1123 1284 qui
1150 1213 1252 1269 hoc
1287 1212 1492 1279 fecerit,
1519 1228 1640 1269 cum
1667 1211 1797 1267 illud
1823 1219 2093 1282 peccatum

514 1313 686 1360 morte
712 1304 869 1374 plecti
892 1304 1075 1375 jubeat
1112 1305 1221 1360 Lex
1249 1304 1422 1375 (Deut.
1454 1321 1593 1371 χχιι,
1618 1302 1742 1377 2‘2);
1774 1311 1828 1359 et
1864 1303 1946 1357 his
1970 1316 2096 1373 pec-

513 1397 645 1451 catis
687 1396 958 1466 graviores
1007 1411 1126 1451 esse
1175 1396 1401 1452 dicimus
1442 1398 1773 1466 impietates,
1824 1411 1944 1451 cum
1990 1395 2095 1450 sint

514 1501 701 1541 earum
747 1486 988 1557 qumdam
1035 1502 1154 1557 qum
1181 1486 1374 1557 flagelli
1414 1487 1581 1557 plagis
1621 1486 1965 1557 quadraginta
1996 1501 2093 1555 pu-

512 1576 751 1632 niuntur.
781 1577 876 1632 Est
897 1576 1074 1649 itaque
1098 1578 1231 1633 levis
1258 1578 1523 1647 impietas,
1550 1593 1669 1648 qua:
1694 1577 1914 1632 verbere
1936 1577 2092 1647 digna

512 1677 625 1733 est;
653 1675 708 1722 et
729 1676 815 1723 est
832 1655 1047 1738 gravior
1070 1684 1186 1739 qum
1207 1676 1381 1724 morte
1403 1669 1556 1740 digna
1583 1675 1665 1725 est
1685 1686 1698 1723 :
1722 1670 1793 1724 ita
1821 1668 1979 1724 etiam
2005 1669 2092 1722 illa

511 1768 725 1829 peccata
750 1775 868 1831 quae
896 1775 1005 1816 non
1036 1765 1087 1816 in
1120 1761 1284 1816 Deum
1305 1802 1320 1828 ,
1352 1761 1446 1816 sed
1472 1762 1524 1815 in
1552 1760 1820 1816 hominem
1848 1761 2094 1815 videntur

511 1849 750 1919 admitti,
781 1860 905 1907 sunt
932 1862 1102 1909 morte
1135 1853 1289 1923 digna
1327 1852 1604 1924 qumdam;
1634 1863 1758 1908 sunt
1779 1852 1880 1907 alia
1907 1867 2091 1908 corre-

511 1942 723 2011 ptione,
754 1956 849 1998 seu
877 1944 1117 2009 verbere,
1150 1959 1245 1998 seu
1284 1944 1441 1999 venia
1462 1945 1479 1976 ί
1528 1943 1784 1999 faciliore.
1828 1945 1902 1998 Ita
1950 1946 2091 1999 enim

510 2033 718 2089 locutos
743 2048 863 2088 esse
891 2032 1232 2104 Septuaginta
1259 2036 1572 2104 interpretes
1597 2042 1824 2103 constat,
1850 2044 1908 2090 ut
1930 2036 2092 2091 etiam

515 2124 657 2180 illius
688 2126 778 2195 qui
806 2125 977 2196 plagis
1004 2125 1193 2195 dignus
1219 2135 1322 2192 est,
1344 2127 1665 2197 impietatem
1696 2126 2020 2181 vocaverint.

514 2241 523 2251 ο
586 2214 769 2271 XLVI.
809 2214 920 2289 [Ib.
946 2232 1094 2283 xxv,
1124 2214 1223 2287 5.]
1262 2216 1322 2271 Si
1350 2228 1516 2270 autem
1544 2216 1870 2271 habitaverint
1911 2218 2092 2287 fratres

508 2310 562 2363 in
601 2323 793 2374 unum,
839 2304 1151 2361 et'mortuus
1193 2306 1342 2377 fuerit
1386 2324 1516 2362 unus
1555 2324 1617 2361 ea:
1658 2309 1762 2373 eis,
1805 2324 1974 2362 semen
2000 2323 2093 2360 att-

508 2407 606 2454 tem
634 2416 734 2454 non
764 2400 912 2470 fuerit
935 2400 1018 2465 ei;
1054 2416 1155 2453 non
1184 2400 1275 2453 erit
1299 2416 1430 2454 uxor
1456 2399 1678 2471 defuncti
1713 2400 1838 2472 foris
1874 2417 1976 2455 non
1999 2417 2094 2471 ap-

507 2489 802 2559 propianti’
826 2504 846 2543 :
886 2492 1045 2560 frater
1080 2489 1175 2542 viri
1213 2490 1320 2561 ejus
1355 2490 1560 2543 intrabit
1595 2491 1663 2544 ad
1701 2507 1839 2556 eam,
1879 2501 1926 2546 et
1954 2491 2091 2544 acci-

509 2579 611 2647 piet
634 2595 745 2633 eam
770 2578 864 2633 sibi
889 2595 1094 2632 uxorem
1114 2621 1129 2646 ,
1153 2589 1198 2633 et
1222 2579 1524 2633 cohabitabit
1559 2581 1623 2634 ei.
1664 2580 1732 2635 Et
1763 2583 1887 2649 erit,
1921 2581 2093 2652 infans

505 2671 802 2741 quicumque
827 2681 975 2725 natus
1000 2672 1168 2742 fuerit,
1198 2673 1525 2748 constituetur
1550 2689 1611 2727 ea:
1630 2673 1852 2744 defuncti
1870 2675 2087 2741 nomine,

506 2772 555 2818 et
580 2779 680 2817 non
705 2763 949 2817 delebitur
966 2779 1146 2818 nomen
1174 2764 1285 2835 ejus
1311 2779 1373 2817 ea:
1395 2762 1578 2818 Israel.
1601 2763 1822 2818 Videtur
1845 2765 1943 2819 hoc
1962 2780 2092 2836 prae-

505 2856 715 2927 cepisse
752 2855 861 2911 Lex
889 2855 957 2911 de
986 2855 1166 2910 fratris
1195 2871 1363 2910 uxore
1388 2855 1625 2910 ducenda
1649 2898 1663 2921 ,
1695 2871 1799 2910 non
1824 2856 1895 2909 oh
1922 2856 2087 2922 aliud,

505 2946 610 3001 nisi
635 2954 692 3001 ut
719 2960 902 3002 semen
928 2947 1146 3001 suscitet
1172 2944 1321 3000 fratri
1351 2946 1437 3016 qui
1466 2946 1581 3000 sine
1606 2946 1786 3001 liberis
1806 2945 2088 3003 defunctus

505 3050 609 3099 est.
649 3041 801 3109 Quod
831 3050 1010 3098 autem
1035 3041 1126 3108 ait,
1158 3040 1497 3095 Constituetur
1526 3056 1589 3095 ea:
1612 3039 1838 3111 defuncti
1866 3041 2086 3106 nomine,

504 3144 552 3189 et
576 3148 676 3189 non
699 3133 941 3188 delebitur
968 3149 1147 3187 nomen
1172 3132 1281 3203 ejus
1299 3147 1362 3187 ea:
1390 3131 1574 3198 Israel,
1599 3132 1650 3187 id
1676 3140 1760 3188 est
1779 3148 1971 3188 nomen
1993 3132 2089 3189 de-

504 3226 705 3295 functi;
737 3241 801 3283 ex
824 3225 927 3282 hoc
945 3225 1155 3281 videtur
1175 3224 1394 3292 dictum,
1413 3233 1471 3279 ut
1497 3225 1585 3301 ille
1607 3226 1695 3296 qui
1713 3226 1964 3293 nascitur,
1986 3225 2087 3282 hoc

504 3318 721 3375 nomine
755 3319 1077 3390 appelletur,
1114 3332 1220 3389 quo
1263 3316 1626 3387 appellabatur
1662 3317 1961 3385 defunctus,
1999 3320 2085 3375 cui

504 3402 733 3480 quodam
755 3408 911 3464 modo
930 3417 1272 3481 propagatur.
1292 3406 1439 3464 Unde
1459 3408 1611 3463 nobis
1631 3409 1803 3464 visum
1822 3416 1906 3465 est
1920 3410 2087 3481 magis

508 3499 797 3555 secundum
820 3497 1118 3569 adoptionis
1130 3513 1332 3553 morem
1351 3498 1557 3554 solvere
1574 3498 1625 3553 in
1649 3498 1934 3569 Evangelio
1950 3512 2087 3570 qua:-

503 3590 731 3645 stionem
744 3589 810 3644 de
820 3589 1026 3644 duobus
1038 3588 1277 3659 patribus
1288 3587 1482 3658 Ioseph
1496 3586 1597 3660 (De
1605 3588 1756 3644 Cons.
1774 3589 1973 3662 Evang.
1994 3590 2080 3645 lib.

500 3681 557 3747 ἓ,
587 3697 631 3735 c.
659 3682 739 3752 3),
763 3696 987 3752 quorum
1025 3696 1191 3735 unum
1225 3689 1608 3737 commemorat
1633 3680 1927 3747 Mattheus,
1959 3699 2081 3739 eum

502 3771 706 3828 scilicet
725 3772 813 3842 qui
834 3771 1013 3841 genuit
1040 3769 1237 3840 Ioseph
1265 3769 1478 3839 (Matth.
1502 3787 1541 3837 ι,
1572 3770 1697 3842 I6);
1728 3771 1950 3827 alterum
1978 3772 2084 3827 Lu-

499 3878 611 3928 cas,
642 3877 763 3918 eum
790 3862 939 3932 cujus
966 3862 1102 3916 Illius
1128 3869 1244 3917 erat
1272 3861 1504 3931 'Joseph
1526 3860 1674 3931 (Luc.
1702 3878 1779 3927 Ill,
1806 3861 1899 3935 2‘5)
1921 3881 1932 3916 :
1952 3879 2085 3935 quo-

502 3953 645 4007 niam
675 3952 870 4007 nullius
891 3967 1074 4007 eorum
1104 3966 1298 4006 nomen
1328 3951 1527 4022 Ioseph
1553 3953 1776 4023 accepit.
1806 3953 1917 4009 Nisi
1946 3955 2083 4013 forte

502 4041 605 4099 hoc
629 4042 825 4098 dictum
856 4051 957 4111 est,
990 4040 1325 4096 Constituelur
1348 4058 1412 4096 ec
1447 4042 1670 4112 defuncti
1704 4045 1939 4111 nomine,
1973 4062 2081 4102 non

499 4142 559 4188 ut
575 4133 691 4204 ejus
716 4148 907 4188 nomen
928 4133 1183 4202 accipiat,
1215 4131 1312 4187 scd
1339 4140 1398 4187 ut
1430 4148 1493 4188 ex
1521 4133 1638 4203 ejus
1663 4136 1897 4201 nomine,
1921 4137 1971 4191 id
1998 4147 2081 4192 est

499 4232 746 4295 tanquam
775 4223 932 4289 filius,
957 4240 1060 4278 non
1092 4223 1206 4294 ejus
1234 4223 1386 4293 cujus
1411 4225 1612 4280 semine
1627 4233 1710 4280 est
1733 4228 1962 4296 genitus,
1984 4228 2080 4284 sed

499 4313 644 4370 Illius
672 4312 903 4370 defuncti
938 4313 1021 4369 cui
1051 4328 1233 4368 semen
1271 4314 1578 4368 suscitatum
1605 4325 1715 4381 est,
1746 4316 1915 4372 hmres
1944 4333 2078 4373 cou-

497 4407 763 4463 Stituatur.
794 4406 945 4474 Quod
990 4406 1132 4461 enim
1180 4405 1417 4460 additum
1447 4415 1548 4474 est,
1592 4406 1660 4461 Et
1698 4425 1797 4463 non
1836 4408 2080 4465 delabitur

496 4510 675 4557 nomen
713 4502 823 4575 ejus
866 4517 928 4556 ea:
968 4500 1170 4566 Israel,
1212 4510 1387 4571 potest
1410 4502 1481 4555 ita
1510 4501 1765 4573 intelligi,
1797 4518 1902 4559 non
1933 4505 2075 4575 quod

494 4608 688 4650 nomen
716 4594 832 4662 ejus
861 4607 991 4663 puer
1014 4600 1399 4662 consequenter
1418 4593 1673 4662 accipiat;
1701 4594 1793 4648 sed
1823 4595 1962 4664 quod
1989 4596 2076 4651 ille

494 4695 603 4739 non
631 4682 747 4737 sine
790 4681 1100 4752 posteritate
1136 4690 1379 4736 mortuus
1405 4696 1524 4737 esse
1550 4681 1843 4750 videbitur,
1872 4693 1925 4740 et
1954 4686 2074 4741 ideo

491 4779 773 4848 permanet
796 4771 911 4842 ejus
935 4786 1156 4851 nomen,
1178 4770 1280 4825 hoc
1308 4780 1391 4825 cst
1412 4772 1688 4826 memoria.
1719 4773 1901 4844 Neque
1929 4777 2070 4832 enim

487 4858 651 4920 etiam
680 4863 724 4918 si
755 4865 869 4933 ipse
896 4862 1060 4916 filium
1087 4863 1385 4933 genuisset,»
1408 4878 1597 4918 nomen
1634 4880 1787 4920 suum
1815 4867 1863 4922 ei
1905 4869 2073 4925 fuerat

485 4954 866 5026 impositurus,
898 4963 953 5009 ut
976 4969 1167 5009 nomen
1200 4954 1315 5023 ejus
1350 4970 1454 5008 non
1482 4953 1750 5011 deleretur
1775 4973 1839 5013 ex
1869 4959 2067 5017 Israel:

486 5047 581 5104 sed
604 5063 669 5103 ex
692 5047 793 5103 hoc
818 5047 996 5117 utique
1017 5059 1120 5099 non
1145 5044 1434 5107 deleretur,
1468 5046 1588 5114 quia
1615 5063 1720 5102 non
1750 5048 1864 5104 sine
1889 5050 2069 5107 liberis

484 5125 549 5197 ex
578 5139 679 5196 hac
712 5140 820 5213 vita
858 5138 1172 5208 emigraret;
1205 5145 1258 5192 et
1296 5136 1398 5193 hoc
1433 5138 1649 5207 jubetur
1672 5156 1738 5195 ex
1764 5142 1881 5212 ejus
1905 5160 2069 5200 uxore

482 5229 648 5285 frater
690 5229 804 5300 ejus
841 5228 1098 5298 implere,
1129 5225 1267 5297 quod
1297 5226 1385 5281 ille
1418 5242 1523 5281 non
1566 5231 1751 5297 potuit.
1793 5232 1923 5286 Nam
1967 5235 2067 5289 etsi

482 5322 646 5376 frater
663 5335 768 5376 non
791 5318 997 5385 fuisset,
1013 5326 1068 5373 et
1090 5316 1412 5388 propinquus
1431 5318 1656 5374 ducebat
1684 5336 1901 5377 uxorem
1926 5324 2062 5393 ejus,

482 5414 570 5484 qui
595 5413 712 5469 sine
737 5411 860 5467 ﬁliis
896 5418 1136 5466 mortuus
1163 5416 1342 5475 esset,
1384 5407 1451 5463 ad
1492 5411 1851 5467 suscitandum
1881 5429 2063 5470 semen

481 5502 632 5559 fratri
656 5518 791 5559 suo:
819 5501 958 5558 sicut
984 5500 1108 5557 fecit
1147 5500 1286 5555 Booz
1317 5499 1558 5555 ducendo
1589 5500 1726 5556 Ruth
1750 5544 1766 5571 ,
1798 5511 1857 5558 ut
1880 5518 2062 5560 semen

542 5643 560 5675 ι
583 5641 722 5705 εαξη,
742 5644 983 5705 mund!
1001 5634 1333 5705 an'ia'

541 5706 562 5737 I
585 5693 723 5767 editi;
742 5693 874 5767 uxor
889 5697 1102 5762 defuncti
1117 5693 1289 5767 fratris
1308 5708 1403 5748 non
1417 5693 1559 5748 alteri
1578 5696 1719 5751 nubet
1738 5699 2056 5767 appmpianti.

478 5766 798 5818 Emendautur
818 5763 875 5813 ad
901 5760 1081 5810 MSSJeI
1110 5760 1168 5809 ad
1193 5767 1319 5811 LXX.

541 5830 560 5861 ³
582 5835 686 5879 ω.
713 5825 809 5878 duo
831 5824 1057 5885 Vaticani,
1078 5820 1208 5884 [ilius
1230 5836 1321 5874 non
1341 5818 1476 5877 erat.)

1314 365 1775 433 QUASSTIONUII
1810 365 1868 421 s.
1904 352 2272 423 'AUGUSTINI
2304 366 2372 423 IN
2411 366 2969 431 IIEPTATEUCHUM

3681 382 3782 441 768

2205 482 2462 537 excitaret
2487 486 2786 555 propinquo
2808 501 2922 551 suo,
2947 487 3098 558 cujus
3125 488 3293 545 fuerat
3313 491 3398 548 illa
3418 509 3570 560 uxor,
3590 492 3691 551 nec
3713 498 3784 554 do

2203 571 2294 626 illo
2317 583 2627 641 pepererat;
2649 584 2703 631 et
2724 585 2896 633 tamen
2914 580 3002 648 qui
3022 580 3090 635 de
3116 580 3204 635 illa
3224 592 3381 637 natus
3405 593 3506 651 est,
3532 600 3597 640 ex
3620 589 3781 642 nomi-

2200 678 2269 719 ne
2290 666 2501 735 quidem
2529 664 2764 722 defuncti
2784 671 3097 727 constitutus
3117 682 3219 742 est,
3242 676 3363 744 quia
3393 675 3533 732 filius
3553 678 3668 747 ejus
3697 688 3781 735 est

2199 754 2391 823 dictus,
2434 767 2593 829 atque
2632 760 2703 814 ita
2749 759 2939 816 factum
2967 771 3051 818 est
3086 773 3146 818 ut
3189 780 3384 821 nomen
3415 766 3646 824 defuncti
3674 784 3781 825 non

2199 846 2467 903 deleretur
2489 865 2554 904 ex
2583 850 2760 916 Israel,
2795 868 2896 908 nec
2917 864 3090 910 tamen
3112 854 3228 925 ejus
3250 858 3466 914 nomine
3486 860 3781 931 appellatus

2200 947 2283 993 est
2309 938 2472 1010 (Ruth
2499 956 2574 1008 tv,
2604 942 2816 1014 15-17).

2196 1060 2414 1113 ρυεδτιο
2431 1068 2491 1104 ne
2499 1068 2682 1107 mosus
2694 1071 2922 1108 paramus
2931 1064 3119 1110 Joszra.
3138 1059 3303 1112 Matth.
3319 1062 3594 1125 u,16;Luc.
3609 1079 3677 1127 in,
3695 1064 3776 1116 25.

2267 1158 2396 1224 Quae
2416 1174 2535 1213 cum
2562 1161 2635 1215 ita
2658 1161 2764 1215 sint
2785 1203 2801 1227 ,
2833 1163 3183 1221 abundantius
3208 1166 3415 1223 duobus
3443 1168 3619 1225 modis
3643 1169 3778 1228 solvi

2197 1256 2373 1317 potest
2400 1252 2706 1321 evangelica
2726 1255 2981 1323 quaestio,
3001 1264 3057 1310 ut
3081 1272 3216 1312 unus
3235 1273 3418 1314 eorum
3443 1275 3577 1331 quos
3601 1260 3779 1318 diver-

2196 1354 2286 1395 sos
2310 1354 2728 1399 commemorant
2752 1345 3033 1401 Mattlueus
3061 1358 3115 1405 et
3138 1348 3310 1405 Lucas
3329 1391 3348 1419 ,
3376 1351 3446 1406 ita
3475 1351 3631 1407 fuerit
3652 1368 3777 1423 pro-

2194 1431 2424 1502 pinquus
2439 1435 2590 1490 alteri
2606 1435 2670 1490 ad
2688 1436 2981 1492 ducendam
2998 1439 3112 1508 ejus
3129 1457 3370 1509 uxorem,
3387 1453 3440 1497 ut
3461 1443 3594 1500 alios
3613 1445 3776 1499 etiam

2196 1538 2404 1579 sursum
2442 1541 2628 1582 versus
2662 1538 2909 1597 parentes
2935 1538 3091 1600 atque
3118 1534 3343 1603 majores
3368 1533 3498 1601 iste,
3529 1536 3661 1591 alios
3686 1536 3776 1592 ille

2194 1614 2395 1672 habere
2426 1620 2672 1688 potuerit.
2702 1621 2835 1676 Nam
2869 1623 2914 1677 si
2953 1622 3174 1679 fratrum
3198 1626 3294 1682 filii
3326 1626 3571 1693 fuissent,
3611 1646 3777 1685 unum

2195 1705 2502 1764 habuissent
2522 1725 2715 1778 avum;
2757 1712 2896 1783 quod
2924 1729 3031 1770 non
3060 1716 3134 1772 ita
3163 1726 3245 1772 est
3271 1735 3285 1772 :
3312 1734 3450 1773 nam
3479 1719 3775 1776 secundum

2194 1797 2518 1868 Matthazum,
2562 1803 2771 1857 Mathan
2809 1813 2892 1860 est
2928 1820 3058 1861 avus
3085 1805 3313 1877 Ioseph;
3342 1809 3634 1864 secundum
3669 1809 3776 1865 Lu-

2194 1904 2311 1945 cam
2333 1907 2487 1958 vero,
2500 1907 2608 1949 non
2625 1894 2858 1962 Mathan,
2880 1896 3240 1953 sed‘Mathath.
3263 1898 3414 1967 Quod
3432 1900 3479 1957 si
3496 1901 3776 1971 quisquam

2193 1990 2343 2055 putat
2365 1999 2485 2040 esse
2512 1995 2711 2042 tantam
2738 1989 3134 2045 similitudinem
3159 1990 3418 2060 nominis,
3455 2001 3512 2048 ut
3544 1994 3614 2049 ab
3645 1994 3777 2049 scri-

2195 2076 2435 2145 ptoribus
2461 2078 2514 2132 iu
2537 2095 2640 2134 una
2666 2081 2840 2136 littera
2866 2090 3101 2138 erratum
3122 2083 3210 2148 sit,
3237 2092 3294 2139 ut
3314 2083 3464 2140 ﬁeret
3483 2094 3589 2140 tam
3610 2100 3776 2156 parva

2194 2176 2251 2223 et
2280 2184 2415 2238 pene
2436 2171 2580 2226 nulla
2606 2172 2920 2239 diversitas;
2947 2175 3071 2245 quid
3101 2174 3170 2231 de
3195 2176 3419 2233 istorum
3438 2178 3676 2249 patribus
3694 2178 3777 2233 di-

2195 2270 2377 2317 cturus
2404 2267 2522 2319 est?
2548 2264 2678 2319 Nam
2700 2266 2990 2321 secundum
3021 2267 3218 2323 Lucam
3247 2268 3479 2324 Mathath
3506 2269 3649 2326 ﬁlius
3678 2270 3779 2326 fuit

2195 2351 2360 2419 Levi;
2383 2355 2671 2410 secundum
2695 2356 2996 2413 Matthmum
3017 2368 3213 2427 autem,
3235 2360 3447 2416 Mallian
3466 2376 3532 2417 ex
3556 2361 3777 2435 Eleazar

2194 2443 2403 2513 genitus
2429 2445 2696 2501 invenitur
2723 2464 2736 2500 :
2765 2457 2924 2518 atque
2967 2449 3039 2504 ita
3079 2450 3203 2507 inde
3241 2466 3453 2507 sursum
3484 2467 3668 2508 versus
3694 2452 3778 2509 di-

2194 2534 2333 2588 versi
2363 2543 2487 2590 sunt
2514 2545 2692 2606 patres
2728 2546 2782 2593 et
2807 2538 2922 2605 avi;
2957 2548 3011 2594 et
3043 2540 3235 2598 deinde
3259 2542 3488 2613 majores
3517 2558 3683 2613 usque
3706 2542 3776 2599 ad

2194 2622 2484 2691 Zorobabel
2506 2667 2531 2693 ,.
2549 2627 2641 2697 qui
2673 2627 2786 2683 fere
2816 2638 2897 2683 est
2923 2630 3210 2700 vigesimus
3243 2647 3454 2688 sursum
3484 2633 3552 2689 ab
3577 2633 3777 2703 Ioseph

2192 2714 2330 2784 apud
2361 2714 2580 2783 Lucam,
2610 2718 2748 2788 apud
2779 2719 3085 2775 Matthzeum
3119 2731 3294 2776 autem
3323 2722 3651 2779 undecimus.
3672 2722 3777 2792 Qui

2193 2816 2473 2876 propterea
2522 2808 2660 2865 idem
2705 2809 2821 2878 ipse
2854 2828 2972 2868 esse
3013 2813 3277 2880 creditur,
3314 2816 3434 2885 quia
3473 2825 3624 2886 pater
3658 2817 3778 2886 ejus

2192 2896 2332 2966 apud
2380 2907 2662 2969 utrumque
2712 2901 3104 2973 Evangelist
3151 2903 3407 2961 Salathiel
3463 2906 3733 2963 invenitur
3756 2925 3777 2964 ε

2192 2990 2434 3059 quamvis
2461 2990 2578 3048 fieri
2608 2995 2858 3064 potuerit,
2896 3003 2954 3050 ut
2980 2996 3117 3051 alius
3140 2995 3301 3053 fuerit
3324 2998 3512 3054 eodem
3538 3001 3775 3068 nomine,

2193 3080 2396 3138 habens
2423 3083 2663 3154 ejusdem
2692 3086 2924 3143 nominis
2946 3098 3177 3159 patrem,
3203 3090 3354 3160 cujus
3377 3100 3429 3146 et
3454 3092 3542 3147 ille
3569 3091 3773 3149 habuit.
3847 3093 3853 3098 “

2190 3170 2322 3228 Nam
2343 3181 2400 3229 et
2423 3173 2544 3230 inde
2568 3191 2778 3234 sursum
2799 3194 2983 3234 versus
3003 3179 3197 3235 diversi
3217 3189 3371 3236 sunt:
3393 3182 3555 3238 alium
3580 3183 3776 3254 quippe

2192 3260 2352 3319 habet
2386 3262 2679 3321 Zorobabel
2717 3281 2874 3322 avum
2903 3269 3044 3338 apud
3081 3269 3301 3338 Lucam,
3349 3270 3440 3342 qui
3485 3279 3570 3326 est
3611 3270 3773 3334 Neri;

2189 3350 2351 3406 alium
2379 3353 2520 3423 apud
2545 3354 2871 3424 Matthaaum,
2902 3359 2992 3428 qui
3019 3369 3103 3415 est
3127 3359 3446 3427 Iechonias;
3468 3371 3627 3433 atque
3650 3362 3774 3419 inde

2192 3443 2439 3512 superius
2458 3459 2718 3515 nusquam
2742 3456 2824 3501 est
2847 3448 3212 3515 consonantia,
3238 3464 3513 3521 quousque
3532 3452 3775 3508 veniatur

2188 3535 2257 3591 ad
2289 3536 2471 3605 David,
2499 3540 2639 3610 apud
2664 3539 2968 3595 Matthazum
2990 3556 3087 3612 per
3114 3542 3471 3619 Salomonem,
3498 3544 3636 3614 apud
3661 3543 3771 3599 Lu-

2187 3643 2306 3685 cam
2344 3645 2442 3701 per
2480 3631 2707 3687 Nathan.
2758 3631 3135 3690 Difficillimum
3178 3642 3355 3691 autem
3400 3635 3608 3692 videtur
3661 3651 3772 3692 non

2185 3719 2351 3778 fuisse
2401 3723 2631 3793 aliquem
2678 3724 3109 3796 propinquiorem
3155 3725 3246 3795 qui
3289 3725 3508 3782 duceret
3548 3742 3773 3783 uxorem

2185 3813 2365 3870 fratris
2379 3815 2488 3882 sui,
2502 3831 2663 3886 quam
2679 3832 2800 3871 eum
2815 3817 2904 3888 qui
2920 3832 2991 3873 ex
3009 3817 3173 3873 David
3188 3826 3331 3874 esset
3344 3819 3769 3889 consanguineus

2188 3911 2293 3959 tam
2320 3905 2607 3975 longinquo
2643 3906 2830 3976 gradu,
2868 3924 2975 3962 non
3013 3908 3185 3979 aliqua
3214 3909 3345 3964 infra
3374 3909 3768 3979 propinquitate

2184 3997 2525 4067 conjunctus;
2549 4012 2667 4052 cum
2698 3999 2765 4052 sit
2790 3998 2927 4070 apud
2957 3999 3151 4055 Lucam
3180 3998 3340 4054 David
3378 4014 3512 4069 pene
3539 4000 3768 4070 quadra-

2184 4088 2417 4159 gesimus
2444 4103 2474 4142 a
2498 4087 2736 4158 Ioseph,
2765 4090 2905 4159 apud
2941 4089 3245 4146 Matthmum
3281 4100 3458 4146 autem
3489 4090 3655 4149 ferme
3682 4093 3763 4147 vi-

2182 4179 2415 4249 gesimus
2441 4181 2718 4250 septimus.
2748 4182 2854 4235 Aut
2875 4181 2921 4236 si
2946 4182 3224 4253 propinqui
3251 4183 3317 4237 ad
3354 4198 3546 4239 uxores
3571 4183 3764 4243 defun-

2182 4279 2390 4325 ctorum
2412 4270 2680 4333 ducendas
2705 4272 2862 4327 etiam
2887 4273 2960 4327 illi
2989 4275 3380 4344 qumrchantur,
3407 4276 3497 4345 qui
3513 4290 3581 4330 ex
3611 4275 3766 4331 femi-

2182 4377 2368 4416 narum
2415 4365 2671 4434 sanguine
2712 4366 3170 4436 propinquabant,
3203 4365 3317 4422 fieri
3347 4369 3514 4437 potuit
3540 4377 3596 4423 ut
3619 4379 3763 4425 esset

2180 4454 2372 4524 aliquis
2398 4455 2469 4510 ita
2495 4456 2840 4527 propinquus,
2869 4458 2963 4527 qui
2990 4457 3186 4527 Ioseph
3212 4459 3457 4528 genuerit
3493 4459 3560 4514 de
3593 4474 3761 4517 uxore

2179 4545 2459 4615 propinqui
2480 4546 2583 4614 sui,
2610 4548 2699 4616 qui
2726 4548 2841 4603 sine
2868 4547 3049 4602 liberis
3070 4547 3299 4603 decessit
3322 4566 3335 4602 :
3362 4565 3426 4603 ac
3450 4550 3527 4605 sic
3545 4551 3595 4605 ei
3614 4561 3762 4606 esset

2177 4636 2314 4693 alter
2330 4652 2397 4692 ex
2421 4647 2604 4692 natura
2634 4646 2803 4707 pater,
2826 4639 2962 4693 alter
2985 4653 3050 4693 ex
3077 4638 3256 4709 Lege;
3280 4639 3331 4694 in
3349 4655 3571 4708 quorum
3594 4642 3733 4710 patri
3750 4667 3762 4680 ~

2175 4728 2275 4784 bus
2300 4738 2354 4783 et
2376 4728 2489 4783 avis
2519 4737 2574 4783 et
2596 4728 2788 4784 deinde
2812 4730 3100 4798 majoribus
3127 4730 3245 4785 ideo
3272 4731 3417 4785 nulla
3446 4732 3760 4801 propinqui-

2179 4829 2258 4876 tas
2289 4830 2589 4891 appareret,
2619 4820 2761 4891 quod
2793 4837 2896 4875 non
2935 4837 2998 4876 ex
3025 4822 3292 4889 maribus,
3324 4821 3418 4877 sed
3447 4838 3514 4878 ex
3542 4822 3761 4879 feminis

2178 4914 2611 4984 propinquarent.
2645 4913 3020 4967 Verumtamen
3058 4914 3103 4968 si
3141 4913 3211 4967 ita
3254 4924 3435 4981 esset,
3468 4930 3565 4969 nec
3589 4915 3759 4985 David

2173 5005 2457 5075 aliquando
2476 5021 2613 5060 unus
2634 5015 2781 5075 pater
2809 5014 3130 5061 occurreret.
3155 5006 3262 5061 Aut
3281 5005 3327 5061 si
3355 5007 3628 5077 quisquam
3656 5024 3757 5078 po-

2175 5096 2337 5151 tuisse
2365 5096 2656 5161 coutendit,
2685 5096 2774 5151 ubi
2801 5097 3044 5165 ponimus
3070 5097 3211 5167 quod
3246 5099 3576 5154 consuetudo
3609 5100 3754 5156 Scri—

2171 5194 2340 5257 ptura:
2387 5201 2495 5241 non
2540 5194 2629 5241 est
2665 5186 2889 5240 feminas
2942 5186 2999 5242 in
3050 5188 3354 5258 genealogia
3390 5204 3489 5259 pro
3513 5192 3752 5248 maribus

2169 5292 2387 5348 ponere,
2421 5277 2556 5332 sicut
2581 5291 2670 5333 eas
2697 5277 2870 5332 nullus
2896 5276 3230 5350 Evangelista
3263 5280 3613 5350 interposuit?
3654 5281 3755 5338 Ubi

2168 5369 2309 5424 enim
2333 5376 2816 5424 commemorantur
2835 5376 3051 5431 matres,
3080 5384 3185 5423 non
3206 5379 3476 5439 ponuntur
3505 5373 3603 5425 nisi
3625 5387 3751 5427 cum

2170 5460 2401 5530 patribus
2423 5456 2521 5531 (a).
2548 5459 2627 5513 Ac
2658 5474 2751 5528 per
2780 5457 2882 5514 hoc
2907 5468 2998 5513 aut
3020 5459 3090 5513 ila
3117 5461 3465 5531 prOpinquior
3485 5461 3650 5517 defuit
3680 5462 3751 5516 ad

2168 5564 2386 5605 uxorem
2407 5550 2634 5604 defuncti
2654 5548 2755 5604 sibi
2780 5549 3146 5620 copulandam,
3172 5559 3232 5605 ut
3252 5551 3398 5621 origo
3418 5551 3749 5623 cognationis

2167 5642 2360 5697 David‘
2376 5650 2709 5712 repeteretur
2731 5661 2745 5699 :
2767 5653 2856 5698 aut
2884 5644 3098 5717 adoptio
3122 5645 3246 5702 fecit
3269 5646 3492 5702 alterum
3513 5656 3727 5718 patrem

2228 5758 2245 5825 ξ
2270 5754 2405 5825 editi,
2422 5767 2459 5806 α
2479 5752 2653 5808 Dauid.
2666 5754 2961 5825 iaciendum,
2984 5772 3013 5811 α
3025 5797 3041 5823 ,
3066 5772 3165 5825 quo
3186 5768 3288 5812 Mss.
3311 5769 3497 5813 went.

2226 5818 2298 5881 (α)
2322 5824 2355 5867 tl
2379 5825 2580 5869 ἣρω-Ἀρι.
2597 5833 2641 5868 c.
2665 5819 2746 5872 53.
2769 5834 2817 5868 n.
2845 5819 2890 5869 5.
