4136 6466
351 340 454 397 769
468 378 471 379 ν

351 468 507 524 quem
534 461 713 522 posset
738 450 935 505 haocre
955 448 1171 519 Ioseph.

421 546 627 601 XLVII.
663 544 767 618 [Ib.
798 559 923 598 xxvi
942 584 955 608 ,
984 541 1095 615 Νη]
1122 541 1255 611 Quid
1286 540 1523 611 estquod
1550 540 1686 595 inter
1714 540 1800 594 illa
1824 556 1943 611 qua:

349 636 499 706 jubet
530 635 708 691 dicere
736 635 1030 701 hominem,
1052 635 1139 703 qui
1164 635 1213 687 in
1235 632 1423 688 dandis
1448 633 1689 698 decimis,
1719 641 1772 688 et
1797 648 1943 702 qure-

356 742 585 798 cumque
612 728 739 782 dare
756 727 838 780 vel
857 725 1349 796 impenderejussus
1366 733 1466 791 est,
1491 726 1667 778 omnia
1695 723 1942 779 mandata

349 819 653 887 complevit,
686 819 856 873 etiam
888 817 989 872 hoc
1030 833 1148 871 cum
1186 816 1343 871 laude
1382 826 1435 870 et
1480 816 1942 871 commendatione

351 924 444 961 sua
468 909 645 963 dicere
667 908 837 979 jubet,
864 907 983 961 Non
1011 907 1126 961 dedi
1154 924 1217 962 ea:
1241 909 1309 961 eis
1333 909 1562 961 mortuo?
1597 910 1677 962 An
1715 923 1808 977 per
1838 907 1941 963 hoc

353 999 596 1069 prohibet
618 1000 928 1068 parentalia,
960 1015 1079 1069 qum
1107 1000 1391 1054 observare
1418 1008 1601 1069 gentes
1622 999 1833 1053 solent?

426 1092 654 1147 XLVIII.
674 1090 773 1165 [Ib.
793 1107 980 1156 xxvm,
1011 1093 1096 1154 15,
1125 1089 1235 1162 14.]
1256 1091 1376 1143 Non
1397 1091 1672 1161 praeteribis
1692 1090 1753 1143 ab
1774 1089 1939 1143 omni-

352 1183 442 1237 bus
484 1184 642 1237 verbis
671 1198 785 1253 qua?
809 1200 899 1254 ego
927 1182 1111 1236 mando
1140 1182 1226 1253 tibi
1256 1182 1425 1247 hodie,
1456 1182 1634 1235 dextra
1652 1182 1667 1212 ί
1696 1190 1783 1235 aut
1812 1180 1937 1233 sini-

347 1289 455 1333 stra
493 1280 567 1334 ire
602 1289 714 1348 post
751 1279 869 1332 deos
905 1279 1115 1344 alienos,
1160 1278 1342 1330 servire
1378 1276 1499 1330 illis.
1545 1276 1719 1343 QUIBI'I
1768 1284 1941 1344 potest

312 1388 321 1397 α
347 1369 616 1439 quomodo
640 1368 811 1440 possit
849 1368 1066 1437 intelligi
1105 1367 1183 1421 ire
1214 1368 1266 1421 in
1294 1367 1509 1431 dextra,
1539 1367 1627 1436 qui
1661 1375 1779 1435 post
1808 1365 1939 1419 deos

348 1462 550 1517 alienos
578 1460 695 1514 ierit
716 1459 918 1514 servire
940 1459 1070 1524 illis;
1095 1474 1213 1512 cum
1236 1457 1426 1512 dextra
1444 1456 1495 1511 in
1519 1456 1673 1510 laude
1692 1465 1935 1525 ponatur,

348 1551 478 1606 illud
506 1558 681 1606 autem
713 1548 1334 1620 nunquamlaudabiliter
1359 1548 1470 1602 ﬁeri
1503 1548 1668 1617 possit
1697 1565 1711 1601 :
1739 1562 1860 1600 nam
1887 1554 1941 1600 et

349 1642 489 1712 quod
512 1640 920 1712 reprehenditur
940 1641 991 1695 in
1014 1641 1095 1693 via
1114 1640 1255 1704 vitro,
1284 1638 1373 1707 qui
1396 1637 1624 1692 declinat
1649 1635 1701 1690 in
1728 1635 1935 1697 dextra,

349 1749 455 1789 non
487 1734 559 1789 ibi
600 1749 661 1788 ea
692 1731 1153 1802 reprehenduntur
1182 1746 1298 1800 qua:
1327 1729 1513 1783 dextra
1542 1735 1696 1794 sunt,
1727 1727 1820 1781 sed
1852 1726 1940 1780 ille

348 1829 441 1899 qui
478 1826 712 1882 declinat
754 1826 806 1879 in
845 1840 929 1889 ea,
979 1822 1031 1878 id
1073 1831 1175 1887 est,
1220 1821 1309 1891 qui
1336 1820 1439 1875 sibi
1462 1828 1674 1889 arrogat
1696 1834 1815 1887 quae
1848 1817 1938 1871 Dei

354 1925 502 1974 sunt.
558 1916 685 1973 Ideo
733 1915 927 1971 dicitur
971 1913 1024 1969 in
1084 1911 1386 1969 Proverbiis
1411 1928 1423 1964 :
1448 1910 1572 1965 Non
1619 1910 1837 1964 declines
1887 1911 1939 1963 in

349 2010 533 2063 dextra
556 2015 644 2061 aut
662 2008 715 2061 in
737 2005 1093 2061 sinistrawias
1121 2006 1375 2074 enim."un
1401 2020 1432 2056 a
1459 2001 1649 2056 dextris
1672 2009 1785 2054 sunt
1805 2000 1939 2054 novit

349 2100 633 2163 Dominus;
669 2114 912 2169 perversa
951 2107 1117 2151 autem
1158 2106 1274 2151 sunt
1314 2112 1426 2165 qua:
1458 2112 1491 2148 a
1531 2093 1769 2149 sinistris.
1798 2093 1939 2163 Ergo

350 2192 506 2247 bonae
536 2199 662 2246 sunt
687 2190 919 2254 dextrae,
950 2204 1083 2259 quas
1120 2189 1268 2243 novit
1304 2186 1581 2242 Dominus.
1614 2185 1771 2240 Novit
1794 2186 1936 2241 enim

348 2283 599 2337 Dominus
626 2283 731 2337 vias
752 2283 1009 2353 justorum
1037 2279 1055 2353 (
1080 2279 1219 2335 Psal.
1247 2294 1287 2346 ι,
1323 2277 1393 2351 6)
1423 2321 1439 2346 ,
1470 2278 1608 2333 sicut
1635 2278 1688 2332 in
1726 2278 1938 2332 Psalmo

349 2373 562 2444 legitur.
594 2371 699 2428 Cur
723 2387 850 2442 ergo
875 2372 1077 2426 dictum
1102 2372 1209 2437 sit,
1244 2370 1328 2426 Ne
1367 2370 1585 2425 declines
1618 2370 1671 2424 in
1717 2368 1897 2424 dextra
1920 2409 1934 2435 ,

347 2472 734 2534 consequenter
760 2462 993 2518 ostendit
1012 2461 1277 2528 addendo,
1300 2460 1422 2533 Ipse
1441 2462 1575 2515 enim
1597 2470 1770 2527 rectos,
1784 2460 1937 2529 faciet

349 2572 525 2609 cursus
547 2563 675 2609 tuos.
704 2554 854 2609 Absit
881 2562 1057 2608 autem
1086 2562 1143 2607 ut
1166 2552 1401 2620 dextras,
1428 2566 1559 2622 quas
1583 2552 1730 2606 novit
1754 2551 1937 2605 Domi-

350 2660 473 2713 nus,
504 2659 761 2716 negemus
788 2660 909 2699 esse
934 2654 1107 2700 rectas
1134 2661 1148 2698 :
1185 2643 1302 2710 sed,
1332 2653 1389 2698 ut
1415 2643 1557 2710 dixi,
1586 2642 1853 2698 declinare
1883 2645 1935 2695 in

351 2752 445 2793 eas
473 2744 576 2804 est,
609 2751 715 2791 non
742 2736 884 2791 illius
907 2736 1109 2806 gratiae,
1132 2735 1226 2791 sed
1253 2735 1353 2790 sibi
1381 2735 1613 2789 tribuere
1638 2734 1777 2789 velle
1796 2733 1935 2803 quod

348 2838 553 2886 rectum
579 2839 679 2886 est.
709 2831 964 2900 Denique,
1000 2838 1056 2883 ut
1082 2828 1191 2884 dixi
1212 2870 1233 2895 ,
1260 2828 1496 2899 adiungit
1520 2838 1575 2883 et
1619 2826 1783 2891 dicit,
1814 2824 1937 2896 Ipse

347 2923 483 2977 enim
512 2922 663 2996 faciet
696 2932 855 2977 rectos
892 2938 1069 2975 cursus
1094 2931 1235 2987 tuos,
1276 2929 1324 2975 et
1352 2920 1522 2975 omnia
1559 2919 1741 2973 itinera
1770 2927 1855 2971 tua
1883 2918 1935 2971 in

348 3030 473 3084 pace
501 3014 739 3084 producet
771 3012 953 3083 (Prov.
984 3029 1055 3079 Iv,
1082 3012 1198 3085 27).

418 3105 758 3175 Quapropter
796 3104 897 3159 hoc
933 3103 1073 3173 quod
1117 3106 1216 3157 isto
1252 3102 1368 3155 loco
1403 3098 1798 3155 Deuteronomii
1820 3138 1835 3165 ,
1867 3097 1935 3154 de

346 3211 453 3267 quo
496 3197 720 3267 agimus,
752 3195 948 3250 dictum
979 3204 1080 3248 est.
1124 3192 1243 3247 Non
1288 3192 1563 3263 prieteribis
1604 3192 1667 3245 ab
1708 3190 1935 3244 onmibus

345 3286 507 3342 verbis
527 3303 640 3359 qua:
661 3303 751 3357 ego
776 3286 962 3339 mando
989 3286 1077 3339 tibi
1106 3284 1255 3338 hodie
1274 3324 1289 3349 ,
1322 3284 1498 3337 dextra
1522 3292 1610 3337 aut
1635 3283 1840 3336 sinistra
1864 3283 1936 3335 ire

346 3391 460 3448 post
479 3380 600 3433 deos
620 3378 831 3442 alienos,
855 3378 1037 3431 servire
1058 3377 1179 3441 illis,
1193 3392 1297 3429 non
1323 3376 1444 3429 ideo
1470 3374 1669 3429 dictum
1689 3384 1790 3439 est,
1811 3374 1933 3443 quia

344 3469 420 3522 dii
462 3470 550 3523 alii
581 3477 802 3539 possunt
835 3469 994 3523 etiam
1027 3468 1079 3521 in
1110 3467 1312 3522 dextris
1350 3466 1552 3535 accipi;
1582 3465 1675 3519 sed
1706 3473 1798 3519 aut
1825 3474 1933 3519 ter-

346 3575 475 3615 rena
503 3561 616 3615 loca
642 3560 930 3630 signiﬁcata
971 3567 1131 3625 sunt,
1163 3559 1285 3628 quia
1314 3566 1367 3611 et
1395 3558 1447 3610 in
1473 3556 1660 3611 dextra
1690 3565 1745 3611 et
1779 3557 1831 3609 in
1858 3557 1934 3609 si-

347 3655 513 3707 nistra
539 3652 803 3707 babebant
820 3660 1005 3722 gentes
1030 3652 1161 3705 alios
1185 3650 1315 3704 deos
1339 3650 1577 3703 colentes
1602 3666 1614 3701 :
1639 3658 1729 3702 aut
1750 3648 1853 3703 hoc
1868 3648 1934 3703 de

345 3743 449 3797 diis
488 3744 607 3797 aliis
648 3743 931 3812 separatim
965 3740 1413 3810 proutmtiandum
1442 3748 1551 3806 est,
1582 3747 1642 3793 ut
1678 3740 1784 3793 duo
1828 3740 1935 3794 sint

346 3849 567 3900 sensus;
594 3850 730 3888 unus
754 3833 1021 3899 videlicet,
1046 3832 1166 3885 Non
1187 3831 1459 3901 pra-teribis
1487 3833 1549 3884 ab
1576 3832 1803 3885 omnibus
1826 3847 1936 3885 ver-

345 3928 421 3982 bis
447 3944 559 3999 quw
586 3945 676 3998 ego
704 3928 887 3981 mando
916 3929 1003 3981 tibi
1033 3928 1182 3981 hodie
1204 3969 1218 3991 ,
1262 3928 1442 3982 dextra
1474 3938 1559 3980 aut
1583 3928 1818 3994 sinistra,
1846 3944 1933 3983 se-

344 4021 575 4075 cundum
596 4020 742 4074 illum
759 4020 960 4074 scilicet
976 4020 1321 4086 intellectum,
1343 4036 1497 4089 quem
1516 4035 1672 4089 supra
1687 4024 1928 4090 exposui;

344 4111 478 4165 alius
491 4123 667 4165 autem
694 4112 762 4164 sit
782 4126 991 4177 sensus,
1015 4111 1087 4164 ire
1108 4121 1215 4179 post
1237 4112 1355 4165 deos
1378 4111 1589 4177 alienos,
1609 4113 1793 4166 servire
1808 4114 1930 4179 illis,

344 4209 404 4255 ut
421 4210 474 4255 et
497 4202 582 4255 hic
597 4202 957 4266 subaudiatur,
987 4200 1107 4254 Non
1137 4202 1411 4270 prieteribis
1434 4202 1495 4255 ab
1521 4204 1749 4256 omnibus
1775 4206 1932 4258 verbis

342 4308 456 4362 qute
478 4308 569 4362 ego
600 4294 784 4344 mamlo
821 4292 907 4345 tibi
932 4292 1097 4345 hodie.
1124 4293 1291 4360 Quem
1324 4302 1489 4347 totutn
1524 4309 1738 4349 sensum
1766 4296 1807 4348 si
1848 4296 1931 4348 (II-

343 4397 468 4437 cere
484 4384 727 4445 velimus.
747 4383 1020 4452 superiora
1045 4384 1225 4450 verba,
1244 4400 1362 4452 qua:
1381 4386 1588 4454 utrique
1611 4387 1787 4440 sensui
1810 4396 1933 4442 sunt

342 4475 665 4541 communia,
687 4476 956 4544 repetituri
981 4492 1198 4541 sumus;
1227 4487 1283 4531 ut
1303 4478 1567 4547 quomodo
1593 4480 1698 4533 illic
1716 4480 1927 4548 (IICIIIII‘,

345 4566 466 4621 Non
495 4569 769 4638 praeteribis
796 4568 857 4621 ab
883 4569 1113 4623 onmibus
1130 4610 1145 4635 ,
1176 4586 1289 4639 qua:
1310 4587 1402 4641 ego
1431 4572 1614 4624 mando
1649 4572 1735 4625 tibi
1762 4573 1927 4639 hodie,

342 4662 518 4715 dextra
534 4671 621 4714 aut
642 4662 865 4727 sinistra,
889 4662 963 4715 sic
980 4672 1033 4717 et
1060 4662 1177 4717 istic
1198 4672 1483 4730 repetatur,
1510 4663 1631 4718 Non
1657 4669 1931 4736 prwteribis

340 4755 403 4807 ab
432 4754 660 4808 onmibus
697 4769 811 4824 qua?
846 4771 936 4824 ego
963 4754 1148 4807 mando
1189 4755 1277 4807 tibi
1305 4755 1508 4821 hodie’,
1550 4757 1623 4810 ire
1660 4769 1771 4827 post
1813 4760 1930 4812 deos

341 4845 533 4899 alienos
553 4884 568 4911 ,
618 4847 801 4898 servire
824 4845 947 4898 illis.
975 4846 1350 4900 Prmtereundo
1388 4848 1529 4901 enim
1557 4863 1586 4901 a
1614 4851 1787 4904 verbis
1813 4868 1929 4920 qtae

341 4940 584 4994 mandata
613 4947 756 5005 sunt,
776 4939 933 4992 etiam
962 4938 1060 4993 hoc
1094 4940 1168 5001 lit,
1190 4948 1409 4993 uteatur
1428 4949 1543 5009 post
1562 4940 1690 4995 deos
1707 4943 1927 4997 alienos.

339 5033 453 5087 Non
482 5032 627 5087 enim
659 5032 759 5088 hoc
796 5034 966 5087 solum
1012 5032 1315 5086 mandatum
1358 5042 1440 5088 est
1463 5076 1477 5099 ,
1506 5044 1597 5090 aut
1622 5036 1721 5090 hoc
1758 5038 1927 5092 solum

342 5124 602 5196 prmtcriri
630 5124 771 5177 Deus
795 5138 897 5176 non
934 5124 1055 5188 ruit,
1085 5124 1223 5192 quod
1248 5123 1535 5192 mandavit,
1563 5142 1627 5181 ne
1656 5140 1770 5195 post
1797 5128 1929 5183 deos

339 5218 542 5271 alienos
568 5224 754 5280 eatur,
786 5215 880 5271 SCtI
914 5216 1090 5269 omnia
1119 5233 1237 5286 qua:
1266 5218 1535 5273 mandavit
1568 5238 1581 5274 :
1614 5219 1713 5275 hoc
1754 5231 1926 5277 tamen

338 5304 411 5362 ita
434 5309 701 5379 praecipue
720 5350 734 5375 ,
764 5316 819 5361 ut
846 5316 964 5379 post
992 5309 1388 5377 generalitatem
1418 5312 1664 5380 praecepti
1693 5328 1798 5382 quo
1831 5315 1927 5368 ad-

338 5403 544 5455 munuit
591 5416 696 5456 non
744 5415 865 5455 esse
905 5401 1327 5469 przctercundum
1370 5400 1439 5455 ab
1478 5403 1723 5458 omnibus
1754 5405 1928 5461 verbis

403 5596 417 5626 ¹
446 5595 583 5654 mea,
605 5591 655 5643 in
679 5592 873 5643 dextra.
898 5595 1061 5653 Abest,
1088 5592 1155 5651 in,
1178 5605 1204 5642 a
1226 5600 1335 5641 Mss.
1362 5600 1410 5643 et
1432 5608 1460 5643 a
1482 5601 1606 5643 LXX.

403 5660 423 5689 ³
449 5657 855 5721 Desiderahantur
897 5655 978 5721 hic
1008 5658 1160 5706 verba
1198 5656 1279 5705 il‘ia
1304 5670 1315 5704 :
1342 5655 1412 5706 sic
1446 5663 1493 5721 et
1530 5656 1635 5721 istic
1660 5665 1920 5721 repetatur,

342 5727 440 5768 Non
463 5716 732 5782 prwtaifis
754 5716 1182 5782 abomnibnsqicw
1202 5730 1287 5782 ego
1310 5718 1487 5782 mundo
1510 5718 1593 5770 tibi
1617 5720 1755 5771 hodie
1774 5736 1789 5782 ,'
1814 5716 1923 5782 qua:

340 5773 615 5846 reperimus
640 5781 688 5829 in
710 5778 850 5827 (Iidd.
874 5773 1127 5829 Sorbouico
1151 5788 1200 5831 ct
1224 5773 1498 5843 ﬁetnigiauo
1774 5773 1785 5782 ’
1830 5773 1846 5788 ⁸

1658 336 1856 393 LIBER
1897 334 2211 405 QUINTUS.

3525 343 3630 415 πο

2050 449 2417 504 mandatorum
2438 463 2676 518 suorum,
2699 450 2856 506 etiam
2873 448 2974 507 hoc
2992 464 3232 507 seorsum
3252 456 3625 512 commendare

2051 540 2293 594 voluerit.

2118 630 2300 686 Potest
2328 632 2430 687 hoc
2462 632 2604 703 quod
2639 633 2734 701 ait,
2766 633 2946 688 dextra
2973 645 3062 689 aut
3100 635 3322 703 sinistra,
3358 636 3516 692 etiam
3548 639 3629 693 sic

2047 719 2289 791 intelligi,
2317 731 2373 776 ut
2400 738 2499 777 nec
2527 740 2711 779 eorum
2731 740 2910 791 causa,
2939 742 3055 795 quae
3082 737 3298 796 propter
3326 728 3631 785 felicitatem

2047 822 2386 882 appetuntur,
2418 830 2516 869 nec
2545 830 2728 870 eorum
2760 832 2875 885 quae
2899 826 3119 886 pr0pter
3142 818 3506 873 infelicitatem
3548 819 3629 875 fu-

2046 905 2276 973 giuntur,
2317 906 2394 961 ire
2440 908 2769 962 mandaverit
2800 918 2918 977 post
2943 909 3071 963 deos
3098 911 3233 965 alios
3262 929 3274 963 :
3303 910 3354 965 id
3384 920 3487 977 est,
3533 927 3631 967 nec

1971 1049 1974 1052 .
2046 1012 2142 1067 pro
2168 998 2233 1051 iis
2258 1014 2375 1068 qum
2403 1011 2667 1063 amantur,
2710 1017 2808 1056 nec
2828 1012 3009 1055 contra
3040 1017 3101 1056 ea
3132 1018 3249 1071 qua:
3280 1003 3401 1058 odio
3426 1003 3629 1058 haben.

2046 1096 2148 1152 tur,
2177 1102 2205 1140 a
2246 1088 2346 1143 diis
2371 1090 2488 1143 aliis
2519 1091 2778 1144 auxilium
2816 1106 2933 1145 esse
2963 1093 3288 1160 poscendum
3319 1111 3332 1147 :
3364 1102 3455 1147 aut
3485 1105 3631 1149 certe

2044 1177 2133 1231 illo
2160 1178 2337 1243 modo,
2372 1190 2427 1234 ut
2454 1181 2538 1235 vel
2562 1182 2932 1249 concilientur,
2967 1199 3070 1252 quo
3099 1185 3370 1252 prosint‘;
3401 1187 3482 1240 vel
3510 1187 3629 1257 pla-

2044 1278 2251 1332 centur,
2295 1286 2361 1325 ne
2391 1280 2631 1325 noceant.
2664 1272 2795 1326 Nam
2844 1273 2989 1328 etde
3014 1274 3326 1343 quibusdam
3371 1279 3626 1347 scriptum

2044 1370 2127 1415 cst
2161 1361 2212 1414 iu
2256 1362 2487 1429 Psalmo,
2538 1364 2763 1429 Quorum
2808 1382 2863 1418 os
2897 1365 3116 1418 locutum
3153 1377 3227 1420 est
3256 1370 3539 1434 vanitatem,
3586 1378 3631 1424 et

2044 1453 2249 1507 dextera
2276 1471 2449 1508 eorum
2486 1455 2692 1509 dextera
2724 1457 3000 1526 iniquitatis
3028 1473 3045 1511 :
3070 1458 3189 1513 idco
3214 1459 3334 1528 quia
3362 1459 3446 1513 his
3471 1460 3629 1516 rebus

2044 1543 2325 1613 Opinantur
2347 1546 2461 1601 ﬁeri
2488 1546 2760 1602 hominem
2782 1549 3016 1613 beatum,
3046 1564 3176 1618 quas
3198 1559 3253 1604 et
3273 1550 3398 1605 boui
3421 1559 3475 1605 et
3500 1551 3627 1606 mali

2045 1648 2268 1706 possunt
2309 1638 2536 1705 habere;
2569 1650 2622 1695 et
2653 1640 2774 1695 ideo
2807 1641 3025 1696 dextera
3051 1651 3133 1697 est
3163 1642 3477 1712 iniquitatis,
3505 1645 3628 1714 quia

2043 1728 2208 1797 iniqui
2238 1739 2381 1793 sunt,
2412 1732 2502 1801 qui
2531 1747 2646 1786 eam
2675 1732 2946 1787 dexteram
2988 1743 3191 1803 putant.
3221 1734 3335 1789 Non
3376 1736 3517 1791 enim
3546 1744 3627 1792 est

2044 1833 2168 1872 vera
2193 1820 2430 1889 dextera,
2455 1822 2550 1878 sed
2571 1822 2775 1877 dextera
2799 1833 3073 1881 esteorum
3092 1843 3304 1896 quorum
3330 1843 3386 1881 os
3406 1828 3627 1882 locutum

2042 1917 2114 1963 est
2137 1912 2427 1967 vanitatem.
2457 1912 2669 1967 Beatum
2698 1916 2935 1969 dixerunt
2968 1916 3212 1987 populum
3238 1918 3320 1971 cui
3350 1920 3456 1973 haec
3480 1927 3621 1986 sunt,

2043 2013 2163 2053 cum
2196 2002 2387 2069 potius,
2426 2003 2565 2057 sicut
2602 2019 2727 2058 mox
2768 2004 3006 2075 adjungit
3038 2015 3093 2060 et
3124 2007 3297 2072 docet,
3327 2007 3517 2064 Beatus
3557 2010 3629 2065 sit

2044 2091 2265 2158 populus
2307 2094 2452 2163 cujus
2492 2092 2739 2147 Dominus
2767 2093 2910 2149 Deus
2952 2096 3110 2164 ipsius
3147 2096 3318 2165 (Psal.
3347 2114 3527 2165 cxutt,
3569 2100 3625 2167 8,

2044 2181 2154 2253 15).
2186 2183 2308 2237 Ητεο
2336 2195 2419 2239 est
2444 2200 2569 2239 vera
2598 2185 2838 2252 dextera,
2869 2188 3153 2257 aequitatis,
3177 2206 3281 2245 non
3312 2190 3623 2261 iniquitatis.

2040 2273 2156 2328 Non
2196 2285 2278 2329 est
2319 2291 2447 2346 ergo
2488 2277 2721 2332 eundum
2762 2288 2881 2348 post
2922 2278 3054 2334 deos
3095 2282 3319 2349 alienos,
3360 2298 3533 2353 neque
3572 2284 3625 2339 in

2043 2364 2247 2429 dextra,
2291 2374 2350 2421 ut
2385 2368 2654 2424 existimet
2684 2370 2844 2423 homo
2881 2385 2948 2424 ex
2977 2370 3105 2440 ipsis
3143 2386 3202 2427 se
3234 2372 3349 2427 ﬁeri
3374 2372 3625 2438 beatum;

2041 2474 2213 2527 neque
2242 2457 2294 2514 in
2325 2460 2559 2527 sinistra,
2589 2470 2650 2516 ut
2685 2463 3037 2518 existimando
3062 2464 3191 2533 ipsis
3222 2465 3626 2525 adversantibus

2041 2562 2101 2603 se
2139 2550 2255 2604 ﬁeri
2309 2552 2583 2617 miserum,
2632 2554 2698 2608 ad
2738 2554 2839 2609 hoc
2864 2569 2957 2610 eos
2994 2556 3134 2610 colat
3172 2566 3229 2611 ut
3260 2567 3482 2613 avertat.
3522 2560 3626 2614 Aut

2041 2653 2185 2699 certe
2210 2647 2255 2699 si
2277 2644 2461 2700 dextra
2487 2646 2831 2716 intelligimus
2850 2657 3069 2711 aeterna,
3098 2649 3315 2704 sinistra
3334 2664 3461 2705 vero
3491 2659 3625 2707 tem-

2041 2735 2238 2804 poralia
2278 2735 2451 2802 bona;
2479 2752 2579 2792 nec
2618 2747 2833 2808 propter
2861 2739 2973 2806 illa,
3004 2754 3106 2795 nec
3143 2749 3360 2815 propter
3389 2744 3487 2797 ista
3528 2757 3623 2797 eos

2040 2825 2292 2881 colendos
2319 2835 2503 2882 sancta
2545 2826 2816 2899 Scriptura
2854 2828 2958 2884 hoc
2985 2829 3104 2885 loco
3134 2831 3472 2888 admonuisse
3504 2848 3625 2889 cre-

2039 2914 2104 2971 da
2112 2924 2214 2969 tur.

2111 3005 2295 3061 XLIX.
2336 3005 2437 3079 [Ib.
2488 3025 2644 3073 xxix,
2691 3009 2767 3083 1.]
2810 3010 2935 3065 Haec
2966 3012 3113 3066 verba
3149 3012 3453 3069 Testamenti
3494 3016 3624 3086 quod

2040 3098 2296 3152 mandavit
2322 3097 2573 3154 Dominus
2606 3101 2793 3171 Moysi,
2828 3113 3047 3157 statuere
3070 3105 3191 3172 ﬁliis
3216 3105 3381 3160 Israel
3413 3107 3465 3160 in
3492 3118 3625 3161 terra

2041 3186 2215 3254 Moab,
2265 3200 2451 3261 praeter
2496 3189 2867 3246 Testamentum
2908 3194 3043 3262 quod
3082 3205 3292 3250 testatus
3338 3207 3409 3252 est
3452 3200 3525 3253 eis
3566 3201 3621 3257 in

2040 3276 2230 3332 Iloreb.
2274 3280 2518 3335 Ostendit
2543 3282 2685 3336 unde
2717 3284 3013 3353 appellatus
3036 3285 3106 3339 sit
3134 3287 3264 3341 liber
3298 3288 3625 3344 Deuterono~

2040 3372 2227 3437 mium,
2255 3371 2408 3441 quasi
2444 3374 2674 3428 secunda
2710 3374 2855 3439 Lex;
2886 3376 2971 3429 ubi
3009 3378 3177 3445 magis
3210 3377 3352 3432 illius
3379 3379 3623 3449 repetitio

2040 3469 2142 3527 est,
2169 3477 2327 3530 quam
2364 3463 2562 3531 aliquid
2600 3464 2781 3518 aliud:
2821 3480 2987 3535 pauca
3034 3466 3175 3520 enim
3222 3479 3363 3534 sunt,
3396 3486 3514 3539 qua:
3550 3470 3624 3527 ibi

2040 3569 2144 3619 non
2188 3553 2295 3608 siut
2332 3553 2387 3609 in
2416 3570 2482 3609 eo
2514 3556 2654 3624 quod
2701 3556 2928 3624 primum
2954 3557 3136 3611 datum
3168 3567 3267 3613 est.
3300 3558 3410 3615 Nec
3444 3570 3621 3617 tamen

2037 3644 2374 3715 appellantur
2410 3645 2525 3700 Iuno
2560 3646 2665 3701 duo
2708 3647 3071 3716 Testamenta,
3114 3652 3357 3719 quamvis
3395 3653 3465 3707 ita
3507 3653 3623 3709 lucc

2040 3736 2199 3789 verba
2238 3752 2429 3792 sonare
2467 3737 2750 3793 videantur
2778 3757 2791 3792 :
2822 3748 3107 3809 utrumque
3142 3743 3289 3796 cnim
3338 3759 3499 3798 unum
3542 3754 3625 3799 est

2041 3826 2455 3893 Testamentum,
2482 3827 2624 3897 quod
2652 3829 2702 3883 in
2730 3829 2968 3884 Ecclesia
2996 3831 3188 3886 dicitur
3210 3833 3390 3887 Vetus.
3420 3833 3552 3889 Nam
3578 3835 3622 3890 si

2042 3926 2259 3986 propter
2285 3917 2400 3972 hare
2436 3918 2598 3972 verba
2640 3919 2745 3973 duo
2784 3919 3123 3976 Testamenta
3158 3922 3381 3978 dicenda
3422 3935 3622 3993 essent,

2034 4009 2143 4078 jam
2172 4025 2275 4061 non
2302 4009 2428 4073 duo,
2468 4009 2560 4063 sed
2602 4010 2752 4079 plura
2793 4020 2993 4076 essent,
3027 4023 3252 4081 excepto
3290 4014 3458 4069 Novo.
3487 4015 3623 4071 Mul-

2041 4102 2107 4154 tis
2150 4102 2292 4155 euim
2340 4101 2468 4156 locis
2517 4102 2794 4171 Scriptura
2840 4103 2969 4158 dicit
3019 4103 3415 4160 Testamentum
3448 4124 3461 4160 :
3490 4108 3625 4163 sicut

2040 4194 2164 4248 illud
2208 4194 2348 4263 quod
2395 4194 2684 4250 factumest
2714 4196 2781 4249 ad
2812 4196 3082 4250 Abraham
3122 4198 3189 4253 de
3223 4200 3624 4256 circumcisione

2039 4285 2189 4355 (Gen.
2214 4303 2342 4353 xvu,
2372 4286 2449 4357 4),
2474 4288 2555 4342 vel
2579 4288 2705 4341 illud
2734 4290 2979 4357 superius
3005 4290 3071 4344 ad
3095 4289 3207 4345 Noe
3232 4288 3343 4360 (Id.
3370 4308 3442 4358 ιι,
3472 4293 3548 4365 9).

2110 4376 2168 4430 L.
2213 4375 2313 4447 [Ib.
2343 4391 2497 4441 xxnx,
2528 4375 2764 4447 2-4.].Et
2786 4393 2869 4431 vos
2892 4379 3080 4431 vidistis
3106 4382 3272 4433 onmia
3300 4396 3624 4452 quaacumque

2039 4467 2154 4537 fecit
2178 4465 2429 4519 Dominus
2451 4465 2590 4519 Deus
2619 4476 2777 4520 vester
2810 4467 2863 4519 in
2887 4476 3019 4521 terra
3047 4467 3265 4539 Ai'gypti
3288 4486 3459 4524 coram
3485 4472 3622 4527 vobis

2040 4559 2323 4625 Pharaoni,
2355 4569 2401 4612 et
2438 4559 2667 4612 omnibus
2702 4559 2855 4613 servis
2892 4562 3020 4625 eius,
3052 4571 3097 4616 et
3124 4564 3261 4617 omni
3289 4575 3435 4620 teme
3459 4567 3621 4635 illius,

2038 4651 2332 4703 tentationes
2364 4666 2592 4720 magnas,
2641 4666 2766 4718 quas
2804 4650 3034 4705 viderunt
3073 4654 3210 4707 oculi
3248 4655 3341 4721 tui,
3385 4657 3531 4728 signa
3574 4670 3624 4713 et

2038 4742 2271 4810 prodigia
2301 4742 2393 4794 illa
2420 4757 2623 4810 magna,
2663 4750 2713 4795 et
2748 4758 2951 4797 manum
2980 4744 3217 4798 validam.
3264 4745 3332 4799 Et
3360 4764 3462 4801 non
3487 4749 3622 4803 dedit

2034 4832 2284 4887 Dominus
2305 4832 2444 4887 Deus
2463 4832 2601 4888 vobis
2629 4850 2717 4887 cor
2742 4835 2889 4901 scire,
2915 4844 2962 4889 et
2984 4837 3156 4891 oculos
3188 4838 3374 4905 videre,
3406 4850 3452 4893 et
3475 4857 3621 4896 aures

2035 4926 2214 4980 audire
2249 4942 2405 4997 usque
2442 4926 2495 4980 in
2527 4925 2659 4980 diem
2694 4927 2864 4981 istam.
2897 4928 3173 4994 Quomodo
3200 4946 3327 5001 ergo
3359 4931 3433 4986 ait
3461 4948 3620 5002 supe-

2035 5018 2165 5083 rius,
2227 5017 2327 5072 Vos
2372 5019 2565 5073 vidistis
2609 5021 2903 5074 tentationes
2946 5038 3179 5093 magnas,
3225 5040 3349 5093 quas
3393 5024 3623 5079 viderunt

2035 5111 2169 5164 oculi
2194 5111 2289 5175 tui,
2318 5111 2365 5166 si
2391 5128 2491 5165 non
2509 5112 2644 5165 dedit
2669 5110 2921 5166 Dominus
2950 5113 3021 5166 eis
3041 5114 3212 5168 oculos
3238 5115 3419 5181 videre,
3453 5125 3499 5169 et
3527 5134 3623 5171 au-

2033 5217 2113 5254 res
2139 5201 2348 5266 audire;
2388 5202 2489 5257 nisi
2515 5202 2636 5271 quia
2676 5202 2922 5256 viderunt
2946 5218 3190 5272 corpore,
3223 5214 3278 5257 ct
3312 5205 3473 5260 corde
3513 5222 3620 5260 non

2034 5291 2320 5346 viderunt?
2355 5293 2477 5363 quia
2522 5293 2660 5347 oculi
2704 5293 2952 5347 dicuntur
2991 5303 3047 5350 et
3082 5294 3260 5351 cordis
3296 5314 3310 5349 :
3341 5307 3623 5369 propterea

2034 5381 2158 5436 inde
2181 5383 2361 5451 coepit,
2392 5381 2459 5435 Et
2481 5399 2581 5435 non
2601 5382 2739 5437 dedit
2760 5382 3009 5437 Dominus
3039 5384 3176 5438 Deus
3202 5387 3336 5441 vobis
3365 5404 3451 5441 cor
3472 5390 3620 5444 scire.

2032 5471 2115 5525 Ad
2139 5471 2240 5525 hoc
2264 5474 2529 5542 pertinent
2554 5474 2659 5527 duo
2681 5490 2797 5543 qua:
2824 5483 3130 5541 sequuntur,
3162 5484 3207 5528 et
3233 5478 3405 5531 oculos
3430 5480 3618 5543 videre,

2032 5574 2079 5618 et
2123 5581 2270 5618 aures
2313 5566 2507 5626 audire,
2558 5566 2607 5620 id
2646 5576 2728 5621 est
2768 5566 3078 5636 intelligere,
3132 5578 3185 5623 ct
3226 5571 3617 5640 obtemperare.

2031 5656 2181 5724 Quod
2225 5672 2353 5711 vero
2390 5658 2535 5724 dicit,
2582 5658 2642 5711 Et
2680 5676 2779 5712 non
2820 5659 2955 5713 dedit
2987 5659 3236 5715 Dominus
3273 5661 3409 5717 Dens
3447 5663 3616 5732 vobis;

2099 5793 2111 5821 ¹
2138 5792 2210 5840 sic
2234 5798 2336 5839 .‘sgss.
2368 5798 2415 5840 tt
2443 5794 2625 5853 excusi,
2651 5792 2793 5843 relati
2814 5792 3137 5856 consuluntur,
3163 5808 3271 5859 qua:
3291 5794 3473 5860 prosint
