4136 6468
497 343 596 401 ⁷71

498 462 650 519 nullo
672 457 832 517 modo
856 457 1135 531 increpans
1163 468 1217 515 ct
1254 474 1481 531 arguens
1506 460 1609 514 hoc
1634 459 1854 521 diceret,
1883 458 1982 514 nisi
2010 457 2077 513 ad

498 567 683 609 eorum
726 565 937 623 quoque
975 550 1180 621 culpam
1224 551 1492 619 pertinere
1531 550 1750 620 intelligi
1788 549 1967 614 vellet,
2011 564 2080 604 ne

498 643 779 716 quisquam
818 659 876 698 se
903 657 971 698 ex
1002 641 1105 697 hoc
1146 641 1501 697 excusabilem
1540 650 1710 713 putet.
1738 641 1906 697 Simul
1936 641 2079 697 enim

500 732 729 789 ostendit
759 739 813 789 et
850 732 967 788 sine
1002 730 1267 801 adjutorio
1295 730 1504 785 Domini
1528 730 1623 786 Dei
1663 744 1759 789 eos
1784 731 2080 801 intelligere

501 829 557 878 et
579 820 798 878 obedire
826 835 932 877 non
954 834 1111 891 posse
1137 819 1304 875 oculis
1328 819 1527 887 cordis,
1557 830 1612 877 ct
1631 822 1849 876 auribus
1870 821 2078 876 cordis:

503 921 559 967 et
588 920 764 967 tamen
788 911 834 967 si
861 909 1179 980 adjutorium
1202 908 1297 965 Dei
1316 909 1473 977 desit,
1497 925 1601 964 non
1628 910 1749 965 ideo
1776 926 1896 966 esse
1920 925 2082 966 excu-

504 1002 672 1057 sabile
710 1001 940 1055 hominis
964 1000 1183 1066 vitium;
1213 1000 1463 1070 quoniam
1489 1001 1686 1071 judicia
1721 1003 1815 1057 Dei
1841 1001 2081 1073 quamvis

500 1094 727 1156 occulta,
761 1102 935 1148 tamen
960 1092 1099 1161 justa
1124 1101 1268 1146 sunt.

572 1184 659 1239 Ll.
701 1182 799 1255 [11).
832 1199 981 1249 xxix,
1014 1182 1154 1256 5-6.]
1168 1181 1232 1237 Et
1260 1182 1472 1239 adduxit
1496 1197 1581 1239 vos
1608 1184 1942 1256 quadraginta
1982 1201 2081 1239 an-

501 1276 578 1329 nis
601 1276 653 1329 in
680 1274 870 1329 deserto
899 1290 918 1329 :
944 1292 1044 1329 non
1076 1276 1471 1331 inveteraverunt
1499 1278 1789 1331 vestimenta
1818 1286 2001 1343 uestra,
2035 1286 2081 1331 et

500 1364 837 1419 calceamenta
877 1376 1039 1420 vestra
1080 1383 1179 1420 non
1214 1376 1331 1420 sunt
1363 1367 1535 1420 attrita
1567 1384 1599 1420 a
1636 1367 1844 1437 pedibus
1870 1368 2081 1434 vestris;

502 1472 685 1527 partem
709 1473 809 1510 non
835 1458 1195 1524 manducastis,
1224 1458 1394 1510 vinum
1436 1467 1479 1511 et
1508 1457 1717 1512 siceram
1744 1475 1843 1511 non
1869 1458 2077 1523 bibistis,

502 1555 559 1600 ut
586 1546 777 1601 sciretis
810 1546 927 1615 quia
964 1546 1056 1599 iste
1087 1546 1334 1601 Dominus
1362 1545 1502 1601 Deus
1528 1555 1705 1601 uester.
1745 1547 1881 1602 Hinc
1914 1563 2079 1617 appa-

501 1648 586 1695 ret
607 1648 810 1695 tantum
840 1640 944 1695 vini
972 1639 1024 1694 in
1050 1640 1159 1695 suis
1192 1640 1580 1708 impedimentis
1608 1633 1847 1711 pbtuissc
1869 1650 2082 1710 portare

501 1729 786 1798 lsraelitas,
818 1730 1029 1800 quando
1053 1731 1297 1786 exierunt
1328 1730 1394 1785 de
1423 1728 1674 1802 Egypto,
1702 1731 1841 1801 quod
1867 1738 2083 1801 possent

500 1823 609 1878 cito
631 1837 964 1878 consumere.
994 1822 1122 1876 Nam
1154 1822 1196 1877 si
1219 1822 1436 1876 omnino
1456 1823 1585 1876 nihil
1612 1838 1789 1877 secum
1813 1823 2077 1887 tulissent,

504 1915 645 1971 unde
690 1924 831 1970 esset
872 1914 998 1968 illud
1038 1914 1104 1970 de
1138 1928 1243 1983 quo
1282 1914 1480 1968 dictum
1522 1923 1624 1979 est,
1676 1913 1820 1969 Sedit
1865 1913 2083 1986 papulus

501 2007 809 2060 manducare
833 2015 880 2060 et
905 2004 1088 2069 bibere,
1132 2014 1178 2058 et
1218 2014 1539 2059 surrexerunt
1566 2003 1774 2059 ludere?
1799 2004 1911 2059 Non
1938 2004 2081 2059 enim

505 2097 610 2153 hoc
637 2098 704 2152 de
740 2112 872 2167 aqua
904 2096 1189 2161 diceretur,
1217 2111 1338 2151 cum
1368 2105 1421 2150 et
1458 2096 1622 2164 ipsius
1655 2096 1820 2168 Moysi
1853 2094 2081 2150 manife-

505 2186 737 2242 stissima
763 2185 923 2241 verba
962 2186 1090 2250 sint,
1133 2201 1238 2240 non
1280 2184 1442 2239 luisse
1483 2184 1623 2239 illam
1658 2199 1841 2239 vocem
1871 2184 2082 2254 {princi-

504 2278 648 2348 pium
678 2276 824 2343 belli,
854 2276 951 2332 sed
977 2275 1287 2346 principium
1320 2276 1423 2329 vini
1453 2275 1646 2345 (Exod.
1679 2290 1849 2339 xxxn,
1880 2276 1934 2339 6,
1968 2271 2079 2346 18).

575 2368 683 2425 Lll.
724 2365 829 2441 [11).
858 2382 1010 2434 XXIX,
1039 2368 1191 2422 18-2I
1266 2365 1527 2439 Numquid
1550 2377 1621 2420 est
1641 2367 1822 2437 aliquis
1844 2367 1971 2420 inter
1996 2382 2084 2421 vos

504 2459 602 2524 uir,
632 2466 718 2512 aut
737 2458 936 2525 mulier,
967 2465 1056 2510 aut
1082 2458 1276 2527 familia
1295 2458 1334 2521 ⁸,
1364 2457 1439 2510 uel
1464 2456 1640 2521 tribus,
1664 2457 1809 2529 cujus
1834 2472 1971 2510 mens
1996 2456 2087 2509 de-

505 2550 708 2604 clinavit
746 2565 778 2602 a
822 2547 1040 2603 Domino
1079 2547 1186 2602 Deo
1213 2555 1392 2611 oestro,
1425 2546 1497 2600 ire
1532 2547 1713 2600 servire
1737 2546 1834 2600 diis
1863 2547 2084 2617 gentium

504 2639 749 2694 illarum?
775 2637 917 2693 Num
941 2654 1041 2709 qua
1070 2647 1139 2691 est
1160 2638 1213 2691 in
1236 2637 1370 2691 vobis
1390 2637 1539 2690 radix
1570 2653 1770 2691 sursum
1797 2637 2084 2707 germinans

506 2733 560 2785 in
586 2730 703 2802 felle
725 2738 773 2784 et
796 2728 1170 2783 amaritudine?
1195 2727 1260 2781 Et
1277 2728 1392 2794 erit,
1419 2744 1534 2781 cum
1560 2728 1775 2780 audierit
1802 2726 1947 2781 verba
1972 2743 2079 2779 mac

505 2820 787 2875 ledictionis
822 2819 994 2891 hujus,
1038 2828 1086 2873 et
1126 2818 1415 2890 opinabitur
1448 2818 1508 2881 in_
1543 2818 1694 2871 corde
1732 2834 1845 2881 suo,
1891 2818 2080 2885 dicens,

507 2913 701 2967 Sancta
716 2912 839 2965 mihi
860 2912 1002 2981 fiant,
1030 2910 1266 2981 quoniam
1287 2912 1339 2962 in
1363 2925 1532 2963 errore
1556 2909 1720 2961 cordis
1750 2908 1847 2961 mei
1866 2906 2042 2960 incedo
2066 2921 2087 2961 :

507 3011 560 3056 ut
584 3020 685 3057 non
707 3002 856 3057 sintut
878 3000 1053 3071 perdat
1081 3008 1309 3070 peccator
1331 3000 1476 3053 eum'
1502 2999 1587 3069 qui
1618 2999 1727 3052 sine
1756 3006 1955 3069 peccato
1979 3007 2085 3063 est;

507 3094 643 3149 nolet
678 3092 819 3148 Deus
857 3092 1131 3163 prapitiare
1175 3092 1242 3159 ei,
1274 3091 1361 3145 sed
1400 3100 1517 3144 tunc
1546 3090 1840 3145 incendetur
1878 3091 1957 3144 ira
1981 3089 2087 3144 Doo

509 3187 652 3253 mini,
680 3195 727 3241 et
750 3184 888 3240 zelus
920 3184 1029 3256 ejus
1062 3184 1113 3237 in
1137 3182 1336 3237 homine
1359 3181 1471 3249 illo,
1505 3191 1551 3235 et
1584 3182 1911 3236 adharrebunt
1947 3182 2001 3235 in
2028 3198 2087 3236 eo
2128 3210 2131 3211 ν

508 3277 678 3333 omnia
702 3275 972 3331 maledicta
1003 3273 1304 3329 Testamenti
1330 3274 1505 3345 hujus,
1539 3288 1652 3343 quis
1680 3273 1869 3344 scripta
1890 3282 2006 3327 sunt
2034 3273 2086 3327 in

507 3371 636 3425 libro
666 3368 815 3441 Legis
838 3369 1008 3435 hujus.
1039 3366 1115 3422 Ita
1148 3366 1349 3422 dictum
1379 3374 1481 3431 est,
1516 3365 1777 3437 Numquid
1806 3376 1878 3422 est
1904 3369 1957 3422 in
1996 3384 2087 3422 vo-

506 3462 621 3518 bis?
652 3469 713 3516 ut
743 3470 991 3531 tanquam
1029 3458 1387 3528 requirentem
1431 3458 1802 3528 intelligamus,
1845 3474 1914 3515 ne
1950 3458 2087 3515 forte

504 3554 598 3610 sit.
626 3552 682 3609 Si
710 3553 828 3623 quis
861 3559 1038 3606 autem
1073 3558 1236 3617 esset,
1270 3565 1391 3606 cum
1422 3551 1610 3605 terruit
1629 3551 1991 3619 vehementer,
2020 3567 2089 3608 ne

508 3644 649 3700 forte
674 3643 955 3715 quisquam
979 3640 1179 3696 diceret
1204 3642 1255 3695 in
1276 3641 1435 3696 corde
1463 3656 1580 3705 suo,
1612 3641 1832 3697 audiens
1853 3642 1942 3698 illa
1970 3659 2090 3699 ma-

507 3733 723 3799 ledicta,
767 3732 963 3789 Sancta
1000 3732 1125 3786 mihi
1169 3732 1291 3798 sint,
1337 3731 1391 3786 id
1433 3741 1534 3796 est,
1577 3732 1858 3788 maledicta
1904 3744 2086 3790 sancta

507 3825 638 3881 mihi
658 3826 767 3880 sint
792 3842 807 3879 :
830 3822 1069 3895 quoniam
1095 3822 1148 3875 in
1172 3837 1339 3876 errore
1363 3822 1529 3875 cordis
1558 3824 1652 3876 mei
1680 3823 1874 3889 incedo,
1897 3824 1949 3878 id
1978 3834 2083 3893 est,

508 3917 650 3971 absit
673 3926 729 3970 ut
754 3915 885 3970 mihi
922 3914 1023 3968 ista
1049 3913 1316 3977 eveniant,
1348 3928 1453 3966 non
1494 3913 1623 3966 mihi
1650 3913 1757 3968 sint
1781 3913 1896 3969 huic
1923 3915 2083 3975 mala.

508 4007 603 4063 sed
634 4014 836 4071 sancta,
864 4004 918 4059 id
946 4012 1029 4060 est
1054 4004 1282 4073 propitia
1310 4013 1364 4057 et
1386 4003 1633 4067 innoxia;
1661 4005 1899 4074 quoniam
1924 4004 1977 4059 in
1994 4021 2085 4059 .er-

509 4114 623 4153 rare
657 4098 821 4152 cordis
848 4096 943 4150 mei
976 4095 1171 4160 incedo,
1213 4094 1389 4149 eundo
1415 4095 1613 4148 scilicet
1648 4107 1765 4164 post
1802 4096 1931 4151 deos
1956 4112 2088 4167 gen-

511 4191 664 4255 tium,
698 4198 753 4244 et
776 4188 855 4243 eis
884 4196 1129 4256 tanquam
1158 4186 1372 4255 impune
1400 4184 1700 4240 serviendo.
1730 4185 1866 4251 Non,
1896 4188 2082 4258 inquit,

509 4281 612 4335 erit
644 4280 741 4334 sic.
776 4277 895 4332 Non
924 4276 1100 4349 perdat
1139 4274 1293 4329 simul
1319 4285 1548 4346 peccator
1576 4292 1688 4330 eum
1715 4277 1801 4346 qui
1829 4278 1938 4331 sine
1971 4294 2087 4349 pec-

508 4380 619 4426 cato
638 4379 709 4425 est
736 4378 1020 4439 :tanquam
1047 4366 1268 4431 diceret,
1290 4364 1484 4420 Cavete
1510 4381 1576 4420 ne
1595 4366 1678 4421 cui
1706 4374 1937 4421 vestrum
1963 4369 2084 4423 talia

510 4462 847 4533 persuadeat,
875 4461 963 4531 qui
988 4460 1108 4513 talia
1138 4460 1351 4525 cogitat.
1385 4456 1536 4513 Nolet
1560 4457 1697 4513 Deus
1726 4462 2000 4529 prapitiare
2016 4461 2083 4527 ei,

510 4556 623 4610 sive
652 4552 774 4607 talia
792 4552 1063 4622 cogitanti,
1096 4551 1205 4604 sive
1238 4550 1309 4604 illi
1335 4550 1418 4603 cui
1450 4550 1572 4603 talia
1598 4551 1788 4605 fuerint
1814 4566 2083 4621 persuasa,

512 4645 647 4700 sicut
686 4643 801 4713 ipse
827 4643 1071 4710 Opinatus
1104 4651 1185 4695 est
1213 4640 1459 4705 dicendo,
1484 4641 1675 4696 Sancta
1712 4641 1836 4695 mihi
1870 4644 2005 4708 sint;
2033 4653 2088 4700 et

509 4734 664 4804 quasi
698 4731 800 4787 hoc
835 4730 991 4786 modo
1015 4731 1303 4785 avertendo
1330 4746 1361 4785 a
1400 4746 1458 4785 se
1487 4732 1592 4786 vim
1629 4731 1770 4787 illius
1796 4733 2083 4790 maledicti.

512 4826 620 4882 Sed
646 4835 765 4879 tunc
781 4822 1079 4877 accendetur
1102 4822 1178 4875 ira
1200 4820 1425 4886 Domini,
1455 4831 1500 4876 et
1524 4822 1660 4877 zelus
1679 4823 1790 4895 ejus
1811 4824 1861 4877 in
1892 4825 2090 4878 homine

504 4914 621 4984 illo,
644 4914 854 4987 quando
874 4913 1077 4984 putabit
1099 4928 1217 4968 eam
1236 4928 1298 4968 se
1316 4922 1578 4979 avertere,
1602 4912 1702 4969 ista
1728 4914 1779 4969 in
1805 4915 1967 4970 corde
1990 4930 2089 4970 suo

509 5007 759 5065 dicendo.
792 5004 859 5059 Et
895 5005 1221 5060 adhcrebunt
1249 5004 1302 5059 in
1330 5021 1388 5059 eo
1416 5006 1583 5059 omnia
1610 5006 1878 5061 maledicta
1910 5006 2085 5062 Testa-

510 5101 665 5154 menti
696 5099 869 5170 hujus,
896 5111 1009 5169 qua:
1035 5097 1223 5166 scripta
1246 5106 1359 5150 sunt
1382 5097 1433 5150 in
1461 5096 1586 5152 libro
1612 5096 1762 5170 Legis
1780 5098 1950 5169 hujus.
1972 5098 2089 5154 Non

510 5201 733 5263 possunt
756 5188 968 5260 quidem
994 5188 1169 5243 omnia
1199 5188 1413 5243 evenire
1431 5188 1521 5243 uni
1548 5187 1747 5244 homini
1774 5206 1787 5243 :
1817 5204 1921 5243 non
1947 5190 2091 5244 enim

509 5283 671 5336 etiam
702 5280 859 5335 toties
877 5277 1013 5334 mori
1041 5286 1233 5348 potest.
1263 5288 1392 5347 quot
1415 5293 1608 5348 genera
1636 5280 1823 5333 mortis
1846 5278 1931 5335 hic
1952 5280 2093 5335 dicta

575 5394 593 5425 ⁸
608 5391 736 5457 ﬁditi
753 5398 806 5441 et
824 5389 994 5457 plures
1013 5394 1233 5457 κείρω
1250 5388 1473 5457 famulus.
1485 5391 1728 5454 Pauloque
1751 5403 1874 5455 post,
1891 5407 2096 5457 nequam

508 5460 580 5506 est
600 5452 651 5505 in
670 5466 727 5505 eo
748 5452 914 5503 radiat.
938 5459 1108 5501 meum
1129 5452 1255 5515 hunc
1275 5452 1627 5515 redintegrant,
1648 5452 1703 5505 'et
1723 5452 1833 5505 ciun
1854 5452 2097 5508 ιχλόοιι-

509 5516 675 5567 ciliant
688 5516 890 5576 codices
909 5514 1092 5576 aliquot
1111 5512 1328 5576 melioris
1350 5512 1491 5562 noue?

579 5579 600 5609 ⁸
616 5571 757 5636 Editl,
778 5586 872 5626 non
892 5571 1035 5639 simul
1056 5575 1228 5639 perdat
1250 5581 1543 5639 peccatorem
1557 5583 1601 5627 et
1623 5589 1750 5637 eum,
1779 5587 1871 5630 est.
1911 5588 1966 5632 At
1986 5586 2095 5633 Mss.

508 5635 796 5706 juxtaLxx_:
823 5646 924 5706 Non
944 5635 1088 5688 simul
1108 5635 1283 5706 perdat
1313 5645 1533 5706 peccator
1554 5652 1664 5688 eum
1685 5635 1769 5705 qui
1788 5640 1891 5706 sine
1906 5652 2099 5706 peccato

513 5698 600 5749 est.
619 5706 745 5749 Hanc
766 5698 1024 5750 lectionem
1043 5698 1293 5751 conﬁrmat
1314 5698 1571 5763 expositio,
1593 5698 1708 5765 quze'
1726 5715 1835 5755 mox
1853 5698 1917 5755 ali
1938 5716 2097 5770 Augu-

514 5763 644 5812 stino
1638 5794 1655 5809 .

1278 338 1737 414 QUESTIONUM
1774 342 1831 400 8.
1872 336 2236 407 AUGUSTINJ
2261 336 2329 397 IN
2368 335 2922 405 IIEPTATEUCIIUM

3664 358 3772 414 772

2186 466 2341 525 sunt;
2367 458 2461 516 sed
2483 460 2653 516 omnia
2679 462 2833 530 dixit,
2866 480 2961 534 pro
2986 464 3329 537 quibuslibet,
3357 477 3415 525 ut
3438 484 3545 525 non
3567 472 3640 526 sit
3666 473 3770 528 im—

2184 550 2361 605 munis
2399 551 2468 606 ab
2495 553 2765 622 omnibus,
2806 558 2891 609 cui
2917 558 3191 613 evenerint
3226 559 3401 631 aliqua
3430 575 3618 617 eorum
3645 565 3767 635 qui-

2185 640 2286 696 bus
2313 652 2517 712 pereat.
2549 643 2701 711 Quod
2728 654 2906 701 autem
2928 647 3022 713 ait,
3059 644 3128 704 Ut
3155 666 3256 704 non
3276 651 3430 706 simul
3455 654 3632 722 perdat
3652 672 3774 726 pec-

2184 741 2326 786 cator
2365 750 2477 787 eum
2520 736 2605 806 qui
2644 736 2756 791 sine
2788 747 2987 807 peccato
3029 748 3139 805 est;
3178 739 3319 811 quod
3354 756 3561 813 grazcns
3605 744 3771 801 habet

2184 826 2536 896 ἀναμάρτητον,
2581 843 2687 883 non
2730 830 2810 885 sic
2851 830 3214 901 accipiendum
3253 842 3354 899 est,
3398 844 3647 905 tanquam
3692 838 3765 892 ab

2184 915 2329 968 omni
2356 931 2573 985 prorsus
2594 928 2810 988 peccato
2835 921 3091 975 mundum
3108 930 3161 977 et
3180 922 3467 979 immunem
3489 924 3591 980 hoc
3619 926 3773 982 dixe-

2186 1006 2254 1057 rit
2282 1006 2629 1077 ἀναμάρτητσν,
2656 1006 2709 1063 id
2734 1018 2817 1064 est
2840 1010 2958 1065 sine
2982 1020 3233 1081 peccato;
3259 1012 3353 1068 sed
3383 1029 3504 1069 eum
3532 1015 3623 1085 qui
3651 1018 3775 1072 sine

2186 1104 2403 1163 peccato
2423 1096 2525 1150 isto
2553 1107 2715 1166 esset,
2738 1099 2806 1155 de
2834 1115 2940 1171 quo
2960 1101 3274 1171 loquebatur
3301 1121 3314 1158 :
3344 1105 3479 1160 sicut
3504 1106 3633 1162 dicit
3660 1108 3772 1163 Do-

2185 1186 2361 1240 minus
2404 1186 2457 1242 in
2496 1189 2803 1261 Evangelio,
2849 1193 2911 1248 Si
2948 1210 3049 1248 non
3085 1195 3345 1263 venissem,
3382 1208 3427 1252 et
3454 1199 3650 1255 locutus
3692 1202 3765 1257 eis

2186 1276 2409 1347 fuissem,
2456 1289 2712 1350 peccatum
2751 1298 2851 1336 non
2892 1282 3126 1339 haberent
3156 1284 3333 1359 (Joan.
3362 1303 3456 1352 xv,
3484 1288 3617 1355 22);
3660 1307 3769 1345 non

2186 1369 2366 1438 utique
2392 1384 2573 1438 omne,
2604 1374 2699 1427 sed
2728 1373 2829 1428 hoc
2856 1386 3129 1445 peccatum
3172 1392 3278 1447 quo
3304 1393 3405 1433 non
3432 1381 3774 1435 crediderunt

2187 1458 2237 1512 in
2260 1474 2401 1515 eum.
2427 1461 2561 1516 Dicit
2590 1464 2749 1518 etiam
2774 1465 2913 1519 Deus
2938 1466 3005 1519 ad
3032 1467 3342 1523 Abimelech
3364 1468 3431 1523 de
3448 1470 3575 1525 Sara
3597 1486 3769 1527 uxore

2184 1550 2433 1617 Abrahae,
2456 1551 2579 1607 Scio
2599 1555 2717 1624 quia
2742 1555 2796 1609 in
2822 1556 3007 1610 mundo
3027 1557 3178 1611 corde
3195 1559 3357 1630 fecisti
3382 1560 3475 1614 hoc
3492 1558 3645 1632 (Gen.
3667 1578 3771 1627 XX,

2186 1638 2239 1709 6)
2269 1656 2282 1693 :
2312 1656 2416 1695 non
2448 1642 2627 1713 utique
2654 1643 2907 1698 mundum
2941 1645 3082 1699 illius
3108 1661 3202 1700 cor
3231 1649 3300 1701 ita
3327 1648 3493 1703 voluit
3520 1650 3767 1721 intelligi,

2186 1740 2244 1785 ut
2264 1732 2449 1786 similis
2470 1733 2548 1788 eis
2568 1743 2728 1800 esset,
2752 1733 2817 1789 de
2838 1736 3027 1805 quibus
3051 1736 3249 1791 dictum
3278 1746 3381 1804 est,
3410 1737 3557 1792 Beati
3580 1741 3773 1795 mundo

2184 1823 2353 1885 corde,
2380 1824 2617 1894 quoniam
2654 1825 2751 1896 ipsi
2776 1824 2939 1879 Deum
2964 1825 3197 1882 videbunt
3226 1828 3441 1899 (Matth.
3469 1844 3524 1893 v,
3554 1830 3610 1903 8)
3636 1845 3651 1897 ;
3674 1832 3773 1887 scd

2184 1912 2252 1967 ab
2282 1912 2372 1967 illo
2398 1924 2635 1982 peccato,
2666 1914 2733 1969 de
2761 1931 2869 1985 quo
2891 1917 3163 1986 agebatur,
3195 1918 3451 1973 mundum
3482 1935 3576 1975 cor
3604 1920 3775 1977 babe-

2184 2003 2295 2070 bat,
2318 2005 2565 2074 quoniam
2591 2018 2845 2075 quantum
2866 2008 2931 2061 ad
2962 2009 3134 2078 ipsum
3166 2008 3483 2079 pertinebat,
3509 2026 3614 2067 non
3642 2027 3777 2068 con-

2185 2095 2459 2162 cupiverat
2480 2096 2761 2167 conjugem
2790 2099 3041 2152 alienam.

2257 2182 2388 2238 LIII.
2431 2182 2531 2256 [11).
2561 2201 2696 2252 XXX,
2728 2184 2807 2259 6.]
2846 2184 2913 2240 Et
2943 2188 3368 2260 circumpurgabit
3402 2188 3651 2246 Dominus
3684 2208 3774 2247 cor

2185 2284 2347 2343 tuum,
2371 2285 2417 2331 et
2446 2292 2534 2331 cor
2558 2278 2762 2333 seminis
2788 2279 2882 2345 tui,
2915 2279 3124 2351 diligere
3144 2279 3417 2335 Dominunt
3439 2280 3605 2336 Deum
3630 2293 3775 2337 tuum

2185 2384 2249 2422 ea:
2284 2375 2386 2422 toto
2429 2369 2582 2422 corde
2618 2379 2724 2436 tuo,
2770 2377 2816 2423 et
2853 2386 2916 2424 ea:
2950 2380 3055 2424 tota
3101 2372 3272 2424 anima
3299 2380 3404 2438 tua,
3437 2382 3491 2425 ut
3524 2373 3659 2427 vivas
3698 2383 3772 2427 tu.

2186 2457 2418 2514 Evidens
2448 2460 2755 2529 pollicitatio
2787 2463 2971 2530 gratim
3004 2478 3018 2514 :
3052 2464 3311 2531 promittit
3354 2464 3495 2517 enim
3527 2463 3668 2519 Deus
3714 2478 3776 2520 se

2186 2563 2305 2603 esse
2326 2549 2584 2604 facturum
2613 2550 2753 2620 quod
2785 2551 2921 2606 solet
2940 2551 3129 2621 jubere
3153 2562 3209 2607 ut
3236 2552 3346 2607 ﬁat.

2259 2639 2390 2695 LIV.
2436 2639 2532 2714 [11).
2562 2656 2696 2706 XXX,
2735 2640 2947 2714 11-14.]
2991 2642 3123 2708 Quia
3163 2644 3458 2696 mandatum
3498 2644 3609 2710 hoc,
3640 2645 3776 2713 quod

2187 2748 2278 2804 ego
2306 2736 2491 2790 mando
2516 2734 2602 2788 tibi
2620 2734 2790 2801 hodie,
2816 2752 2918 2790 non
2933 2745 3007 2790 est
3026 2752 3184 2806 supra
3209 2737 3433 2804 modum,
3454 2755 3610 2809 neque
3629 2741 3775 2811 longe

2188 2823 2277 2877 abs
2309 2834 2355 2879 te
2382 2832 2452 2879 est
2476 2839 2495 2878 :
2521 2841 2623 2879 non
2659 2826 2713 2880 in
2748 2826 2871 2881 ctelo
2910 2834 3004 2890 est,
3045 2826 3235 2893 dicens,
3277 2828 3329 2882 id
3371 2838 3474 2893 est,
3518 2838 3574 2883 ut
3600 2829 3771 2892 dicas.

2191 2914 2317 2979 Quis
2341 2915 2572 2970 ascendet
2597 2916 2739 2971 nobis
2763 2917 2816 2971 in
2851 2918 3051 2983 etclam,
3083 2928 3132 2972 et
3148 2920 3361 2989 accipiet
3386 2921 3528 2974 nobis
3547 2921 3695 2987 illud,
3728 2932 3775 2976 et

2187 3006 2445 3091 audientes
2471 3004 2604 3091 illud
2628 3009 2907 3077 faciemus?
2926 3007 3106 3079 Neque
3125 3020 3264 3065 trans
3292 3027 3433 3066 mare
3455 3022 3550 3077 est,
3578 3012 3772 3075 dicens,
3823 3087 3828 3091 i

2189 3087 2243 3143 id
2271 3098 2374 3156 est,
2401 3099 2459 3145 ut
2481 3090 2649 3156 dicas,
2680 3091 2805 3158 Quis
2830 3094 3171 3163 transfretabit
3199 3095 3338 3149 nobis
3366 3106 3506 3150 trans
3543 3112 3699 3160 mare,
3727 3106 3773 3150 et

2188 3182 2400 3252 accipiet
2430 3181 2573 3236 nobis
2592 3182 2739 3248 illud,
2772 3192 2818 3238 et
2846 3184 3103 3240 audientes
3130 3186 3259 3239 illud
3290 3187 3571 3257 faciemus?
3602 3186 3777 3257 Prope

2189 3283 2259 3328 est
2293 3272 2495 3328 uerbum
2527 3275 2621 3329 hoc
2646 3275 2792 3329 ualde
2814 3275 2868 3329 in
2894 3292 2982 3330 ore
3005 3286 3112 3342 tuo,
3138 3286 3185 3331 et
3212 3278 3265 3331 in
3303 3278 3455 3332 corde
3493 3287 3598 3344 tuo,
3632 3288 3680 3333 et
3719 3279 3775 3333 in

2188 3363 2419 3419 manibus
2455 3365 2554 3419 tuis
2583 3368 2749 3436 facere
2770 3365 2919 3420 illud.
2950 3367 3062 3422 Hoc
3093 3382 3215 3422 esse
3246 3368 3467 3423 verbum
3497 3367 3619 3422 ﬁdei
3642 3369 3776 3423 dicit

2189 3456 2518 3526 Apostolus:
2548 3457 2691 3527 quod
2724 3455 2793 3511 ad
2835 3456 3037 3511 Novum
3081 3459 3313 3528 pertinet
3351 3459 3772 3514 Testamentum.

2187 3545 2292 3602 Sed
2320 3548 2484 3618 quaeri
2514 3556 2709 3617 potest,
2750 3562 2849 3603 cur
2882 3562 2946 3602 ea
2979 3549 3225 3618 superius
3268 3550 3517 3605 mandata
3557 3550 3774 3616 dixerit,

2188 3652 2307 3707 qua:
2326 3636 2523 3707 scripta
2544 3647 2669 3693 sunt
2688 3640 2741 3692 in
2762 3637 2899 3693 libro
2919 3638 3075 3709 Legis
3092 3640 3249 3709 hujus
3270 3639 3447 3712 (Deut.
3474 3657 3623 3704 xxxx,
3646 3641 3770 3710 2|):

2188 3729 2290 3784 nisi
2311 3730 2433 3799 quia
2461 3728 2543 3784 his
2568 3730 2816 3786 omnibus
2844 3730 3139 3800 spiritualia
3169 3732 3535 3802 signiﬁcantur
3560 3734 3628 3788 ad
3658 3732 3772 3788 No.

2187 3834 2310 3873 vum
2339 3820 2735 3874 Testamentum
2768 3821 3105 3891 pertinentia,
3142 3822 3187 3877 si
3217 3822 3355 3878 bene
3384 3823 3768 3893 intelligantur.

2190 3908 2317 3964 Item
2342 3910 2508 3979 quaeri
2535 3916 2709 3979 potest
2732 3910 2960 3967 cur’hoc
2986 3913 3129 3983 quod
3156 3912 3240 3967 hic
3266 3914 3494 3983 positum
3520 3924 3623 3979 est,
3657 3912 3772 3967 Ne-

2186 4019 2283 4074 que
2314 4011 2454 4057 trans
2487 4018 2627 4056 mare
2660 4012 2751 4070 est,
2788 4011 2846 4057 ut
2878 4004 3040 4072 dicas,
3092 4004 3217 4069 Quis
3246 4006 3588 4075 lrausfretabit
3628 4008 3773 4061 nobis

2187 4102 2328 4147 trans
2366 4108 2527 4159 mare,
2567 4101 2616 4147 et
2638 4093 2848 4163 accipiet
2883 4094 3023 4149 nobis
3062 4094 3211 4159 illud,
3244 4095 3529 4165 Apostolus
3554 4096 3769 4163 dixerit,

2187 4183 2286 4237 Aut
2314 4184 2424 4253 quis
2444 4183 2706 4237 descendet
2729 4184 2784 4237 in
2807 4182 3078 4253 abyssum;
3108 4195 3267 4255 atque
3293 4186 3344 4239 id
3374 4201 3647 4254 exponens
3672 4187 3770 4240 ad-

2182 4274 2437 4344 jnnxerit,
2487 4272 2600 4328 Hoc
2635 4282 2706 4328 est
2750 4272 3007 4327 Christum
3051 4291 3082 4328 a
3119 4276 3328 4329 mortuis
3364 4277 3643 4331 reducere:
3668 4276 3770 4331 nisi
3872 4264 3882 4273 ’

2186 4364 2309 4434 quia
2336 4380 2483 4419 mare
2508 4365 2788 4434 appellavit
2812 4372 2975 4419 totam
3001 4365 3184 4420 inrhoc
3207 4366 3408 4420 sacculo
3436 4367 3619 4431 vitam,
3650 4382 3772 4436 qum

2187 4466 2360 4512 morte
2401 4459 2673 4521 transitur,
2718 4466 2773 4512 ut
2795 4457 3027 4528 quodam
3062 4458 3222 4513 modo
3255 4473 3402 4513 mare
3438 4458 3673 4523 ﬁniatur,
3715 4468 3772 4513 et

2189 4556 2333 4603 trans
2358 4564 2505 4602 mare
2526 4564 2673 4603 mors
2699 4548 2810 4618 ipsa
2836 4550 3149 4618 appelletur,
3178 4550 3325 4605 velut
3345 4560 3492 4605 trans
3517 4551 3669 4605 istam
3693 4552 3772 4605 vi-

2190 4648 2317 4705 tam,
2354 4656 2470 4709 quae
2514 4640 2678 4694 maris
2704 4640 2963 4695 vocabulo
2997 4641 3341 4711 signiﬁcatur.
3387 4643 3591 4699 Deinde
3628 4643 3771 4713 quod

2191 4732 2277 4786 hic
2303 4730 2539 4785 additum
2567 4739 2669 4795 est,
2708 4739 2754 4785 et
2794 4731 2848 4784 in
2877 4732 3106 4785 manibus
3134 4733 3269 4797 tuis;
3299 4746 3406 4787 non
3438 4734 3513 4788 ait
3536 4734 3772 4803 Aposto-

2189 4822 2293 4889 lus,
2320 4824 2443 4887 nisi,
2469 4822 2523 4876 in
2548 4838 2635 4877 ore
2652 4829 2739 4877 tuo
2759 4831 2805 4877 et
2829 4822 2884 4876 in
2908 4823 3060 4877 corde
3083 4833 3189 4876 tuo.
3222 4824 3289 4878 Et
3312 4823 3415 4881 hoc
3437 4840 3605 4895 usque
3629 4826 3680 4879 in
3711 4827 3774 4879 Ii-

2192 4930 2311 4969 nem
2354 4922 2635 4969 exsecutus
2682 4923 2786 4981 est,
2829 4914 3032 4978 dicens,
3066 4913 3230 4969 Corde
3262 4916 3396 4969 enim
3441 4916 3664 4970 creditur
3702 4915 3776 4969 ad

2182 5005 2457 5076 justitiam,
2485 5021 2572 5059 ore
2597 5014 2765 5059 autem
2796 5005 3043 5073 confessio
3078 5005 3135 5074 ﬁt
3172 5006 3239 5060 ad
3271 5006 3679 5077 salutem(Rom.
3713 5023 3773 5071 x,

2194 5098 2247 5163 7,
2287 5097 2341 5164 8,
2388 5097 2500 5168 10).
2536 5096 2723 5152 Merito
2765 5096 2907 5167 quod
2951 5113 3019 5153 ex
3058 5097 3273 5153 hehrrco
3308 5098 3622 5153 translatum
3668 5109 3773 5162 est,

2193 5197 2447 5259 quantum
2469 5203 2499 5241 a
2521 5188 2673 5242 nobis
2700 5187 2886 5256 inspici
2915 5187 3102 5257 potuit,
3132 5203 3237 5241 non
3263 5187 3444 5255 habet,
3470 5190 3524 5242 in
3545 5188 3776 5243 manibus

2196 5283 2295 5336 tuis
2337 5281 2445 5336 Nec
2466 5282 2658 5336 frustra
2682 5291 2856 5335 tamen
2874 5280 3018 5335 hoca
3037 5279 3377 5351 Septuaginta
3401 5281 3778 5351 interpretibus

2196 5374 2433 5430 additum
2462 5373 2709 5429 existimo
2734 5388 2748 5425 :
2778 5372 2877 5426 nisi
2903 5372 3026 5441 quia
3056 5372 3280 5443 intelligi
3304 5371 3590 5427 voluerunt
3613 5371 3775 5425 etiam

2199 5465 2341 5536 ipsas
2366 5479 2571 5529 manus,
2600 5463 2791 5533 quibus
2817 5461 3179 5532 signiﬁcantur
3205 5477 3387 5531 opera,
3416 5462 3470 5516 in
3492 5459 3655 5517 corde
3683 5474 3779 5513 aco

2198 5557 2301 5627 cipi
2328 5556 2544 5619 debere,
2566 5554 2655 5610 ubi
2688 5563 2773 5610 est
2801 5553 2934 5609 ﬁdes
2960 5569 3078 5624 qua:
3106 5569 3199 5624 per
3223 5554 3562 5610 dilectionem
3588 5568 3780 5624 opera-

2202 5657 2287 5704 tur
2303 5645 2563 5719 (Galat.v,
2591 5645 2668 5715 6).
2688 5644 2819 5699 Nam
2841 5644 2885 5699 si
2911 5644 3206 5699 forinsecus
3224 5660 3286 5700 ea
3306 5661 3425 5716 quae
3449 5645 3590 5701 Deus
3606 5644 3776 5715 jubet.

2203 5741 2446 5797 manibus
2473 5740 2618 5808 ﬁant,
2648 5747 2702 5796 et
2743 5738 2798 5793 in
2842 5734 3003 5792 corde
3044 5750 3151 5791 non
3179 5736 3327 5807 ﬁant,
3366 5751 3525 5793 nemo
3557 5744 3641 5792 est
3668 5744 3777 5789 tam
