4136 6468
348 323 454 380 775

350 434 606 501 insulsus,
623 432 713 505 qui
758 437 1021 503 praecepta
1062 427 1349 483 arbitretur
1394 424 1622 496 impleri.
1675 424 1848 481 Porro
1890 424 1937 479 si

350 526 603 589 Charitas.
652 538 770 595 qua:
811 521 1083 593 plenitudo
1130 528 1214 576 est
1253 518 1410 590 Legis
1452 517 1631 587 (Rom.
1672 531 1791 582 χιιι,
1822 516 1936 587 10),

354 616 554 672 habitet
578 616 630 670 in
656 614 836 678 corde,
867 610 1077 669 etiamsi
1123 611 1368 668 manibus
1393 610 1632 681 corporis
1660 608 1941 679 quisquam

354 723 460 762 non
483 705 649 776 possit
678 704 910 774 operari,
939 718 1039 773 pax
1065 702 1140 756 illi
1167 713 1250 758 est
1278 702 1459 772 utique
1481 714 1602 756 cum
1633 697 1941 754 hominibus

355 800 508 852 bona:
528 795 814 851 voluntatis
845 793 995 865 (Luc.
1024 809 1101 860 χι,
1136 793 1249 863 ‘14).

425 886 534 942 LV.
567 884 667 960 [lb.
698 882 957 958 xxxn,5.]
987 883 1327 939 Peccaverunt
1351 899 1451 938 non
1483 882 1529 937 ei
1558 883 1654 951 ﬁlii
1683 881 1941 952 vitupera-

354 979 498 1033 biles.
528 978 682 1046 Quod
710 978 761 1031 in
791 992 966 1048 graeco
992 986 1074 1032 est
1103 984 1242 1031 τέκνα
1265 982 1502 1043 μιμητά,
1531 975 1747 1046 quidam
1775 975 1942 1028 inter-

355 1068 547 1138 pretati
573 1076 695 1122 sunt
720 1068 857 1122 sicut
882 1067 1001 1133 hic,
1038 1066 1089 1122 id
1128 1070 1243 1133 est,
1284 1067 1380 1135 ﬁlii
1409 1065 1793 1135 vituperabiles;
1823 1064 1944 1135 qui-

354 1158 498 1224 dam,
528 1158 624 1228 filii
646 1157 1031 1225 commaculati;
1060 1157 1300 1228 quidam,
1326 1157 1424 1226 filii
1448 1156 1631 1210 vitiosi.
1662 1154 1810 1212 Unde
1838 1170 1942 1209 non

355 1264 546 1319 magna
580 1250 839 1318 quaestio,
876 1249 985 1303 imo
1022 1249 1164 1303 nulla
1202 1255 1304 1303 est.
1344 1245 1450 1302 Sed
1487 1246 1615 1301 illud
1652 1247 1843 1301 merito
1877 1244 1945 1301 ad

356 1338 700 1410 quaerendum
726 1346 937 1407 movet,
966 1339 1011 1393 si
1035 1338 1354 1410 generaliter
1378 1338 1577 1393 dictum
1602 1347 1685 1394 est
1702 1379 1720 1405 ,
1754 1335 1947 1391 Pecca-

356 1439 533 1483 verunt
561 1445 662 1482 non
683 1428 729 1483 ei
741 1470 756 1493 ,
789 1429 1036 1499 quoniam
1068 1429 1156 1499 qui
1183 1436 1399 1499 peccat,
1424 1444 1529 1483 non
1561 1428 1612 1483 ei
1642 1434 1828 1498 peccat
1847 1470 1862 1493 ,
1892 1426 1944 1482 id

357 1528 459 1584 est,
487 1533 594 1574 non
623 1520 731 1573 Deo
754 1527 930 1583 nocet,
962 1518 1054 1573 sed
1081 1518 1216 1586 sibi;
1248 1518 1516 1588 quomodo
1542 1517 1945 1588 intelligendum

357 1609 427 1665 sit
441 1609 583 1680 quod
602 1610 656 1665 in
673 1610 885 1665 Psalmo
900 1609 1111 1680 legitur,
1134 1608 1245 1663 Tibi
1259 1611 1356 1665 soli
1375 1609 1577 1681 peccavi
1599 1608 1769 1681 (Psal.
1789 1626 1841 1676 ι,
1861 1610 1942 1681 6);

358 1710 413 1756 et
440 1699 496 1755 in
523 1699 784 1767 Jeretuia,
820 1698 931 1754 Tibi
959 1700 1300 1769 peccavimus,
1334 1701 1578 1773 patientia
1607 1698 1807 1764 Israel,
1836 1701 1944 1755 llo-

360 1792 494 1845 mine
522 1788 744 1862 (larem.
772 1805 892 1857 xtv,
921 1790 953 1845 7
971 1832 987 1857 ,
1014 1790 1121 1861 8);
1149 1802 1203 1846 et
1229 1791 1421 1847 iterum
1450 1792 1502 1845 in
1530 1791 1769 1857 Psalmo,
1801 1791 1945 1847 Sana

359 1882 581 1936 animam
601 1897 784 1948 meam,
805 1882 923 1953 quia
942 1882 1139 1952 peccavi
1160 1881 1248 1936 tibi
1272 1880 1440 1953 (Psal.
1462 1898 1550 1948 χι,
1574 1881 1629 1951 5)
1651 1900 1665 1936 :
1687 1891 1741 1937 et
1766 1891 1945 1936 utrum

361 1974 463 2029 hoc
486 1973 557 2029 sit
578 1987 799 2043 peccare
826 1972 956 2041 Deo,
985 1972 1127 2044 quod
1158 1988 1379 2043 peccare
1402 1973 1454 2027 in
1484 1974 1669 2028 Deum.
1694 1972 1847 2030 Unde
1873 1974 1947 2028 ait

361 2064 481 2121 Heli
509 2065 757 2122 sacerdos
783 2082 797 2120 :
830 2064 893 2121 Si
916 2066 970 2119 in
994 2064 1160 2121 Deum
1190 2066 1499 2137 peccaverit,
1528 2065 1642 2136 quis
1670 2064 1829 2119 orabit
1855 2079 1947 2135 pro

360 2172 420 2211 eo
454 2155 497 2229 (1
528 2155 658 2227 Reg.
682 2171 756 2223 ιι,
789 2155 920 2227 25)?
951 2157 1130 2211 Dicam
1159 2171 1286 2227 ergo
1325 2154 1537 2211 interim
1572 2154 1698 2226 quid
1734 2154 1864 2209 mihi
1894 2155 1947 2209 in

365 2248 643 2317 praesentia
667 2246 927 2303 videatur.
952 2247 1251 2318 intelligent
1269 2247 1496 2302 fortasse
1517 2246 1715 2317 aliquid
1736 2247 1948 2314 melius,

363 2340 453 2410 qui
478 2339 667 2395 melius
693 2339 807 2395 hate
834 2340 1078 2410 sapiunt,
1110 2348 1201 2394 aut
1228 2340 1389 2395 etiam
1421 2355 1518 2395 uos
1544 2339 1650 2394 alio
1676 2347 1947 2410 tempore,

364 2440 617 2503 quantum
645 2431 909 2501 adjuverit
936 2430 1212 2485 Dominus.
1241 2431 1471 2486 Peccare
1493 2430 1544 2484 in
1570 2430 1759 2496 Deum,
1790 2438 1871 2484 est
1897 2429 1948 2483 in

365 2524 433 2581 iis
467 2539 687 2596 peccare
728 2539 849 2594 qua:
887 2522 955 2578 ad
995 2523 1088 2578 Dei
1126 2522 1325 2578 cultum
1365 2522 1649 2592 pertinent.
1690 2520 1823 2575 Nam
1851 2520 1954 2576 hoc

366 2619 508 2690 quod
550 2615 999 2684 commemoravi,
1044 2616 1174 2670 nihil
1212 2614 1354 2669 aliud
1395 2614 1592 2669 indicat
1633 2631 1648 2669 :
1693 2613 1771 2668 sic
1809 2614 1951 2667 enim

367 2709 659 2781 peccabant
685 2707 777 2762 filii
800 2708 934 2773 Heli,
958 2707 1151 2778 quibus
1179 2706 1283 2761 hoc
1309 2716 1461 2775 pater
1481 2720 1667 2761 eorum
1689 2704 1841 2759 dixit.
1864 2703 1954 2759 Sic

367 2800 775 2859 existimandum
805 2810 888 2857 est
916 2799 1125 2870 peccari
1151 2800 1311 2855 etiam
1341 2799 1398 2854 in
1426 2798 1669 2854 homines
1705 2801 1793 2869 qui
1834 2813 1956 2869 per-

368 2895 536 2949 tinent
573 2893 640 2949 ad
678 2893 889 2948 Deum:
932 2907 1054 2946 nam
1095 2891 1198 2947 hoc
1239 2892 1378 2947 Deus
1419 2891 1610 2962 legitur
1646 2890 1845 2947 dixisse
1886 2891 1954 2946 ad

367 2985 676 3040 Abimelech
707 2985 773 3039 de
799 2983 952 3050 Sara,
983 2983 1260 3054 PrOpterea
1284 2983 1480 3055 peperci
1507 2982 1613 3046 tibi,
1646 2999 1708 3036 ne
1725 2999 1956 3054 peccares

367 3076 421 3130 in
446 3092 524 3130 me
547 3074 697 3149 (Gen.
721 3092 811 3144 xx,
840 3076 919 3148 6).
944 3076 1171 3131 Peccare
1196 3083 1375 3129 autem
1403 3073 1648 3139 Domino,
1671 3074 1754 3128 vel
1780 3076 1956 3143 potius

369 3183 621 3238 peccasse
640 3167 865 3223 Domino
883 3169 900 3199 ί
919 3167 1042 3240 (nisi
1067 3165 1204 3222 forte
1223 3166 1414 3221 alicubi
1437 3166 1690 3235 scriptum
1713 3173 1958 3221 occurrat

368 3260 511 3330 quod
541 3260 663 3316 huic
690 3260 871 3315 sensui
898 3260 1167 3331 resistat),
1205 3257 1259 3312 hi
1289 3258 1419 3313 mihi
1445 3257 1690 3314 videntur
1719 3274 1823 3313 non
1855 3258 1955 3312 itu-

370 3352 562 3409 merito
593 3351 735 3420 dici,
774 3352 863 3422 qui
902 3352 1043 3422 piam
1081 3350 1445 3422 pmnitentiam
1473 3351 1675 3421 peccati
1703 3351 1784 3405 sui
1816 3365 1959 3407 nunc

370 3454 569 3516 agunt,
614 3452 675 3500 ut
718 3443 1047 3515 glorificetur
1085 3442 1368 3514 ignescens
1409 3442 1687 3497 Dominus.
1731 3441 1957 3496 Causam

370 3538 567 3607 quippe
591 3535 822 3592 reddens
852 3535 1015 3590 David
1042 3550 1138 3590 cur
1161 3534 1375 3601 dixerit,
1405 3532 1517 3587 Tibi
1543 3534 1639 3589 soli
1664 3534 1883 3603 peccavi,
1913 3541 1958 3587 et

370 3628 564 3683 malum
582 3628 603 3659 ³
631 3643 802 3682 coram
826 3636 874 3681 te
893 3626 1021 3698 feci;
1049 3624 1275 3696 subjecit
1298 3634 1352 3680 et
1374 3624 1467 3691 ait,
1492 3622 1560 3679 Ut
1577 3624 1877 3695 justiﬁceris
1904 3624 1958 3678 in

370 3720 679 3777 sermonibus
703 3721 821 3786 tuis,
849 3730 895 3775 et
919 3720 1087 3775 vincas
1110 3735 1225 3773 cum
1236 3717 1485 3789 judicaris
1507 3732 1526 3772 :
1545 3717 1657 3772 sive
1678 3732 1801 3772 cum
1829 3716 1961 3771 dicit

372 3812 513 3868 Deus
532 3852 548 3877 ,
577 3812 815 3867 Judicate
834 3812 965 3865 inter
992 3826 1071 3864 me
1098 3818 1146 3864 et
1177 3809 1372 3863 vineam
1404 3823 1566 3862 meam
1591 3804 1742 3881 (Isai.
1773 3823 1827 3874 v,
1857 3806 1911 3877 ὅ)
1941 3825 1957 3864 :

372 3903 485 3959 sive
505 3903 573 3958 de
594 3903 819 3957 Domino
837 3901 965 3958 Jesu
984 3900 1196 3957 Christo
1221 3897 1562 3969 intelligatur,
1585 3898 1673 3969 qui
1700 3897 1844 3953 solus
1868 3913 1961 3953 ve-

372 3995 583 4051 rissime
608 3994 785 4049 dicere
814 3993 1017 4063 potuit,
1059 3990 1203 4046 Venit
1240 3990 1374 4045 enim
1404 3990 1635 4060 princeps
1671 3989 1881 4055 mundi,
1912 3996 1961 4042 et

372 4088 426 4140 in
462 4103 541 4140 me
575 4103 677 4139 non
710 4085 856 4139 habet
882 4083 1153 4155 quidquam
1185 4080 1259 4153 (id
1289 4090 1405 4147 est,
1443 4078 1730 4149 quidquam
1760 4079 1958 4148 peccati

374 4178 514 4248 quod
540 4185 710 4233 morte
736 4178 806 4232 sit
833 4173 1095 4246 dignum);
1126 4174 1215 4229 sed
1236 4182 1288 4227 ut
1309 4180 1575 4243 cognoscat
1595 4171 1812 4225 mundus
1837 4172 1957 4241 quia

374 4272 529 4342 diligo
558 4270 786 4337 Patrem,
816 4278 864 4323 et
889 4269 1017 4323 sicut
1047 4265 1341 4319 mandatum
1370 4263 1507 4316 dedit
1532 4263 1653 4315 milii
1685 4260 1855 4327 Pater,
1887 4262 1960 4316 sic

374 4363 545 4435 facio;
581 4362 804 4433 surgite,
836 4376 1007 4414 eamus
1034 4358 1149 4411 hinc
1183 4354 1363 4426 (Joan.
1395 4369 1503 4419 nv,
1536 4354 1634 4419 50,
1665 4353 1757 4423 51)
1792 4371 1804 4407 :
1840 4362 1957 4407 tan-

374 4472 530 4525 quam
562 4456 798 4520 diceret,
831 4452 1050 4508 Etiamsi
1079 4449 1345 4507 levissima
1370 4455 1584 4517 peccata
1616 4446 1801 4499 mortis
1828 4461 1958 4515 sup-

373 4547 532 4617 plicio
562 4554 909 4619 persequatur
937 4545 1183 4615 princeps
1213 4541 1431 4607 mundi,
1465 4540 1517 4594 in
1548 4553 1635 4593 me
1664 4554 1767 4592 non
1800 4537 1962 4593 habet

375 4639 683 4710 quidquam,
717 4637 810 4693 sed
835 4637 1055 4707 surgite,
1082 4649 1265 4690 eamus
1292 4633 1433 4695 hinc,
1466 4630 1517 4685 id
1546 4637 1645 4693 est,
1673 4637 1727 4682 ut
1752 4631 1954 4698 patiar;

374 4732 497 4801 quia
520 4728 576 4784 in
598 4745 663 4785 eo
683 4729 822 4799 quod
845 4727 1036 4799 patior,
1063 4726 1387 4781 voluntatem
1416 4722 1611 4793 impleo
1638 4720 1809 4775 Patris
1830 4721 1956 4789 mei,

377 4815 483 4876 nan
513 4836 723 4891 pinnam
754 4820 907 4875 solvo
931 4818 1133 4890 peccati
1162 4819 1287 4873 mei.
1315 4818 1381 4871 Et
1408 4814 1548 4886 quod
1574 4813 1832 4871 Jeremias
1862 4813 1956 4880 ait,

376 4912 491 4966 Tibi
515 4913 848 4982 peccavimus,
883 4910 1123 4983 patientia
1150 4908 1339 4975 Israel,
1372 4907 1595 4961 Domino
1621 4906 1804 4975 utique
1831 4920 1960 4974 sup—

377 5005 586 5074 pliciter
612 5003 805 5058 dicitur
831 5003 883 5058 in
917 5001 1225 5074 poenitentia
1260 5015 1380 5055 cum
1415 5012 1510 5069 spe
1543 4996 1731 5052 salutis
1765 5011 1831 5051 εχ
1865 5012 1959 5051 νεε-

378 5099 461 5153 nia
485 5099 526 5151 ³.
555 5097 623 5153 Ει
649 5097 792 5167 quod
817 5095 1019 5152 dictum
1044 5103 1160 5160 est,
1193 5092 1335 5150 Sana
1363 5091 1585 5146 animam
1613 5104 1803 5156 meam,
1843 5089 1961 5159 quia

378 5193 578 5262 peccavi
607 5193 715 5261 tibi,
742 5191 845 5247 hoc
871 5191 1011 5245 idem
1040 5189 1212 5259 agitur
1238 5196 1298 5243 ut
1326 5187 1469 5243 Deus
1498 5186 1818 5257 ignoscendo
1846 5184 1963 5255 glo-

380 5284 616 5339 riﬁcatur
638 5300 652 5337 :
674 5282 797 5354 quia
818 5295 1005 5353 magna
1025 5287 1109 5336 est
1131 5279 1248 5349 ejus
1267 5277 1629 5334 misericordia
1653 5292 1814 5348 super
1832 5292 1961 5333 con-

441 5394 458 5425 ⁸
484 5393 620 5452 aditi,
642 5405 842 5452 peccare
862 5389 913 5442 in
940 5388 1205 5452 Dominum.
1230 5396 1288 5439 At
1327 5397 1453 5449 Mss,
1489 5401 1710 5451 peccasse
1741 5397 1957 5440 Domum.

381 5463 522 5507 Recte
545 5451 776 5518 quidem,
808 5454 898 5506 sed
927 5452 1083 5518 paulo
1108 5451 1229 5503 infra
1265 5459 1372 5518 Mss.
1396 5453 1542 5518 iidem
1566 5459 1618 5501 et
1651 5453 1960 5518 omneshediti

380 5511 637 5581 perperam
662 5511 901 5579 erebant,
927 5511 1011 5581 qui
1034 5513 1164 5581 piam
1196 5512 1521 5581 ρωῃξιεηῑὶωη
1557 5513 1741 5575 peccati
1760 5511 1836 5563 sui
1868 5526 1960 5581 non

550 5592 568 5629 :
591 5592 702 5645 cum
724 5588 861 5645 certe
887 5575 1077 5645 certius
1112 5575 1213 5645 legi
1250 5577 1449 5645 debeat,
1490 5586 1616 5645 mmo
1644 5582 1836 5645 agunt;
1880 5575 1961 5625 vel

382 5635 1232 5755 ﬁqtgsguimimfmmtemﬁm
1252 5636 1437 5704 peccati
1457 5635 1533 5689 sui
1552 5635 1641 5688 hoc
1672 5635 1836 5701 agunt.

486 5713 914 5770 Mss.,maltgmmt.
1286 5770 1291 5771 ί
1408 5760 1419 5771 _
1505 5766 1581 5771 μ
1682 5766 1691 5771 _
1809 5760 1819 5771 ,

443 5766 464 5799 ³
484 5773 556 5816 Stc
578 5775 681 5818 Mss.
707 5766 769 5820 Αἱ
784 5778 882 5817 Am.
908 5773 981 5817 Er.
1023 5772 1075 5820 et
1094 5771 1226 5829 ιιονο,
1248 5770 1293 5816 et
1316 5766 1480 5817 venite
1504 5766 1626 5824 Rat,
1648 5766 1865 5814 et

1685 311 1891 368 LIBER
1927 306 2246 382 QUINTUS.

2046 425 2256 481 fitentes
2298 424 2398 481 sibi
2438 434 2493 484 et
2531 427 2814 485 redeuntes
2853 428 2923 485 ad
2962 445 3057 500 se,
3097 430 3187 503 qui
3225 431 3354 490 dicit
3387 449 3447 491 se
3481 437 3627 492 nolle

2044 525 2269 572 mortem
2296 519 2620 587 peccatoris,
2661 528 2913 590 quantum
2943 522 2959 554 ί
2991 532 3048 578 ιιι
3080 534 3378 580 revertatur
3400 535 3454 581 et
3482 530 3624 585 vivat

2046 603 2255 677 (Ezech.
2287 622 2485 675 χχχιιι,
2510 608 2622 679 11).
2656 608 2791 668 Hinc
2814 620 2869 667 et
2895 612 3008 682 ipse
3037 613 3201 668 David
3228 630 3333 669 non
3365 618 3534 672 solum
3567 620 3619 674 in

2044 698 2277 769 Psalmo,
2296 717 2480 757 verum
2501 703 2660 758 etiam
2681 718 2802 760 cum
2823 720 2943 760 eum
2965 707 3103 762 Deus
3122 717 3369 779 argueret
3390 726 3485 779 per
3504 727 3632 780 pro-

2046 791 2281 860 phetam,
2303 808 2407 848 non
2428 794 2546 851 sine
2568 812 2663 866 spe
2688 798 3074 869 pr0pitiationis
3095 800 3300 856 Domini
3326 804 3623 873 respondit,

2048 879 2261 936 Peccavi
2286 883 2503 939 Domino
2537 885 2603 958 (il
2634 886 2758 960 Reg.
2786 905 2881 955 χιι,
2910 889 3021 964 15).
3050 889 3257 948 Medico
3276 894 3417 949 enim
3445 897 3602 951 vulne

2048 982 2193 1028 ratus
2222 974 2428 1031 videtur
2454 979 2847 1048 quodammodo
2866 1024 2880 1049 ,
2918 984 3006 1056 qui
3040 998 3095 1040 ut
3120 997 3339 1044 sanetur
3367 1007 3425 1047 se
3451 992 3629 1048 subdit

2048 1067 2293 1122 manibus
2326 1069 2552 1139 medici,
2586 1080 2644 1127 ut
2674 1073 2727 1128 in
2761 1090 2827 1130 eo
2862 1077 3139 1134 medicina:
3165 1096 3299 1150 opus
3327 1084 3626 1153 impleatur.

2048 1155 2107 1210 in
2149 1156 2249 1212 hoc
2286 1168 2464 1215 autem
2507 1165 2715 1218 cantico
2754 1168 3077 1237 praevidebat
3124 1171 3386 1243 Propheta
3429 1180 3630 1235 futuros

2049 1249 2305 1318 quosdam
2325 1291 2340 1314 ,
2372 1253 2459 1322 qui
2490 1254 2566 1308 sic
2594 1254 2799 1313 fuerant
2825 1263 3090 1328 peceaturi
3124 1263 3286 1319 Deum
3312 1266 3629 1325 offendendo

2049 1340 2255 1410 magnis
2281 1342 2645 1413 iniquitatibus
2671 1349 2815 1415 suis,
2854 1360 2910 1404 ut
2948 1367 3047 1406 nec
3084 1355 3445 1422 pmnitentiam
3471 1376 3633 1429 agere

2049 1432 2277 1500 vellent,
2304 1444 2358 1490 et
2381 1438 2445 1491 ad
2473 1438 2637 1493 Deum
2666 1441 2841 1497 redire
2873 1452 2929 1497 ut
2957 1457 3271 1502 sanarentur
3299 1466 3311 1501 :
3344 1450 3412 1506 de
3437 1454 3631 1521 quibus

2050 1526 2211 1580 etiam
2235 1528 2361 1583 alibi
2388 1529 2602 1597 dicitur,
2635 1532 2883 1598 Quoniam
2903 1553 3020 1591 caro
3044 1548 3181 1604 sunt,
3212 1549 3257 1593 et
3285 1543 3494 1610 spiritus
3519 1561 3629 1597 ant-

2051 1618 2263 1689 bulans,
2301 1632 2347 1676 et
2385 1640 2485 1677 non
2529 1636 2776 1681 revertens
2819 1627 3004 1697 (I’sal.
3046 1646 3254 1698 Lxxvu,
3296 1634 3409 1703 59).
3450 1636 3634 1692 Potest

2052 1712 2214 1766 etiam
2245 1714 2323 1769 sic
2351 1714 2604 1786 intelligi,
2647 1716 2992 1774 Peccauerunt
3021 1738 3122 1775 non
3147 1723 3194 1776 ei
3213 1765 3227 1787 ,
3259 1726 3549 1781 secundum
3579 1728 3632 1782 id

2050 1803 2193 1874 quod
2220 1819 2327 1859 non
2353 1805 2403 1861 ei
2433 1817 2728 1863 nocuerunt
2752 1818 2970 1879 peccato
2996 1827 3113 1877 suo,
3144 1814 3238 1869 sed
3264 1816 3385 1871 sibi.

2122 1896 2253 1952 LVI.
2293 1898 2393 1970 [1b.
2425 1916 2611 1968 χχχιιι,
2633 1902 2771 1975 1-5.]
2802 1902 2869 1957 Et
2896 1904 3002 1958 haec
3031 1906 3302 1961 benedictio
3329 1925 3482 1979 quant
3502 1911 3523 1941 ³
3551 1909 3635 1965 be-

2052 1988 2243 2043 nedixit
2266 1988 2471 2060 Moyses
2492 1990 2641 2045 homo
2661 1991 2759 2046 Dei
2779 1994 2914 2062 ﬁlios
2932 1993 3119 2061 Israel,
3144 1998 3435 2069 priusquam
3453 2000 3639 2070 defun-

2051 2088 2270 2150 geretur.
2301 2079 2368 2133 Et
2394 2081 2544 2146 dixit,
2576 2081 2823 2137 Dominus
2851 2100 2915 2140 ea;
2943 2084 3073 2140 Sina
3100 2087 3261 2154 venit,
3290 2099 3338 2142 et
3364 2089 3548 2143 alluin
3576 2107 3638 2145 ea:

2056 2168 2173 2224 Seir
2195 2170 2336 2224 nobis
2359 2187 2378 2225 :
2397 2172 2650 2243 festinavit
2669 2190 2732 2228 ea:
2751 2184 2917 2229 monte
2943 2174 3158 2231 Pltaran
3183 2194 3297 2232 cum
3322 2180 3495 2233 multis
3520 2181 3636 2235 mil.

2054 2261 2185 2316 libus
2206 2260 2388 2317 Gades.
2415 2264 2495 2317 Ad
2516 2264 2774 2320 dexteram
2791 2268 2901 2338 ejus
2922 2268 3101 2340 Angeli
3118 2287 3230 2324 cum
3250 2288 3327 2339 eo,
3349 2282 3397 2327 et
3416 2276 3639 2344 pepercit

2056 2351 2244 2423 papula
2271 2371 2383 2408 suo.
2406 2353 2476 2409 Et
2502 2372 2674 2411 omnes
2697 2359 2998 2426 sanctiﬁcati
3022 2360 3112 2414 sub
3140 2379 3318 2417 manus
3343 2372 3474 2431 tuas,
3505 2374 3554 2419 et
3586 2366 3640 2418 lii

2056 2441 2148 2496 sub
2177 2454 2225 2497 te
2248 2452 2387 2499 sunt.
2418 2443 2487 2499 Et
2515 2448 2706 2517 accepit
2741 2447 2804 2502 de
2838 2448 2996 2503 verbis
3037 2450 3197 2522 ipsius
3229 2451 3447 2523 Legem,
3488 2472 3640 2525 quam

2057 2535 2312 2590 mandavit
2346 2538 2490 2592 nobis
2526 2539 2728 2610 Moyses
2748 2582 2762 2607 ,
2792 2542 3134 2597 [nereditatem
3172 2548 3639 2617 congregationibus

2055 2623 2236 2680 Iacob.
2263 2626 2333 2681 Et
2362 2629 2457 2682 erit
2485 2629 2538 2683 in
2566 2630 2747 2685 dilecto
2777 2632 3029 2704 princeps,
3059 2639 3371 2706 congregatis
3396 2640 3640 2712 principi-

2058 2719 2150 2773 bus
2178 2721 2482 2791 p0pulorum
2507 2723 2661 2777 simul
2686 2724 2913 2780 tribubus
2941 2724 3127 2781 Israel.
3166 2728 3289 2803 Non
3317 2731 3640 2801 negligenter

2058 2814 2426 2881 praetereunda
2455 2825 2538 2871 est
2568 2816 2664 2870 ista
2696 2819 2994 2887 prophetia.
3034 2820 3270 2892 Apparet
3308 2822 3503 2893 quippe
3541 2826 3641 2880 ista

2058 2904 2361 2961 benedictio
2382 2907 2447 2962 ad
2470 2924 2664 2963 novum
2694 2912 2944 2980 populum
2968 2914 3253 2981 pertinere,
3280 2931 3437 2984 quem
3462 2917 3641 2972 Domi-

2060 3010 2161 3050 nus
2184 2996 2430 3053 Christus
2456 2999 2832 3066 sanctificavit;
2874 3016 2942 3056 ex
2981 3002 3132 3072 cujus
3167 3020 3392 3073 persona
3429 3006 3528 3062 ista
3562 3008 3642 3062 di-

2058 3096 2252 3142 cuntur
2274 3102 2305 3142 a
2326 3088 2529 3160 Moyse,
2556 3105 2662 3144 non
2683 3107 2747 3146 ex
2775 3106 2998 3160 persona
3024 3093 3190 3162 ipsius
3212 3095 3399 3165 Moysi,
3422 3099 3563 3167 quod
3588 3099 3641 3153 in

2060 3181 2515 3251 consequentibus
2538 3182 2813 3238 evidenter
2837 3193 3075 3254 apparet.
3116 3186 3245 3241 Nam
3285 3189 3329 3243 si
3362 3199 3644 3260 propterea

2061 3272 2263 3327 dictum
2304 3282 2416 3339 est,
2460 3273 2709 3330 Dominus
2747 3292 2812 3330 ea:
2850 3275 2980 3331 Sina
3010 3278 3172 3342 venit,
3212 3280 3334 3349 quia
3374 3282 3428 3336 in
3468 3291 3647 3339 monte

2059 3364 2187 3419 Sina
2208 3365 2316 3421 Lex
2344 3366 2464 3420 data
2493 3376 2606 3433 est;
2635 3367 2760 3438 quid
2784 3368 2885 3424 sibi
2906 3367 3018 3423 vult
3042 3370 3182 3439 quod
3207 3371 3466 3442 sequitur,
3495 3382 3540 3429 et
3563 3374 3648 3428 al-

2062 3456 2195 3510 luxit
2220 3472 2283 3511 ei:
2310 3456 2428 3512 Seir
2456 3457 2598 3512 nobis
2628 3471 2647 3513 .'
2675 3474 2796 3514 cum
2825 3458 2944 3514 Seir
2969 3476 3122 3515 mons
3148 3460 3393 3519 Idumaeas
3420 3463 3525 3533 sit,
3556 3467 3646 3523 ubi

2062 3549 2305 3617 regnavit
2328 3548 2506 3603 Esau?
2530 3550 2731 3606 Deinde
2755 3565 2877 3607 cum
2901 3551 3110 3623 Moyses
3135 3554 3273 3609 filios
3298 3555 3459 3612 israel
3484 3558 3647 3614 bene-

2061 3639 2206 3695 dicat
2234 3639 2315 3694 his
2341 3640 2555 3706 verbis,
2595 3640 2732 3697 sicut
2764 3641 3036 3713 Scriptura
3066 3645 3312 3714 pra-dixit
3332 3688 3348 3714 ,
3380 3651 3647 3718 quomodo

2063 3731 2202 3788 idem
2237 3732 2398 3798 dicit,
2438 3732 2508 3788 Et
2540 3735 2734 3805 accepit
2761 3736 2825 3789 de
2849 3734 3009 3791 verbis
3042 3738 3202 3807 ipsius
3238 3737 3457 3811 Legem,
3495 3758 3647 3813 quam

2062 3823 2320 3877 mandavit
2347 3823 2491 3897 nobis
2519 3824 2759 3895 Moyses?
2784 3825 3043 3881 Nimirum
3069 3842 3198 3899 ergo
3229 3830 3504 3901 prophetia
3531 3843 3614 3888 est
3632 3874 3648 3900 ,

2065 3927 2121 3971 ut
2146 3917 2398 3985 diximus,
2431 3918 2681 3987 populum
2712 3934 2906 3973 novum
2934 3918 3133 3974 Christi
3159 3922 3325 3990 gratia
3349 3924 3649 3979 sanctifica-

2066 4017 2176 4063 tum
2214 4008 2606 4077 praenuntians,
2639 4008 2760 4064 ideo
2793 4009 2894 4063 sub
2935 4011 3151 4065 nomine
3190 4011 3417 4067 filiorum
3447 4013 3646 4083 israel,

2063 4100 2186 4168 quia
2214 4114 2396 4154 semen
2427 4108 2508 4154 est
2534 4098 2833 4165 Abraham,
2866 4100 2967 4155 hoc
2989 4109 3100 4166 est,
3143 4102 3233 4155 lilii
3271 4112 3393 4158 sunt
3419 4106 3650 4174 promis-

2063 4192 2258 4256 sionis,
2291 4200 2346 4245 et
2372 4191 2737 4261 interpretatio
2772 4191 2889 4261 ejus
2928 4201 3038 4256 est,
3070 4190 3271 4248 Videns
3307 4194 3496 4249 Deum.
3539 4198 3650 4252 Do.

2064 4283 2242 4337 minus
2264 4298 2392 4351 ergo
2418 4284 2506 4352 qui
2535 4298 2601 4337 ex
2627 4281 2751 4337 Sina
2778 4283 2957 4351 venit,
2995 4282 3237 4338 Christus
3272 4283 3650 4355 intelligendus

2063 4386 2165 4442 est,
2194 4377 2444 4446 quoniam
2477 4376 2599 4431 Sina
2624 4376 3021 4445 interpretatur,
3051 4376 3311 4431 Tentatio.
3339 4378 3497 4433 Venit
3520 4393 3648 4449 ergo

2064 4482 2131 4522 ex
2158 4468 2447 4523 tentatione
2477 4467 2765 4536 passionis,
2788 4467 2990 4531 crucis,
3022 4468 3230 4522 mortis.
3260 4467 3329 4522 Et
3367 4469 3550 4525 alluxit
3584 4487 3648 4527 ea:

2066 4562 2201 4616 Seir.
2230 4560 2350 4616 Seir
2375 4561 2771 4629 interpretatur,
2799 4560 3034 4627 Pilosus,
3062 4560 3202 4631 quod
3232 4561 3493 4632 significat
3515 4579 3649 4635 pec-

2064 4662 2331 4719 catorem;
2362 4653 2439 4707 sic
2464 4652 2605 4707 enim
2636 4660 2791 4708 natus
2817 4662 2900 4707 est
2931 4654 3068 4709 Esau
3094 4654 3218 4708 odio
3242 4655 3452 4712 habitus
3487 4657 3506 4722 ί
3519 4656 3650 4714 Gen.

2064 4762 2188 4813 xxv,
2216 4743 2309 4818 25)
2335 4762 2348 4798 :
2376 4744 2471 4800 sed
2497 4743 2745 4815 quoniam
2772 4744 2861 4815 qui
2891 4743 3148 4799 sedebant
3176 4745 3226 4799 in
3256 4747 3491 4804 tenebris
3516 4758 3569 4805 et
3594 4752 3651 4807 in

2065 4835 2251 4891 umbra
2272 4836 2481 4901 mortis,
2505 4835 2595 4889 lux
2614 4843 2729 4889 orta
2748 4844 2831 4891 est
2850 4835 2928 4891 eis
2952 4833 3102 4908 (Isai.
3122 4852 3195 4901 ιχ,
3212 4836 3300 4905 2):
3323 4838 3443 4894 ideo
3463 4841 3629 4896 alluxi

2063 4941 2131 4983 ex
2172 4926 2312 4982 Seir.
2357 4925 2525 4982 Simul
2562 4926 2723 4980 etiam
2762 4940 2868 4981 non
2908 4925 3138 4981 adsurde
3175 4926 3488 4999 intelligitur
3528 4946 3650 4987 esse

2065 5019 2396 5090 praedictum,
2425 5034 2491 5073 ex
2515 5018 2760 5089 gentibus
2788 5033 2907 5089 quae
2934 5018 3305 5089 significantur
3329 5036 3424 5090 per
3450 5035 3646 5078 nomen

2063 5110 2200 5177 Seir,
2224 5113 2343 5183 quia
2368 5127 2520 5167 mons
2539 5119 2623 5166 est
2642 5111 2911 5181 pertinens
2935 5112 3003 5167 ad
3032 5111 3196 5179 Esau,
3218 5120 3496 5169 venturam
3522 5129 3648 5184 grao

2065 5205 2193 5259 tiam
2219 5203 2414 5259 Christi
2438 5203 2637 5274 populo
2662 5202 2844 5257 Israel.
2875 5200 3026 5259 Unde
3053 5202 3183 5258 dicit
3209 5203 3498 5273 Apostolus
3524 5221 3537 5257 :
3564 5203 3652 5259 Ita

2064 5306 2112 5351 et
2137 5297 2190 5350 hi
2214 5312 2345 5351 nunc
2374 5312 2476 5349 non
2501 5295 2819 5349 crediderunt
2845 5295 2899 5349 in
2922 5304 3090 5349 vestra
3114 5295 3458 5350 misericordia
3476 5337 3492 5361 ,
3522 5304 3579 5349 ut
3604 5304 3652 5350 et

2064 5390 2164 5461 ipsi
2182 5387 2579 5443 misericordiam
2599 5395 2964 5457 consequantur
2981 5385 3154 5459 (Rom.
3173 5403 3247 5453 χι,
3268 5387 3380 5458 51).
3400 5387 3501 5459 Ipsi
3523 5401 3649 5459 ergo

2129 5512 2147 5544 ι
2172 5516 2222 5558 tu
2246 5506 2405 5576 editis,
2428 5509 2610 5576 tantum
2630 5508 2683 5553 ut
2704 5506 2986 5576 revertatur.
3018 5508 3070 5552 tn
3090 5510 3196 5553 Mss.
3218 5514 3354 5562 vero,
3387 5508 3652 5566 quantum;

2058 5574 2199 5638 juxta
2220 5576 2348 5638 cxx,
2369 5567 2421 5617 bs
2442 5567 2752 5638 apostrepsai.

2129 5632 2309 5706 {Edim
2334 5623 2435 5715 'un
2453 5623 2697 5715 benedixit
2724 5640 2742 5678 :
2768 5633 2819 5677 et
2838 5625 3062 5715 inferius;
3089 5623 3419 5715 fuereditqte‘m
3454 5634 3651 5715 cqngre-

2064 5693 2267 5763 gatiom's
2288 5687 2435 5741 {Iacob
2463 5689 2748 5763 :pauloque
2770 5696 2896 5763 post,
2919 5687 3064 5738 simul
3086 5700 3198 5739 cum
3227 5687 3444 5738 tribubus
3483 5687 3650 5759 Israe..

2068 5762 2148 5810 His
2168 5759 2217 5808 in
2232 5755 2350 5807 locis
2368 5765 2616 5818 sequimur
2639 5759 2741 5802 tum.
2766 5764 2851 5816 qui
2872 5762 2981 5802 cum
3003 5763 3164 5815 graeco
3179 5756 3288 5800 Lxx
3309 5757 3621 5801 conveniunt.

3528 320 3630 377 ττι
3716 346 3719 349 -
