4136 6462
531 322 640 384 ’1⁸15

532 443 746 508 dicunt,
789 437 985 495 Alluxtt
1024 452 1088 493 ea:
1122 436 1240 493 Seir
1270 428 1443 503 nobis,
1485 445 1533 491 et
1565 434 1817 507 festinavit
1854 450 1917 490 ea:
1949 443 2117 488 monte

533 532 775 596 Pharon,
817 532 871 586 id
895 539 1005 599 est,
1036 545 1101 587 ex
1131 537 1310 585 monte
1339 527 1613 583 fructifera
1647 547 1660 582 :
1691 527 1744 583 id
1773 527 1913 582 enim
1945 528 2114 581 inter-

532 632 771 696 pretatur
800 623 1028 689 Pharon,
1058 636 1163 692 quo
1189 619 1511 690 signiﬁcatur
1540 619 1798 673 Ecclesia.
1831 616 1957 671 Cum
1982 617 2114 671 mul-

530 717 595 771 tis
624 714 844 769 millibus
875 714 1055 768 Gades.
1097 711 1164 766 Et
1198 711 1390 765 Mutata
1424 710 1802 778 interpretatur
1827 707 2022 772 Cades,
2060 717 2114 762 et

530 802 861 863 Sanctitudo.
889 804 1084 858 Mutata
1114 812 1238 857 sunt
1263 815 1389 872 ergo
1417 800 1583 855 multa
1618 800 1802 865 millia,
1832 809 1886 853 et
1913 801 2111 854 sancti-

530 897 687 953 ﬁcata
734 912 828 967 per
870 895 1092 966 gratiam
1118 934 1132 960 ,
1180 908 1299 947 cum
1342 891 1535 963 quibus
1574 892 1720 946 venit
1761 889 2003 946 Christus
2042 890 2109 946 ad

530 986 796 1042 lsraelitas
836 993 1017 1054 postea
1059 982 1402 1052 colligendos.
1441 981 1690 1052 Sequitur
1729 990 1783 1036 et
1823 980 1985 1047 dicit,
2029 981 2110 1034 Ad

531 1081 786 1133 dexteram
814 1078 923 1147 ejus
950 1072 1128 1146 Angeli
1152 1090 1264 1127 cum
1286 1090 1343 1127 eo
1368 1088 1385 1126 :
1406 1073 1509 1127 hoc
1538 1088 1643 1127 non
1671 1072 1869 1142 indiget
1893 1074 2107 1141 exposi-

529 1170 695 1225 tione.
726 1168 793 1221 Et
820 1167 1058 1236 pepercit,
1090 1165 1277 1234 inquit,
1310 1165 1497 1235 papula
1525 1180 1618 1217 suo
1641 1178 1660 1218 :
1686 1163 1891 1219 donans
1918 1164 2110 1218 remis-

526 1259 731 1316 sionem
762 1268 1122 1328 peccatorum.
1154 1255 1280 1310 lude
1309 1255 1374 1310 ad
1406 1256 1577 1325 ipsum
1608 1255 1870 1310 convertit
1897 1268 2107 1310 sermo-

526 1364 650 1406 nem
675 1358 834 1420 atque
856 1350 949 1416 ait,
976 1346 1043 1400 Et
1063 1363 1235 1401 omnes
1253 1345 1555 1414 sanctiﬁcati
1579 1344 1671 1398 sub
1691 1361 1871 1398 manus
1896 1354 2028 1409 tuas,
2058 1352 2105 1398 et

526 1441 579 1495 Iti
602 1439 692 1495 sub
717 1449 766 1494 te
788 1447 905 1495 sunt
929 1453 948 1492 :
971 1453 1074 1492 non
1103 1437 1280 1506 utique
1306 1436 1702 1507 superbientes,
1740 1445 1795 1491 et
1828 1449 1977 1489 suam
2014 1434 2104 1505 ju-

524 1532 723 1588 stitiam
745 1530 983 1586 volentes
1001 1530 1354 1594 constituere;
1378 1526 1472 1582 sed
1492 1535 1841 1597 agnoscentes
1857 1527 2101 1597 gratiam,

535 1631 598 1678 ut
619 1621 842 1692 justitite
871 1621 964 1675 Dei
991 1619 1338 1688 subiiciantur
1361 1619 1379 1687 (
1412 1615 1563 1671 Rom.
1589 1634 1621 1671 x
1639 1658 1654 1683 ,
1682 1615 1760 1690 5).
1787 1615 1858 1671 Et
1881 1617 2102 1687 accepit,

524 1715 716 1787 inquit,
736 1713 799 1768 de
825 1712 984 1767 verbis
1011 1711 1170 1781 ipsius
1206 1709 1389 1780 Legem
1413 1724 1431 1763 :
1452 1709 1676 1779 populus
1701 1709 1880 1778 utique
1906 1709 1972 1763 de
1995 1722 2103 1778 quo

522 1805 614 1870 ait,
639 1803 707 1859 Et
732 1803 951 1875 pepercit
978 1801 1165 1872 populo
1190 1816 1302 1854 suo.
1334 1800 1552 1870 Accepit
1577 1814 1705 1870 ergo
1728 1798 1796 1854 de
1823 1799 1996 1853 verbis
2025 1799 2103 1869 ip-

521 1894 635 1951 sius
656 1894 894 1969 .Legem,
934 1908 1088 1963 quam
1120 1890 1409 1957 mandavit,
1442 1891 1638 1961 inquit,
1676 1890 1819 1944 nobis
1856 1890 2058 1961 Moyses
2080 1906 2100 1945 :

522 1999 628 2043 noc
648 1996 733 2042 est
750 2026 766 2052 ,
796 1985 1021 2056 pepulus
1047 1982 1162 2054 ejus
1188 1983 1257 2038 de
1284 1982 1458 2038 verbis
1487 1982 1603 2051 ejus
1629 1983 1834 2053 accepit
1868 1982 2061 2053 Legem
2077 2024 2094 2050 ,

523 2077 647 2147 quia
686 2076 755 2131 de
793 2075 1032 2130 doctrina
1071 2074 1188 2144 ejus
1225 2073 1485 2129 intellexit
1526 2073 1719 2143 Legem
1763 2088 1880 2128 eam
1930 2074 2097 2143 ipsam

523 2182 683 2239 quam
701 2166 971 2222 mandavit
985 2165 1139 2222 nobis
1156 2165 1384 2235 Moyses.
1404 2164 1521 2235 Ipse
1535 2166 1730 2235 quippe
1751 2165 1825 2218 ait
1850 2165 1901 2218 in
1925 2166 2099 2220 Evan-

1331 320 1791 390 QUESTIONUM
1826 320 1884 378 S.
1925 315 2289 377 AUGUSTINI
2328 312 2393 371 lN
2434 315 2990 375 HEPTATEUCHUM

3699 323 3801 384 778

2218 430 2394 502 gelio:
2428 431 2491 487 Si
2521 432 2785 486 crederetis
2818 430 3019 503 Moysi,
3054 431 3320 489 crederetis
3353 442 3404 490 et
3439 434 3598 502 mihi;
3630 437 3696 493 de
3723 454 3800 494 me

2218 520 2351 577 enim
2372 521 2461 577 ille
2484 523 2684 594 scripsit
2720 521 2895 593 (Joan.
2923 538 2979 589 v,
3000 523 3115 595 16).
3139 523 3257 579 Νοη
3296 526 3438 581 enim
3462 529 3668 599 accepit
3696 544 3797 600 po-

2217 616 2372 685 pulus
2398 614 2487 671 ille
2514 615 2709 685 Legem
2731 630 2888 685 quam
2915 630 3020 669 non
3043 614 3334 683 intellexit;
3366 618 3460 673 sed
3489 628 3615 675 tunc
3639 634 3798 677 acce-

2216 706 2311 775 pit,
2338 705 2550 776 quando
2580 705 2840 760 intellexit
2862 705 2931 761 de
2956 705 3132 761 verbis
3148 706 3293 783 ejus,
3321 721 3512 765 carens
3533 711 3800 767 velamine

2215 797 2382 853 veteri
2401 838 2414 862 ,
2439 811 2731 852 conversus
2754 796 2822 851 ad
2851 797 3131 852 Dominum
3159 815 3173 852 :
3206 796 3345 854 hanc
3368 799 3496 855 dicit
3522 800 3798 857 [neredita-

2214 896 2314 942 tem
2341 886 2807 959 congregationibus
2843 886 3004 943 Iacob
3024 930 3039 957 ,
3071 902 3189 959 qum
3214 890 3552 962 intelligenda
3576 902 3660 949 est
3687 910 3793 950 non

2214 989 2441 1046 terrena,
2476 979 2570 1035 sed
2594 980 2862 1047 caelestis;
2885 996 2991 1036 non
3019 982 3346 1053 temporalis,
3369 984 3462 1039 sed
3483 993 3702 1041 aeterna.
3727 986 3796 1040 Et

2212 1073 2334 1140 erit,
2359 1074 2552 1144 inquit,
2584 1075 2635 1127 in
2660 1073 2838 1129 dilecto
2864 1075 3095 1145 princeps
3122 1090 3142 1130 :
3169 1075 3284 1146 ipse
3307 1076 3492 1147 utique
3518 1077 3570 1131 in
3596 1076 3795 1133 dilecto

2211 1165 2405 1235 populo
2425 1166 2526 1220 erit
2552 1167 2797 1236 princeps
2817 1166 3074 1221 Dominus
3096 1166 3282 1223 Iesus:
3310 1169 3624 1240 congregatis
3646 1172 3793 1239 prin-

2210 1253 2405 1323 cipibus
2439 1256 2772 1324 pepulerunt,
2817 1255 2870 1311 id
2908 1266 3025 1324 est,
3065 1257 3300 1327 gentium
3335 1259 3534 1314 :simul
3570 1259 3798 1315 tribubus

2210 1341 2397 1411 Israel,
2428 1352 2483 1398 ut
2503 1345 2785 1414 impleatur
2809 1346 2950 1416 quod
2977 1362 3137 1416 supra
3159 1346 3356 1403 dictum
3378 1358 3480 1416 est,
3506 1348 3793 1414 Lwtamini,

2208 1443 2395 1503 gentes,
2426 1431 2579 1487 simul
2607 1450 2722 1487 cum
2740 1435 2930 1507 populo
2959 1437 3099 1507 ejus;
3128 1437 3246 1507 quia
3269 1439 3466 1493 caecitas
3492 1455 3557 1494 ea:
3578 1450 3723 1511 parte
3740 1442 3796 1495 in

2207 1521 2374 1579 Israel
2397 1525 2530 1594 facta
2557 1535 2650 1592 est,
2677 1527 2834 1582 donec
2861 1528 3118 1596 plenitudo
3142 1530 3366 1600 gentium
3390 1531 3618 1598 intraret,
3648 1542 3696 1587 et
3720 1534 3796 1589 sic

2206 1616 2369 1669 onmis
2388 1614 2555 1671 Israel
2574 1618 2743 1672 salvus
2767 1618 2907 1688 ﬁeret
2934 1618 3111 1689 (Rom.
3135 1635 3224 1686 xv,
3252 1620 3339 1686 10,
3364 1630 3418 1676 et
3441 1637 3516 1688 ιι,
3542 1622 3658 1695 25).

2276 1709 2433 1765 LVII.
2464 1708 2563 1784 [Ih.
2591 1711 2905 1785 xxxnt,l7.]
2933 1711 3067 1767 Cum
3093 1713 3290 1784 Ioseph
3317 1714 3685 1783 benediceret,
3716 1717 3794 1772 ait

2206 1799 2345 1856 inter
2365 1811 2579 1868 cratera,
2600 1801 2976 1875 Primogenitus
2994 1805 3129 1858 tauri
3146 1805 3473 1876 pulcltriludo
3487 1807 3617 1877 ejus.
3634 1808 3793 1874 Quod

2205 1906 2314 1949 non
2342 1895 2413 1950 ita
2439 1895 2722 1966 legendum
2750 1905 2852 1964 εει,
2880 1906 3129 1968 tanquam
3160 1897 3373 1964 dixerit,
3404 1899 3791 1968 primogenitus

2205 1986 2375 2053 tauri;
2404 1986 2532 2053 sed,
2572 2002 2695 2042 cum
2734 1988 2804 2042 sit
2847 1988 3260 2059 primogenitus,
3300 1984 3632 2060 pulchritudo
3666 1984 3791 2065 ejus

2206 2075 2342 2130 tauri
2379 2084 2463 2131 est
2494 2094 2508 2131 :
2541 2086 2757 2148 propter
2779 2076 2954 2133 crucis
2976 2092 3176 2133 cornua
3196 2118 3211 2145 ,
3244 2077 3311 2133 de
3336 2077 3561 2134 Domino
3588 2078 3791 2134 intelli-

2203 2168 2345 2237 gitur
2376 2167 2675 2239 ﬁguratum.

523 2268 3784 2298 ww

1478 2331 1492 2345 ’
1541 2369 2040 2490 LIBER
2084 2356 2760 2482 SEXTUS.

1745 2534 2043 2594 quaestiones
2065 2534 2115 2585 in
2135 2541 2300 2585 Jesum
2322 2543 2454 2587 Nave
2467 2535 2558 2599 (a).

1901 2648 2403 2745 mw

590 2820 804 2889 Quzsr.
826 2818 870 2874 I.
893 2816 1027 2891 [Ios.
1045 2828 1159 2886 cap.
1186 2817 1236 2881 I,
1258 2816 1291 2886 ᾗ
1313 2814 1391 2888 5.]
1417 2813 1671 2869 Dominus
1690 2810 1820 2866 dicit
1839 2809 1906 2866 ad
1920 2808 2102 2865 Iesum

520 2911 685 2981 Nave,
715 2910 780 2966 Et
801 2912 934 2966 sicut
961 2926 1097 2963 eram
1123 2925 1236 2961 cum
1263 2906 1460 2978 Moyse,
1493 2907 1563 2959 ita
1593 2922 1678 2959 ero
1704 2913 1750 2958 et
1778 2912 1957 2957 tecum.
1987 2901 2104 2956 Non

518 3004 690 3059 solum
717 3010 893 3057 autem
923 3001 1027 3055 hoc
1052 2999 1351 3053 testimonio
1370 3039 1385 3063 ,
1417 2997 1511 3052 sed
1537 2996 1696 3051 etiam
1743 2994 1798 3048 in
1844 2994 2105 3048 Deutero-

522 3094 703 3148 uomio
731 3093 910 3147 multis
937 3090 1266 3165 documentis
1298 3088 1547 3158 probatur
1573 3086 1785 3156 Moyses
1806 3084 1877 3138 ita
1911 3081 2103 3138 defun-

522 3193 673 3249 ctus,
703 3191 762 3238 ut
785 3184 879 3237 Dei
909 3181 1134 3236 famulus
1162 3191 1216 3235 et
1242 3181 1352 3234 Deo
1392 3179 1607 3248 placens
1630 3195 1644 3231 :
1666 3175 1908 3247 quamvis
1948 3175 2001 3230 in
2038 3188 2104 3230 eo
2143 3199 2149 3205 -

520 3275 613 3328 illa
639 3272 869 3328 vindicta
894 3272 1155 3342 completa
1182 3271 1270 3337 sit,
1300 3284 1366 3325 ne
1397 3278 1593 3323 terram
1622 3265 1994 3337 promissionis
2018 3266 2103 3318 in-

518 3376 687 3421 traret
724 3365 897 3437 (Deut.
941 3379 1116 3428 xxx“,
1156 3362 1357 3430 48.52,
1399 3371 1444 3417 et
1479 3374 1666 3427 xxnv,
1691 3362 1756 3428 4,
1784 3359 1865 3430 ὅ).
1892 3359 1969 3414 Ex
1999 3373 2103 3428 quo

519 3460 676 3515 datur
703 3458 955 3528 intelligi,
991 3457 1271 3511 Dominum
1313 3454 1472 3508 etiam
1516 3454 1672 3507 bonis
1714 3452 1885 3507 servis
1908 3450 2021 3506 suis
2049 3451 2103 3504 in

519 3551 698 3620 aliquo
722 3556 1142 3614 succensentem,
1164 3556 1219 3600 et
1244 3544 1604 3615 lemporaliter
1622 3543 1911 3610 vindicare,
1936 3550 1991 3597 et
2020 3550 2102 3595 ta-

520 3655 645 3695 men
689 3641 742 3693 in
787 3654 975 3694 eorum
1022 3637 1220 3691 habere
1259 3650 1504 3699 numero,
1535 3649 1654 3703 quae
1680 3643 1804 3687 sunt
1845 3632 1897 3687 in
1942 3631 2104 3686 domo

523 3733 641 3801 ejus
660 3746 785 3787 vasa
812 3732 865 3785 in
895 3731 1153 3785 honorem
1182 3728 1328 3782 utilia
1359 3727 1583 3781 Domino
1614 3724 1695 3796 (ll
1725 3723 1852 3779 Tim.
1882 3739 1954 3791 ιι,
1983 3723 2099 3794 21),

526 3825 717 3895 quibus
741 3824 959 3879 daturus
979 3831 1060 3877 est
1080 3821 1340 3890 promissa
1369 3827 1713 3879 sanctorum,

597 3916 659 3971 Il.
693 3914 793 3987 [Ih.
826 3931 873 3979 I,
904 3916 989 3980 il;
1016 3929 1092 3980 In,
1112 3911 1187 3984 7.]
1223 3912 1454 3979 Qumstio
1480 3907 1863 3980 est,{quomodo
1886 3915 2101 3977 postea-

520 4021 681 4077 quam
704 4007 909 4061 locutus
933 4014 1015 4057 est
1041 4005 1293 4058 Dominus
1315 4001 1380 4055 ad
1403 4000 1583 4055 Iesum
1611 3999 1756 4053 Nave
1776 4038 1790 4063 ,
1811 3997 2101 4053 exhortans

522 4107 573 4153 et
604 4096 925 4152 conﬁrmans
953 4109 1074 4149 eum
1094 4134 1109 4159 ,
1139 4107 1302 4162 seque
1331 4091 1645 4161 promittens
1680 4104 1801 4143 cum
1846 4088 1935 4142 illo
1961 4086 2102 4141 Iutu-

522 4202 676 4254 rum,
718 4185 1048 4240 mandaverit
1087 4183 1223 4238 idem
1261 4181 1416 4236 Iesus
1445 4179 1641 4250 populo
1670 4193 1765 4249 per
1788 4179 2010 4241 scribas,
2044 4185 2101 4232 ut

527 4286 889 4348 praepararent
936 4276 1131 4330 cibaria
1153 4314 1168 4340 ,
1197 4272 1338 4344 quod
1383 4282 1502 4342 post
1544 4281 1653 4325 tres
1680 4271 1796 4325 dies
1815 4270 2098 4325 Iordanem

523 4370 731 4424 Inerant
756 4367 1062 4431 transituri,
1090 4380 1211 4419 cum
1242 4364 1577 4418 inveniantur
1615 4371 1737 4432 post
1775 4363 1942 4418 multo
1986 4362 2101 4431 plu-

514 4475 610 4515 res
656 4459 772 4514 dies
808 4458 1062 4512 transisse
1101 4454 1406 4509 Iordanem.
1444 4451 1578 4507 Cum
1600 4452 1744 4507 enim
1765 4451 1881 4508 haxc
1906 4452 2100 4522 populo

521 4548 855 4611 mandasset,
894 4546 1042 4602 misit
1068 4545 1432 4615 exploratores
1470 4544 1522 4596 in
1564 4543 1813 4608 Iericho,
1848 4542 2099 4613 quoniam

518 4639 753 4695 Iordane
782 4638 1001 4706 trajectu
1026 4636 1140 4705 ipsa
1165 4635 1404 4705 proxima
1428 4635 1614 4694 civitas
1633 4636 1947 4691 occurrebat
1981 4652 1995 4688 :
2025 4634 2099 4690 illi

523 4739 703 4783 autem
723 4726 1051 4781 diverterunt
1076 4724 1144 4779 ad
1176 4725 1321 4779 Raab
1344 4724 1620 4779 mulierem
1645 4724 1983 4781 fornicariam
2004 4765 2019 4788 ,
2045 4732 2102 4780 et

520 4823 588 4877 ab
612 4820 699 4875 illa
729 4818 1013 4882 occultati,
1043 4826 1201 4885 atque
1226 4832 1256 4869 a
1281 4831 1406 4885 rege
1443 4817 1651 4886 qumsiti
1681 4824 1737 4871 et
1765 4817 1979 4870 minime
2023 4817 2101 4870 in-

517 4916 686 4983 venti,
714 4912 901 4970 eadem
932 4911 1234 4966 dimittente
1261 4911 1381 4965 illos
1409 4926 1503 4979 per
1526 4908 1811 4966 fenestram
1833 4952 1850 4976 ,
1892 4918 1947 4964 et
1982 4926 2100 4963 mo-

520 5018 680 5064 nente
720 5017 780 5062 ut
821 5005 996 5060 triduo
1040 5005 1266 5058 laterent
1312 5003 1363 5057 in
1409 5004 1696 5071 montanis,
1723 5014 1950 5073 quatuor
1986 5002 2100 5057 dies

519 5104 767 5160 videntur
794 5115 914 5156 esse
937 5098 1237 5166 consumpti
1260 5113 1289 5163 ;-
1309 5096 1429 5151 inde
1454 5106 1795 5166 posteaquam
1824 5096 2102 5150 nuntiave-

522 5204 645 5249 runt
664 5208 782 5264 qua:
803 5195 943 5247 circa
965 5191 1084 5246 illos
1105 5200 1253 5261 gesta
1282 5188 1500 5253 fuerint,
1526 5187 1788 5257 promovit
1805 5186 1961 5241 Iesus
1979 5201 2104 5263 cum

523 5285 720 5354 populo
763 5284 1013 5339 universo
1057 5282 1124 5337 de
1162 5282 1281 5335 loco
1309 5280 1398 5335 ubi
1424 5287 1539 5335 erat
1568 5278 1839 5343 diluculo;
1865 5279 1951 5347 qui
1979 5290 2101 5331 eum

522 5379 757 5434 venisset
781 5376 849 5432 ad
866 5376 1175 5439 Iordanem,
1205 5373 1419 5428 divertit
1435 5381 1492 5428 et
1510 5372 1706 5426 mansit
1732 5389 1745 5425 :
1775 5381 1898 5426 tunc
1918 5384 2102 5425 rursus

525 5470 752 5540 papulas
775 5467 1091 5523 admonetur
1108 5473 1296 5535 utpost
1317 5463 1545 5518 triduum
1567 5478 1626 5518 se
1654 5470 1913 5531 praeparet
1941 5470 2105 5521 trans-

526 5559 605 5614 ire
649 5557 966 5625 Iordanem,
997 5570 1124 5610 arca
1153 5553 1364 5609 Domini
1407 5551 1758 5620 praecedente.
1803 5550 1937 5605 llinc
1974 5564 2102 5621 ergo

587 5685 660 5749 (α)
682 5691 730 5734 tn
749 5686 894 5749 hujus
914 5683 1022 5735 libri
1064 5685 1097 5749 6
1138 5662 1280 5749 titulo
1296 5681 1576 5749 legendum,
1593 5688 1930 5749 _Jesum_Nave,
1966 5690 2021 5734 ut
2055 5682 2102 5732 la

679 5761 791 5809 non,
807 5742 969 5821 Iosue,
991 5754 1044 5798 nt
1067 5748 1114 5796 in
1139 5746 1283 5796 editis
1302 5742 1564 5808 reperitur.
1592 5742 1792 5808 [Iosue]

2206 2808 2516 2882 intelligitur
2543 2806 2826 2868 humanam
2851 2826 3014 2871 tuisse
3034 2810 3461 2885 dispositionem,
3479 2831 3637 2887 quam
3662 2815 3790 2873 fecit

2206 2902 2402 2971 populo
2419 2903 2674 2972 nuntiari,
2694 2914 2751 2960 ut
2770 2906 2967 2961 cibaria
2998 2915 3377 2978 praepararent,
3398 2916 3645 2979 tanquam
3667 2912 3792 2979 post

2208 3001 2317 3049 tres
2341 2996 2455 3050 dies
2484 3007 2833 3052 memoratum
2865 3000 3079 3054 [luvium
3116 3001 3405 3056 transituri.
3439 3001 3615 3057 Potuit
3641 3003 3786 3057 enim

2209 3083 2310 3139 hoc
2347 3086 2483 3141 sicut
2525 3088 2684 3143 homo
2724 3104 2939 3159 Sperare
2984 3092 3097 3146 ﬁeri
3141 3094 3316 3162 posse,
3347 3092 3391 3147 si
3419 3093 3784 3162 exploratores
3848 3081 3854 3087 ’

2205 3174 2449 3232 celeriter
2469 3180 2828 3234 revertissent.
2865 3179 3067 3247 Quibus
3098 3181 3426 3236 tardantihus
3453 3182 3784 3253 intelligitur,

2204 3267 2445 3335 quamvis
2465 3267 2737 3340 Scriptura
2759 3273 2998 3336 tacuerit,
3023 3288 3089 3327 ex
3114 3272 3289 3327 divina
3311 3273 3657 3344 dispositione
3682 3289 3791 3329 σπι

2205 3364 2317 3412 tera
2347 3358 2559 3430 impleta
2580 3403 2595 3428 ,
2626 3371 2684 3416 ut
2706 3362 2817 3432 jam
2844 3364 3103 3434 inciperet
3128 3364 3267 3434 apud
3305 3364 3557 3434 pepulum
3578 3363 3784 3436 gloria.

2204 3450 2313 3504 cari
2351 3446 2504 3506 Iesus
2524 3494 2539 3520 ,
2569 3462 2621 3508 et
2650 3453 2859 3509 ostendi
2886 3454 3024 3524 quod
3054 3468 3173 3510 cum
3204 3454 3296 3510 illo
3330 3456 3583 3512 Dominus
3606 3465 3748 3512 esset
3762 3467 3786 3523 ,‘

2203 3539 2336 3594 sicut
2383 3541 2555 3596 fuerat
2592 3556 2713 3598 cum
2739 3544 2937 3616 Moyse.
2966 3543 3098 3598 Nam
3128 3553 3180 3600 et
3208 3545 3310 3600 hoc
3350 3545 3425 3599 illi
3462 3545 3655 3600 dicitur
3678 3545 3784 3600 Ilu-

2202 3630 2346 3684 vium
2371 3637 2678 3699 transiture,
2704 3634 2842 3689 sicut
2868 3626 3122 3705 scriptum
3146 3645 3263 3691 eSt:
3295 3634 3358 3689 Et
3386 3635 3518 3690 dixit
3538 3635 3786 3695 Dominus

2203 3721 2272 3774 ad
2293 3721 2492 3787 Iesum,
2523 3722 2588 3777 In
2618 3725 2698 3779 die
2721 3725 2816 3779 isto
2840 3725 3082 3797 incipiam
3107 3726 3326 3779 exaltare
3352 3736 3400 3779 te
3426 3743 3596 3780 coram
3623 3726 3787 3780 omni-

2203 3808 2295 3863 bus
2310 3812 2431 3880 ﬁliis
2447 3810 2633 3878 Israel,
2652 3823 2707 3867 ut
2725 3813 2886 3868 sciant
2901 3816 3139 3885 quoniam
3154 3818 3281 3869 sicut
3294 3831 3432 3870 eram
3453 3832 3567 3870 cum
3583 3816 3780 3888 Moyse,

2204 3901 2276 3953 sic
2303 3916 2387 3954 ero
2411 3910 2457 3955 et
2485 3911 2665 3956 tecum.
2710 3902 2821 3958 Nec
2844 3904 3154 3961 incredibile
3179 3905 3338 3960 debet
3364 3905 3534 3961 videri
3557 3948 3572 3973 ,
3618 3907 3780 3962 etiam

2203 3988 2325 4045 illos
2354 3999 2473 4046 eum
2501 3994 2693 4062 quibus
2723 3995 2861 4050 Deus
2884 3994 3217 4066 loquebatur,
3244 3997 3443 4067 aliquid
3461 4013 3526 4052 ex
3553 3997 3781 4052 humana

2202 4078 2554 4149 dispositione
2583 4099 2741 4154 agere
2764 4086 2998 4141 voluisse
3016 4128 3031 4153 ,
3063 4086 3117 4141 in
3142 4103 3242 4157 qua
3283 4087 3381 4142 sibi
3413 4087 3579 4143 Deum
3606 4096 3782 4143 tamen

2204 4170 2427 4227 ﬁderent
2448 4174 2463 4204 ¹
2493 4190 2612 4229 esse
2633 4186 2916 4244 rectorem,
2946 4192 3235 4249 eorumque
3260 4193 3326 4234 ex
3353 4179 3495 4234 illius
3516 4194 3546 4233 a
3569 4195 3673 4249 quo
3698 4196 3783 4235 rc-

2202 4264 2461 4332 gebantur
2485 4266 2833 4335 providentia,
2859 4268 3078 4323 consilia
3107 4268 3272 4324 fuisse
3309 4279 3530 4324 mutata.
3568 4270 3700 4325 Nam
3729 4279 3787 4326 et

2203 4354 2412 4427 Moyses
2457 4357 2572 4426 ipse
2618 4359 2798 4428 utique
2844 4368 3092 4429 tanquam
3140 4360 3299 4416 homo
3347 4370 3620 4430 putaverat
3663 4375 3785 4417 esse

2203 4442 2499 4500 faciendum
2520 4487 2536 4513 ,
2568 4456 2625 4501 ut
2653 4462 2841 4503 causas
2870 4450 3048 4519 populi
3078 4449 3156 4506 sic
3181 4450 3406 4517 audiret,
3437 4451 3784 4522 quemadmo-

2201 4533 2327 4589 dum
2355 4545 2409 4590 et
2434 4537 2532 4590 sibi
2555 4545 2612 4593 et
2633 4539 2757 4606 illis,
2775 4554 2910 4593 onus
2934 4539 3265 4595 intolerabile
3297 4541 3593 4609 subeundo,
3621 4542 3784 4612 prod-

2201 4641 2322 4682 esse
2365 4644 2467 4683 non
2514 4639 2694 4698 posset
2719 4648 2732 4684 :
2759 4630 2979 4701 ejusque
2997 4631 3275 4701 dispositio
3299 4632 3572 4698 divinitus,
3595 4642 3651 4689 et
3679 4633 3787 4690 hoc

2203 4718 2374 4786 ipsum
2405 4734 2593 4774 socero
2621 4720 2736 4791 ejus
2767 4733 3090 4793 suggerente
3109 4731 3164 4778 et
3180 4732 3451 4790 monente,
3464 4733 3620 4795 atque
3646 4726 3789 4782 hanc
3868 4732 3875 4733 “

2201 4808 2615 4865 admonitionem
2661 4812 2770 4867 Deo
2812 4813 3140 4883 approbante
3161 4853 3178 4882 ,
3210 4822 3410 4870 mutata
3445 4822 3529 4871 est
3565 4813 3587 4888 (
3607 4813 3785 4870 Exod.

2202 4915 2350 4965 ινιιῐ,
2382 4901 2591 4969 14-26).
2852 4932 2857 4936 ο

2274 4991 2362 5044 111.
2404 4990 2502 5064 [11).
2527 5008 2582 5047 m
2602 5034 2617 5059 ,
2644 4993 2697 5058 '5,
2731 4994 2785 5059 4,
2820 4993 2932 5067 15.]
2959 4994 3160 5051 Scriba:
3183 4995 3382 5066 populo
3420 4995 3636 5061 dicunt,
3657 4988 3789 5051 om

2202 5082 2426 5137 videritis
2463 5100 2634 5137 arcam
2677 5086 2944 5139 testimonii
2971 5086 3177 5141 Domini
3207 5086 3305 5141 Dei
3331 5090 3508 5150 nostri,
3541 5096 3587 5142 et
3613 5104 3788 5142 sacer-

2204 5170 2342 5226 dotes
2367 5184 2563 5227 nostros
2591 5176 2611 5206 ⁸
2638 5184 2684 5228 et
2705 5174 2901 5229 Leoitas
2926 5177 3156 5232 tollentes
3182 5194 3310 5245 eam,
3329 5178 3706 5249 proﬁciscimini
3723 5179 3790 5232 de

2205 5262 2328 5318 locis
2351 5267 2558 5331 vestris;
2586 5276 2633 5320 et
2656 5268 2723 5322 ite
2746 5277 2857 5339 post
2881 5285 2993 5322 eam
3016 5284 3037 5323 .'
3053 5269 3140 5323 sed
3159 5270 3365 5340 longum
3384 5271 3700 5325 intervallum
3721 5272 3789 5322 sit

2204 5354 2332 5410 inter
2362 5372 2443 5410 vos
2469 5367 2517 5411 et
2535 5359 2677 5413 illam
2697 5401 2713 5425 ,
2740 5370 2982 5430 quantum
3008 5363 3111 5415 duo
3135 5361 3297 5417 millia
3321 5362 3603 5419 cubitorum
3623 5361 3789 5415 stabi-

2207 5448 2291 5516 tis,
2312 5466 2374 5503 ne
2392 5452 2734 5521 propin/[netis
2757 5453 2801 5506 ei
2809 5495 2823 5520 ,
2846 5461 2900 5505 ut
2920 5453 3087 5507 sciatis
3108 5454 3237 5507 ciam
3257 5470 3406 5523 quam
3425 5453 3556 5507 ibitis
3580 5454 3630 5506 in
3653 5466 3785 5506 eam.

2208 5539 2330 5596 Non
2348 5543 2482 5598 enim
2496 5544 2689 5599 aluistis
2719 5544 2846 5599 viam
2867 5543 2928 5599 ab
2949 5545 3178 5600 hesterna
3200 5555 3248 5601 et
3267 5545 3664 5600 nudiustertiana
3682 5546 3784 5600 die.

2270 5681 2288 5713 ι
2313 5689 2401 5730 Mss
2441 5689 2617 5733 Decem
2642 5687 2693 5731 et
2717 5680 2864 5742 editio
2886 5682 3258 5742 natisponensis,
3279 5679 3511 5731 viderent.

2268 5744 2290 5774 '
2310 5744 2383 5793 Sic
2398 5750 2505 5794 uss.
2528 5750 2581 5793 Al.
2600 5743 2736 5802 editi,
2760 5741 2848 5793 Dei
2865 5741 3074 5794 restria!
3097 5745 3365 5794 sacerdotes
3389 5748 3581 5794 testim.
