4136 6492
340 429 437 485 m
1450 496 1458 505 ι

336 538 739 611 Longejussum
766 547 849 595 est
874 552 1050 594 arcam
1077 537 1381 611 praecedere
1400 579 1415 605 ,
1451 545 1508 593 ut
1550 548 1733 610 posset
1762 554 1791 593 a
1822 554 1917 609 po-

334 634 456 702 pulo
476 632 662 686 videri.
693 631 825 686 Tam
860 629 1059 702 grande
1093 630 1285 701 quippe
1333 645 1558 700 agmen,
1586 629 1630 685 si
1659 639 1779 701 post
1802 644 1921 685 eam

338 726 632 793 proximum
682 732 959 793 pergeret,
1000 737 1106 776 non
1154 736 1270 776 eam
1316 721 1519 777 videret
1557 722 1780 791 praeire,
1824 732 1923 773 nec

337 826 518 871 nosset
547 831 647 886 qua
676 826 1007 884 sequeretur.
1039 812 1117 867 Ex
1166 812 1268 868 hoc
1310 823 1489 868 autem
1536 812 1677 868 facto
1722 811 1921 867 intelli-

332 906 561 980 gendum
591 915 703 971 est,
740 904 883 976 quod
926 906 1172 960 columna
1217 904 1306 957 illa
1353 903 1543 970 nubis,
1571 918 1688 974 quae
1717 902 1922 957 solebat

332 998 609 1055 movendis
631 998 822 1052 castris
838 997 1044 1068 signum
1063 996 1210 1063 dare,
1229 1004 1281 1051 et
1310 996 1412 1050 iter
1432 995 1713 1051 ostendere
1727 993 1919 1066 (Exod.

334 1108 465 1156 xm,
505 1090 622 1161 21),
663 1089 775 1160 jam
815 1097 1144 1154 recesserat,
1190 1102 1289 1141 nec
1330 1087 1409 1141 eis
1455 1085 1774 1155 apparebat:
1799 1083 1922 1138 hinc

333 1184 532 1237 factum
560 1191 642 1236 est
680 1190 737 1234 ιιι
774 1181 931 1235 etiam
964 1179 1194 1233 triduum
1226 1177 1354 1233 illud
1384 1193 1448 1231 cx
1478 1177 1709 1230 humana
1739 1174 1923 1243 dispo-

329 1275 524 1330 sitione
550 1270 1347 1344 przediceretur(Supra,quwst.
1364 1267 1610 1337 9.).Nunc
1631 1282 1756 1337 ergo
1784 1265 1921 1321 duce

332 1367 456 1422 Jesu
504 1381 678 1421 arcam
725 1364 935 1419 Domini
979 1372 1272 1432 sequuntur
1312 1360 1453 1415 nubo
1497 1358 1767 1413 subtracta
1795 1365 1917 1411 tan-

335 1473 494 1529 quam
520 1456 784 1511 velamine
810 1455 1010 1509 ablato.
1040 1451 1285 1507 Iordanis
1306 1460 1473 1504 autent
1503 1450 1678 1518 plenus
1705 1456 1812 1502 erat
1833 1462 1923 1518 per

336 1560 491 1604 totant
528 1548 833 1617 crepidinem
872 1561 1048 1608 suam,
1081 1543 1206 1598 sicut
1240 1544 1295 1596 in
1328 1541 1499 1595 diebus
1538 1539 1710 1594 messis
1748 1537 1919 1592 tritici.

334 1641 449 1697 Hoc
474 1638 781 1695 incredibile
804 1636 1011 1691 videtur
1040 1634 1342 1705 regionibus
1362 1632 1558 1687 nostris
1581 1647 1595 1683 :
1622 1631 1693 1687 ibi
1719 1639 1927 1695 autem,

334 1733 469 1787 sicut
498 1731 779 1802 perhibent
800 1729 886 1799 qui
917 1736 1200 1790 noverunt,
1234 1725 1286 1779 in
1318 1725 1467 1779 initio
1494 1723 1636 1777 veris
1664 1729 1747 1777 est
1774 1736 1920 1777 mes-

334 1826 408 1879 sis
436 1824 626 1890 tritici;
660 1834 785 1878 tunc
826 1830 1004 1876 autem
1052 1820 1142 1875 ille
1184 1817 1375 1874 ﬂuvius
1414 1816 1650 1888 repletur
1692 1815 1921 1886 amplius

332 1932 495 1987 quam
522 1931 614 1986 per
641 1915 890 1969 hiemem.
1424 1984 1431 1987 ν

406 2008 493 2063 IV.
524 2006 627 2080 [lb.
670 2022 743 2071 tv,
778 2004 855 2079 7.]
884 2003 949 2058 Et
985 2012 1128 2058 erunt
1156 2002 1289 2057 vobis
1313 2001 1505 2072 lapides
1537 1999 1620 2054 isti
1638 1996 1923 2053 memorialc

339 2102 453 2171 filiis
466 2099 625 2153 Israel
641 2116 793 2169 usque
818 2099 868 2152 in
886 2106 1144 2151 wternum.
1163 2094 1438 2162 Quomodo
1454 2094 1505 2149 in
1521 2104 1780 2157 teter-num,
1799 2104 1920 2145 cum

336 2192 527 2247 malum
545 2201 597 2247 et
612 2202 749 2246 terra
768 2196 1038 2244 transeant
1051 2185 1261 2260 (Matth.
1282 2201 1426 2251 xxrv,
1441 2185 1559 2255 '55)?
1575 2184 1657 2238 An
1671 2181 1921 2253 quoniam

332 2296 589 2340 :eternum
606 2283 797 2354 aliquid
821 2281 1118 2353 signiﬁcant
1139 2281 1191 2335 hi
1210 2280 1412 2350 lapides
1428 2294 1579 2345 ,cum
1610 2277 1710 2347 ipsi
1735 2273 1923 2330 aeterni

331 2392 451 2432 esse
478 2394 579 2432 non
613 2374 850 2446 possint?
876 2374 1135 2441 Quamvis
1166 2372 1332 2443 possit
1358 2370 1500 2443 quod
1528 2372 1579 2424 in
1610 2383 1783 2441 gnsco
1803 2375 1918 2433 est,

330 2477 414 2532 is»;
438 2481 521 2524 τοῦ
545 2478 709 2529 uta-ta;
727 2508 741 2531 ,
787 2466 889 2520 diei
917 2465 1097 2530 latine,
1131 2475 1184 2520 ct
1212 2479 1377 2535 usque
1407 2464 1458 2517 in
1486 2463 1721 2517 seculum
1739 2501 1755 2527 ,
1780 2458 1922 2531 quod

333 2577 439 2615 non
467 2570 548 2615 est
577 2572 912 2628 consequens
933 2567 991 2611 ut
1019 2556 1340 2626 intelligatur
1367 2564 1650 2610 :eternum.

405 2650 470 2704 γ.
500 2648 600 2723 [11).
627 2665 700 2718 1v,
730 2650 796 2704 15
813 2658 860 2703 et
887 2646 1001 2722 16.]
1029 2647 1095 2701 Et
1121 2648 1246 2701 dixit
1271 2645 1514 2700 Dominus
1538 2644 1606 2699 ad
1625 2641 1921 2707 Jesunt,di-

329 2761 447 2798 cens
471 2760 489 2797 :
515 2742 709 2796 Munda
734 2742 1073 2796 sacerdotibus
1106 2738 1419 2811 portantibus
1448 2754 1621 2792 arcam
1645 2735 1923 2791 testamenti

328 2836 621 2890 testimonii.
652 2835 801 2890 Solet
824 2833 928 2889 diei
945 2848 1066 2887 arca
1087 2830 1408 2896 testamenti,
1426 2829 1509 2884 vel
1529 2843 1652 2884 arca
1682 2828 1921 2883 testimo-

328 2928 405 2981 aii
439 2944 453 2979 :
484 2942 625 2980 nunc
649 2926 787 2980 dicta
816 2934 897 2979 est
921 2939 1043 2979 arca
1074 2922 1377 2978 testamenti
1406 2920 1713 2985 testimonii,
1732 2930 1787 2974 ut
1814 2934 1922 2974 non

329 3020 503 3073 solum
522 3033 662 3085 arca,
684 3017 778 3074 sed
791 3017 947 3073 etiam
966 3017 1137 3085 ipsum
1152 3023 1547 3081 testamentum,
1567 3011 1924 3083 appellaretur

329 3121 710 3166 testamentum
738 3108 1048 3164 testimonii.
1088 3107 1220 3161 Hinc
1245 3107 1387 3162 enim
1426 3105 1555 3160 dicit
1591 3103 1918 3174 Apostolus:

330 3202 485 3258 Nunc
510 3212 673 3257 autem
702 3202 809 3256 sine
834 3199 967 3271 Lege
982 3199 1188 3271 justitia
1214 3196 1312 3252 Dei
1334 3198 1653 3268 manifestata
1672 3204 1765 3263 est,
1786 3194 1924 3250 testi-

329 3299 554 3352 monium
581 3298 767 3350 habens
795 3312 885 3367 per
906 3294 1087 3367 Legem
1118 3305 1163 3347 et
1196 3291 1474 3363 Prophetas
1496 3290 1671 3365 (Rom.
1698 3307 1776 3357 ιιι,
1802 3286 1918 3363 21).

328 3392 390 3446 In
426 3390 699 3460 cujusdam
744 3390 884 3445 enim
922 3389 998 3443 rei
1042 3387 1260 3442 alterius
1291 3394 1528 3441 ventura:
1558 3383 1922 3439 testimonium

327 3482 511 3537 datum
535 3481 709 3538 fuerat
733 3481 887 3547 illud,
918 3479 1060 3551 quod
1090 3478 1281 3533 dicitur
1310 3478 1712 3533 Testamentum
1732 3476 1918 3532 Vetus.

405 3576 491 3630 VI.
523 3573 622 3648 [1).
646 3592 697 3640 v,
728 3572 875 3646 2-7.]
905 3572 1049 3626 Dixit
1077 3570 1325 3625 Dominus
1358 3572 1425 3624 ad
1452 3568 1667 3634 Iesum;
1702 3568 1810 3624 Fac
1835 3569 1923 3624 tibi

327 3668 430 3740 ipsi
453 3668 640 3722 cukros
664 3667 726 3722 de
751 3675 893 3737 petra
915 3672 1107 3731 acutos,
1131 3664 1239 3730 vel,
1262 3663 1401 3718 sicut
1427 3662 1585 3717 habet
1612 3677 1839 3732 grtecus,
1860 3661 1924 3715 de

330 3770 476 3832 petra
501 3772 682 3827 acuta,
713 3768 760 3813 et
786 3760 961 3813 sedens
990 3755 1291 3811 circumcide
1334 3756 1467 3825 ﬁlios
1507 3754 1675 3809 Israel
1718 3756 1919 3810 iterum.

332 3854 391 3907 In
414 3852 515 3908 hoc
550 3859 822 3922 pratcepto
848 3850 1103 3921 qureritur
1142 3864 1238 3903 cur
1279 3848 1512 3915 dixerit,
1556 3848 1758 3902 iterum.
1803 3847 1923 3902 Non

330 3944 477 4000 enim
520 3958 657 3999 unus
696 3943 856 3998 homo
883 3942 966 3997 bis
1005 3938 1463 3996 circumcidendus
1489 3947 1605 3994 erat
1632 3955 1647 3993 :
1678 3939 1774 3993 sed
1803 3939 1923 4009 quia

332 4053 472 4093 unus
502 4038 726 4107 populus
751 4045 868 4092 erat
894 4035 946 4089 in
974 4034 1283 4106 quibusdam
1312 4032 1657 4088 circumcisus
1680 4074 1694 4099 ,
1717 4033 1769 4087 in
1808 4033 1926 4104 qui-

332 4130 561 4185 busdam
597 4144 702 4184 non
728 4128 1106 4192 circumcisus,
1136 4126 1254 4181 ideo
1293 4126 1489 4180 dictum
1515 4135 1598 4181 est
1624 4126 1834 4190 iterum,
1868 4133 1928 4181 ut

334 4222 682 4277 circumcisus
723 4220 914 4275 iterum
956 4216 1442 4283 circumciderctur,
1474 4232 1579 4271 non
1618 4215 1799 4280 homo,
1831 4216 1927 4271 sed

337 4313 585 4384 populus.
616 4311 747 4366 Nam
785 4320 840 4367 et
887 4310 1158 4381 sequentia
1188 4307 1239 4363 id
1265 4307 1571 4363 ostendunt.
1602 4306 1735 4360 Dicit
1781 4305 1925 4360 enim

338 4406 643 4475 Scriptura:
668 4404 731 4458 Et
754 4405 871 4475 fecit
893 4403 924 4456 ,Ι
929 4420 1043 4458 esus
1058 4401 1246 4456 cultros
1266 4401 1487 4472 petriuos
1507 4398 1599 4453 sibi
1615 4398 1713 4470 ipsi
1730 4407 1924 4466 acutos,

338 4508 386 4551 et
414 4496 728 4551 circumcidit
753 4497 886 4565 ﬁlios
905 4493 1069 4549 Israel
1087 4496 1140 4548 in
1163 4493 1271 4547 loco
1291 4493 1375 4562 qui
1395 4500 1598 4546 vocatur
1617 4489 1772 4546 Collis
1798 4506 1929 4561 pra:-

342 4590 618 4659 putiorunt.
672 4587 782 4642 Iloc
810 4596 977 4642 autent
1026 4587 1175 4642 modo
1216 4585 1641 4656 circumpurgavit
1673 4583 1822 4639 Jesus
1860 4584 1929 4653 fi-

340 4682 436 4736 lios
480 4680 679 4748 Israel,
721 4681 805 4751 qui
843 4680 1117 4748 aliquando
1146 4680 1347 4750 fuerant
1390 4680 1444 4732 in
1485 4680 1596 4743 via,
1629 4686 1674 4731 et
1699 4677 1785 4748 qui
1828 4678 1929 4731 ali-

339 4773 546 4846 quando
569 4773 906 4827 incircumcisi
929 4781 1069 4826 erant
1102 4789 1272 4827 eorum
1308 4772 1392 4842 qui
1421 4772 1647 4825 exierant
1669 4786 1733 4824 ea:
1758 4768 1929 4841 digg-

342 4875 467 4935 pto;
490 4881 659 4918 omnes
685 4864 805 4919 istos
835 4864 1145 4918 circumcidit
1188 4863 1360 4917 Iesus.
1406 4862 1758 4933 Quadraginta
1795 4862 1931 4916 enim

341 4967 388 5011 et
430 4957 626 5011 duobus
653 4958 801 5012 annis
827 4968 1147 5012 conversatus
1168 4966 1239 5011 est
1270 4956 1437 5010 Israel
1463 4957 1517 5010 in
1546 4956 1739 5010 deserto
1778 4954 1925 5009 Mab-

342 5048 577 5117 daritide,
607 5059 653 5103 et
679 5048 791 5103 ideo
815 5049 1153 5104 incircumcisi
1188 5057 1329 5103 erant
1353 5049 1560 5103 illorunt
1590 5046 1798 5118 plurimi
1828 5064 1929 5118 pu-

342 5150 609 5213 gnatorum
637 5143 723 5213 qui
753 5144 976 5197 exierunt
1006 5143 1068 5196 de
1091 5151 1224 5197 terra
1246 5140 1464 5213 Egypti
1485 5142 1568 5212 qui
1594 5140 1931 5195 inobedientes

344 5239 546 5305 fuerant
576 5236 828 5290 mandatis
854 5234 982 5302 Dei,
1013 5236 1067 5290 in
1103 5235 1281 5307 quibus
1308 5245 1353 5289 et
1385 5234 1649 5305 deﬁnierat
1683 5233 1931 5288 Dominus

344 5328 436 5389 eis,
462 5344 523 5381 ne
551 5328 772 5382 viderent
793 5328 868 5382 illi
896 5338 1079 5383 terram
1107 5329 1531 5401 quamjuraverat
1564 5326 1808 5381 Dominus
1835 5345 1931 5398 pa-

346 5417 502 5471 tribus
528 5436 698 5473 eorum
727 5419 847 5474 dare
872 5419 995 5487 illis,
1026 5430 1208 5474 terram
1236 5422 1474 5490 fluentem
1498 5419 1577 5473 (ac
1603 5427 1649 5472 et
1676 5418 1792 5472 mel.
1824 5418 1931 5474 Pro

347 5509 424 5562 Itis
449 5520 616 5563 autent
634 5510 885 5564 substituit
906 5510 1042 5580 ﬁlios
1063 5527 1255 5576 eorum,
1282 5527 1408 5583 quos
1429 5510 1741 5564 circumcidit
1758 5507 1928 5575 Iesus,

346 5618 403 5655 eo
430 5601 566 5671 quod
595 5602 806 5671 fuissent
834 5603 886 5655 in
914 5603 1089 5657 itinere
1113 5602 1469 5656 incircumcisi.
1499 5602 1829 5657 Manifestum
1850 5610 1934 5656 est

347 5708 477 5764 ergo
520 5709 627 5748 non
665 5710 851 5750 omnes
891 5694 1083 5761 fuisse,
1115 5696 1210 5751 sed
1236 5695 1511 5766 quosdam.
1537 5694 1761 5763 Quidam
1791 5696 1930 5748 enim

349 5786 416 5842 de
436 5785 673 5858 Egypto
703 5788 1008 5844 exeuntium
1036 5787 1129 5843 ﬁlii
1159 5789 1211 5843 in
1240 5790 1330 5844 illo
1359 5789 1554 5859 populo
1580 5788 1934 5843 incircumcisi

349 5890 531 5946 erant,
563 5897 697 5953 quos
732 5882 900 5951 potuit
930 5882 1309 5939 circumcidere
1333 5882 1519 5951 Jesus;
1552 5883 1765 5940 illorum
1793 5882 1931 5937 scili-

631 5974 859 6037 Sacr.
904 5976 1185 6039 Aueus'r.
1240 5977 1353 6039 III.

1706 421 1908 480 LIBER
1945 421 2236 481 SEXTUS.

3500 429 3611 489 778

2032 547 2116 590 cet
2152 536 2284 592 ﬁlios
2314 538 2401 608 qni
2428 548 2721 608 genuerunt
2748 540 2799 594 in
2830 539 3060 606 deserto,
3095 547 3151 595 ct
3173 550 3608 614 contempserunt

2026 643 2118 683 eos
2157 630 2570 694 circumcidere,
2611 632 2750 702 quod
2793 632 3156 687 inobedientes
3184 646 3334 688 erant
3362 635 3458 705 legi
3492 637 3605 690 1ιυί.

2026 718 2175 774 Nulla
2208 721 2383 792 itaque
2408 738 2567 779 causa
2595 733 2790 779 esteur
2815 724 2850 777 ii
2874 724 2961 794 qui
2991 734 3173 794 putant
3200 726 3610 794 rebaptizandos

2027 826 2122 867 eos
2148 815 2235 883 qui
2264 814 2460 871 habent
2487 816 2756 871 christiani
2785 817 3039 886 Baptismi
3067 829 3478 885 sacramentum,
3507 820 3607 876 hoc

2028 904 2328 960 testimonio
2356 906 2514 976 Legis
2541 907 2777 977 adjuvari
2819 925 2875 963 sc
2920 918 3140 979 putent:
3166 911 3287 980 quia
3316 912 3490 965 nullus
3527 912 3605 965 liis

2026 1010 2249 1051 numero
2278 1013 2415 1053 unus
2435 998 2597 1054 homo
2622 1009 2703 1054 est
2732 1000 3111 1066 circumcisus;
3142 1002 3235 1055 sed
3264 1003 3485 1071 populus
3516 1006 3605 1071 qui

2020 1084 2130 1155 jam
2154 1087 2324 1142 fuerat
2344 1088 2395 1143 in
2417 1089 2727 1158 quibusdam
2765 1091 3107 1147 circumcisus
3132 1133 3147 1159 ,
3197 1092 3249 1146 in
3293 1092 3606 1163 quibusdam

2026 1191 2153 1232 vero
2178 1178 2351 1233 adhuc
2389 1180 2790 1237 incircumcisus
2829 1191 2963 1238 erat.
2992 1182 3059 1237 Et
3087 1183 3131 1236 si
3163 1184 3338 1253 aliquo
3365 1184 3523 1240 modo
3555 1186 3605 1238 id

2028 1266 2140 1321 ﬁeri
2167 1277 2366 1337 posset,
2394 1276 2454 1323 ut
2475 1269 2555 1325 bis
2583 1270 2885 1326 circumcidi
2915 1273 3183 1329 hominem
3205 1275 3341 1329 Deus
3363 1276 3605 1345 juberet;

2025 1362 2278 1431 numquid
2307 1370 2526 1432 possunt
2552 1362 2732 1419 dicere
2768 1364 2888 1419 ideo
2914 1365 3076 1421 fuisse
3102 1377 3422 1438 przeceptum
3443 1412 3457 1435 ,
3485 1370 3609 1439 quia

2025 1446 2101 1504 illi
2119 1451 2187 1505 ab
2200 1450 2464 1523 Egyptiis
2483 1452 2689 1509 fuerant
2703 1455 3025 1523 circumcisi,
3040 1464 3126 1511 aut
3144 1459 3210 1514 ab
3225 1459 3489 1528 aliquibus
3510 1461 3612 1513 bre-

2025 1543 2201 1599 reticis
2226 1545 2293 1599 ab
2320 1546 2675 1601 Israelitarum
2702 1547 2954 1603 societate
2975 1550 3299 1620 segregatis?
3318 1551 3452 1607 Cum
3480 1568 3609 1609 vero

2024 1637 2153 1691 satis
2192 1639 2350 1692 etiam
2393 1650 2647 1709 appareat
2678 1656 2841 1711 quare
2869 1642 2991 1697 sita
3019 1643 3126 1698 Deo
3152 1642 3381 1709 dictum;
3404 1646 3610 1702 nullum

2026 1727 2113 1783 hic
2138 1739 2357 1798 possunt
2382 1732 2623 1787 homines
2645 1734 2842 1787 erroris
2861 1734 2940 1788 sui
2968 1735 3317 1803 patrocinium
3350 1738 3607 1807 reperire.

2096 1820 2205 1875 Vll.
2238 1820 2337 1894 [lb.
2368 1838 2421 1889 v,
2455 1822 2677 1895 15-13.]
2702 1824 2922 1890 Quando
2946 1824 3103 1879 Iesus
3128 1826 3255 1880 vidit
3287 1828 3455 1881 virum
3483 1843 3609 1882 con«

2026 1920 2105 1966 tra
2131 1926 2191 1967 se
2229 1922 2460 1967 stantem
2495 1915 2777 1982 evaginato
2822 1914 3019 1985 gladio,
3040 1924 3094 1970 et
3146 1931 3212 1970 eo
3254 1918 3612 1987 rcSpnndento

2024 2003 2150 2059 dicit
2177 2004 2316 2074 quod
2350 2013 2492 2059 esset
2532 2005 2781 2075 princeps
2811 2006 3014 2059 militiae
3043 2007 3253 2061 virtutis
3290 2008 3528 2075 Domini;
3557 2018 3613 2065 et

2028 2103 2323 2163 prostratus
2351 2095 2401 2149 in
2434 2105 2629 2150 terram
2659 2096 2825 2163 dixit,
2852 2096 2986 2162 Quid
3012 2098 3245 2167 principis
3272 2108 3357 2153 tuo
3379 2101 3615 2171 famulo!

2026 2188 2191 2258 quaeri
2235 2196 2410 2258 potest
2452 2197 2628 2243 utrum
2673 2191 2862 2259 angelo
2889 2205 2948 2244 se
2976 2193 3350 2260 prostraverit,
3383 2210 3613 2265 eumque

2026 2280 2221 2335 dixerit
2244 2279 2554 2346 dominum;
2593 2296 2661 2335 an
2695 2282 2869 2350 potius
2908 2282 3204 2354 intelligens
3226 2300 3257 2339 a
3283 2299 3389 2353 quo
3419 2286 3614 2342 missus

2026 2371 2216 2438 fuerat,
2239 2372 2408 2442 ipsum
2431 2372 2710 2427 Dominum
2740 2372 2955 2439 dixerit,
2974 2374 3130 2445 eique
3161 2392 3218 2431 se
3248 2380 3610 2446 prostraverit.

2026 2464 2155 2518 Erat
2190 2472 2370 2518 autem
2392 2505 2406 2529 ,
2435 2463 2571 2519 sicut
2595 2464 2807 2534 legitur,
2839 2464 2993 2520 Jesns
3029 2466 3080 2520 iu
3107 2466 3343 2535 Jericho,
3375 2484 3480 2525 non
3510 2472 3614 2526 uti-

2025 2570 2130 2625 que
2156 2554 2207 2609 in
2234 2554 2347 2624 ipsa
2383 2554 2598 2611 civitate
2620 2597 2636 2623 ,
2662 2555 2813 2626 cujus
2840 2558 2975 2611 muri
3007 2558 3239 2612 nondum
3270 2561 3612 2628 ceciderant,

2026 2648 2167 2718 quod
2192 2663 2316 2703 mox
2348 2647 2584 2703 futurum
2613 2657 2727 2703 erat
2749 2690 2765 2716 ,
2806 2656 2864 2703 ut
2902 2650 2956 2703 in
2991 2665 3108 2705 eam
3134 2662 3351 2722 possent
3376 2653 3612 2722 intrare;

2025 2741 2121 2797 sed
2143 2741 2197 2796 in
2222 2756 2349 2812 agro
2368 2740 2433 2796 ad
2460 2756 2577 2797 eam
2605 2742 2935 2813 pertinente:
2962 2760 3083 2798 nam
3110 2744 3475 2816 interpretatio
3493 2764 3614 2820 quae

2026 2844 2109 2890 est
2133 2850 2201 2890 ex
2229 2834 2466 2901 hebraeo,
2496 2835 2573 2889 sic
2605 2834 2783 2890 habet.

2097 2926 2231 2982 Vill.
2258 2926 2359 3001 [lb.
2394 2925 2513 2999 vn.]
2542 2926 2598 2982 ln
2627 2942 2693 2983 eo
2718 2927 2861 2998 quod
2899 2926 3094 2983 factum
3128 2936 3211 2985 est
3235 2938 3292 2984 ut
3326 2930 3503 2987 Achar
3545 2931 3615 2988 de

2026 3020 2166 3075 tribu
2203 3019 2231 3075 J
2244 3020 2344 3074 uda
2382 3019 2646 3074 iuraretur
2682 3017 2750 3073 de
2783 3019 3121 3074 anathemate
3145 3020 3373 3076 civitatis
3392 3020 3606 3079 Iericho

2025 3120 2207 3167 contra
2236 3122 2555 3181 prteceptum
2585 3110 2830 3176 Domini;
2857 3119 2912 3165 et
2939 3119 3158 3181 prepter
3182 3112 3298 3182 ejus
3334 3123 3610 3183 peccatum

2027 3206 2127 3261 tria
2153 3204 2320 3260 millia
2357 3219 2477 3275 qua:
2500 3204 2662 3257 missa
2694 3203 2903 3258 fuerant
2928 3203 2981 3257 in
3025 3203 3155 3269 Gai,
3184 3204 3445 3261 dederunt
3473 3217 3616 3278 terga

2026 3295 2289 3359 hostibus,
2315 3303 2370 3350 et
2386 3294 2548 3350 occisi
2570 3304 2693 3350 sunt
2717 3310 2781 3350 ex
2806 3295 2887 3349 eis
2912 3295 3125 3366 triginta
3155 3311 3246 3351 sex
3274 3296 3404 3363 viri;
3437 3307 3491 3352 et
3524 3313 3619 3367 po-

2026 3389 2153 3458 pulo
2178 3389 2412 3458 graviter
2440 3386 2655 3453 territo,
2696 3386 2851 3442 Jesus
2893 3402 3014 3442 cum
3060 3387 3356 3443 senioribus
3393 3403 3454 3445 se
3492 3402 3620 3458 pro-

2026 3482 2213 3537 stravit
2237 3480 2304 3535 ad
2335 3481 2652 3545 Dominum,
2697 3480 2853 3550 eique
2896 3494 3212 3551 reSponsnm
3254 3489 3337 3534 est
3374 3480 3493 3535 ideo
3535 3480 3619 3536 fa-

2026 3580 2171 3629 ctum
2218 3588 2374 3639 esse,
2422 3571 2564 3643 quod
2613 3573 2909 3641 peccaverit
2956 3573 3209 3642 populus;
3261 3573 3490 3629 minatus
3537 3581 3623 3631 est

2027 3665 2186 3720 etiam
2218 3665 2360 3720 Deus
2388 3678 2493 3719 non
2523 3677 2582 3717 se
2610 3678 2729 3718 cum
2761 3663 2841 3719 eis
2868 3662 3100 3717 futurum
3120 3704 3136 3729 ,
3176 3664 3276 3719 nisi
3305 3663 3622 3721 abstulerint

2028 3759 2309 3813 anathema
2336 3755 2403 3810 de
2443 3770 2501 3809 se
2530 3754 2695 3824 ipsis;
2729 3762 2784 3809 ct
2810 3754 2950 3825 quod
2975 3763 3222 3810 ostensus
3246 3764 3328 3811 est
3362 3757 3452 3827 qui
3478 3756 3621 3813 fece-

2027 3857 2139 3914 rat,
2169 3863 2269 3902 nec
2293 3847 2438 3901 solus
2462 3847 2704 3911 occisus,
2736 3845 2830 3901 sed
2860 3861 2980 3900 cum
3002 3846 3248 3902 omnibus
3275 3848 3420 3903 suis:
3452 3850 3622 3919 quaeri

2028 3940 2165 3995 solet
2186 3938 2453 4009 quomodo
2477 3938 2619 4007 juste
2650 3953 2747 4007 pro
2774 3938 2992 3993 alterius
3014 3939 3243 4008 peccatis
3264 3939 3317 3995 in
3342 3940 3476 3996 alios
3500 3943 3624 3997 vin:-

2028 4031 2269 4095 dicctur;
2314 4030 2543 4085 maxime
2570 4030 2693 4100 quia
2721 4028 2776 4084 in
2819 4029 2961 4101 Lege
3004 4030 3263 4087 Dominus
3305 4032 3467 4100 dixit,
3518 4049 3622 4091 nec

2030 4131 2209 4193 patres
2235 4137 2330 4192 pro
2360 4121 2624 4184 ﬁliorum,
2676 4135 2776 4175 nec
2816 4120 2955 4177 ﬁlios
2994 4136 3091 4191 pro
3132 4131 3343 4193 patrum
3392 4127 3624 4194 peccatis

2032 4231 2151 4272 esse
2178 4213 2481 4286 puniendos
2505 4212 2680 4286 (Deut.
2706 4229 2828 4268 xxiv
2848 4254 2861 4279 ,
2891 4212 3020 4283 16)?
3048 4214 3130 4269 An
3156 4214 3299 4269 aliud
3333 4214 3625 4284 judicanti-

2031 4308 2132 4363 bus
2163 4307 2466 4362 hominibus
2493 4312 2577 4361 est
2601 4314 2923 4374 prteceptum
2946 4344 2958 4367 ,
2987 4319 3057 4359 ne
3084 4318 3400 4373 quemquam
3432 4320 3528 4374 pro
3547 4306 3626 4359 al-

2034 4408 2148 4454 tero
2178 4398 2427 4468 puniant;
2474 4396 2568 4450 Dei
2610 4405 2784 4450 autem
2810 4393 3008 4463 judicia
3039 4408 3142 4447 non
3173 4403 3298 4448 sunt
3325 4394 3621 4464 ejusmodi,

2033 4492 2121 4563 qui
2148 4491 2256 4545 alto
2282 4497 2339 4545 et
2375 4487 2620 4543 invisibili
2661 4486 2887 4541 consilio
2912 4499 3010 4539 suo
3048 4484 3198 4541 novit
3235 4496 3496 4555 quatenus
3526 4501 3624 4541 ex-

2033 4580 2218 4636 tendat
2237 4580 2393 4634 etiam
2419 4575 2767 4645 temporalem
2796 4575 3068 4629 hominum
3097 4590 3308 4645 penam
3339 4576 3627 4632 salubrem-

2034 4687 2140 4743 que
2170 4668 2469 4726 terrorem?
2510 4667 2627 4722 Non
2670 4666 2813 4722 enim
2854 4666 3056 4736 aliquid
3097 4666 3271 4721 dirum
3299 4668 3339 4735 ί,
3370 4678 3626 4738 quantum

2034 4764 2223 4819 attinet
2258 4762 2323 4815 ad
2352 4759 2588 4816 universi
2614 4757 2797 4813 mundi
2834 4757 3383 4828 administrationem,
3418 4761 3628 4816 contin-

2034 4854 2114 4925 git
2138 4851 2482 4916 mortalibus,
2515 4864 2634 4905 cum
2671 4849 2968 4903 moriuntur
2991 4848 3310 4919 quandoque
3338 4851 3579 4905 morituri
3613 4870 3628 4905 :

2036 4952 2092 4999 et
2118 4952 2289 4997 tamen
2320 4939 2459 5012 apud
2480 4953 2573 4995 cos
2600 4938 2687 5009 qui
2716 4937 2840 4993 talia
2865 4946 3128 5004 metuunt,
3145 4938 3421 5009 disciplina
3448 4940 3625 4994 sanci-

2038 5043 2142 5101 tur,
2162 5044 2217 5088 ut
2243 5048 2349 5086 non
2388 5046 2447 5087 se
2465 5030 2636 5085 solum
2659 5029 2882 5099 quisque
2901 5034 3052 5083 curet
3076 5027 3128 5082 in
3154 5030 3368 5097 popttlo,
3382 5029 3477 5084 sed
3502 5030 3627 5086 invi-

2038 5143 2155 5183 ccm
2168 5126 2267 5180 sibi
2281 5124 2566 5179 adhibeant
2581 5123 2922 5193 diligentiam,
2937 5132 2987 5177 et
3006 5132 3253 5191 tanquam
3269 5124 3423 5179 unius
3435 5139 3627 5195 corpo-

2038 5221 2114 5274 ris
2138 5228 2193 5273 et
2210 5217 2363 5273 unius
2381 5216 2609 5271 hominis
2629 5214 2731 5269 alia
2749 5230 2844 5284 pro
2865 5214 2982 5269 aliis
2998 5215 3105 5269 sint
3120 5216 3360 5270 membra
3376 5217 3622 5273 sollicita.

2040 5312 2150 5367 Nec
2172 5318 2350 5365 tamen
2370 5307 2693 5365 credendum
2716 5317 2817 5373 est,
2836 5307 2993 5361 etiam
3008 5307 3184 5379 poenis
3206 5323 3324 5378 qua:
3345 5318 3464 5379 post
3478 5326 3627 5365 mor-

2042 5417 2145 5463 tem
2160 5407 2479 5476 irrogantur,
2499 5402 2659 5457 alium
2676 5416 2770 5472 pro
2785 5402 2888 5456 alio
2902 5416 3058 5471 posse
3072 5402 3311 5457 damnari
3332 5420 3346 5468 ;
3365 5404 3460 5459 sed
3476 5404 3529 5459 in
3543 5404 3629 5461 his

2042 5508 2245 5555 tantum
2282 5498 2440 5553 rebus
2473 5494 2612 5549 hanc
2644 5494 2867 5564 irrogari
2891 5508 3136 5564 pmnam,
3165 5510 3283 5564 qua:
3309 5494 3466 5551 ﬁnem
3509 5494 3631 5553 fue-

2041 5601 2163 5650 rant
2189 5591 2469 5658 habiturte,
2496 5586 2701 5644 etiamsi
2726 5603 2833 5642 non
2860 5601 2927 5643 eo
2950 5585 3110 5641 modo
3134 5586 3436 5643 ﬁnirentur.
3460 5588 3633 5645 Simul

2042 5686 2200 5740 etiam
2229 5681 2526 5737 ostenditur
2544 5690 2795 5751 quantum
2822 5692 3061 5735 connexa
3086 5678 3157 5732 sit
3174 5676 3226 5732 in
3250 5679 3427 5749 populi
3457 5682 3629 5737 socie-
3688 5726 3691 5729 .

2045 5787 2152 5834 tate
2180 5778 2292 5847 ipsa
2320 5775 2665 5841 universitas,
2686 5784 2742 5829 ut
2774 5789 2879 5829 non
2907 5773 2958 5827 in
2988 5771 3176 5842 seipsis
3199 5772 3423 5844 singuli,
3454 5774 3548 5832 sed
3574 5788 3630 5833 et

2108 5892 2124 5922 ι
2150 5887 2284 5951 miti,
2314 5890 2508 5943 durum.

2762 5970 3254 6051 (Vingt—cinq.)
