4136 6494
476 447 588 506 ην

478 571 729 632 tanquam
761 562 942 628 partes
971 554 1025 611 in
1051 562 1163 611 toto
1190 553 1584 610 existimentur.
1603 551 1705 607 Per
1728 549 1885 606 unius
1913 549 2070 622 igitur

480 648 754 724 peccatum
783 659 1114 718 mortemque
1147 661 1434 719 paucorum
1457 645 1758 700 admonitus
1785 651 1869 700 est
1897 657 2068 714 popu-

481 743 566 800 lus
591 742 872 797 universus
889 781 906 806 ,
938 749 1187 810 tanquam
1219 739 1274 793 in
1309 752 1535 808 corpore
1556 736 1804 792 universo
1827 748 2070 806 quaerere

483 833 623 906 quod
675 832 966 888 admissum
1014 840 1116 886 est.
1163 829 1331 885 Simul
1376 828 1536 884 etiam
1582 827 1937 898 signiﬁcatum
1986 833 2071 880 est

481 933 738 996 quantum
765 921 889 978 mali
919 921 1097 986 ﬁeret,
1119 919 1164 974 si
1195 919 1438 974 universa
1467 916 1556 973 illa
1582 916 1920 988 congregatio
1949 929 2070 986 pee-

481 1026 688 1082 casset;
726 1014 938 1086 quando
964 1029 1030 1068 ne
1054 1029 1191 1067 unus
1232 1011 1446 1082 quidem
1486 1012 1558 1067 ita
1583 1011 1753 1082 potuit
1772 1009 1998 1080 judicari
2027 1008 2068 1076 ι,

480 1120 543 1166 ut
570 1109 638 1165 ab
665 1122 731 1164 eo
756 1114 972 1178 possent
994 1105 1174 1162 caeteri
1202 1119 1322 1161 esse
1342 1106 1534 1161 securi.
1555 1105 1624 1160 At
1641 1117 1766 1159 vero
1783 1144 1797 1168 ,
1827 1102 1871 1157 si
1895 1099 2074 1156 Achar

461 1197 550 1256 ab
576 1201 750 1270 aliquo
777 1200 1025 1254 inventus
1050 1207 1210 1268 atque
1233 1196 1684 1266 comprehensus,
1717 1203 1771 1250 et
1795 1195 1934 1248 illius
1959 1192 2066 1248 cri-

480 1294 641 1350 minis
677 1307 804 1348 reus
839 1291 906 1346 ad
942 1291 1202 1363 judicium
1243 1289 1370 1346 Jesu
1412 1289 1598 1345 fuisset
1637 1289 1929 1354 adductus,
1970 1302 2069 1342 ne-

479 1401 744 1456 quaquam
769 1383 1058 1454 pntandum
1083 1393 1166 1438 est
1198 1383 1464 1438 hominem
1485 1381 1715 1452 judicem
1745 1381 1829 1436 vel
1855 1394 1951 1450 pro
1977 1379 2068 1434 illo

477 1477 561 1532 vel
585 1491 706 1532 cum
734 1477 826 1532 illo
849 1490 1169 1547 quemquam
1189 1475 1371 1538 alium,
1403 1475 1492 1544 qui
1516 1474 1770 1528 societate
1806 1471 1929 1526 facti
1955 1471 2072 1542 ejus

477 1569 700 1624 minime
739 1577 1034 1634 teneretur,
1077 1567 1241 1622 fuisse
1283 1566 1613 1636 punitorum.
1642 1563 1826 1632 Neque
1852 1563 1993 1620 enim
2022 1563 2070 1618 ei

428 1730 430 1733 τ
477 1659 786 1720 mandatum
817 1659 971 1731 Legis
1001 1658 1194 1714 licebat
1235 1657 1531 1724 excedere,
1575 1657 1720 1727 quod
1757 1655 1939 1710 datum
1989 1663 2072 1710 est

478 1753 814 1816 hominibus,
845 1767 912 1807 ne
931 1751 1132 1821 judicio
1159 1766 1258 1807 suo
1276 1791 1290 1816 ,
1321 1749 1462 1820 quod
1490 1750 1542 1802 in
1571 1747 1842 1802 hominem
1870 1745 2071 1801 homini

472 1843 682 1915 iussum
711 1844 824 1900 sive
852 1844 1170 1913 permissum
1195 1850 1276 1896 est
1295 1882 1309 1906 ,
1339 1841 1566 1895 alterum
1591 1853 1686 1909 pro
1713 1836 1935 1893 alterius
1959 1852 2074 1907 pec-

477 1944 599 1991 cato
621 1934 907 1990 arbitretur
932 1948 1050 1988 esse
1087 1931 1446 2002 plectendum.
1476 1931 1656 2001 Longe
1682 1938 1859 1983 autem
1887 1943 2070 1984 secre-

476 2026 615 2085 tiore
647 2025 849 2096 justitia
889 2025 1093 2094 judicat
1123 2025 1294 2091 Deus,
1323 2023 1412 2093 qui
1442 2029 1632 2093 potens
1656 2032 1739 2076 est
1765 2021 1926 2075 etiam
1954 2029 2074 2090 post

477 2127 708 2174 mortem
728 2160 744 2184 ,
771 2117 912 2188 quod
936 2117 1099 2172 homo
1127 2131 1234 2171 non
1263 2125 1468 2186 potest,
1497 2114 1581 2170 vel
1609 2115 1836 2169 liberare
1856 2113 1938 2168 vel
1959 2128 2074 2184 per-

476 2207 628 2266 dere.
662 2207 908 2264 Visibiles
942 2207 1103 2278 igitur
1139 2206 1455 2262 aiilictinnes
1485 2206 1758 2261 hominum
1784 2203 1897 2260 sive
1925 2218 2072 2259 mor-

477 2308 596 2366 tes,
644 2300 894 2370 quoniam
938 2297 1021 2352 his
1065 2297 1261 2368 quibus
1304 2296 1633 2367 ingeruntur,
1679 2303 1734 2351 et
1783 2294 1975 2350 obesse
2020 2303 2075 2350 et

378 2400 384 2406 ’
477 2391 737 2462 prodesse
758 2398 998 2461 possunt,
1023 2391 1170 2446 novit
1193 2390 1449 2444 Dominus
1470 2390 1524 2442 in
1544 2387 1754 2444 occulto
1778 2387 2073 2459 providen-

478 2483 568 2545 tiae
612 2499 723 2538 suae
769 2483 1212 2554 quemadmodum
1251 2483 1398 2552 juste
1438 2482 1738 2552 quibusque
1762 2481 2071 2552 dispenset,

477 2577 642 2636 etiam
667 2589 792 2630 eum
834 2574 1058 2628 aliorum
1109 2583 1323 2644 peccata
1369 2574 1422 2628 in
1467 2573 1588 2628 aliis
1613 2573 1821 2628 videtur
1859 2574 2069 2628 ulcisci.

476 2665 674 2730 Panas
691 2681 822 2722 vero
851 2665 1174 2730 invisibiles,
1198 2678 1318 2736 quas
1345 2664 1558 2720 nonnisi
1581 2673 1774 2738 nocent
1794 2706 1810 2732 ,
1832 2671 1888 2720 et
1916 2663 2076 2734 prod-

477 2773 599 2814 esse
625 2772 733 2814 non
771 2764 1027 2828 possunt,
1066 2757 1138 2812 ita
1174 2757 1354 2811 nullus
1383 2756 1493 2812 Deo
1527 2755 1708 2826 judice
1752 2770 1850 2824 pro
1885 2755 2074 2809 alienis

475 2851 713 2921 peccatis
741 2850 872 2915 luit,
917 2849 1055 2903 sicut
1101 2848 1318 2903 homine
1354 2847 1533 2918 judice
1575 2847 1721 2902 luere
1764 2845 1944 2900 nullus
1971 2844 2076 2900 nisi

477 2955 578 3010 pro
601 2954 699 2996 sua
726 2939 884 3009 culpa
919 2939 1048 2994 istas
1073 2937 1316 2994 visibiles
1343 2937 1521 2994 debet.
1555 2937 1668 2992 Hoc
1693 2937 1835 2992 enim
1870 2950 2073 3006 praece-

479 3035 560 3103 pit
586 3031 789 3088 bomini
821 3030 990 3101 iudici
1017 3030 1161 3085 Deus
1180 3070 1192 3094 ,
1221 3031 1276 3084 in
1318 3029 1401 3084 bis
1427 3042 1548 3100 quae
1576 3027 1642 3083 ad
1674 3029 1961 3082 humanum
1984 3027 2074 3097 ju-

481 3123 681 3180 dicium
719 3122 988 3192 pertinent
1030 3120 1348 3178 vindicanda
1375 3121 1420 3186 ³,
1451 3120 1598 3191 quod
1639 3120 1694 3174 in
1737 3133 1837 3175 suo
1874 3119 2078 3190 judicio

479 3215 607 3274 facit
627 3216 742 3286 ipse
757 3256 774 3278 ,
804 3229 916 3286 quo
933 3220 1174 3284 potestas
1193 3229 1300 3268 non
1324 3211 1525 3282 aspirat
1553 3212 1804 3268 humana.

553 3306 644 3366 1X.
675 3304 776 3380 [1).
809 3321 906 3374 vn,
930 3307 998 3362 15
1014 3315 1062 3359 et
1083 3302 1204 3379 εει]
1225 3304 1416 3360 Merito
1435 3304 1709 3374 quaeritur,
1738 3318 1861 3361 cum
1891 3301 2076 3359 Domi-

482 3411 590 3455 nus
606 3405 824 3467 propter
847 3396 998 3452 illum
1030 3396 1121 3467 qui
1147 3396 1218 3452 de
1253 3399 1595 3452 anathemate
1621 3397 1816 3451 furtum
1841 3394 2072 3463 fecerat,

483 3491 800 3560 praeceperit
836 3505 964 3546 eum
1005 3489 1096 3559 qui
1134 3486 1326 3544 fuisset
1366 3481 1644 3557 ostensus“,
1674 3489 1784 3560 igni
1809 3488 2072 3556 cremari,

483 3595 580 3642 cur
609 3596 741 3641 eum.
776 3589 1052 3640 ostensum
1079 3579 1235 3638 Iesus
1261 3579 1482 3649 lapidari
1514 3582 1690 3650 potius
1717 3596 1749 3636 a
1774 3581 1968 3652 populo
1997 3581 2076 3636 is»

482 3675 638 3732 cepit.
660 3675 749 3734 Au
765 3675 974 3730 itaeum
988 3672 1125 3730 mori
1143 3674 1406 3744 oportuit,
1427 3673 1873 3742 quemadmodum
1893 3672 2072 3740 Jesus,

483 3767 578 3837 qui
613 3765 830 3837 pmpius
858 3764 1141 3820 Domintun
1180 3763 1523 3834 sequebatur,
1554 3763 1765 3819 Domini
1790 3762 1956 3819 verba
1987 3762 2076 3832 ju-

483 3858 666 3920 bentis
681 3857 976 3928 intelligere
993 3856 1207 3928 potuit?
1228 3855 1318 3912 Sic
1338 3855 1480 3911 enim
1507 3855 1642 3909 alius
1663 3855 1940 3926 quisquam
1968 3869 2080 3910 non-

487 3951 649 4010 facile
675 3951 868 4022 potuit.
891 3949 1050 4006 Unde
1072 3945 1244 4020 agis
1265 3947 1611 4018 quaerendum
1637 3955 1722 4004 est
1747 3963 1844 4003 cur
1878 3947 2080 4018 lapida-

489 4044 690 4102 tionem
728 4044 908 4113 ignem
946 4042 1292 4112 appellaverit-
1332 4043 1620 4105 Dominus,
1651 4057 1811 4113 quam
1849 4042 2076 4096 creden-

491 4135 626 4196 dum.
664 4133 852 4190 lesum
888 4133 1032 4192 aliud
1081 4131 1272 4190 iccisse
1311 4147 1468 4203 quam
1519 4133 1751 4203 jusserat
1797 4133 2074 4191 Dominus.

493 4224 630 4280 Nam
657 4239 830 4295 neque
852 4224 922 4279 ad
941 4224 1336 4294 intelligendum
1369 4224 1527 4279 verba
1560 4223 1767 4278 Domini
1796 4224 2077 4294 quisquam

495 4317 666 4388 potuit
693 4330 816 4373 esse
841 4315 1152 4386 sapicatior,
1181 4331 1353 4384 neque
1379 4315 1450 4370 ad
1472 4314 1770 4370 faciendum
1798 4316 2076 4386 quisquam

494 4409 845 4469 obedientiam
885 4409 1112 4463 Proinde
1152 4409 1288 4479 ignis
1325 4409 1539 4462 nomine
1583 4423 1794 4477 poenam
1843 4409 2078 4478 potuisse

492 4500 814 4572 signiﬁcari,
834 4498 1106 4570 Scriptura
1137 4500 1285 4555 test-is
1313 4507 1396 4554 est
1428 4501 1481 4554 in
1511 4499 1954 4567 Deuteronomio,
1987 4501 2077 4555 ubi

491 4592 686 4648 dicitur
708 4592 777 4647 ad
807 4591 944 4647 ﬁlios
971 4591 1132 4645 bracl
1152 4633 1167 4658 ,
1199 4591 1267 4645 Et
1291 4592 1464 4646 eduxit
1487 4607 1574 4646 eos
1597 4591 1661 4647 de
1683 4592 1890 4663 fornace
1909 4597 2076 4664 ferrea

492 4685 985 4759 enigyptoweut.
1004 4685 1214 4758 iv,20):
1239 4686 1325 4741 ubi
1354 4687 1535 4757 utique
1558 4685 1748 4743 duram
1779 4687 2076 4744 tribulatio-

493 4793 624 4836 nem
638 4777 859 4850 intelligi
885 4777 1070 4833 voluit.

563 4873 699 4928 Duas
721 4879 898 4928 autem
928 4869 1057 4925 mihi
1095 4884 1271 4926 causa;
1307 4876 1596 4926 occurrunt
1634 4869 1763 4942 (non
1803 4879 1864 4927 nt
1905 4871 2076 4927 ambae

493 4967 634 5031 sint,
661 4964 756 5022 sed
788 4975 844 5020 ut
867 4965 1033 5020 altera
1063 4978 1129 5021 ex
1156 4964 1278 5034 eis),
1311 4977 1409 5018 cur
1437 4979 1540 5019 non
1576 4963 1666 5019 ille
1684 4979 1805 5020 cum
1827 4964 1938 5020 suis
1957 4979 2078 5018 om-

499 5059 660 5116 nibus
693 5057 923 5115 evidenti
971 5057 1092 5128 igne
1118 5066 1384 5112 crematus
1422 5057 1508 5111 sit.
1538 5056 1594 5111 Si
1631 5056 1770 5112 enim
1803 5065 2075 5128 peccatum

496 5151 616 5222 ejus
643 5149 896 5206 Dominus
923 5149 1028 5205 tale
1053 5164 1173 5205 esse
1195 5148 1482 5218 judicavit,
1515 5148 1653 5219 quod
1689 5151 1949 5219 supplicio
1987 5150 2076 5204 illo

493 5245 764 5316 expiatum
812 5258 917 5299 non
966 5243 1180 5314 puniret
1220 5243 1272 5296 in
1317 5249 1573 5319 teternum
1597 5282 1613 5308 ,
1650 5251 1866 5312 propter
1905 5243 2074 5312 ipsam

495 5335 854 5408 expiationem
898 5342 958 5390 et
989 5335 1355 5406 purgationem
1395 5343 1751 5402 congruenter
1790 5333 1876 5388 illa
1917 5349 2072 5403 poma

499 5426 644 5498 ignis
663 5440 857 5482 nomen
882 5424 1104 5495 accepit.
1132 5423 1316 5494 Neque
1329 5423 1396 5478 ad
1419 5423 1561 5479 hunc
1581 5424 1901 5480 intellectum
1932 5426 2077 5494 quis-

497 5533 658 5590 quam
696 5518 917 5576 tendere
956 5517 1358 5582 admonentur,
1390 5517 1435 5572 si
1463 5531 1585 5572 eum
1617 5508 1839 5587 preprie'
1855 5518 2079 5575 visibilis

495 5613 646 5686 ignis
677 5621 956 5681 exureret;
979 5611 1074 5670 sed
1114 5612 1166 5667 in
1208 5625 1276 5668 eo
1313 5611 1538 5683 quisque
1574 5619 1908 5677 remaneret,
1935 5612 2076 5682 quod

498 5712 688 5777 aputu
705 5705 920 5762 videbat
936 5705 1210 5775 impletum
1228 5745 1246 5774 ,
1273 5715 1374 5759 nec
1395 5702 1593 5774 aliquid
1621 5703 1756 5758 ultra
1775 5713 2073 5776 quaereret:

560 5837 1062 5908 fil'oﬁﬁlerciﬁm‘h
1081 5833 1364 5908 ηίηάίεωίσ,
1392 5904 1409 5908 -
1557 5895 1570 5908 .
1625 5895 1658 5908 ..

555 5899 580 5934 ι
598 5899 673 5951 ilo
687 5906 789 5950 nat.
813 5907 867 5951 οι
885 5907 992 5952 ιιι.
1015 5897 1072 5950 at
1091 5906 1193 5948 Am.
1217 5903 1292 5948 tu.
1319 5905 1374 5950 et
1392 5897 1832 5962 mv.,jadicatda.

1277 427 1746 510 QUESTIONIJM
1782 435 1841 494 S.
1881 425 2248 494 AUGUSTINI
2289 434 2354 491 IN
2393 425 2950 496 HEPTATEUCHUM

2174 563 2319 606 nunc
2346 563 2479 606 vero
2510 564 2630 605 eum
2661 558 2877 621 prepter
2910 549 3006 606 Del
3036 549 3199 607 verba
3231 556 3288 608 et
3313 549 3515 611 factum
3539 554 3765 624 Jesu,a

2173 655 2279 712 quo
2321 641 2654 711 prrevaricari
2701 641 2790 697 illa
2831 641 2994 698 verba
3037 657 3140 699 non
3187 654 3435 721 possent,
3464 649 3763 707 rectissime

2174 730 2370 788 dicitur
2405 734 2566 788 etiam
2610 731 2988 804 lapidationem
3041 735 3218 805 ignem
3267 735 3460 804 fuisse;
3489 740 3763 812 eleganter

2173 825 2486 894 agnoscitur
2513 823 2602 880 illa
2635 841 2793 896 ptena
2821 825 3091 882 hominem
3111 868 3124 889 ,
3155 843 3224 884 ne
3253 828 3306 884 in
3335 840 3603 900 posterum
3634 850 3765 906 pec-

2173 925 2294 973 cato
2324 916 2415 972 illo
2445 918 2718 985 interiret,
2751 918 2914 974 fuisse
2954 931 3252 996 purgatum.
3283 923 3434 994 Quod
3461 925 3767 997 signiﬁcant

2174 1009 2334 1066 etiam
2366 1025 2490 1065 vasa
2519 1012 2572 1065 in
2598 1011 2864 1077 chitico,
2887 1027 3006 1084 quae
3030 1013 3285 1084 jubentur
3302 1017 3420 1086 igne
3447 1022 3681 1091 purgari.
3707 1006 3766 1078 Si

2172 1112 2350 1158 autem
2391 1103 2496 1160 tale
2536 1102 2636 1158 fuit
2680 1105 2808 1159 illud
2854 1116 3160 1175 peccatum,
3193 1117 3414 1178 propter
3455 1112 3596 1182 quod
3639 1129 3764 1170 eum

2173 1195 2331 1247 etiam
2348 1203 2470 1266 post
2492 1195 2646 1252 istam
2666 1197 2830 1251 vitam
2852 1195 3094 1267 gebenna
3118 1200 3442 1270 susciperet;
3468 1202 3588 1260 ideo
3607 1203 3768 1262 Jesus

2174 1300 2296 1340 eum
2325 1286 2492 1341 voluit
2530 1287 2750 1358 lapidari
2773 1330 2788 1356 ,
2821 1296 2878 1343 ut
2922 1288 3068 1362 quod
3095 1306 3124 1344 a
3158 1292 3384 1348 Domino
3416 1293 3614 1350 dictum
3645 1307 3762 1366 est,

2173 1376 2280 1448 igni
2299 1379 2620 1441 cremabitur,
2651 1378 2778 1434 illud
2796 1379 3108 1436 admoneret
3144 1382 3398 1454 intelligi,
3424 1385 3568 1456 quod
3589 1386 3770 1442 Domi-

2174 1483 2275 1522 nus
2303 1468 2528 1536 l'aceret,
2560 1486 2664 1526 non
2695 1472 2838 1543 quod
2877 1471 2947 1528 ab
2987 1473 3117 1544 ipsis
3155 1483 3300 1530 esset
3338 1475 3662 1533 faciendum.
3707 1479 3770 1536 Si

2175 1559 2316 1614 enim
2337 1559 2558 1616 dixisset
2582 1563 2866 1632 Dominus,
2889 1563 3001 1635 lgni
3033 1580 3153 1620 eum
3185 1566 3494 1624 cremabitis
3515 1579 3567 1626 et
3587 1571 3770 1626 omnia

2174 1649 2321 1720 ejus;
2353 1650 2475 1706 huic
2499 1654 2677 1708 sensui
2700 1653 2847 1710 locus
2871 1655 3050 1712 nullus
3071 1666 3250 1712 esset:
3275 1674 3394 1713 cum
3419 1675 3548 1716 vero
3575 1660 3644 1715 ita
3668 1676 3769 1731 po-

2174 1740 2332 1796 situm
2357 1751 2465 1810 est,
2496 1752 2553 1798 ut
2592 1745 2760 1817 magis
2796 1745 3043 1803 vndeatur
3072 1748 3213 1804 Deus
3249 1749 3394 1820 quod
3433 1751 3485 1808 ei
3530 1751 3769 1808 futurum

2174 1843 2318 1890 esset
2355 1834 2669 1905 praedixisse
2689 1878 2704 1903 ,
2732 1853 2889 1908 quam
2920 1839 3062 1910 quod
3090 1840 3140 1896 ei
3171 1841 3237 1896 ab
3268 1841 3575 1898 hominibus
3601 1844 3770 1900 debe-

2174 1934 2256 1982 ret
2285 1926 2399 1982 ﬁeri
2424 1930 2774 1999 praecepisse;
2808 1931 2998 1987 melius
3027 1948 3131 1988 non
3164 1933 3337 2004 potuit
3375 1935 3547 1991 facere
3572 1937 3764 2006 Jesus,

2173 2017 2265 2088 qui
2303 2018 2480 2073 divina
2506 2019 2665 2075 verba
2695 2021 2830 2075 sicut
2855 2030 3033 2077 tantus
3060 2023 3320 2093 propheta
3348 2025 3638 2091 intellexit,
3669 2028 3769 2097 qui

2174 2108 2333 2164 etiam
2361 2109 2461 2165 hoc
2506 2111 2678 2181 ipsum
2710 2111 3019 2184 prophetice
3054 2113 3206 2180 fecit,
3238 2130 3400 2186 quam
3431 2125 3489 2172 ut
3513 2117 3655 2172 illum
3689 2119 3765 2174 la-

2174 2200 2386 2272 pidibus
2414 2203 2590 2274 potius
2615 2219 2773 2272 quam
2805 2201 3033 2259 ﬂammis
3064 2206 3422 2273 interimeret,
3456 2223 3524 2263 ne
3562 2208 3612 2262 in
3658 2208 3764 2265 illis

2175 2292 2386 2362 ignibus
2426 2293 2590 2349 verba
2631 2294 2840 2349 Domini
2891 2294 3199 2352 viderentur
3247 2298 3496 2368 impleta,
3521 2315 3640 2371 quae
3690 2301 3763 2358 ob

2175 2386 2318 2442 aliud
2347 2387 2486 2442 dicta
2512 2387 2725 2444 volebat
2745 2389 2986 2461 intelligi.

2245 2477 2357 2535 Nec
2395 2495 2609 2535 movere
2650 2479 2812 2536 debet
2856 2480 3000 2550 quod
3043 2496 3148 2536 non
3189 2481 3362 2552 ipsum
3393 2489 3634 2547 tantum,
3667 2483 3765 2539 sed

2175 2570 2334 2625 etiam
2362 2570 2538 2624 omnia
2559 2585 2676 2641 quae
2696 2579 2821 2625 sunt
2849 2571 2964 2641 ejus
2982 2612 2996 2637 ,
3024 2572 3161 2628 Deus
3186 2574 3473 2629 cremanda
3501 2573 3608 2644 igni
3630 2590 3768 2644 pra:-

2175 2661 2389 2717 dixet‘it.
2417 2660 2509 2718 Sic
2541 2663 2684 2718 enim
2714 2663 2820 2731 ait,
2843 2660 2962 2735 Igm'
2994 2665 3316 2735 cremabitur,
3346 2677 3393 2722 et
3431 2669 3604 2722 omnia
3627 2684 3767 2739 qua:-

2176 2769 2388 2826 cumque
2405 2762 2521 2810 sunt
2541 2756 2604 2808 ci.
2629 2754 2817 2811 Omnia
2836 2757 2977 2812 enim
2999 2774 3348 2830 quaecumque
3369 2769 3493 2816 sunt
3506 2760 3578 2828 ei,
3601 2776 3767 2831 opera

2177 2846 2293 2914 ejus
2319 2857 2541 2916 possunt
2563 2849 2811 2920 intelligi,
2839 2866 2957 2921 quae
2978 2867 3097 2906 cum
3127 2852 3215 2907 illo
3241 2851 3376 2908 dixit
3397 2869 3516 2909 esse
3541 2869 3766 2910 concre-

2178 2937 2369 2992 manda
2387 2956 2402 2992 :
2417 2953 2521 2993 non
2549 2940 2687 2994 sicut
2711 2939 2839 2995 dicit
2854 2941 3138 3012 Apostolus
3160 2943 3228 2998 de
3251 2945 3568 3014 quibusdam
3591 2946 3768 3016 cperi-

2178 3027 2278 3082 bus
2303 3029 2422 3099 igne
2446 3032 2776 3100 consumptis
2793 3073 2807 3097 ,
2830 3031 2938 3104 ipse
2962 3044 3128 3087 autent
3153 3033 3323 3089 salvus
3348 3036 3440 3090 erit
3465 3035 3506 3110 (ι
3534 3036 3655 3091 Cor.
3683 3053 3764 3104 ιιι,

2179 3120 2300 3190 15):
2325 3121 2369 3175 si
2399 3121 2554 3190 hujus
2580 3134 2852 3192 peceatum
2873 3125 2946 3180 ita
2970 3124 3370 3198 intelligendum
3397 3137 3500 3195 est,
3521 3140 3577 3184 ut
3596 3131 3759 3186 etiam

2177 3220 2380 3265 aeterno
2417 3211 2538 3282 igne
2581 3215 2844 3283 puniatur.
2876 3215 3038 3272 Filios
3065 3233 3192 3289 ergo
3226 3219 3342 3289 ejus
3376 3231 3431 3275 et
3475 3221 3611 3276 tilias
3641 3237 3765 3276 cum

2178 3301 2460 3369 pecoribus
2487 3310 2541 3357 et
2575 3303 2822 3359 omnibus
2847 3322 2969 3376 qua:
3006 3306 3237 3363 habebat
3255 3350 3270 3374 ,
3299 3311 3522 3380 populus
3547 3311 3764 3382 quidem

2177 3405 2298 3445 cum
2326 3407 2448 3446 eum
2475 3393 2713 3461 puniret,
2735 3397 2890 3450 simul
2924 3397 3186 3467 lapidibus
3210 3400 3385 3454 obruit
3413 3419 3425 3455 :
3452 3417 3554 3456 non
3586 3412 3764 3460 tamen

2180 3483 2280 3536 hoc
2296 3483 2494 3553 judicio
2512 3485 2761 3553 humano,
2781 3488 2872 3542 sed
2896 3488 3208 3558 prephetico
3226 3491 3411 3561 spiritu
3430 3494 3555 3546 fecit
3571 3491 3758 3558 Iesus;

2178 3577 2290 3632 sive
2320 3577 2392 3632 ita
2431 3577 2762 3651 intelligens,
2793 3581 2963 3634 omnia
2988 3597 3102 3651 qua:
3144 3593 3259 3637 sunt
3286 3584 3333 3636 ei
3349 3625 3364 3648 ,
3393 3593 3451 3638 ut
3491 3600 3590 3640 nec
3629 3585 3766 3640 ﬁlios

2178 3681 2424 3728 censeret
2447 3681 2699 3743 exceptas
2714 3716 2728 3740 ,
2757 3673 3094 3743 lapidationis
3116 3677 3272 3729 etiam
3298 3691 3508 3746 poenam
3529 3691 3624 3746 pro
3646 3679 3767 3746 igne

2180 3764 2454 3833 ingerens;
2480 3765 2592 3820 sive
2627 3779 2792 3835 opera
2833 3765 2950 3835 ejus
2979 3783 3096 3835 qum
3133 3779 3250 3837 post
3290 3777 3519 3823 mortem
3548 3770 3684 3822 Deus
3712 3769 3768 3822 in

2180 3854 2273 3909 illo
2299 3854 2468 3910 fuerat
2493 3865 2824 3912 crematurus
2844 3898 2858 3923 ,
2881 3872 2986 3912 non
3011 3859 3181 3913 solum
3209 3875 3303 3930 per
3326 3867 3518 3915 crctera
3549 3875 3665 3932 qua:
3689 3861 3765 3914 illi

2180 3956 2364 4013 erant,
2397 3961 2579 4002 verum
2610 3949 2767 4002 etiam
2800 3963 2892 4018 per
2917 3949 3054 4005 ﬁlios
3082 3951 3197 4022 ejus
3225 3936 3558 4022 significans.

2251 4037 2360 4094 Nec
2395 4038 2518 4094 ideo
2545 4054 2675 4095 sane
2701 4041 3028 4096 credendum
3061 4051 3144 4097 est
3172 4058 3264 4098 eos
3294 4058 3390 4113 pro
3428 4053 3644 4113 peccato
3674 4059 3766 4114 pa-

2182 4133 2278 4187 tris
2298 4172 2312 4198 ,
2335 4147 2365 4186 a
2386 4148 2492 4203 quo
2519 4134 2824 4190 innocentes
2845 4143 3000 4190 erant
3017 4179 3029 4202 ,
3061 4137 3216 4190 etiam
3243 4147 3362 4208 post
3387 4148 3611 4192 mortem
3634 4155 3764 4208 sup-

2183 4225 2342 4293 plicio
2386 4224 2578 4279 inferni
2610 4227 2746 4296 ignis
2776 4227 3040 4282 incensos.
3083 4228 3224 4283 Mors
3269 4231 3463 4300 quippe
3507 4232 3605 4286 ista
3646 4247 3766 4303 qua:

2181 4323 2369 4370 omnes
2396 4325 2606 4383 manet,
2636 4319 2877 4388 quamvis
2905 4319 2972 4374 de
2998 4319 3169 4388 primo
3200 4329 3419 4391 peccato
3448 4325 3655 4389 veniat,
3687 4334 3766 4378 ta-

2182 4422 2304 4462 men
2347 4408 2470 4476 quia
2509 4408 2576 4462 ita
2603 4410 2711 4463 nati
2741 4425 2953 4477 sumus,
2985 4419 3039 4464 ut
3083 4413 3386 4468 necessario
3429 4415 3765 4471 moriendum

2181 4499 2282 4562 sit,
2314 4500 2603 4555 accelerata
2639 4501 2955 4570 quibusdam
2982 4511 3063 4558 est
3107 4503 3267 4559 utilis.
3295 4503 3448 4561 Unde
3478 4506 3668 4577 legitur
3695 4507 3766 4564 de

2181 4591 2670 4664 quodamzRaptns
2709 4603 2811 4660 est,
2853 4609 2916 4648 ne
2962 4595 3155 4649 malitia
3201 4606 3414 4652 mutaret
3460 4597 3763 4653 intellectum

2183 4687 2291 4752 eius
2323 4684 2476 4757 (Sap.
2500 4700 2578 4753 ιν,
2611 4686 2723 4758 ll').
2768 4687 2886 4754 Quo
2913 4702 3040 4758 ergo
3060 4688 3261 4758 judicio
3293 4689 3414 4757 Dei,
3445 4693 3527 4746 vel
3557 4693 3766 4748 miseri-

2181 4779 2361 4833 cordia
2381 4821 2397 4846 ,
2427 4777 2585 4834 ﬁxerit
2622 4778 2850 4850 irrogata
2879 4778 2992 4836 sive
3032 4779 3152 4834 ﬁliis
3177 4780 3328 4852 ejus,
3361 4782 3472 4836 sive
3517 4782 3624 4837 illis
3667 4784 3764 4837 tri-

2181 4870 2322 4942 ginta
2349 4883 2444 4927 sex
2471 4871 2600 4926 viris
2619 4912 2634 4936 ,
2658 4884 2779 4927 cum
2811 4884 2998 4925 omnes
3025 4872 3092 4926 ab
3111 4875 3226 4941 ejus
3253 4881 3470 4942 peccato
3495 4872 3653 4928 alieni
3683 4872 3759 4929 fu-

2183 4963 2359 5030 erint,
2392 4964 2516 5018 latet
2550 4963 2692 5032 apud
2721 4979 2841 5018 eum
2871 4963 3012 5034 apud
3051 4981 3206 5034 quem
3248 4981 3350 5019 non
3381 4975 3462 5020 est
3515 4965 3766 5037 iniquitas

2184 5054 2358 5129 (Rom.
2389 5055 2611 5128 tx,14).
2642 5055 2840 5110 Verum
2868 5056 2996 5111 illud
3033 5057 3083 5110 in
3123 5066 3370 5127 promptu
3404 5068 3514 5124 est,
3540 5057 3678 5129 quod
3711 5069 3767 5114 et

2185 5148 2435 5220 populum
2481 5147 2784 5202 terribiliter
2820 5149 3100 5217 oportebat
3129 5164 3371 5220 quaerere
3399 5149 3538 5220 quod
3565 5149 3766 5205 admis-

2182 5255 2299 5296 sum
2328 5249 2439 5305 est;
2466 5251 2518 5294 et
2547 5248 2694 5295 tanto
2729 5241 3096 5298 vehementius
3133 5243 3420 5300 timuerunt
3456 5246 3634 5299 caeteri
3681 5241 3767 5298 fa-

2183 5343 2326 5388 ctum
2355 5334 2470 5402 ejus
2495 5333 2705 5398 imitari,
2734 5343 2930 5404 quanto
2956 5337 3122 5404 magis
3153 5335 3379 5391 humana
3407 5336 3658 5391 exhorret
3683 5335 3766 5390 in-

2186 5425 2441 5491 ﬁrmitas,
2477 5435 2529 5481 et
2566 5425 2618 5480 in
2648 5435 2755 5481 tam
2797 5443 3042 5498 magnum
3090 5437 3300 5500 tamque
3338 5427 3541 5499 justum
3583 5428 3762 5500 populi

2183 5519 2361 5572 odium
2387 5518 2536 5582 dari,
2568 5529 2623 5574 et
2649 5521 2725 5574 eis
2755 5535 2890 5590 quos
2924 5520 2990 5576 ad
3016 5535 3166 5591 spem
3202 5523 3526 5593 propagandi
3551 5523 3761 5596 generis

2183 5627 2242 5668 se
2271 5612 2577 5667 relicturum
2609 5612 2855 5683 putabat,
2884 5623 3101 5684 peccato
3120 5629 3217 5670 suo
3237 5628 3416 5670 secum
3433 5614 3762 5686 consumptis

2183 5707 2293 5762 suis
2319 5705 2543 5776 posteris
2565 5705 2753 5760 emori.

2256 5797 2323 5853 Χ.
2345 5796 2442 5871 [lb-.
2471 5814 2580 5866 vm,
2601 5795 2691 5873 2.]
2711 5797 2863 5865 Quod
2892 5797 3032 5853 Deus
3051 5799 3201 5869 jubet
3222 5799 3445 5872 loquens
3469 5800 3535 5854 ad
3553 5799 3757 5868 Iesum,

2183 5898 2243 5948 ut
2270 5892 2563 5947 constituat
2577 5891 2966 5947 sibi-retrorsus
2993 5889 3208 5946 insidias
3225 5933 3240 5961 ,
3265 5890 3317 5947 id
3344 5902 3427 5948 est
3447 5891 3762 5952 insidiantes
