4136 6460
427 418 524 487 781

430 524 713 601 bellatores
738 542 805 596 ad
826 537 1181 597 insidiandum
1201 537 1441 595 hostibus
1460 579 1474 605 ,
1502 536 1627 593 hinc
1646 536 1997 594 admonemur

432 650 534 691 non
557 634 751 703 injuste
778 632 892 688 ﬁeri
921 630 989 685 ab
1016 630 1102 686 his
1124 632 1215 702 qui
1239 629 1441 701 justum
1476 628 1677 684 bellum
1698 639 1890 699 gerunt
1914 647 1927 684 :
1949 630 2011 684 ut

433 726 563 781 nihil
604 724 770 780 homo
801 722 974 793 justus
1013 722 1279 794 praecipue
1317 722 1551 790 cogitare
1587 720 1779 776 debeat
1827 720 1883 774 in
1923 720 2007 775 his

431 818 621 883 rebus,
650 814 753 869 nisi
774 822 830 868 ut
842 813 1042 883 justum
1070 812 1267 867 bellum
1292 811 1546 881 suscipiat
1562 852 1577 877 ,
1604 811 1908 868 euibellare
1931 810 2012 866 ias

432 917 546 972 est;
578 920 686 961 non
716 906 857 961 cuitu
884 917 1133 959 omnibus
1158 903 1239 958 fas
1279 910 1381 959 est.
1422 901 1560 957 Cum
1594 913 1772 959 autem
1809 903 2013 973 justum

435 999 634 1054 bellum
660 996 973 1067 susceperit,
993 1002 1169 1051 utrum
1190 1004 1377 1065 aperta
1396 1008 1588 1065 pug-na,
1609 1000 1784 1049 utrum
1808 994 2015 1049 insidiis

434 1090 642 1153 vincat,
665 1086 799 1141 nihil
825 1086 891 1141 ad
918 1086 1180 1156 justitiam
1220 1085 1461 1140 interest.
1487 1083 1639 1139 inata
1666 1092 1847 1139 autem
1874 1083 2013 1138 bella

434 1180 643 1235 deliniri
664 1179 872 1247 solent,
899 1192 1019 1248 quae
1044 1177 1372 1232 ulciscuntur
1398 1174 1652 1246 injurias,
1680 1176 1725 1231 si
1756 1190 1859 1245 qua
1883 1186 2012 1245 gens

436 1271 518 1325 vel
537 1271 725 1325 civitas
744 1310 761 1336 ,
790 1284 910 1340 quae
932 1269 1073 1324 bello
1114 1266 1340 1339 petenda
1365 1276 1477 1335 est,
1507 1267 1593 1323 vel
1628 1267 1897 1323 vindicare
1921 1282 2015 1323 ne-

433 1362 659 1430 glexerit
681 1360 822 1431 quod
846 1376 874 1413 a
896 1360 1007 1415 suis
1034 1359 1277 1431 improbe
1304 1359 1505 1415 factum
1529 1368 1613 1415 est
1632 1401 1646 1425 ,
1678 1359 1763 1415 vel
1788 1359 2015 1415 reddere

434 1452 576 1522 quod
618 1467 711 1521 per
749 1453 969 1522 injurias
995 1452 1228 1507 ablatum
1258 1462 1361 1508 est.
1390 1452 1495 1508 Sed
1534 1452 1697 1508 etiam
1721 1451 1825 1507 hoc
1846 1467 2015 1523 genus

434 1544 563 1597 belli
588 1546 705 1599 sine
722 1544 1051 1599 dubitatione
1073 1545 1272 1613 justum
1299 1554 1381 1600 est
1397 1580 1415 1611 ,
1443 1544 1585 1615 quod
1612 1546 1750 1599 Deus
1768 1545 2012 1615 imperat,

433 1636 571 1707 apud
616 1652 777 1706 quem
821 1652 927 1692 non
957 1646 1039 1692 est
1077 1638 1357 1708 iniquitas,
1384 1646 1439 1693 et
1473 1640 1620 1693 novit
1659 1639 1785 1708 quid
1824 1640 2015 1709 cuique

437 1728 549 1783 ﬁeri
575 1728 787 1785 debeat.
817 1729 876 1784 In
899 1743 1006 1800 quo
1025 1729 1168 1785 bello
1186 1728 1375 1785 ductor
1394 1731 1659 1786 exercitus
1677 1730 1758 1785 vel
1786 1732 1899 1800 ipse
1915 1746 2015 1800 po-

436 1820 587 1887 pulus
606 1862 620 1886 ,
652 1832 756 1876 non
783 1832 887 1876 tam
926 1832 1112 1877 auctor
1136 1821 1261 1878 belli
1282 1862 1298 1891 ,
1326 1838 1485 1893 quam
1514 1823 1757 1878 minister
1772 1822 2016 1893 judican-

434 1909 533 1964 dus
560 1921 662 1966 est.

506 2002 594 2055 XI.
641 2000 741 2076 [lb.
769 2018 882 2069 vni,
902 2002 1045 2077 με]
1071 2004 1227 2060 Jesus
1252 2007 1468 2061 mittens
1500 2004 1569 2060 ad
1613 2004 1709 2061 Gai
1737 2005 2013 2061 debellan-

435 2094 559 2148 dum
588 2096 799 2166 triginta
826 2096 991 2152 millia
1023 2098 1339 2153 bellatorum
1358 2138 1375 2165 ,
1406 2098 1480 2152 ait
1509 2098 1649 2153 illis:
1682 2097 1781 2152 Vos
1806 2099 2018 2152 insidia—-

435 2186 607 2240 bimini
633 2197 747 2258 post
780 2189 1027 2243 ciuitatem
1045 2230 1060 2255 ,
1084 2198 1137 2244 et
1165 2206 1267 2244 non
1296 2190 1445 2261 longe
1476 2190 1616 2244 eritis
1653 2207 1686 2243 a
1717 2191 1945 2257 civitate,
1968 2199 2021 2243 et

434 2279 571 2333 eritis
600 2292 773 2335 onum
803 2282 971 2354 parati
990 2297 1009 2335 :
1028 2292 1075 2335 et
1103 2298 1193 2354 ego
1216 2292 1264 2338 et
1286 2283 1453 2337 omnis
1480 2284 1699 2353 populus
1719 2284 1805 2355 qui
1824 2299 2019 2336 mecum

433 2378 505 2423 est
523 2411 537 2434 ,
566 2371 859 2427 accedemus
882 2372 951 2425 ad
987 2373 1254 2428 ciuitatem.
1281 2372 1352 2427 Et
1375 2374 1502 2440 erit,
1534 2390 1649 2428 cum
1692 2375 1902 2430 exierint
1928 2375 2017 2446 qui

432 2471 805 2516 comorantnr
829 2463 884 2516 in
922 2462 1048 2529 Gai,
1079 2464 1135 2517 in
1171 2464 1368 2519 obviam
1400 2465 1574 2531 nobis,
1603 2467 1734 2520 sicut
1759 2476 1936 2532 antea,
1968 2473 2017 2520 et

434 2554 679 2624 fugiemus
698 2568 733 2607 α
755 2556 884 2626 facie
905 2557 1129 2610 illarum.
1164 2556 1232 2611 Et
1258 2573 1372 2611 eam
1399 2558 1613 2612 exierint
1631 2566 1740 2629 post
1765 2575 1859 2612 nos
1877 2600 1891 2625 ,
1922 2559 2017 2612 ad-

432 2644 668 2700 ducemus
685 2645 805 2701 illos
826 2647 888 2701 de
912 2649 1109 2702 civitate
1124 2690 1139 2716 ,
1167 2658 1217 2702 et
1242 2647 1439 2713 dicent,
1468 2648 1695 2721 Fugiunt
1720 2651 1805 2704 isti
1830 2666 1863 2703 a
1884 2651 2021 2722 facie

431 2746 628 2803 nostra,
657 2739 785 2792 sicut
822 2748 991 2794 antea.
1037 2740 1134 2794 Vos
1156 2751 1324 2795 autem
1356 2743 1635 2814 exsurgens
1661 2758 1729 2796 ea:
1742 2743 1945 2798 insidiis
1966 2752 2017 2798 et

428 2827 564 2882 ibitis
612 2829 665 2882 in
710 2830 976 2883 civitatem.
1028 2829 1318 2886 Secundam
1365 2833 1565 2886 verbum
1612 2832 1753 2887 istud
1794 2834 2010 2906 facietis.

429 2916 561 2972 Ecce
582 2921 821 2991 prccipio
841 2922 995 2975 vobis.
1026 2922 1380 2989 Qumrendum
1415 2932 1499 2979 est
1525 2933 1700 2979 utrum
1722 2926 1901 2982 Omnis
1915 2940 2014 2981 vo-

427 3007 605 3064 luntas
634 3010 847 3066 fallendi
876 3026 973 3081 pro
998 3012 1275 3069 mendacio
1300 3014 1601 3083 deputanda
1640 3017 1740 3082 sit;
1769 3026 1823 3071 et
1855 3017 1898 3071 si
1941 3018 2017 3071 ita

428 3109 543 3168 est,
573 3113 747 3157 utrum
775 3106 941 3173 possit
982 3104 1182 3175 justum
1227 3120 1348 3161 esse
1386 3107 1755 3174 mendacium,
1788 3124 1894 3180 quo
1922 3109 2016 3164 ille

428 3190 646 3260 fallitur,
676 3195 763 3264 qui
795 3194 986 3265 dignus
1008 3207 1091 3252 est
1115 3194 1227 3251 falli
1250 3206 1334 3251 :et
1354 3198 1395 3251 si
1422 3212 1491 3253 ne
1511 3199 1613 3254 hoc
1631 3200 1843 3270 quidem
1861 3216 2013 3255 men-

426 3284 633 3339 decium
650 3285 855 3354 justnm'
882 3288 1162 3356 reperitur,
1187 3295 1355 3343 restat
1376 3297 1433 3342 ut
1450 3289 1743 3345 secundum
1770 3291 2006 3361 aliquam

425 3378 863 3447 signiﬁcationem
891 3379 993 3435 hoc
1010 3422 1024 3445 ,
1047 3380 1191 3451 quod
1217 3379 1288 3437 de
1328 3381 1536 3437 insidiis
1569 3380 1769 3438 factum
1794 3392 1877 3439 est
1896 3410 1917 3450 ,-
1940 3384 2014 3438 ad

425 3469 700 3524 veritatem
718 3467 1005 3525 refcratur.

496 3562 612 3617 XII.
642 3563 739 3637 [lb.
782 3574 866 3631 rx,
888 3566 924 3620 5
951 3564 1063 3639 l3.]
1089 3565 1241 3633 Quod
1283 3563 1593 3624 Gabaonitaa
1636 3577 1899 3625 venerunt
1941 3570 2011 3625 ad

424 3654 611 3711 Jesum
635 3672 759 3712 cum
782 3656 1005 3714 vetustis
1039 3659 1263 3729 panibus
1292 3669 1347 3715 et
1371 3661 1570 3728 saccis,
1594 3671 1651 3717 ut
1669 3671 2007 3733 putarentur,

425 3749 563 3803 sicut
593 3749 885 3817 tinxerant,
907 3750 976 3805 de
1007 3760 1146 3805 terra
1188 3753 1402 3808 venisse
1443 3753 1758 3823 longinqua,
1788 3770 1894 3825 quo
1930 3756 2011 3812 eis

425 3850 735 3909 parceretur
758 3839 1124 3916 (constitutum
1145 3844 1291 3899 enim
1309 3853 1423 3899 erat
1446 3860 1475 3898 a
1498 3847 1743 3914 Domino,
1759 3861 1828 3903 ne
1850 3848 2011 3903 alicui

425 3940 602 3988 terras
642 3934 759 3987 illas
793 3935 1104 3990 inhabitanti
1154 3944 1460 4005 parcerent,
1490 3952 1597 4008 quo
1636 3938 2010 4009 ingredieban-

432 4022 542 4093 tur)
572 4040 587 4077 :
619 4026 859 4080 nonnulli
884 4026 1098 4082 codices
1134 4037 1189 4082 et
1213 4029 1371 4098 grzeci
1400 4037 1456 4084 et
1482 4030 1631 4084 latini
1677 4031 1893 4099 habent,
1934 4031 2007 4087 Et

424 4115 727 4185 accipientes
750 4132 921 4179 saccos
941 4128 1125 4174 veteres
1151 4134 1305 4191 super
1326 4120 1561 4177 humeros
1586 4138 1742 4188 suos;
1766 4124 1857 4178 alii
1879 4139 2008 4181 vero

424 4207 513 4275 qui
544 4210 844 4263 veraciores
862 4208 1127 4275 videntur,
1160 4226 1268 4266 non
1305 4213 1531 4279 habent,
1559 4231 1710 4287 super
1735 4217 2009 4286 humeros,

423 4297 545 4359 sed,
565 4315 717 4370 super
740 4302 910 4356 asinos
928 4318 1067 4357 suos.
1096 4302 1400 4361 Similitudo
1419 4306 1561 4361 enim
1585 4308 1732 4363 verbi
1754 4309 1810 4363 in
1831 4310 2009 4380 graeca

423 4389 601 4461 lingua
655 4395 1068 4451 mendositatem
1113 4398 1321 4454 facilem
1376 4399 1528 4466 fecit,
1570 4410 1626 4456 et
1673 4402 1796 4458 ideo
1839 4403 2009 4460 latina

421 4498 633 4554 quoque
667 4489 989 4558 exemplaria
1013 4490 1212 4545 variata
1254 4500 1411 4548 sunt:
1432 4498 1567 4563 ὤμων
1590 4494 1785 4566 quippe
1812 4507 1865 4552 et
1890 4504 2007 4553 tim

421 4589 526 4629 non
556 4577 780 4633 multum
809 4579 878 4634 ab
903 4581 1127 4637 invicem
1149 4582 1463 4653 dissonent,
1478 4600 1705 4655 quorum
1728 4589 1877 4659 prius
1906 4590 2005 4644 hn-

420 4682 691 4724 merorum
739 4684 937 4727 nomen
973 4683 1082 4739 est,
1120 4676 1393 4746 posterius
1432 4678 1725 4734 asinorum.
1756 4680 1879 4737 ideo
1920 4691 2006 4738 est

420 4767 596 4816 autem
625 4759 696 4816 de
718 4763 885 4817 asinis
908 4764 1217 4821 credibilius
1234 4807 1251 4831 ,
1281 4768 1532 4837 quoniam
1569 4783 1629 4825 se
1653 4783 1684 4825 a
1709 4784 1805 4826 sna
1843 4780 2007 4842 gente

420 4849 713 4922 longinqua
743 4854 937 4911 missos
981 4870 1103 4913 esse
1141 4857 1392 4914 dixerunt
1419 4876 1437 4914 :
1463 4860 1605 4916 unde
1642 4873 1867 4933 apparet
1905 4878 2007 4921 eos

419 4940 583 4999 fuisse
610 4944 809 5015 legatos
826 4972 851 5012 ,ι
869 4955 925 5003 et
952 4948 1074 5004 ideo
1094 4951 1260 5020 magis
1284 4951 1337 5006 in
1362 4952 1527 5008 asinis
1555 4969 1712 5024 (piam
1734 4955 1789 5010 in
1816 4956 2005 5013 hume-

418 5035 491 5090 ris
516 5038 818 5093 necessaria
847 5048 1062 5109 portare
1086 5041 1340 5113 potuisse
1370 5061 1385 5111 ;
1415 5045 1539 5116 quia
1583 5060 1681 5103 nec
1703 5048 1857 5103 multi
1880 5064 2007 5106 esse

418 5136 690 5198 poterant;
716 5138 772 5185 et
812 5146 921 5185 non
962 5132 1134 5187 solum
1163 5140 1378 5202 ncces,
1404 5136 1507 5192 sed
1543 5138 1707 5195 etiam
1735 5148 1879 5197 utres
1904 5152 2003 5198 eos

419 5229 658 5288 portasse
685 5220 961 5294 Scriptura
985 5238 1389 5285 commemorat.

487 5310 625 5368 XIII.
659 5312 759 5387 [lb.
787 5331 875 5383 rx,
904 5316 1222 5391 19.].Quarri
1264 5330 1437 5390 potest
1477 5325 1749 5395 quomodo
1776 5326 2003 5398 juratio-

422 5415 540 5458 nem
566 5407 885 5463 servandam
919 5423 1042 5465 esse
1083 5411 1405 5468 crediderint
1435 5415 1642 5471 Heln-aii
1669 5416 2003 5487 Gabaonitis;

421 5493 609 5563 quibus
638 5496 708 5551 ita
746 5496 1092 5569 juraverant,
1137 5509 1387 5571 tanquam
1415 5504 1486 5561 de
1530 5507 1812 5578 longinqua
1856 5514 1999 5566 terra

422 5587 770 5655 venientibus,
797 5591 933 5646 sicut
960 5592 1035 5647 illi
1061 5593 1265 5648 mentiti
1294 5594 1523 5653 fuerant.
1579 5597 1829 5654 Sciebant
1852 5603 1994 5656 enim

418 5691 480 5734 se
501 5678 867 5748 debellandos,
896 5683 941 5738 si
966 5685 1234 5756 cognitum
1254 5697 1397 5743 esset
1424 5689 1663 5745 Hebraeis
1690 5690 1743 5746 in
1764 5707 1825 5747 ea
1854 5703 2001 5761 terra

418 5783 517 5825 eos
557 5769 833 5841 habitare,
880 5788 1039 5842 quam
1088 5776 1405 5847 promissam
1451 5779 1660 5837 fuerant
1707 5783 1994 5840 interiectis

423 5860 789 5921 habitantibus
833 5867 1115 5923 retenturi.
1166 5868 1538 5929 Mentientibus
1582 5876 1710 5946 ergo
1746 5872 1889 5946 quod
1927 5877 2001 5933 de

1802 413 2009 478 LIBER
2041 414 2327 480 SEXTUS.

2116 534 2399 608 longinqua
2445 541 2588 593 terra
2632 534 2703 592 ad
2748 548 2845 595 eos
2887 532 3166 596 venissent
3184 579 3201 606 ,
3246 537 3562 613 itu-avorum
3606 546 3688 604 eis

2111 624 2385 683 Israelita.
2412 627 2761 699 Posteaquam
2797 643 2926 686 vero
2963 642 3325 703 cognoverunt
3348 633 3423 688 ibi
3459 649 3554 691 eos
3590 634 3688 693 ha-

2113 720 2310 787 bitare,
2334 721 2428 777 ubi
2444 734 2629 777 entnes
2653 736 2789 793 quos
2811 723 3120 781 invenerant
3135 725 3425 781 secundum
3445 726 3541 784 Dei
3560 743 3699 799 pra:-

2113 816 2327 881 ce'ptum
2354 811 2627 868 debellare
2661 812 2976 883 oportebat,
3016 814 3301 874 noluerunt
3338 826 3515 875 tamen
3542 819 3690 876 fran-

2112 918 2240 973 gere
2277 904 2596 973 iurationem
2628 924 2642 960 :
2672 914 2727 962 et
2768 906 2893 963 licet
2928 921 3024 963 eos
3050 908 3303 965 mentitos
3329 926 3448 968 esse
3471 912 3691 971 didicis-

2114 1002 2255 1059 sent,
2282 1006 2505 1066 parcere
2531 996 2834 1053 maluerunt
2870 997 3153 1068 jurationis
3177 1015 3367 1068 causa;
3415 1018 3536 1060 cum
3567 1021 3691 1076 pos-

2116 1096 2236 1143 sent
2262 1088 2444 1158 utique
2466 1088 2646 1144 dicere
2669 1103 2732 1146 se
2760 1098 2960 1145 tantum
2990 1091 3096 1147 illis
3114 1092 3325 1163 jurasse
3351 1096 3369 1129 ¹
3386 1138 3401 1161 ,
3434 1112 3569 1168 quos
3597 1114 3694 1156 eos

2115 1191 2238 1234 esse
2266 1178 2625 1245 crediderant,
2654 1179 2709 1235 id
2736 1182 2900 1239 estde
2924 1182 3213 1255 lonqinquo
3239 1188 3547 1255 venientes;
3574 1206 3696 1248 cum

2116 1284 2248 1325 vero
2271 1270 2422 1326 aliud
2441 1280 2825 1340 cognoverunt,
2854 1285 3172 1346 praeceptum
3200 1278 3339 1335 circa
3365 1295 3459 1336 eos
3488 1282 3698 1339 Domini

2116 1359 2445 1431 implendum
2462 1371 2599 1429 erat,
2628 1371 2695 1418 ut
2712 1364 2868 1421 sicuti
2882 1368 3062 1424 czeteri
3078 1382 3531 1441 expugnarentur.
3559 1376 3698 1432 Deus

2118 1461 2295 1507 autem
2328 1452 2428 1508 hoc
2455 1454 2767 1524 approbavit
2789 1495 2807 1523 ,
2849 1472 2951 1514 nec
2991 1462 3330 1529 parcentibus
3351 1466 3659 1523 succensuit
3681 1456 3723 1524 εί

2118 1546 2358 1613 quamvis
2386 1562 2507 1603 eum
2538 1564 2646 1604 non
2680 1549 3096 1622 interrogassent
3135 1556 3351 1626 quinam
3393 1558 3470 1614 illi
3496 1572 3701 1629 essent,

2118 1645 2173 1692 et
2200 1637 2323 1694 ideo
2358 1654 2454 1695 eos
2499 1640 2576 1695 illi
2616 1639 2801 1698 fallere
2829 1643 3143 1701 valuissent.
3188 1646 3341 1705 Unde
3367 1665 3471 1705 non
3500 1652 3703 1723 impor-

2119 1736 2246 1784 tune
2286 1730 2469 1802 utique
2496 1732 2751 1789 credendi
2791 1743 2917 1791 sunt
2943 1776 2962 1805 ,
3004 1738 3105 1793 etsi
3130 1737 3313 1796 fallere
3339 1740 3580 1815 homines
3605 1761 3702 1817 pro

2121 1834 2219 1874 sua
2241 1821 2414 1878 salute
2448 1823 2765 1892 voluerunt,
2806 1841 2914 1883 non
2948 1838 3126 1885 tamen
3154 1830 3412 1890 fallaciter
3439 1836 3605 1892 Deum
3636 1838 3705 1894 ti-

2121 1913 2325 1970 muisse
2371 1915 2422 1969 in
2470 1915 2668 1985 populo
2711 1916 2828 1989 ejus
2869 1936 2887 1976 :
2926 1930 3210 1991 propterea
3256 1939 3356 1981 nec
3402 1931 3705 1987 succensuit

2121 2005 2376 2060 Dominus
2398 2006 2702 2077 jurantibus
2726 2017 2820 2066 aut
2856 2014 3194 2081 parcentibus
3213 2055 3232 2083 ,
3273 2016 3409 2074 adeo
3433 2028 3492 2076 ut
3519 2032 3701 2091 postea

2124 2095 2446 2154 Gabaonitas
2472 2100 2616 2170 ipsos
2632 2109 2880 2172 tanquam
2901 2106 3079 2176 populi
3103 2109 3184 2162 sui
3202 2108 3444 2167 homines
3459 2114 3526 2169 de
3540 2114 3704 2173 domo

2120 2188 2247 2243 Saul
2286 2189 2669 2260 vindicaverit,
2710 2192 2848 2250 sicut
2884 2194 3190 2266 Regnorum
3216 2204 3448 2258 ostendit
3481 2204 3705 2264 historia

2124 2279 2187 2350 (ll
2215 2281 2341 2351 Reg.
2376 2296 2494 2347 ut,
2510 2282 2657 2355 l-9).
2684 2284 2750 2340 Et
2778 2288 3027 2357 quoniam
3050 2289 3248 2360 juratio
3271 2294 3348 2350 sic
3371 2305 3580 2354 servata
3595 2309 3701 2369 est,

2119 2374 2362 2439 quamvis
2388 2374 2440 2426 in
2467 2373 2772 2432 hominibus
2797 2377 2889 2448 qui
2914 2382 3119 2436 mentiti
3143 2394 3289 2453 sunt,
3312 2395 3369 2441 ut
3387 2389 3453 2443 ad
3477 2391 3703 2449 clemen-

2124 2462 2253 2518 tiam
2272 2466 2537 2520 sententia
2566 2468 2886 2536 ﬂecteretur,
2913 2485 3021 2527 non
3044 2472 3311 2545 displicuit
3336 2478 3464 2535 Deo.
3492 2481 3623 2538 Nam
3653 2485 3702 2541 si

2121 2568 2152 2608 e
2193 2556 2463 2610 contrario
2500 2556 2769 2626 iurassent
2803 2559 3008 2631 aliquos
3032 2578 3092 2619 se
3116 2565 3515 2636 interfecturos,
3567 2590 3701 2644 quos

2126 2645 2448 2702 Gabaonitas
2478 2648 2529 2703 in
2560 2656 2701 2705 terra
2728 2652 3095 2720 promissionis
3120 2670 3240 2714 esse
3270 2662 3618 2732 putavissent,
3646 2672 3703 2723 et

2118 2747 2304 2809 postea
2349 2738 2659 2795 didicissent
2697 2756 2793 2798 eos
2829 2758 2951 2801 esse
2977 2745 3046 2801 ab
3082 2747 3171 2803 illa
3208 2758 3346 2806 terra
3393 2762 3697 2826 extraneos,

2117 2836 2173 2883 et
2194 2829 2261 2884 de
2291 2830 2579 2902 longinquo
2605 2833 2671 2888 ad
2702 2849 2761 2890 se
2790 2837 3001 2893 venisse
3026 2879 3042 2906 ,
3074 2840 3221 2896 nullo
3249 2844 3408 2899 modo
3431 2847 3700 2904 arbitran-

2117 2920 2243 2977 dum
2272 2932 2372 2985 est,
2399 2924 2541 2994 quod
2563 2940 2658 2981 eos
2685 2938 2865 2984 essent
2888 2929 3202 2987 debellaturi
3238 2949 3397 2993 causa
3417 2937 3701 3007 jurationis

2120 3016 2404 3085 implenda:
2435 3035 2448 3071 :
2478 3033 2600 3073 cum
2644 3031 2863 3090 propter
2891 3022 3057 3093 ipsam
3087 3028 3336 3095 parcendi
3360 3029 3701 3089 clementiam

2118 3118 2333 3163 sanctus
2360 3110 2524 3166 David
2548 3154 2562 3178 ,
2591 3113 2749 3168 etiam
2778 3122 2901 3183 post
2929 3116 3089 3171 verba
3114 3118 3306 3189 quibus
3332 3135 3391 3177 se
3418 3121 3583 3179 Nabal
3612 3125 3697 3179 in-

2118 3201 2464 3258 terfecturum
2487 3219 2608 3260 esse
2622 3204 2920 3276 juraverat,
2951 3210 3129 3282 utique
3155 3213 3329 3269 sciens
3348 3232 3507 3286 quem
3525 3216 3700 3275 fuerat

2116 3293 2496 3351 interfecturus
2517 3337 2535 3363 ,
2563 3312 2781 3367 parcere
2807 3302 3026 3368 maluit,
3066 3318 3166 3358 nec
3190 3305 3241 3359 in
3267 3322 3327 3361 re
3355 3308 3567 3368 duriore
3591 3310 3694 3367 im-

2114 3387 2264 3455 plere
2306 3387 2666 3456 juramentum
2716 3390 2772 3461 (ι
2817 3389 2944 3463 Reg.
2976 3408 3121 3462 xxv,
3182 3395 3292 3465 22,
3335 3398 3474 3474 53);
3524 3398 3692 3469 magis

2116 3478 2229 3533 Deo
2256 3479 2468 3549 placere
2506 3482 2850 3549 existimans,
2898 3486 2944 3540 si
2981 3488 3123 3556 quod
3164 3489 3239 3545 ira
3266 3495 3596 3563 perturbatus
3620 3492 3689 3548 ad

2114 3570 2413 3625 nocendum
2431 3572 2730 3641 juraverat,
2756 3591 2860 3629 non
2882 3576 3113 3648 fecisset,
3131 3597 3290 3653 quam
3306 3586 3347 3639 si
3364 3583 3688 3657 perfecisset.

2184 3661 2323 3718 XIV.
2354 3662 2454 3736 [lb.
2482 3681 2547 3731 ι,
2578 3666 2610 3721 7
2630 3706 2646 3731 ,
2664 3665 2753 3741 8.}.
2775 3667 2906 3724 Cum
2935 3671 3137 3730 obsessi
3164 3675 3462 3733 Gabaonitze
3485 3690 3515 3728 a
3544 3678 3686 3752 regi-

2112 3753 2212 3809 bus
2240 3755 2671 3814 Amorrhteorum
2689 3802 2704 3827 ,
2730 3763 2997 3820 misissent
3026 3766 3093 3822 ad
3117 3768 3320 3836 Jesum,
3339 3774 3393 3820 αι
3418 3767 3519 3823 sibi
3544 3772 3676 3827 sub-

2112 3845 2416 3913 veniretur;
2448 3848 2521 3903 ita
2546 3848 2820 3922 Scriptura
2848 3856 3105 3926 sequitur,
3137 3868 3191 3915 et
3217 3856 3335 3915 dicit
3362 3872 3377 3909 :
3409 3856 3479 3911 Et
3504 3876 3682 3919 ascen—

2112 3937 2184 3992 dit
2210 3938 2362 3994 Iesus
2391 3957 2423 3994 a
2449 3940 2667 4014 Galgala
2684 3986 2700 4011 ,
2747 3946 2859 4016 ipse
2878 3958 2925 4003 et
2953 3951 3113 4006 omnis
3145 3947 3353 4023 ρφιιιαε
3380 3949 3683 4013 bellatorum

2112 4046 2225 4084 cum
2255 4031 2375 4100 illo,
2416 4036 2579 4091 omnis
2610 4048 2784 4107 potens
2814 4042 2868 4095 in
2902 4043 3203 4111 fortitudine.
3252 4040 3318 4095 Et
3346 4043 3473 4098 dixit
3497 4046 3681 4105 Denti-

2111 4140 2205 4178 nus
2232 4125 2300 4177 ad
2325 4127 2358 4178 J
2363 4143 2530 4194 esum,
2564 4126 2690 4185 Noli
2730 4132 2903 4186 timere
2942 4134 3090 4189 illos:
3120 4130 3173 4183 in
3200 4146 3380 4189 manus
3408 4138 3540 4191 enim
3569 4150 3684 4197 tuas

2111 4218 2296 4270 tradidi
2322 4234 2405 4273 eos
2431 4234 2451 4274 :
2475 4236 2576 4275 non
2600 4221 2828 4277 subsistet
2849 4240 2913 4279 ac
2934 4225 3031 4280 illis
3050 4220 3310 4291 quisquam
3327 4241 3499 4282 coram
3522 4231 3679 4288 vobis.

2115 4306 2209 4364 Ubi
2238 4324 2409 4380 neque
2436 4313 2710 4368 consultus
2733 4323 2814 4368 est
2849 4310 3096 4370 Dominus
3121 4321 3295 4369 utrum
3337 4318 3568 4375 eundum
3611 4322 3681 4380 ad

2108 4415 2201 4455 eos
2238 4410 2421 4469 esset;
2461 4405 2555 4460 sed
2584 4407 2722 4461 ultro
2747 4407 2859 4461 suis
2880 4410 3019 4457 recte
3042 4402 3326 4464 subvenire
3351 4411 3673 4483 volentibus,

2106 4489 2338 4548 Luturam
2395 4495 2670 4551 victoriam
2721 4493 3101 4567 praenuntiavit.
3153 4496 3241 4553 Sic
3287 4514 3416 4572 ergo
3465 4518 3669 4575 posset,

2106 4584 2349 4653 quamvis
2373 4601 2477 4642 non
2497 4587 2784 4651 consultus,
2810 4583 2877 4639 de
2897 4584 3026 4655 ipsis
3038 4585 3347 4649 Gabaonitis
3363 4594 3673 4668 admonere,

2106 4674 2197 4745 qui
2222 4685 2421 4743 essent,
2448 4692 2569 4732 cum
2598 4693 2658 4734 se
2682 4675 2996 4748 longinquos
3020 4692 3141 4737 esse
3160 4686 3542 4759 mentirentur,
3572 4694 3674 4751 nisi

2105 4766 2154 4821 ei
2174 4766 2463 4837 placuisset
2485 4768 2574 4825 illa
2592 4766 2817 4837 iuratio,
2853 4783 2973 4840 qua:
2996 4771 3250 4844 subjectis
3272 4792 3492 4849 parcere
3515 4798 3676 4855 coge.

2105 4868 2207 4915 ret.
2246 4858 2592 4919 Credideram
2618 4861 2760 4917 enim
2788 4862 2899 4921 Deo
2916 4906 2932 4931 ,
2958 4881 3117 4936 quem
3140 4873 3420 4933 audierant
3447 4892 3544 4933 suo
3569 4896 3669 4950 po-

2106 4953 2230 5023 pulo
2265 4956 2567 5025 promisisse
2584 4955 2723 5026 quod
2748 4955 2865 5012 illas
2880 4969 3067 5030 gentes
3080 4964 3430 5038 subverteret,
3460 4986 3677 5030 eorum-

2101 5060 2207 5116 que
2235 5054 2427 5103 terram
2455 5046 2750 5113 obtineret;
2786 5058 2843 5107 et
2882 5049 3023 5110 hanc
3047 5068 3231 5112 eorum
3262 5058 3419 5116 tidem
3447 5077 3558 5120 non
3582 5079 3677 5123 eos

2104 5137 2372 5208 prodendo
2399 5138 2420 5169 ¹
2448 5141 2803 5196 remuneravit
2822 5143 3050 5213 quodam
3081 5147 3259 5204 modo.

2173 5228 2287 5286 xv.
2314 5224 2482 5301 [lb.x,
2509 5230 2562 5297 5,
2589 5229 2668 5304 6.]
2689 5218 2955 5301 Quaeritur
2969 5238 3412 5306 quemadmodum
3432 5259 3526 5301 rex
3547 5246 3678 5303 civi-

2102 5324 2222 5379 tatis
2243 5320 2537 5379 Jerusalem
2576 5324 2946 5385 Adonibezecb
2987 5338 3045 5386 et
3082 5333 3264 5390 cateri
3300 5345 3526 5407 quatuor
3553 5355 3674 5400 cum

2100 5414 2285 5488 quibus
2309 5414 2518 5471 obsedit
2544 5413 2885 5486 Gabaonitas,
2914 5422 3205 5480 secundum
3225 5426 3567 5502 Septuaginta
3595 5434 3679 5489 in-

2099 5510 2354 5575 terpretes
2372 5546 2388 5572 ,
2433 5506 2604 5576 primo
2646 5522 2800 5578 reges
2820 5509 3188 5572 Jebusaeorum
3208 5531 3332 5573 cum
3356 5520 3422 5576 ad
3448 5535 3543 5577 eos
3569 5524 3673 5580 ob-

2098 5597 2348 5653 sidendos
2373 5609 2756 5665 convenerunt,
2785 5612 2966 5671 postea
2992 5620 3120 5660 vero
3148 5623 3303 5680 reges
3334 5611 3676 5672 Amorrhaao-

2096 5705 2216 5745 rum
2256 5688 2500 5745 dicantur
2545 5690 2613 5747 ah
2653 5691 2783 5762 ipsis
2826 5692 3163 5764 Gabaonitis,
3208 5701 3420 5771 quando
3464 5707 3689 5767 nuntios

2162 5814 2335 5893 gaias,
2357 5825 2993 5893 se'tmqumntttisjwasse.
3351 5841 3357 5847 ·

2161 5887 2658 5941 incursantium.
2685 5887 3542 5967 θιΑἱη.ΑιΕι.θι1ιον.,ρα·άωρ.
