4136 6456
400 427 508 510 783

405 559 670 616 miserunt
708 550 775 608 ad
811 547 1027 613 Iesum,
1073 549 1133 598 ut
1156 553 1250 596 eos
1288 537 1355 593 de
1397 531 1674 591 obsidione
1715 525 1986 616 liberaret.

405 615 557 708 Sicut
580 655 757 704 autem
792 642 1055 713 inspicere
1079 632 1348 706 potuimus
1377 628 1430 684 in
1462 639 1526 681 ea
1554 615 1992 692 interpretatione

410 758 530 814 quae
554 756 623 808 ex
647 737 864 794 hebrzeo
881 707 972 789 est
989 771 1004 796 ,
1031 724 1314 794 utrobique
1341 715 1777 775 Amorrhaaorum
1801 707 1991 809 dicun-

408 797 498 891 tjur
526 803 688 888 :Ieum
728 831 938 884 constet
959 820 1324 877 Jebusacorum
1352 809 1515 866 fuisse
1547 819 1728 876 regem
1752 797 1986 857 civitatis

407 925 729 988 Jerusalem,
751 919 870 990 quia
887 917 998 987 ipsa
1014 919 1096 975 est
1109 909 1249 966 dicta
1261 905 1424 962 Jebus
1441 911 1688 971 tanquam
1705 895 1847 990 illius
1870 905 1993 962 gen-

412 1021 479 1075 tis
503 985 854 1085 metropolis;
883 985 937 1064 et
963 1013 1166 1076 septem
1191 1007 1377 1072 gentes
1406 991 1700 1064 saepissime
1720 985 1995 1055 Scriptura

413 1078 824 1169 commemoret,
875 1113 1010 1171 quas
1060 1091 1303 1166 promisit
1338 1089 1480 1144 Deus
1520 1078 1995 1139 exterminaturum

413 1220 470 1260 se
495 1217 615 1259 esse
640 1215 669 1253 a
697 1167 828 1252 facie
853 1167 1032 1263 populi
1061 1186 1179 1252 sui,
1223 1199 1288 1238 ex
1327 1179 1520 1251 quibus
1545 1189 1647 1230 una
1689 1167 1997 1263 perhibetur

414 1291 868 1351 Amorrhaeorum.
890 1281 1005 1338 Nisi
1031 1279 1169 1334 forte
1193 1276 1298 1331 hoc
1326 1285 1521 1328 nomen
1549 1261 1846 1322 universale
1876 1256 1995 1311 fue-

411 1397 492 1443 rat
522 1381 757 1440 omnium
778 1421 794 1446 ,
830 1385 920 1432 aut
956 1372 1131 1444 potius
1157 1365 1376 1438 majoris
1414 1361 1580 1434 partis
1608 1375 1622 1413 :
1650 1366 1708 1412 ut
1734 1369 1840 1409 non
1868 1363 1994 1414 una,

413 1481 509 1538 sed
557 1478 737 1550 plures
780 1473 835 1528 in
878 1469 962 1525 his
1007 1473 1210 1537 septem
1253 1463 1356 1514 hoc
1394 1455 1610 1511 nomine
1652 1452 1995 1508 tenerentur;

412 1537 656 1645 quamvis
698 1571 844 1622 esset
888 1561 1049 1617 etiam
1091 1570 1196 1611 una
1237 1552 1306 1607 de
1350 1557 1554 1618 septem
1580 1584 1594 1610 ,
1640 1555 1759 1612 qua:
1800 1537 1998 1645 Arnor-

415 1625 686 1721 rhtcorum
726 1653 941 1728 proprie
968 1656 1249 1704 vocaretur
1295 1642 1432 1696 sicut
1475 1643 1557 1692 est
1591 1646 1716 1705 pars
1755 1625 1998 1700 quaedam

411 1773 532 1829 qua:
561 1718 776 1826 proprie
805 1718 1000 1804 dicitur
1026 1742 1190 1813 Libya
1210 1780 1225 1806 ,
1257 1732 1497 1807 quamvis
1523 1729 1628 1784 hoc
1652 1738 1848 1781 nomen
1878 1718 1996 1774 uni-

412 1819 582 1905 versae.
611 1843 806 1900 Africa:
846 1842 1148 1908 compelat;
1194 1839 1248 1886 et
1293 1841 1417 1898 pars
1461 1819 1704 1893 quadam
1728 1830 1846 1886 qua:
1873 1825 2000 1882 pro-

413 1941 530 2012 prie
565 1937 758 1994 dicitur
789 1931 912 1988 Asia
939 1970 954 1997 ,
999 1923 1238 1998 quamvis
1263 1919 1444 1975 Asiam
1471 1913 1557 1969 vel
1583 1908 1859 1967 dimidium
1889 1912 2001 2012 ter-

416 1993 600 2086 barum
641 2026 828 2083 orbem
861 1993 1073 2093 quidam
1096 2059 1110 2083 ,
1149 2013 1230 2068 vel
1259 2011 1349 2066 alii
1386 2007 1593 2062 tertiam
1625 2009 1828 2073 partem
1857 1993 2002 2050 orbis

414 2120 714 2192 posuerint.
746 2115 898 2180 Nam,
939 2109 1079 2182 quod
1103 2111 1330 2167 constat,
1354 2109 1408 2156 et
1439 2093 1721 2154 Chananzei
1752 2101 2002 2159 tanquam

416 2191 521 2269 una
553 2226 682 2283 gens
710 2210 763 2264 in
808 2207 911 2261 illis
941 2207 1143 2273 septem
1182 2197 1667 2252 commemorantur
1690 2225 1705 2253 ,
1745 2191 1798 2237 et
1824 2191 2002 2263 tamen

415 2281 662 2360 universa
696 2301 782 2356 illa
817 2309 955 2354 terra
974 2290 1301 2363 originaliler
1321 2296 1460 2341 terra
1485 2281 1736 2337 Chanaan
1758 2281 1998 2330 vocatur.

484 2395 625 2453 XVI.
659 2392 758 2467 [Ib.
790 2382 1135 2458 XI,MetI5.]
1165 2380 1286 2435 Non
1306 2376 1493 2432 dimisit
1514 2375 1565 2427 in
1591 2389 1650 2426 ea
1673 2370 1822 2423 Jcsus
1849 2363 2002 2435 quid-

417 2507 566 2561 quam
609 2462 844 2557 spirans,
885 2483 1015 2536 sicut
1062 2475 1297 2549 praecepit
1343 2469 1596 2525 Dominus
1637 2462 1803 2534 Moysi
1850 2474 2004 2532 puero

417 2552 528 2647 suo,
551 2589 596 2635 et
617 2552 821 2649 oyses
843 2573 1073 2628 similiter
1088 2565 1326 2640 pra'cepit
1343 2562 1374 2616 .1
1381 2578 1488 2626 esu,
1513 2568 1558 2613 et
1585 2561 1659 2612 sic
1680 2554 1795 2627 fecit
1816 2552 1966 2606 Jcsus
1986 2563 2006 2603 :

415 2693 516 2730 non
545 2682 616 2728 est
647 2647 988 2741 transgressus
1028 2662 1304 2734 quidquam
1331 2655 1393 2709 ab
1421 2649 1649 2709 omnibus
1677 2647 1853 2719 quibus
1881 2659 2006 2696 con-

417 2767 582 2821 stituit
610 2738 859 2817 Dominus
885 2755 1076 2828 Moysi.
1127 2753 1355 2821 Propter
1392 2746 1494 2801 hoc
1538 2741 1684 2797 nullo
1729 2738 1887 2793 modo
1911 2750 2007 2805 pn-

415 2857 574 2914 tanda
602 2865 684 2910 est
709 2855 806 2908 ista
833 2827 1142 2914 crudelitas,
1183 2842 1323 2914 quod
1352 2838 1554 2894 nullmn
1584 2834 1761 2889 vivum
1789 2830 1841 2885 in
1873 2827 2006 2883 civi-

418 2949 614 3005 tatibus
643 2948 741 3003 sibi
773 2943 980 3000 traditis
1019 2937 1317 2995 dimittebat
1344 2934 1500 2989 .Icsns
1521 2973 1536 2999 ,
1579 2929 1701 3000 quia
1734 2927 1873 2982 Deus
1905 2921 2008 2978 hoc

418 3045 663 3115 iusserat.
718 3039 818 3108 Qui
870 3046 1046 3092 autem
1097 3030 1401 3087 existimant
1445 3024 1570 3079 hinc
1617 3021 1782 3075 Deum
1834 3017 2006 3086 ipsum

358 3189 360 3192 ,
418 3106 584 3192 luisse
613 3106 885 3189 crudelem
912 3170 926 3194 ,
957 3136 1011 3182 et
1049 3132 1266 3195 propter
1303 3120 1403 3174 hoc
1432 3115 1637 3172 Veteris
1679 3106 2008 3166 Tcstamenti

377 3221 392 3244 ³
421 3244 608 3284 verum
640 3226 808 3281 Deum
852 3221 1017 3276 luisse
1046 3226 1319 3272 auctorem
1363 3209 1552 3266 uolunt
1591 3205 1810 3262 credere
1833 3242 1848 3268 ,
1899 3209 2008 3254 tam

427 3329 672 3384 perverse
701 3315 769 3370 de
799 3310 1048 3384 operibus
1073 3306 1169 3363 Dei
1197 3319 1358 3376 quam
1379 3302 1445 3357 de
1475 3297 1708 3372 peccatis
1734 3293 2009 3349 hominum

429 3406 680 3477 iudicant,
715 3405 1018 3464 nescientes
1042 3398 1168 3472 quid
1193 3396 1418 3467 quisque
1448 3391 1556 3463 pati
1593 3389 1784 3460 dignus
1821 3385 1909 3449 sit,
1955 3390 2012 3437 et

431 3514 675 3570 magnum
723 3487 967 3570 putantes
1019 3493 1218 3550 malum
1263 3503 1384 3545 cum
1427 3497 1613 3540 casura
1666 3478 2005 3550 dejiciuntur,

431 3590 782 3662 mortalesque
811 3589 1128 3646 moriuntur.

501 3681 668 3740 XVII.
697 3680 792 3754 [11).
816 3681 1046 3756 3519.]
1080 3680 1144 3735 Et
1167 3695 1269 3734 non
1295 3684 1401 3731 erat
1438 3672 1610 3728 civitas
1637 3685 1752 3742 qua:
1778 3684 1879 3722 non
1905 3672 2012 3720 erat

435 3777 623 3833 tradita
664 3771 783 3842 ﬁliis
822 3760 1024 3831 Israel:
1058 3771 1327 3840 Quaeritur
1365 3765 1632 3839 quomodo
1677 3763 1778 3818 hoc
1826 3773 2011 3815 verum

436 3870 542 3937 sit,
572 3881 692 3921 cum
729 3876 828 3917 nec
858 3865 1173 3936 utntporihus
1208 3870 1392 3934 postea
1417 3858 1661 3930 .Iudicum
1684 3897 1699 3922 ,
1740 3869 1839 3909 nec
1877 3861 2014 3907 tem-

438 3960 659 4032 poribus
702 3956 907 4023 Regum
926 3971 1112 4013 omnes
1147 3954 1364 4010 omnino
1404 3951 1612 4006 illarum
1645 3955 1848 4017 septem
1887 3959 2015 4014 gen-

443 4054 577 4110 tium
603 4050 846 4106 civitates
883 4060 1068 4115 capere
1111 4049 1378 4119 potuerint
1408 4043 1634 4100 IIebrmi.
1681 4041 1785 4097 Sed
1823 4048 1914 4094 aut
1940 4039 2016 4094 sic

443 4140 847 4214 intelligendum
877 4145 979 4204 est,
1005 4140 1135 4206 qood
1164 4139 1229 4195 ad
1259 4138 1457 4193 nullam
1475 4136 1742 4191 civitatem
1770 4129 2017 4187 bellando

442 4236 671 4292 accessit
700 4231 855 4288 Iesus
881 4243 1038 4300 quam
1068 4242 1164 4286 non
1190 4230 1390 4300 ceperit
1416 4247 1430 4283 :
1459 4237 1548 4283 aut
1568 4235 1714 4282 certe
1735 4225 1878 4279 nulla
1910 4237 2018 4276 non

443 4336 595 4399 capta
625 4332 744 4390 est,
790 4320 884 4377 sed
915 4333 1096 4375 earum
1139 4333 1248 4387 quae
1271 4322 1322 4375 in
1354 4320 1658 4390 regionibus
1682 4332 1837 4387 supra
1867 4330 2018 4370 com-

444 4417 754 4474 memoratis
783 4412 1017 4469 fucrunt.
1062 4409 1394 4466 Enumeratio
1432 4421 1555 4466 sunt
1583 4411 1723 4466 enim
1751 4408 2015 4480 regiones,

445 4512 500 4567 in
543 4510 735 4581 quibus
782 4505 997 4561 fuerunt
1038 4502 1278 4558 civitates
1307 4502 1368 4556 de
1395 4504 1584 4574 quibus
1629 4502 1767 4557 facta
1797 4510 1880 4556 est
1919 4500 2018 4554 ista

448 4602 749 4667 conclusio,
778 4598 845 4652 Et
871 4611 1044 4653 omnes
1072 4593 1201 4665 cepit
1230 4593 1283 4645 in
1307 4591 1448 4647 bello.

519 4693 704 4752 XVIII.
753 4691 854 4764 [Ib.
885 4706 972 4756 x1,
998 4687 1114 4759 20.]
1155 4686 1288 4751 Quia
1316 4700 1403 4755 per
1426 4682 1694 4741 Dominum
1719 4689 1910 4758 factum
1950 4693 2024 4738 est

445 4793 725 4861 confertam
769 4800 857 4838 cor
898 4797 1108 4845 eorum,
1159 4788 1211 4833 ut
1254 4777 1446 4832 obviam
1487 4780 1611 4833 irent
1641 4779 1706 4832 ad
1746 4778 1930 4832 bellum
1957 4776 2024 4832 ad

444 4882 612 4939 Israel
636 4923 649 4947 ,
681 4887 734 4932 ut
759 4875 1257 4936 exterminarentur;
1294 4871 1366 4924 ita
1391 4878 1452 4923 ut
1480 4885 1580 4923 non
1605 4871 1802 4926 daretur
1823 4871 1895 4925 eis
1923 4870 2022 4924 mi-

445 4973 744 5043 sericordia,
771 4969 860 5026 sed
888 4979 944 5024 ut
966 4966 1437 5032 exterminarentur,
1475 4963 1602 5017 sicut
1627 4962 1749 5018 dixit
1776 4963 2026 5034 Dominus

445 5072 512 5122 ad
541 5039 773 5137 Moysen.
815 5061 894 5117 Ita
935 5061 1133 5115 dictum
1159 5065 1242 5113 est
1275 5057 1375 5111 hoc
1407 5050 1502 5126 per
1526 5053 1802 5110 Dominum
1829 5039 2025 5110 factum

445 5156 731 5215 conlortari
758 5169 852 5210 cor
889 5166 1075 5208 eorum
1101 5189 1117 5216 ,
1156 5149 1259 5204 hoc
1289 5156 1373 5203 est
1409 5144 1660 5200 ohdurari
1689 5161 1782 5200 cor
1815 5163 2021 5214 eorum,

447 5251 584 5306 sicut
627 5248 696 5303 de
741 5246 1019 5301 Pharaone
1049 5239 1243 5313 (Exod.
1270 5255 1345 5294 vit
1366 5281 1380 5304 ,
1409 5238 1444 5293 5
1463 5279 1475 5302 ,
1503 5237 1575 5291 22
1598 5279 1611 5302 ,
1647 5243 1702 5292 et
1730 5252 1824 5291 vm
1851 5239 1980 5310 ,19)
2006 5254 2022 5306 ;

448 5341 590 5414 quod
617 5340 797 5396 divino
825 5338 1038 5406 altoque
1064 5331 1266 5405 judicio
1302 5332 1441 5402 juste
1480 5329 1591 5384 ﬁeri
1633 5329 1852 5384 minimc
1879 5329 2028 5386 dubi-

447 5435 664 5490 tandum
695 5437 780 5488 est
804 5473 820 5499 ,
861 5444 982 5485 cum
1007 5426 1207 5483 deserit
1234 5426 1373 5480 Deus
1399 5431 1453 5478 et
1476 5421 1712 5493 possidet
1741 5421 1986 5476 inimicus
2010 5441 2026 5478 :

446 5525 585 5598 quod
615 5524 694 5580 sic
721 5520 1089 5592 accipiendum
1120 5526 1203 5574 est
1229 5514 1676 5588 quemadmodum
1717 5521 1770 5569 et
1798 5512 1888 5568 ibi.
1924 5511 2031 5568 Sed

441 5620 532 5676 hic
560 5617 703 5672 aliud
731 5625 928 5684 movet,
964 5612 1234 5686 quomodo
1255 5611 1454 5666 dictum
1481 5609 1551 5663 sit
1575 5608 1639 5661 ad
1672 5607 1774 5662 hoc
1801 5607 1879 5661 eis
1905 5620 2032 5661 con-

439 5711 699 5768 fortatum
743 5724 875 5776 cor,
919 5718 982 5763 ut
1035 5692 1381 5776 exsurgerent
1431 5701 1484 5757 in
1530 5700 1727 5756 bellum
1777 5699 2033 5755 adversus

437 5804 608 5865 Israel
627 5843 643 5872 ,
681 5814 737 5862 et
763 5805 833 5861 ob
865 5803 969 5859 hoc
995 5802 1074 5859 eis
1111 5817 1219 5857 non
1247 5798 1548 5872 praeberent
1574 5793 2029 5852 misericordiam:

441 5901 595 5980 quasi
619 5899 906 5977 prabenda
932 5903 1113 5966 esset,
1165 5895 1210 5952 si
1254 5907 1358 5951 non
1401 5891 1701 5960 bellarent;
1740 5904 1861 5946 cum
1892 5887 2032 5947 Deus

1223 411 1686 494 QUIESTIONUM
1720 409 1778 468 s.
1818 381 2184 464 AUGUSTINI
2213 391 2278 456 IN
2304 389 2866 455 unrrsreucuuu

3579 391 3684 451 784

2103 511 2419 587 praeceperit
2455 508 2586 566 nulli
2612 522 2798 564 eorum
2823 519 2942 562 esse
2971 499 3327 574 parcendum;
3376 510 3427 558 et
3465 501 3537 560 ob
3581 501 3681 559 hoc

2097 605 2406 665 Gabaonitis
2437 599 2772 675 pepercerim
2798 638 2814 665 ,
2849 595 2974 669 quia
3015 611 3076 652 se
3111 594 3181 651 de
3224 594 3508 665 longinqua
3541 602 3684 650 terra

2095 703 2309 760 venisse
2342 701 2602 770 tingentes
2637 707 2824 751 eorum
2865 691 3185 762 iurationem
3224 696 3523 744 tenuerant.
3575 687 3680 743 Sed

2095 790 2344 868 quOniam
2387 788 2700 864 quibusdam
2742 785 2882 841 ultro
2919 783 3258 854 prmbuerunt
3287 779 3539 836 Israelitm
3579 781 3682 835 mi-

2103 885 2471 951 sericordiam,
2505 881 2745 954 quamvis
2769 888 2955 936 contra
2983 877 3077 933 Dei
3105 874 3411 931 mandatum
3439 891 3453 938 ;
3487 873 3552 928 ad
3579 872 3682 929 hoc

2107 979 2306 1035 dictum
2334 991 2452 1032 esse
2477 971 2880 1043 intelligendum
2907 977 3023 1033 est,
3070 967 3202 1023 istos
3229 967 3300 1021 ita
3330 965 3559 1021 bellasse
3580 1005 3596 1032 ,
3628 972 3684 1019 ut

2101 1085 2209 1125 non
2233 1070 2311 1126 eis
2334 1074 2663 1139 parceretur,
2691 1079 2788 1119 nec
2813 1061 2881 1118 ab
2908 1062 2988 1130 eis
3013 1060 3140 1131 ipsis
3169 1058 3420 1114 Israelita:
3442 1057 3684 1128 neglecto

2101 1159 2196 1215 Dei
2218 1159 2465 1214 mandato
2479 1157 2551 1234 ad
2572 1153 2992 1212 misericordiam
3017 1151 3378 1210 ﬂecterentur.
3402 1148 3552 1217 Quod
3569 1150 3684 1220 qui-

2102 1253 2224 1308 dem
2254 1252 2386 1309 duce
2412 1251 2561 1317 Jesu,
2595 1249 2683 1320 qui
2712 1246 2888 1303 omnia
2914 1245 3195 1316 diligenter
3222 1244 3399 1299 divina
3422 1251 3685 1313 praecepta

2101 1345 2385 1412 servabat,
2425 1359 2531 1398 non
2563 1350 2645 1397 est
2669 1338 2994 1396 credendum
3017 1337 3129 1392 ﬁeri
3161 1336 3437 1406 potuisse:
3468 1349 3685 1389 verum-

2103 1447 2280 1494 tamen
2307 1453 2407 1493 nec
2433 1437 2548 1508 ipse
2575 1437 2708 1491 istos
2733 1444 2840 1489 tam
2872 1433 2980 1488 cito
3001 1431 3284 1487 delevissct
3301 1471 3316 1497 ,
3343 1428 3445 1484 nisi
3471 1428 3686 1498 conspi-

2103 1533 2406 1588 rantissime
2433 1529 2795 1592 contraircnt;
2838 1535 2995 1596 atque
3040 1524 3109 1578 ita
3143 1521 3255 1577 ﬁeri
3295 1529 3476 1593 posset
3517 1529 3574 1574 ut
3609 1520 3688 1575 eis

2103 1626 2170 1681 ab
2198 1625 2288 1680 illo
2317 1623 2532 1678 minimc
2552 1619 2868 1686 debellatis,
2916 1617 3005 1688 qui
3045 1615 3141 1670 Dei
3177 1621 3442 1684 praacepta
3469 1611 3690 1681 implere

2104 1717 2358 1782 curabat,
2397 1714 2782 1771 remansissent
2806 1710 2874 1765 ad
2911 1709 3039 1764 illud
3069 1716 3314 1777 tempus,
3361 1704 3572 1775 quando
3611 1704 3690 1758 eis

2105 1817 2327 1882 possent
2353 1821 2572 1879 parcere
2597 1813 2716 1876 post
2743 1811 2968 1858 mortem
2994 1800 3142 1865 Jesu,
3165 1799 3256 1870 qui
3272 1812 3377 1853 non
3395 1805 3538 1852 tanta
3563 1810 3690 1850 cura
3788 1813 3792 1818 ·

2109 1902 2204 1958 Dei
2231 1900 2478 1956 mandata
2508 1898 2791 1954 faciebant.
2825 1894 2957 1950 Nam
2988 1901 3042 1949 et
3071 1891 3245 1946 adhuc
3267 1890 3452 1946 eodem
3482 1890 3692 1943 vivente

2108 1992 2426 2065 quibusdam
2452 1990 2524 2045 illi
2557 1995 2910 2060 pepercerunt
2933 2025 2948 2050 ,
2996 1981 3364 2039 tantummodo
3389 1995 3482 2036 eos
3507 1979 3690 2034 ditioni

2109 2102 2220 2144 sua:
2248 2084 2589 2155 subjugantes
2618 2099 2630 2134 :
2661 2079 2918 2151 quosdam
2960 2092 3089 2132 vero
3118 2091 3218 2130 nec
3247 2075 3461 2130 vincere
3501 2081 3690 2142 potue-

2108 2183 2250 2231 runt.
2293 2173 2490 2228 Verum
2521 2171 2636 2226 hazc
2663 2185 2771 2225 non
2809 2169 2900 2223 illo
2924 2167 3060 2222 duce
3085 2166 3219 2220 facta
3251 2173 3401 2229 sunt;
3439 2163 3533 2218 sed
3571 2177 3689 2216 cum

2106 2266 2214 2336 jam
2241 2280 2401 2320 scncx
2427 2271 2638 2318 vacaret
2663 2276 2693 2316 a
2723 2260 2885 2325 bello,
2919 2257 3285 2313 tantummodo
3313 2257 3390 2312 eis
3418 2263 3587 2310 terras
3611 2254 3692 2308 di-

2110 2357 2331 2419 videns;
2360 2364 2416 2410 ut
2444 2354 2543 2424 ipsi
2562 2355 2669 2422 jam
2692 2353 2782 2407 illo
2802 2367 2908 2405 non
2934 2350 3180 2414 bellante,
3221 2347 3424 2403 divisas
3456 2346 3557 2400 sibi
3580 2355 3692 2400 ter-

2110 2464 2198 2504 ras
2243 2447 2434 2518 partim
2469 2446 2578 2516 jam
2628 2445 2782 2498 hoste
2823 2456 3018 2497 vacuas
3064 2447 3341 2506 tenerent,
3376 2437 3569 2508 partim
3597 2451 3693 2506 pu-

2110 2537 2320 2611 gnando
2359 2543 2632 2607 caperent.
2685 2534 2750 2589 Et
2787 2533 2929 2604 quod
2965 2531 3184 2587 vincere
3226 2531 3432 2600 aliquos
3469 2528 3688 2584 minime

2110 2637 2417 2701 potuerunt,
2448 2625 2802 2699 providentiae
2822 2624 3016 2679 divina:
3047 2622 3229 2690 fuisse,
3252 2630 3548 2692 opportune
3563 2618 3694 2676 Scri-

2112 2733 2384 2795 pturarum
2405 2722 2567 2776 certis
2591 2718 2867 2789 apparebit
2893 2718 3045 2773 locis.

2182 2814 2324 2870 XIX.
2355 2813 2453 2885 Ub.
2485 2811 2728 2882 xvr,IO.]
2756 2809 2820 2863 Et
2851 2826 2951 2863 non
2981 2807 3199 2879 perdidit
3223 2805 3465 2876 Ephm'm
3491 2803 3697 2859 Chana-

2114 2925 2282 2964 meum
2306 2909 2390 2977 qui
2418 2905 2674 2958 habitabat
2702 2904 2754 2956 in
2791 2901 2952 2956 (ἐστον
2980 2916 2996 2954 :
3023 2908 3069 2953 et
3096 2898 3352 2952 habitabat
3381 2895 3697 2952 Chananqu

2111 3003 2164 3057 in
2197 3001 2437 3073 Ephrwm
2458 3013 2614 3068 usque
2633 2997 2686 3050 in
2704 2996 2837 3049 diem
2861 2995 3034 3060 istum,
3067 2993 3223 3046 donec
3247 2991 3468 3044 ascendit
3489 2988 3697 3042 Pharao
3771 3033 3778 3040 .

2111 3109 2203 3149 rex
2231 3091 2468 3163 1Egypti,
2501 3099 2546 3144 et
2573 3089 2701 3160 cepit
2739 3087 3004 3150 civitatem,
3033 3094 3080 3140 et
3099 3084 3316 3138 incendit
3339 3099 3452 3137 eam
3479 3083 3530 3136 in
3557 3082 3700 3152 igni;

2119 3195 2166 3240 et
2216 3183 2530 3240 Chanameos
2555 3222 2570 3248 ,
2619 3190 2665 3234 et
2711 3177 3011 3232 Pherezazos
3033 3215 3048 3242 ,
3094 3185 3141 3230 et
3182 3175 3268 3247 qui
3313 3173 3599 3228 habitabant
3645 3173 3700 3226 in

2116 3276 2278 3332 Gazer
2331 3272 2694 3344 transpunxit;
2745 3280 2791 3325 et
2840 3269 2976 3324 dedit
3032 3285 3142 3323 eam
3192 3266 3398 3321 Pharao
3434 3267 3489 3320 in
3534 3267 3701 3320 dotem

2115 3371 2240 3442 ﬁliae
2274 3385 2400 3424 stuc.
2449 3366 2599 3435 Quod
2625 3363 2694 3420 de
2734 3363 3012 3419 Pharaone
3046 3376 3171 3432 rege
3203 3360 3402 3415 dictum
3441 3368 3555 3426 est,
3597 3358 3700 3414 mi-

2114 3478 2206 3517 ror
2234 3462 2276 3516 si
2317 3459 2625 3532 prophetice
2667 3455 2865 3511 dictum
2913 3454 3208 3524 intelligere
3250 3452 3539 3514 debemus;
3579 3467 3701 3506 cum

2115 3554 2232 3610 haec
2279 3551 2500 3608 historia
2562 3548 2666 3604 illis
2715 3545 3042 3617 temporibus
3088 3543 3388 3614 conscripta
3434 3542 3699 3609 credatur,

2117 3645 2311 3717 quibus
2335 3651 2489 3699 erant
2513 3649 2662 3712 gesta
2690 3640 2776 3694 illa
2799 3636 3056 3694 recentia.
3095 3635 3230 3704 Quid
3252 3642 3428 3690 autem
3453 3649 3703 3704 magnum

2117 3737 2238 3808 eligi
2267 3735 2436 3806 potuit
2463 3731 2606 3803 quod
2635 3730 2947 3801 prophetice
2975 3728 3261 3794 diceretur,
3289 3741 3410 3782 cum
3438 3725 3702 3796 praeterita

2117 3834 2424 3890 narrentur,
2470 3831 2854 3892 taeeanturque
2892 3820 3067 3875 futura
3115 3818 3317 3889 majora
3343 3858 3357 3882 ,
3395 3825 3450 3873 et
3476 3817 3704 3872 maxime

2118 3918 2462 3978 necessaria?
2487 3915 2716 3972 Proinde
2748 3915 2921 3986 potius
2943 3911 3354 3969 existimandum
3379 3920 3460 3966 est
3481 3910 3707 3980 Septua-

2118 4013 2263 4084 ginta
2304 4011 2638 4079 interpretes,
2672 4006 2761 4077 qui
2787 4003 3103 4061 auctoritate
3147 4003 3454 4075 prophetica
3490 4017 3556 4058 ex
3592 4003 3705 4072 ipsa

2121 4103 2350 4161 mirabili
2391 4099 2747 4156 consensione
2792 4097 3127 4168 interpretati
3171 4110 3292 4151 esse
3338 4093 3703 4165 perhibentur,

2123 4199 2238 4254 haec
2277 4195 2584 4260 addidisse;
2630 4208 2739 4249 non
2778 4201 3027 4262 tanquam
3067 4191 3238 4245 futura
3269 4188 3704 4261 pramuntiantes,

2122 4293 2216 4349 sed
2242 4292 2363 4362 quia
2386 4289 2479 4343 illo
2506 4297 2746 4358 tempore
2768 4287 2866 4355 ipsi
2893 4292 3085 4352 erant,
3115 4299 3220 4354 quo
3263 4282 3399 4337 facta
3439 4295 3563 4336 esse
3591 4293 3708 4334 me-

2124 4387 2428 4449 minerant,
2470 4391 2524 4437 ct
2553 4385 2604 4437 in
2646 4381 2797 4437 libris
2835 4379 3139 4451 Regnorum
3182 4377 3420 4447 legerant
3459 4373 3548 4443 (Ill
3578 4373 3707 4444 Reg.

2125 4495 2206 4548 IV,
2246 4479 2348 4545 54,
2381 4475 2518 4546 apud
2556 4472 2740 4538 LXX;
2775 4488 2859 4538 IX,
2894 4471 2982 4537 16,
3009 4471 3062 4525 in
3099 4466 3363 4540 Vulgata).
3387 4465 3596 4521 Etenim
3622 4479 3711 4520 re-

2125 4587 2250 4644 gum
2299 4569 2628 4640 temporibus
2671 4566 2868 4622 factum
2909 4573 3011 4621 est.
3055 4563 3208 4632 Quod
3251 4561 3372 4618 ideo
3406 4559 3712 4616 credibilius

2127 4666 2282 4723 nobis
2311 4664 2478 4719 visum
2509 4671 2592 4719 est
2614 4702 2628 4729 ,
2659 4660 2908 4731 quoniam
2952 4657 3279 4728 inspeximus
3313 4653 3714 4725 interpretatio-

2127 4774 2250 4816 nem
2281 4773 2400 4828 qua:
2428 4765 2512 4812 est
2547 4770 2614 4811 ex
2643 4753 2890 4818 hebrreo,
2938 4759 2995 4806 et
3023 4749 3128 4805 hoc
3156 4749 3226 4805 ibi
3253 4763 3360 4804 non
3379 4746 3712 4802 invenimus:

2129 4853 2268 4908 sicut
2311 4864 2410 4905 nec
2447 4847 2577 4903 illud
2623 4843 2766 4916 quod
2807 4843 3008 4898 dictum
3051 4849 3136 4896 est
3170 4839 3238 4895 de
3279 4837 3531 4903 Iericho,
3573 4836 3715 4907 quod

2128 4943 2272 4999 Iloza
2330 4941 2420 5012 qui
2475 4954 2594 4996 eam
2644 4944 2980 5008 reparasset,
3046 4932 3327 4989 incurrerit
3378 4930 3717 4987 maledictum

2128 5033 2270 5106 quod
2317 5032 2525 5087 dixerat
2567 5029 2744 5085 Iesus.
2804 5027 2894 5083 Sic
2958 5026 3100 5082 enim
3164 5025 3422 5095 scriptum
3475 5031 3601 5088 est,
3672 5029 3718 5075 et

2130 5124 2386 5198 adjuravit
2426 5122 2578 5177 Jesus
2627 5122 2681 5175 in
2746 5119 2841 5174 illa
2887 5120 2968 5173 die
3009 5133 3028 5172 :
3078 5116 3382 5172 Maledictus
3437 5116 3586 5170 homo
3631 5114 3718 5185 qui

2131 5216 2442 5273 resuscitabil
2487 5225 2532 5270 et
2575 5213 2845 5284 wdiﬁcabit
2891 5212 3139 5266 civitatem
3185 5211 3330 5264 illam
3369 5224 3389 5264 :
3425 5209 3480 5263 in
3523 5207 3717 5279 primo-

2133 5313 2300 5385 genito
2323 5328 2416 5366 suo
2453 5309 2687 5385 fundabit
2710 5325 2854 5372 eam,
2903 5316 2948 5362 et
2988 5308 3041 5360 in
3078 5305 3344 5361 novissimo
3369 5321 3461 5359 suo
3497 5304 3718 5374 imponet

2127 5411 2309 5476 portas
2349 5405 2456 5475 ejus
2497 5401 2680 5477 (Iosue
2703 5416 2791 5467 v1,
2823 5398 2920 5472 26)
2950 5417 2964 5454 :
2999 5398 3104 5453 huc
3149 5411 3317 5468 usque
3361 5395 3627 5450 invenitur
3663 5394 3717 5448 in

2136 5497 2574 5568 interpretatione
2611 5511 2678 5550 ex
2707 5493 2942 5550 hebrmo.
2989 5490 3125 5546 Illud
3161 5499 3338 5546 autem
3363 5487 3506 5560 quod
3537 5486 3719 5557 sequi-

2133 5597 2241 5658 tur,
2268 5587 2338 5642 Et
2361 5588 2433 5642 ita
2454 5589 2566 5659 fecit
2595 5586 2742 5641 lloza
2773 5585 2860 5657 qui
2882 5601 2944 5639 ea:
2966 5583 3143 5638 Bethel
3159 5600 3180 5650 ;
3215 5583 3268 5636 in
3293 5581 3482 5636 Abiran
3519 5581 3718 5652 printe-

2137 5682 2302 5753 genito
2330 5679 2558 5752 fundavit
2591 5696 2699 5734 eam
2720 5721 2735 5746 ,
2767 5687 2816 5732 et
2851 5678 2904 5730 in
2929 5676 3175 5731 resalvato
3205 5676 3222 5708 ί
3254 5675 3522 5729 novissimo
3547 5673 3720 5743 impo-

2201 5774 2219 5804 ί
2237 5779 2335 5822 nat.
2362 5778 2413 5822 et
2435 5777 2568 5830 Lov.,
2589 5769 2705 5820 etin
2727 5783 2778 5821 se
2798 5766 2995 5820 saluata.
3013 5774 3123 5818 Mss.
3147 5766 3243 5817 duo
3260 5766 3486 5830 Vaticani,
3500 5765 3724 5830 totidem-

2136 5849 2235 5900 que
2255 5848 2318 5900 ex
2339 5835 2532 5893 nostris,
2554 5826 2602 5900 et
2620 5831 2671 5882 in
2701 5831 2951 5900 resolvam.
2979 5830 3110 5893 Apud
3131 5837 3266 5900 |_.xx_,
3293 5827 3383 5900 {uti
3403 5842 3462 5900 en
3485 5826 3726 5900 tbdiasd-

2137 5888 2300 5950 thenti.
2331 5888 2544 5948 Attamen
2557 5895 2889 5946 Cisterciensis
2906 5888 3048 5945 vetu‘s
3070 5890 3223 5942 codex
3240 5891 3390 5940 habet
3406 5889 3504 5940 hic.
3514 5893 3559 5939 et
3578 5888 3630 5938 in
3643 5895 3722 5936 ν-
