4068 6360
373 258 478 333 787

380 374 645 445 tributarii
668 391 901 450 possessr
928 389 1068 449 sunt.
1097 379 1263 449 Paulo
1291 390 1412 453 post
1439 391 1615 447 autem
1639 381 1711 443 ita
1731 379 1945 451 legitur:

372 464 442 521 Et
468 476 576 525 erat
599 466 865 525 dominans
891 472 943 525 in
955 472 1182 535 omnibus
1200 473 1398 543 regibus
1412 490 1445 526 a
1457 474 1666 544 ﬂumine
1692 488 1846 545 usque
1884 471 1952 529 ad

373 566 560 614 terram
586 558 883 630 Philistiim,
898 572 945 616 et
969 579 1125 634 usque
1145 563 1214 617 ad
1241 565 1365 632 ﬁnes
1386 562 1606 645 .Egypti
1630 563 1717 637 (ill
1747 563 1875 635 Reg.
1891 578 1950 635 Χ,

370 649 462 727 26,
494 653 635 722 apud
658 652 835 727 LXX;
864 669 939 723 tv,
966 652 1057 724 9.1,
1086 656 1138 709 in
1171 654 1432 728 Vulgata).
1463 657 1600 713 Ecce
1626 656 1716 713 ubi
1761 655 1952 725 imple-

375 749 486 797 tum
514 752 596 799 est
620 744 761 818 quod
788 746 839 800 in
872 745 1066 802 Genesi
1100 747 1239 805 Deus
1282 747 1345 802 ad
1390 747 1656 807 Abraham
1703 747 1947 821 loquens,

371 837 796 908 promittensque
828 837 1166 909 praedixerat.
1198 841 1238 893 A
1264 839 1484 895 ﬂumine
1513 839 1709 911 quippe
1748 839 1834 903 hic
1864 839 1950 894 in-

368 922 627 1000 telligitur
654 930 721 993 ab
747 929 1017 1003 Euphrate
1046 949 1059 984 :
1085 947 1332 1003 magnum
1376 933 1519 988 enim
1548 933 1742 999 ﬂumen
1765 934 1817 988 in
1844 932 1950 989 illis

366 1018 519 1089 locis,
550 1021 708 1076 etiam
738 1022 951 1094 proprio
970 1021 1186 1077 nomine
1229 1038 1333 1077 non
1362 1023 1561 1090 addito,
1585 1032 1759 1095 potest
1787 1022 1947 1081 intel-

364 1109 477 1185 ligi.
511 1111 691 1183 Neque
711 1113 853 1167 enim
871 1112 937 1168 de
958 1112 1188 1168 Jordane
1205 1112 1306 1169 hoc
1335 1114 1501 1183 accipi
1525 1123 1719 1184 potest,
1747 1128 1867 1168 cum
1894 1120 1949 1169 et

364 1200 497 1257 citra
526 1201 813 1259 Jordanem
841 1211 896 1260 et
922 1204 1059 1259 ultra
1087 1203 1379 1260 Jordanem
1419 1204 1529 1275 jam
1574 1214 1744 1259 terras
1783 1204 1948 1260 Israe-

364 1291 473 1363 lita:
503 1295 840 1351 obtinuerant
864 1306 919 1354 et
961 1305 1087 1354 ante
1125 1311 1348 1369 regnum
1390 1295 1708 1355 Salomonis.
1745 1296 1888 1369 Ergo
1915 1312 1946 1359 a

363 1383 583 1442 ﬂumine
609 1387 877 1459 Euphrate
898 1404 960 1443 ex
983 1387 1223 1463 partibus
1248 1388 1469 1444 orientis
1487 1429 1503 1455 ,
1534 1402 1698 1459 usque
1726 1387 1792 1443 ad
1816 1387 1945 1443 lines

361 1473 601 1551 Egypti,
631 1466 747 1548 quae
770 1496 892 1551 pars
914 1479 1018 1536 illis
1041 1489 1156 1538 erat
1179 1480 1248 1537 ab
1272 1478 1572 1549 occidente,
1602 1494 1824 1549 regnum
1843 1478 1944 1535 Sa-

365 1556 602 1626 lotnonis
623 1569 895 1643 Scriptura
922 1572 1229 1644 Regnorum
1250 1572 1382 1629 dixit
1408 1572 1572 1628 fuisse
1617 1580 1941 1644 porrectum.

363 1661 514 1718 Tunc
544 1679 671 1735 ergo
698 1666 925 1736 amplius
944 1666 1280 1737 subjugatum
1301 1674 1403 1736 est,
1430 1680 1592 1738 quam
1614 1674 1819 1735 septem
1844 1664 1945 1718 illa:

360 1762 551 1824 gentes
580 1754 864 1821 tenebant;
896 1771 959 1811 ac
986 1771 1081 1827 per
1109 1757 1209 1813 hoc
1245 1766 1373 1813 tunc
1411 1757 1471 1812 in
1510 1756 1819 1814 servitutem
1859 1767 1947 1810 re-

358 1842 528 1900 dactae
552 1853 709 1913 sunt,
741 1860 843 1900 non
867 1855 1072 1918 septem
1091 1886 1109 1916 ,
1138 1848 1233 1903 sed
1272 1848 1515 1913 undecim
1549 1856 1758 1918 gentes.
1789 1842 1943 1913 Quod

358 1938 501 1992 enim
532 1937 583 1992 in
614 1936 919 2009 Regnorum
944 1939 1093 1995 libris
1112 1940 1364 2012 scriptum
1392 1950 1473 1994 est
1494 1981 1510 2007 ,
1542 1955 1701 2010 usque
1727 1937 1794 1992 ad
1813 1938 1943 2007 ﬁnes

359 2026 581 2102 Egypti
598 2046 629 2082 a
654 2031 882 2102 ﬂumine,
914 2046 1034 2084 cum
1062 2029 1332 2101 Scriptura
1359 2029 1425 2084 ab
1451 2030 1654 2085 oriente
1678 2045 1848 2100 usque
1875 2029 1943 2086 ad

358 2120 692 2189 occidentem
716 2131 972 2195 quantum
1010 2130 1312 2195 porrectum
1334 2129 1476 2176 esset
1500 2136 1721 2192 regnum
1740 2159 1756 2187 ,
1783 2120 1943 2180 vellet

355 2213 679 2281 ostendere;
713 2213 815 2269 hoc
854 2214 995 2277 idem
1035 2213 1088 2269 in
1132 2211 1359 2276 Genesi,
1397 2228 1518 2266 cum
1554 2212 1621 2267 ab
1662 2213 1940 2269 occidente

357 2318 526 2375 usque
546 2304 615 2360 ad
641 2305 901 2360 orientem
926 2303 1301 2377 praefiniretur,
1323 2300 1523 2356 dictum
1546 2310 1648 2370 est,
1674 2319 1707 2357 a
1732 2303 1942 2374 ﬂumine

353 2393 573 2467 £gypti
601 2412 756 2467 usque
780 2395 849 2450 ad
870 2397 1061 2469 ﬂumen
1084 2410 1322 2467 magnum
1340 2392 1674 2465 Euphratem.
1714 2393 1936 2453 Flumen

353 2490 551 2561 quippe
597 2490 847 2562 Egypti,
893 2489 982 2562 qui
1016 2488 1135 2549 linis
1170 2494 1254 2543 est
1294 2486 1668 2547 disterminans
1712 2502 1937 2559 regnum

354 2580 518 2637 lsrael
546 2582 613 2637 ab
639 2581 891 2655 Egypto,
923 2596 1030 2637 non
1058 2590 1141 2638 est
1160 2579 1311 2637 Nilus
1333 2620 1351 2651 ,
1388 2577 1484 2636 sed
1521 2578 1657 2634 alius
1698 2589 1781 2635 est
1828 2595 1936 2641 non

359 2688 582 2745 magnus
602 2673 794 2731 ﬂuvius
814 2715 830 2741 ,
874 2674 963 2745 qui
996 2673 1111 2739 ﬂuit
1138 2688 1235 2744 per
1262 2671 1684 2728 Rhinocoruram
1705 2671 1723 2703 ¹
1748 2672 1934 2727 civita-

354 2774 462 2820 tem
484 2808 498 2832 ,
527 2765 666 2823 unde
700 2768 810 2837 jam
837 2765 902 2820 ad
931 2766 1191 2821 orientem
1215 2778 1403 2820 versus
1438 2763 1622 2835 incipit
1648 2773 1787 2821 terra
1813 2778 1938 2839 pro-

357 2859 647 2917 missionis.
697 2861 785 2917 Sic
821 2874 951 2933 ergo
996 2859 1165 2916 fuerat
1192 2859 1536 2919 constitutum
1566 2859 1689 2916 ﬁliis
1733 2858 1931 2929 Israel,

355 2961 416 3008 ut
442 2962 645 3022 septem
686 2950 920 3023 gentium
965 2958 1165 3015 terras,
1203 2948 1571 3005 exterminatis
1619 2958 1675 3005 et
1712 2950 1934 3021 perditis

354 3044 462 3107 illis
474 3044 738 3116 gentibus,
763 3043 862 3114 ipsi
884 3042 1275 3109 inhabitarent;
1305 3042 1427 3096 aliis
1446 3047 1620 3096 autem
1646 3048 1935 3113 regnarent

353 3135 579 3192 subditis
618 3144 777 3207 atque
815 3132 1102 3195 tributariis
1137 3147 1309 3204 usque
1336 3130 1402 3186 ad
1439 3130 1638 3187 ﬂumen
1686 3131 1930 3201 Euphra-

360 3217 471 3305 ιθπξ»
516 3226 583 3282 Ει
622 3227 862 3298 quamvis
898 3225 949 3281 in
990 3225 1091 3278 hoc
1131 3223 1241 3277 Deo
1291 3238 1396 3279 non
1438 3222 1928 3305 obtemperassent,

358 3298 482 3389 quia
530 3308 583 3353 θῑ
622 3324 687 3389 ετξ
740 3318 843 3372 illis
885 3330 1015 3389 quas
1064 3313 1415 3369 exterminare
1456 3301 1746 3379 deberent,
1796 3313 1929 3368 obe-

359 3388 568 3443 άίθηίθε
595 3387 803 3459 διῖίιιιοε
822 3387 1082 3469 lesiut-ant;
1106 3405 1247 3460 Deus
1271 3412 1447 3460 tamen
1475 3402 1805 3476 temporibus
1828 3402 1929 3463 Sa-

358 3477 589 3535 lomonis
615 3477 773 3533 ﬁdem
798 3491 910 3533 sua:
934 3489 1292 3547 promissionis
1319 3492 1577 3565 implevit.

429 3567 850 3639 Νυιιοῑωίιιιθίιι
882 3567 1017 3622 “bro
1052 3571 1174 3655 {esu
1210 3576 1352 3635 Nave
1395 3586 1537 3655 quod
1588 3585 1931 3643 considerare

360 3660 728 3731 suscepimus,
774 3658 1042 3731 quomodo
1085 3657 1187 3721 erit
1226 3681 1440 3743 verum,
1484 3676 1554 3733 Ε,
1602 3678 1741 3735 διάη
1787 3679 1927 3734 De",

360 3749 546 3808 Israeli
589 3768 787 3815 omnem
833 3760 1017 3805 terram
1052 3767 1204 3821 quam
1234 3749 1493 3845 Ῑυνιξνοται
1536 3770 1661 3828 dare
1701 3772 1928 3845 patribus

359 3861 533 3907 eorum
554 3886 567 3910 ,
621 3852 672 3905 et
732 3842 1148 3900 Iuereditauerunt
1201 3842 1357 3899 eam?
1424 3842 1712 3913 quomoda
1750 3863 1925 3920 adhuc

358 3937 579 4001 vivente
620 3934 745 3992 Jesu
772 3948 987 3992 omnem
1016 3941 1210 3990 terram
1240 3932 1418 4002 dedit,
1457 3947 1579 3988 cum
1608 3930 1768 3989 etiam
1811 3943 1936 3991 rett-

359 4027 510 4100 quias
549 4027 757 4091 illarum
803 4033 1007 4095 septem
1050 4024 1286 4094 gentium
1343 4022 1583 4083 nondum
1635 4019 1940 4091 superavis~

360 4118 521 4175 sent?
566 4116 699 4179 Nam
743 4115 885 4188 quod
923 4114 1199 4186 sequitur,
1243 4124 1290 4170 et
1327 4112 1744 4170 hmreditaverunt
1787 4126 1937 4169 eam.

359 4225 545 4267 verum
597 4218 717 4276 est;
780 4207 903 4276 quia
951 4206 1022 4259 ibi
1072 4215 1248 4263 erant,
1317 4206 1496 4265 ibique
1562 4191 1936 4249 consederant.

361 4296 566 4359 Deinde
594 4295 734 4363 quod
760 4291 1000 4360 adiungit
1019 4328 1035 4356 ,
1066 4285 1135 4341 Et
1152 4285 1375 4357 requiem
1400 4283 1537 4340 dedit
1562 4283 1667 4339 illis
1691 4281 1939 4341 Dominus

360 4382 415 4437 in
442 4380 672 4447 circuitu,
692 4380 819 4434 sicut
838 4370 1100 4453 juraverat
1122 4377 1349 4448 patribus
1383 4392 1584 4443 eorum,
1607 4390 1793 4431 verum
1821 4382 1939 4449 est;

358 4476 480 4553 quia
507 4473 627 4529 vivo
660 4456 991 4533 adhchJesu
1020 4488 1125 4526 non
1152 4470 1233 4526 eis
1270 4468 1482 4541 quidem
1526 4468 1787 4525 cedebant
1823 4468 1941 4524 reli-

359 4583 498 4639 quae
527 4565 734 4627 illarum
776 4565 1042 4637 gentium,
1070 4563 1165 4620 sed
1194 4562 1336 4618 nulla
1356 4577 1539 4618 earum
1563 4575 1659 4619 eos
1702 4560 1757 4617 in
1783 4561 1941 4633 terris

362 4655 451 4713 ubi
495 4653 884 4721 consederant,
929 4653 1071 4710 bello
1108 4653 1373 4710 lacessere
1404 4651 1652 4709 audebat.
1683 4651 1809 4708 ideo
1855 4652 1941 4708 di-

365 4754 511 4813 ctum
539 4755 621 4802 est
650 4755 703 4802 et
726 4745 865 4821 quod
886 4744 1079 4800 deinde
1107 4743 1430 4815 adjungitur,
1464 4741 1581 4798 Non
1602 4743 1781 4804 restitit
1804 4744 1942 4817 quis-

366 4856 519 4910 quam
555 4847 672 4893 ante
698 4838 882 4913 {aciem
907 4837 1110 4892 illorum
1138 4837 1200 4891 ab
1230 4836 1458 4892 omnibus
1494 4835 1709 4891 inimicis
1745 4852 1938 4896 eorum.

359 4929 511 5000 Quod
537 4945 665 4987 vero
689 4930 948 5001 sequitur,
981 4927 1087 4985 Sed
1114 4944 1284 4984 omnes
1307 4928 1538 4984 inimicos
1566 4945 1739 4984 eorum
1780 4929 1943 4985 tradi-

361 5021 436 5075 dit
462 5019 713 5077 Dominus
737 5020 841 5077 illis
860 5019 916 5075 in
940 5036 1118 5075 manus
1139 5035 1353 5085 eorum;
1391 5016 1492 5075 hos
1517 5018 1737 5090 intelligi
1772 5017 1941 5075 voluit

361 5113 624 5180 inimicos,
647 5114 737 5186 qui
767 5113 978 5171 obviam
1003 5112 1080 5169 ire
1105 5112 1159 5169 in
1182 5112 1380 5170 bellum
1413 5112 1527 5169 ausi
1562 5121 1705 5169 sunt.
1735 5112 1943 5181 Deinde
1970 5166 1973 5177 κ

361 5206 503 5283 quod
531 5205 688 5274 dicit,
724 5205 842 5261 Non
878 5204 1064 5261 decidit
1090 5221 1153 5261 ea:
1187 5204 1418 5261 omnibus
1448 5203 1606 5261 verbis
1646 5202 1789 5259 bonis
1827 5220 1942 5277 qua:

363 5300 556 5359 loculus
583 5307 657 5357 est
675 5298 918 5354 Dominus
941 5298 1063 5369 ﬁliis
1090 5296 1257 5353 Israel
1278 5312 1298 5362 ;
1320 5296 1491 5351 omnia
1509 5296 1847 5361 advenerunt;
1868 5297 1941 5357 ita

364 5392 479 5451 vult
512 5391 770 5465 intelligi,
811 5391 934 5464 quia
961 5406 1081 5448 cum
1113 5390 1226 5463 jam
1262 5388 1339 5445 illi
1376 5396 1564 5445 contra
1613 5396 1941 5461 praeceptum

423 5547 442 5578 ³
462 5551 531 5599 Its
550 5545 603 5596 in
620 5544 833 5598 vom
867 5544 1114 5597 codicibus
1149 5548 1203 5593 et
1231 5543 1284 5592 in
1306 5541 1521 5595 editione
1551 5550 1652 5595 ttat.
1691 5542 1939 5596 scribitur.

360 5677 507 5727 illi”.

1183 264 1644 335 QUESTIONUM
1680 264 1740 323 S.
1778 262 2140 333 AUGUS'I'IM
2178 264 2243 320 ΙΝ
2282 266 2835 335 HEPTATEUCHUM

361 5609 574 5687 ρξξραί
604 5616 678 5664 Ir.
712 5617 770 5669 α
800 5601 1311 5677 uvam
1335 5615 1357 5657 :
1380 5603 1507 5670 apud
1540 5602 1941 5671 m.,ttltslocor-
1988 5684 1991 5687 ἤ

2063 380 2272 439 Domini
2299 383 2579 457 fecissent.
2602 388 2917 471 quibusdam
2954 390 3224 462 parcendo
3250 407 3317 451 ex
3359 392 3467 455 illis
3502 409 3629 468 sep-

2060 480 2165 537 tem
2194 477 2437 553 gentibus
2455 519 2472 546 ,
2498 488 2553 536 et
2583 494 2678 537 eos
2706 479 3013 538 obedientes
3043 481 3281 541 faciendo
3300 525 3315 551 ,
3338 483 3517 553 adhuc
3549 494 3631 551 ts.

2058 579 2180 618 men
2211 565 2348 622 inter
2367 582 2461 624 eos
2486 568 2618 625 salvi
2637 580 2806 625 erant.
2830 570 2953 628 ideo
2972 587 3091 631 cum
3114 573 3351 639 dixisset,
3379 592 3443 631 ea:
3468 579 3632 643 omni—

2059 654 2148 710 bus
2172 657 2328 712 verbis
2350 699 2367 727 ,
2409 658 2642 727 addidit,
2690 658 2869 729 bonis;
2907 663 3028 732 quia
3068 662 3301 719 nondum
3339 677 3633 723 evenerant

2056 748 2333 804 maledicta
2354 752 2805 827 contemptoribus
2837 761 2889 808 et
2916 755 3393 826 transgressoribus
3428 760 3630 817 consti—

2058 846 2188 901 tuta.
2222 840 2406 899 Restat
2438 857 2565 914 ergo
2594 852 2649 903 ut
2672 844 2812 917 quod
2850 844 2956 911 ait,
2985 844 3138 905 Dedit
3177 844 3425 905 Dominus
3453 846 3633 907 Israeli

2055 947 2251 988 omnem
2288 944 2471 991 terram
2497 952 2645 1007 quam
2663 937 2925 1008 juraverat
2944 938 3066 992 dare
3088 938 3309 1008 patribus
3326 957 3497 997 eorum
3517 984 3531 1008 ,
3557 958 3631 997 se-

2054 1023 2285 1080 cundum
2316 1024 2416 1081 hoc
2442 1025 2782 1098 intelligatur,
2804 1027 2924 1099 quia
2947 1027 3047 1085 etsi
3067 1029 3240 1086 adhuc
3264 1042 3414 1085 erant
3439 1048 3503 1087 ex
3532 1033 3631 1089 illis

2053 1114 2299 1193 gentibus
2329 1116 2562 1187 reliquiae
2587 1118 2923 1179 conterenda:
2974 1128 3029 1175 et
3072 1122 3517 1189 esterminandze,
3548 1126 3629 1181 vel

2054 1218 2121 1258 ex
2143 1203 2261 1258 aliis
2287 1219 2453 1275 usque
2477 1206 2543 1262 ad
2570 1205 2769 1265 ﬂumen
2795 1208 3114 1279 Euphratem
3138 1248 3155 1276 ,
3181 1220 3271 1264 aut
3289 1211 3628 1282 subjugandze

2052 1295 2096 1350 si
2128 1310 2232 1349 non
2268 1297 2612 1363 resisterent,
2650 1308 2741 1353 aut
2778 1298 3063 1367 perdenda:
3090 1299 3135 1356 si
3164 1302 3510 1370 resisterent;
3547 1312 3629 1359 ta-

2052 1401 2172 1441 men
2204 1385 2255 1439 in
2282 1402 2432 1445 usum
2458 1403 2642 1443 eorum
2682 1389 2881 1444 relictae
2923 1400 3086 1458 sunt,
3128 1390 3184 1446 in
3204 1392 3395 1461 quibus
3418 1409 3630 1449 exerce-

2050 1487 2264 1545 rentur,
2308 1492 2375 1533 nc
2414 1479 2712 1537 carnalibus
2738 1479 3013 1535 aﬂ'ectibus
3054 1489 3109 1536 et
3143 1482 3516 1553 cupiditatibus
3549 1486 3630 1540 in-

2051 1565 2219 1636 ﬁrmi,
2243 1569 2572 1638 repentinam
2616 1577 2864 1642 tanquam
2896 1588 3070 1627 rerum
3098 1574 3467 1644 temporalium
3498 1592 3627 1646 pro-

2049 1659 2358 1728 speritatem
2376 1660 2616 1716 modeste
2630 1676 2692 1715 ac
2707 1662 2987 1721 salubriter
2999 1665 3260 1721 sustinere
3271 1681 3373 1720 non
3390 1656 3626 1739 possent,

2050 1748 2143 1804 sed
2168 1750 2290 1804 elati
2330 1751 2487 1807 citius
2527 1751 2842 1821 interirent,
2885 1754 3023 1824 quod
3061 1767 3358 1826 Opportune
3382 1758 3486 1812 alio
3509 1758 3629 1817 loco

2049 1841 2513 1903 demonstrabitur.
2540 1844 2725 1901 Omnis
2753 1861 2882 1918 ergo
2911 1846 3013 1902 illis
3043 1856 3181 1902 terra
3210 1848 3331 1905 data
3359 1858 3470 1916 est;
3505 1853 3629 1923 quia

2050 1943 2105 1997 et
2129 1935 2213 1990 illa
2234 1950 2354 2005 pars
2377 1952 2497 2009 quae
2516 1937 2751 1997 nondum
2782 1937 2951 1994 fuerat
2972 1939 3025 1995 in
3053 1942 3441 2011 possessionem
3465 1942 3587 1999 data
3604 1983 3624 2015 ,

2043 2023 2155 2097 jam
2180 2025 2301 2080 data
2329 2026 2499 2087 fuerat
2528 2028 2579 2083 in
2604 2029 2885 2099 quamdam
2900 2032 3293 2088 exercitationis
3318 2034 3624 2091 utilitatem.

2117 2117 2282 2173 XXII.
2314 2116 2413 2193 [1b.
2440 2135 2557 2187 XXI,
2584 2118 2860 2194 42.]Quod
2889 2121 2982 2189 ait,
3012 2122 3131 2178 Non
3158 2126 3335 2180 restitit
3363 2126 3626 2201 quisquam

2045 2218 2160 2263 ante
2184 2211 2366 2281 faciem
2394 2210 2599 2266 illorum
2626 2213 2687 2267 ab
2716 2213 2947 2269 omnibus
2984 2214 3197 2272 inimicis
3224 2232 3397 2271 eorum
3416 2259 3431 2282 ,
3457 2219 3627 2289 quaeri

2044 2309 2221 2377 potest
2258 2300 2526 2373 quomodo
2553 2318 2739 2360 verum
2776 2305 2867 2374 sit,
2892 2321 3014 2361 cum
3054 2306 3121 2362 de
3156 2307 3293 2364 tribu
3323 2308 3435 2364 Dan
3462 2325 3625 2381 supe-

2043 2391 2154 2448 rius
2183 2392 2435 2462 scriptum
2465 2393 2554 2460 sit,
2583 2394 2725 2467 quod
2753 2410 2847 2451 eos
2874 2396 3054 2453 hostes
3078 2413 3263 2456 eorum
3290 2415 3398 2455 non
3424 2403 3624 2470 permi-

2044 2485 2212 2540 serint
2246 2483 2578 2542 descendere
2613 2487 2670 2543 in
2700 2488 2921 2554 vallem,
2952 2495 3006 2544 et
3039 2490 3410 2559 praevaluerint
3452 2493 3531 2549 eis
3570 2494 3623 2549 in

2043 2564 2311 2634 montibus
2338 2577 2518 2651 (Iosue
2542 2593 2662 2644 nx,
2689 2579 2775 2647 48,
2805 2582 2943 2654 apud
2968 2581 3152 2654 LXX).
3185 2584 3291 2640 Sed
3320 2587 3460 2657 quod
3487 2588 3624 2644 dixi-

2041 2684 2163 2725 mus
2185 2685 2304 2730 cum
2331 2670 2613 2731 duodecim
2641 2672 2775 2728 ﬁlios
2802 2672 2967 2730 Jacob
2992 2674 3261 2748 Scriptura
3293 2677 3346 2735 in
3372 2678 3621 2753 Mesopo-

2042 2759 2203 2819 tamia
2244 2770 2398 2817 natos
2440 2774 2930 2831 commemorasset,
2973 2765 3060 2825 ubi
3104 2783 3210 2824 non
3255 2769 3426 2825 fuerat
3467 2780 3623 2828 natus

2041 2850 2316 2921 Benjamin
2333 2852 2544 2926 (Quaest.
2570 2854 2625 2911 in
2651 2853 2799 2923 Gem,
2821 2865 2996 2928 qutest.
3026 2858 3150 2931 117)
3174 2876 3190 2925 ;
3218 2858 3319 2916 hoc
3346 2862 3504 2916 etiam
3536 2863 3624 2919 hic

2039 2942 2439 3018 intelligendum
2460 2954 2562 3015 est,
2584 2947 2705 3019 quia
2730 2962 2826 3018 pro
2846 2950 3097 3007 universo
3120 2952 3313 3023 populo
3335 2953 3579 3010 undecim
3600 2957 3618 2988 ί

2040 3036 2213 3093 tribus
2237 3038 2502 3110 deputatae
2528 3048 2670 3106 sunt,
2713 3055 2776 3099 ea
2800 3041 2982 3112 regula
3007 3058 3125 3113 quae
3162 3045 3282 3107 aliis
3315 3044 3617 3117 Scriptura-

2037 3142 2157 3185 rum
2182 3129 2312 3187 locis
2340 3130 2494 3187 nobis
2522 3131 2651 3187 satis
2673 3131 2919 3189 innotuit.
2947 3133 3113 3190 Causa
3140 3142 3318 3192 autem
3348 3139 3393 3193 si
3419 3140 3619 3209 quaeri-

2039 3226 2145 3285 tur,
2176 3233 2273 3277 cur
2301 3220 2416 3277 hate
2443 3220 2612 3276 tribus
2646 3221 2699 3277 in
2727 3236 2790 3279 ea
2817 3232 2961 3279 sorte
2987 3239 3103 3294 quae
3138 3226 3211 3281 illi
3247 3227 3486 3295 obvenit,
3512 3246 3618 3288 non

2037 3310 2329 3367 obtinuerit
2354 3311 2677 3370 sufﬁcientes
2708 3323 2898 3383 terras,
2926 3325 2983 3372 et
3004 3317 3072 3373 ab
3095 3318 3173 3374 eis
3197 3334 3228 3375 a
3252 3321 3443 3392 quibus
3466 3331 3619 3381 tene-

2035 3400 2231 3459 bantur
2248 3400 2441 3459 afﬂiota
2469 3404 2574 3470 sit;
2598 3404 2655 3465 in
2678 3406 2771 3464 Dei
2790 3407 3006 3481 quidem
3027 3418 3233 3467 secreto
3256 3414 3479 3479 consilio
3496 3430 3621 3476 esse

2036 3493 2364 3553 credendum
2402 3504 2505 3553 est.
2546 3497 2924 3559 Verumtamen
2962 3517 3083 3561 cum
3113 3503 3279 3563 Jacob
3322 3507 3620 3573 ﬁliosgsuos

2024 3587 2400 3657 ,benediceret,
2430 3589 2554 3645 talia
2589 3589 2724 3648 dixit
2758 3592 2827 3649 de
2863 3593 2966 3651 isto
2995 3595 3129 3665 Dan,
3159 3606 3216 3653 ut
3244 3596 3312 3654 de
3338 3598 3448 3669 ipsa
3480 3600 3621 3663 tribu

2035 3683 2369 3753 existimetur
2417 3693 2823 3749 exsurrecturus
2862 3687 3220 3755 Antichristus
3259 3689 3427 3765 (Gen.
3467 3709 3615 3763 χιιι,

2036 3776 2162 3847 17).
2196 3776 2348 3833 Unde
2386 3793 2529 3835 nunc
2560 3778 2742 3836 dicere
2783 3780 2937 3851 plura
2972 3797 3080 3845 non
3116 3784 3454 3855 suscipimus,
3494 3786 3618 3845 cum

2037 3868 2197 3923 etiam
2225 3868 2303 3925 sic
2330 3868 2460 3925 solvi
2499 3869 2668 3941 possit
2705 3870 2821 3928 haec
2856 3874 3110 3943 quaestio,
3149 3875 3271 3947 quia
3309 3893 3410 3932 non
3433 3877 3617 3932 restitit

2006 4028 2013 4031 _
2040 3960 2297 4030 quisquam
2324 3971 2440 4017 ante
2466 3963 2648 4034 [aciem
2684 3962 2893 4027 illorum
2924 3966 2986 4020 ab
3013 3968 3244 4029 omnibus
3284 3966 3499 4023 inimicis
3527 3982 3612 4021 eo.

2047 4039 2327 4130 ξξῗξλῖιιαξ
2345 4055 2500 4113 simul
2532 4056 2632 4112 sub
2660 4058 2818 4123 unius
2840 4058 2991 4115 ducis
3030 4060 3254 4129 imperio
3283 4059 3480 4119 bellum
3518 4074 3615 4130 ge.

2046 4112 2574 4221 filiaiam
2610 4120 2833 4221 Singulis
2872 4112 3123 4208 tribubus
3152 4166 3247 4215 sua
3284 4112 3616 4213 defendenda

2045 4195 2408 4255 dividerentur
2431 4193 2570 4250 local

2117 4284 3173 4403 ¥9",[.‘.31‘.§T:3§;]_'Z>.~giﬁeu
3195 4332 3496 4397 salutarium
3520 4352 3619 4400 neq

2404 4379 2416 4390 .
2654 4378 2664 4389 .
2820 4379 2831 4390 .
2930 4378 3617 4403 ww-"

2046 4378 3405 4498 ξέΐῗῖίῗῗζὲῗὶῗεῖἳξῗ¹¹ξῗῖςῗῖ.ῗ-ᾒῖεεεῑαείε,
3435 4428 3617 4498 plura-

2047 4474 2173 4531 liter
2196 4473 2357 4529 etiam
2377 4470 2647 4527 salutaria.
2671 4468 2773 4526 Ubi
2793 4467 3405 4544 advertendum‘éST'q,’
3437 4467 3615 4530 "7""

2056 4564 2491 4585 --ημημηλημ
2531 4562 2626 4585 Δε-ε
2653 4561 2816 4585 -..μμ
2847 4538 3159 4585 --η-,εηηέηηι
3189 4528 3615 4585 -..ιηιη-Ἠυυδο

2047 4564 2496 4638 quemadmodum
2527 4562 2628 4619 dici
2651 4561 2820 4617 soleat
2846 4538 3160 4614 sacriﬁcium
3189 4538 3615 4629 εειιιιιιίἶῗῖῗὶδξιθ⁸

2047 4660 2194 4719 niam
2221 4660 2268 4714 si
2295 4658 2565 4714 Christum
2603 4650 2997 4723 acceperimus,
3033 4650 3284 4722 quoniam
3323 4652 3435 4721 ipse
3463 4651 3635 4720 dictus

2046 4760 2133 4811 est
2156 4749 2397 4808 Salutare
2417 4746 2516 4802 Dei
2541 4744 2704 4819 (Luc.
2727 4759 2787 4805 tt.
2826 4742 2896 4799 '60
2912 4743 2953 4814 ),
2983 4757 3091 4798 non
3116 4743 3349 4799 occurrit
3375 4744 3635 4813 quemad-

2047 4842 2265 4901 modum
2299 4837 2576 4911 pluraliter
2602 4834 2771 4908 possit
2812 4832 2914 4890 hoc
2942 4832 3163 4889 verbum
3206 4832 3447 4905 intelligi.
3489 4834 3633 4891 unus

2047 4933 2190 4991 enim
2218 4929 2473 4987 Dominus
2499 4933 2679 4982 noster
2702 4924 2861 4983 Iesus
2886 4923 3129 4982 Christus
3161 4922 3206 4997 (ι
3236 4922 3356 4979 Cor.
3386 4940 3501 4997 vni,
3534 4924 3591 4996 6)
3616 4943 3630 4979 ;

2046 5023 2288 5097 quamvis
2326 5020 2569 5075 dicantur
2607 5016 2793 5073 christi
2837 5031 2933 5089 per
2971 5015 3087 5086 ejus
3128 5015 3376 5087 gratiam,
3404 5017 3539 5072 sicut
3580 5016 3633 5070 in

2046 5116 2261 5179 Pssimo
2287 5112 2498 5184 legitur,
2523 5108 2698 5167 Nolite
2717 5119 2920 5181 tangere
2939 5108 3152 5163 christos
3171 5124 3307 5164 meos
3330 5108 3500 5184 (Psal.
3522 5123 3633 5177 etv,

2050 5210 2117 5266 l5
2138 5208 2178 5278 ).
2204 5206 2311 5263 Sed
2339 5213 2513 5259 utrum
2552 5203 2815 5259 salutares
2842 5202 2946 5257 dici
2984 5202 3221 5273 possint,
3247 5202 3333 5257 vel
3358 5200 3632 5268 salutaria,

2048 5318 2155 5360 non
2184 5299 2338 5357 facile
2359 5297 2660 5355 audendum
2699 5305 2783 5356 est
2808 5296 2831 5331 ⁸
2854 5314 2869 5353 :
2896 5297 3045 5354 solus
3068 5294 3213 5353 enim
3254 5296 3366 5366 ipse
3389 5294 3635 5361 Salvator

2341 5482 2445 5563 [1b.
2472 5500 2627 5553 nm,
2656 5480 2771 5559 IL]
2796 5480 2951 5553 Quod
2976 5479 3271 5537 dicitJesus
3296 5477 3365 5534 de
3387 5491 3481 5533 sua
3509 5491 3637 5548 pro-

2112 5586 3459 5664 tummduodemntnosuiomesm.tmdm

2112 5656 2929 5721 ’ναίὰιιὶη,ωάίαάωκεα
