4136 6456
784 350 839 357 ..μ

414 400 519 457 789

416 514 705 586 pinquante
746 520 949 581 morte,
992 511 1103 586 Ego
1140 523 1308 571 autem
1344 533 1546 573 recurro
1580 516 1740 584 viam,
1782 519 1911 575 sicut
1952 528 1999 574 et

416 622 587 661 omnes
613 606 701 677 qui
723 622 877 678 super
897 616 1118 673 terram;
1143 606 1194 662 in
1221 622 1283 662 ea
1305 606 1745 679 interpretatione
1771 626 1890 681 qua:
1913 621 1998 666 est

414 711 480 753 ex
507 696 719 752 hebraro
757 696 1085 762 invenimus,
1122 696 1377 769 ingredior
1413 698 1563 753 viann
1594 697 1669 753 lta
1697 715 1823 771 ergo
1857 700 1999 757 acci-

416 787 664 860 piendum
687 796 768 843 est
790 788 928 858 quod
951 786 1293 861 Septuaginta
1318 784 1586 857 dixerxxnt,
1609 809 1833 860 recurro,
1859 792 1999 849 sicut

412 879 610 934 dictum
652 888 734 935 est
763 880 995 947 homini,
1034 880 1206 935 Donec
1243 882 1507 935 revertaris
1545 884 1597 936 in
1641 891 1824 937 terram
1861 883 1998 939 unde

411 981 638 1044 sumptus
664 989 715 1027 es
744 971 891 1045 (Gen.
916 988 995 1039 xxx,
1024 972 1111 1046 19)
1138 990 1151 1039 ;
1180 983 1236 1029 ut
1261 974 1550 1029 secundum
1576 991 1769 1046 corpus
1796 976 1993 1031 dictum

411 1064 755 1137 intelligatur.
789 1066 1091 1122 Secundum
1130 1068 1362 1123 animam
1407 1084 1552 1136 vero,
1584 1071 1629 1125 si
1671 1071 1994 1127 voluerimus

412 1158 479 1211 ita
521 1159 780 1229 accipere,
816 1159 1262 1229 quemadmodum
1307 1160 1358 1215 in
1400 1160 1721 1219 Ecclesiaste
1760 1157 1991 1233 positum

409 1262 511 1319 est,
564 1252 628 1307 Et
674 1254 884 1324 spiritus
927 1264 1199 1309 revertetur
1241 1255 1310 1310 ad
1353 1254 1515 1311 Deum
1569 1258 1655 1327 qui
1699 1256 1834 1312 dedit
1879 1274 1992 1312 eum

409 1345 617 1420 (Eccle.
648 1363 744 1410 xxx,
777 1346 842 1420 7)
871 1363 886 1415 ;
914 1364 1019 1403 non
1048 1349 1280 1405 arbitror
1303 1350 1370 1405 de
1408 1350 1655 1406 omnibus
1682 1365 1837 1421 posse
1863 1350 1987 1419 dici,

408 1439 502 1494 sed
532 1438 598 1493 de
628 1440 691 1494 iis
729 1440 817 1510 qui
862 1440 942 1495 sic
976 1441 1238 1507 vixerint,
1271 1451 1329 1496 ut
1357 1442 1423 1497 ad
1454 1442 1621 1497 Deum
1663 1443 1839 1498 redire
1879 1458 1993 1498 me-

413 1538 643 1597 reantur,
687 1540 933 1602 tanquam
982 1532 1048 1587 ad
1089 1541 1363 1589 auctorem
1410 1549 1441 1589 a
1487 1549 1593 1604 quo
1636 1534 1801 1589 creati
1845 1542 1986 1589 sunt.

406 1622 585 1693 Neque
627 1625 769 1679 enim
802 1625 901 1680 hoc
938 1634 991 1681 et
1016 1626 1084 1681 de
1118 1627 1221 1682 illis
1261 1635 1407 1683 recte
1446 1627 1664 1699 intelligi
1695 1636 1888 1698 potest,
1920 1627 1990 1685 de

406 1716 596 1787 quibus
639 1716 873 1782 dicitur,
920 1717 1143 1787 Spiritus
1186 1718 1453 1773 ambulans
1496 1727 1543 1773 et
1590 1736 1690 1772 non
1740 1728 1989 1775 revertens

409 1802 575 1875 (Psal.
609 1821 813 1874 Lxxvxx,
845 1807 959 1877 59).
992 1808 1091 1863 lsle
1116 1817 1290 1865 autem
1318 1812 1403 1865 vir
1427 1817 1640 1865 sanctus
1665 1809 1820 1866 .Iesus
1842 1810 1989 1868 Nave

404 1895 447 1949 si
491 1912 595 1949 non
641 1897 951 1966 addidisset,
980 1900 1108 1953 sicut
1155 1909 1201 1954 et
1244 1917 1414 1957 omnes
1455 1901 1544 1973 qui
1588 1918 1740 1971 super
1780 1911 1984 1972 terram,

403 1985 542 2041 nulla
568 1995 711 2042 esset
733 1990 955 2059 quzestio
980 2007 993 2054 ;
1027 2006 1200 2062 neque
1236 1992 1377 2046 enim
1405 1991 1549 2047 aliud
1578 1992 1645 2047 de
1674 1994 1765 2048 illo
1794 1992 1985 2050 crede-

401 2093 601 2147 remus,
642 2096 797 2149 quam
839 2097 944 2152 quo
983 2098 1104 2137 eum
1144 2083 1361 2155 dignum
1401 2100 1521 2140 esse
1568 2085 1830 2156 legimus:
1863 2102 1985 2142 cum

400 2183 531 2225 vero
573 2170 809 2226 additum
853 2181 955 2241 est,
982 2175 1112 2228 sicut
1152 2183 1200 2228 et
1237 2191 1409 2230 omnes
1449 2177 1537 2248 qui
1570 2192 1723 2247 super
1760 2186 1986 2245 terram;

400 2261 593 2316 mirum
624 2263 668 2318 si
696 2264 797 2319 hoc
816 2307 830 2329 ,
860 2264 1001 2335 quod
1031 2263 1225 2320 latinus
1252 2266 1515 2337 interpres
1551 2284 1755 2323 recurro
1786 2268 1981 2338 posuit,

401 2370 507 2410 non
540 2358 707 2427 magis
732 2374 969 2429 percurro
999 2359 1082 2414 vel
1123 2375 1333 2414 excurro
1362 2360 1643 2415 dicexxdum
1672 2370 1773 2428 est,
1809 2361 1852 2416 si
1881 2360 1984 2418 hoc

397 2456 575 2517 potest
601 2448 702 2502 dici
729 2449 868 2520 quod
894 2465 1102 2519 graecus
1131 2449 1292 2506 habet
1315 2454 1582 2521 ἀποτρέχω.
1616 2452 1814 2507 Omnes
1839 2454 1980 2508 enim

397 2549 735 2611 percurrunt,
782 2541 863 2597 vel
897 2552 1189 2597 excurrunt
1227 2543 1383 2614 hujus
1410 2544 1533 2599 vita:
1573 2544 1732 2612 viam,
1764 2560 1884 2599 cum
1914 2546 1981 2600 ad

395 2628 512 2698 ejus
535 2631 692 2685 linem
720 2633 1078 2701 pervenerint.
1102 2633 1207 2690 Sed
1232 2634 1353 2705 quia
1383 2633 1484 2690 hoc
1504 2633 1723 2691 verbum
1749 2643 1983 2706 positum

396 2730 497 2783 est,
524 2720 610 2776 ubi
640 2731 885 2791 parentes
915 2723 1173 2780 Rebeccae
1194 2725 1376 2781 dicunt
1394 2725 1461 2781 ad
1482 2741 1700 2782 servum
1728 2727 1979 2796 Abrahae,

393 2809 532 2867 Ecce
568 2813 840 2881 Rebecca;
876 2816 1127 2887 accipiens
1167 2828 1401 2885 recurre,
1438 2825 1487 2873 et
1521 2819 1586 2873 sit
1623 2836 1754 2874 uxor
1791 2819 1984 2875 domini

394 2906 471 2958 tui
506 2906 522 2977 (
550 2903 676 2960 Gen.
713 2922 865 2975 xxxv,
898 2907 1002 2982 51)
1028 2923 1045 2977 ;
1078 2907 1198 2965 ideo
1226 2917 1281 2965 et
1304 2909 1392 2967 hic
1418 2909 1489 2966 ita
1520 2910 1623 2967 hoc
1649 2912 1866 2969 verbum
1895 2914 1980 2969 in-

394 3002 737 3066 terpretatum
765 3004 864 3054 est.

466 3086 628 3142 XXV.
677 3084 775 3163 [1b.
807 3102 959 3157 xxxv,
987 3089 1067 3167 5.]
1104 3091 1255 3160 Quod
1285 3090 1628 3167 Septuaginta
1663 3098 1980 3169 interpretes

394 3178 613 3246 habent,
643 3179 711 3234 Et
735 3183 985 3254 assumpsi
1007 3193 1198 3256 patrem
1223 3196 1439 3241 vestrum
1465 3186 1719 3244 Abraham
1750 3189 1813 3245 de
1840 3201 1979 3247 trans

396 3270 604 3339 ﬂumen,
631 3280 677 3326 et
704 3272 891 3328 deduxi
920 3290 1031 3329 eum
1056 3276 1110 3331 in
1147 3293 1341 3332 onmem
1368 3287 1586 3346 terram;
1613 3281 1979 3353 interpretatio

394 3376 512 3432 qua:
551 3371 633 3417 est
665 3379 728 3420 ex
773 3365 988 3421 ilel‘tBO
1029 3365 1210 3438 habet,
1246 3378 1292 3424 et
1330 3370 1509 3426 induxi
1548 3388 1662 3427 eum
1696 3374 1750 3428 in
1794 3386 1979 3431 terram

394 3452 659 3510 Chanaan.
704 3450 892 3513 Mirum
932 3467 1016 3516 est
1057 3476 1185 3533 ergo
1222 3462 1268 3517 si
1311 3462 1652 3535 Septuaginta
1697 3483 1794 3538 pro
1838 3478 1978 3525 terra

392 3544 643 3603 Chanaan
664 3591 679 3616 ,
707 3564 923 3606 omnem
961 3562 1154 3607 terram
1196 3568 1394 3623 ponere
1418 3555 1733 3625 volueruxxt,
1769 3560 1870 3614 nisi
1898 3560 1979 3616 in-

394 3647 604 3696 tuentes
650 3634 1015 3712 prophetiam,
1064 3653 1121 3699 ut
1164 3647 1331 3717 magis
1376 3662 1441 3703 ex
1484 3650 1839 3721 promissioxxe
1883 3654 1976 3711 Dei

394 3737 641 3802 tanquam
670 3732 868 3789 factum
898 3737 1218 3806 accipiatur,
1249 3739 1388 3811 quod
1420 3742 1716 3800 certissime
1743 3745 1977 3803 futurum

391 3822 706 3901 inIChristo
744 3839 798 3883 et
842 3830 893 3883 in
940 3829 1181 3886 Ecclesia
1221 3836 1688 3904 praenuntiabatur,
1720 3840 1861 3911 quod
1894 3852 1979 3899 est
2022 3832 2027 3835 5

390 3930 578 3972 verum
614 3931 797 3974 semen
838 3920 1105 3989 Abrahae;
1150 3939 1259 3979 non
1297 3925 1351 3981 in
1393 3924 1516 3983 ﬁliis
1551 3930 1749 4000 carnis,
1790 3932 1883 3989 sed
1922 3934 1977 3991 in

391 4008 516 4064 ﬁliis
546 4013 932 4081 promissionis.
1694 4078 1695 4081 η

464 4099 653 4158 XXVI.
695 4101 796 4177 [lh.
826 4120 978 4173 xxxv,
1012 4108 1125 4184 11.]
1168 4107 1238 4167 Et
1267 4111 1572 4173 bellaverunt
1613 4119 1851 4177 adversus
1890 4137 1978 4180 vos

390 4191 477 4262 qui
515 4190 805 4249 habitabant
828 4194 1051 4253 Iericho.
1080 4200 1253 4270 Quaeri
1295 4212 1466 4275 potest
1502 4210 1768 4278 quomodo
1797 4214 1848 4268 id
1886 4230 1977 4271 ve-

391 4298 511 4339 rum
547 4286 635 4352 sit,
665 4302 785 4343 cum
816 4290 1008 4347 clausis
1038 4295 1205 4364 portis
1234 4312 1291 4351 se
1318 4314 1587 4355 murorum
1627 4303 1827 4361 ambitu
1856 4314 1975 4362 tan-

394 4377 670 4435 tummodo
713 4389 1007 4437 tuerentur.
1041 4383 1144 4441 Sed
1189 4396 1333 4444 recte
1373 4382 1571 4447 dictum
1616 4402 1718 4463 est,
1759 4398 1879 4467 quia
1923 4409 1978 4455 et

390 4466 642 4524 claudere
670 4469 924 4528 adversus
947 4474 1150 4532 hostem
1180 4489 1378 4550 portas,
1406 4480 1471 4537 ad
1496 4484 1691 4540 bellum
1723 4466 1972 4557 pertinet.

390 4556 508 4615 Non
551 4562 693 4618 enim
738 4566 995 4622 miserunt
1051 4568 1251 4641 legatos
1294 4574 1385 4644 qui
1428 4556 1733 4645 poscerent
1769 4596 1973 4650 pacem.

390 4651 548 4709 Unde
590 4655 634 4710 si
675 4655 873 4714 dictum
912 4670 1083 4729 esset,
1132 4662 1503 4734 Pugnaverunt
1538 4669 1817 4726 adversunx
1856 4689 1973 4744 vos,

393 4743 582 4802 falsum
620 4752 780 4805 esSet.
814 4744 995 4835 Neque
1034 4755 1173 4810 enim
1220 4757 1417 4813 bellum
1458 4760 1736 4817 continuas
1774 4782 1975 4837 pugnas

392 4834 573 4906 habet,
615 4840 708 4896 sed
747 4832 1032 4914 aliquando
1068 4847 1302 4914 crebras,
1342 4850 1625 4922 aliquando
1668 4832 1975 4922 raras,'ali-

392 4930 606 4998 quando
630 4934 823 4990 nullas.
853 4936 1056 4993 Bellum
1087 4949 1168 4994 est
1196 4948 1372 4997 tamen
1403 4943 1616 5014 quando
1638 4956 1718 5004 est
1744 4950 1973 5021 quodam

393 5021 553 5075 modo
578 5034 780 5081 armata
809 5026 1069 5083 dissensio
1099 5030 1136 5083 ι.

462 5112 676 5171 XXVII.
706 5115 803 5189 [1b.
830 5135 981 5187 xxxv,
1013 5121 1126 5197 12.]
1150 5122 1285 5193 Quid
1312 5135 1413 5192 est,
1446 5128 1585 5199 quod
1616 5130 1754 5187 inter
1781 5141 1974 5192 caetera

391 5218 510 5275 quae
534 5206 693 5265 .Iesus
716 5210 858 5268 Nave
878 5229 1003 5285 erga
1027 5215 1291 5274 lsraelitas
1312 5219 1591 5277 Dominum
1615 5222 1804 5283 fecisse
1822 5240 1973 5284 eom-

391 5309 673 5367 memorat,
704 5301 858 5369 dicit,
887 5302 1030 5360 Misit
1059 5316 1175 5362 ante
1196 5325 1284 5363 vos
1309 5324 1485 5381 vespas
1503 5352 1521 5380 ,
1547 5322 1594 5369 et
1628 5316 1770 5386 eiecit
1797 5317 1915 5374 illos
1941 5336 1974 5374 a

389 5388 524 5459 facie
547 5402 709 5446 vestra
734 5395 754 5425 ³
779 5412 793 5449 :
834 5396 976 5465 quod
1011 5399 1169 5453 etiam
1198 5399 1254 5455 in
1291 5402 1428 5457 libro
1467 5402 1753 5474 Sapientiae
1782 5410 1974 5483 legitur

390 5478 566 5551 (Sap.
598 5499 696 5551 xxx,
722 5484 820 5557 8),
849 5501 949 5544 nec
989 5499 1162 5546 tamen
1190 5493 1395 5563 uspiam
1437 5493 1631 5551 factum
1657 5512 1778 5556 esse
1814 5478 1867 5557 in
1907 5504 1973 5560 iis

387 5653 1973 5791 nugigomnesum.

955 5786 1081 5864 ειιοεν
1102 5778 1411 5864 ardeae
1431 5799 1577 5864 una
1598 5808 1631 5864 ρ
1650 5797 1773 5864 racia
1794 5809 1969 5857 vem-

389 5843 1860 5922 ωσωωωαυρορίοεορουιέωκνῖωῗῆαἶ

1783 404 1986 460 LIBER
2020 403 2309 465 SEXTUS.

3588 425 3690 483 790

2101 534 2221 591 quae
2246 529 2393 589 gesta
2417 531 2560 590 sunt,
2600 522 2909 584 invenitur?
2936 528 3015 584 An
3052 528 3188 587 forte
3214 532 3468 591 translato
3496 543 3701 606 verbo,‘

2100 627 2290 683 vespas
2317 615 2536 687 intelligi
2565 619 2728 674 voluit
2750 623 3041 680 acerrimos
3067 625 3275 683 timoris
3299 627 3531 693 aculeos,
3564 636 3683 702 qui-

2099 704 2198 760 bus
2240 707 2468 777 quodam
2508 710 2667 765 modo
2702 712 2998 770 volantibus
3038 718 3340 773 rumoribus
3381 722 3685 791 pungeban-

2100 804 2206 863 tur,
2236 807 2291 852 ut
2316 800 2575 870 lugerent,
2599 812 2692 857 aut
2713 805 2889 860 aerios
2917 807 3157 864 occultos
3193 810 3430 880 Spiritus,
3458 814 3598 883 quod
3625 818 3675 871 in

2099 887 2314 946 Psalmo
2334 891 2481 957 dicit,
2506 893 2609 949 Per
2627 895 2834 968 angelos
2854 898 3103 972 malignos
3122 898 3293 975 (Psal.
3312 919 3521 972 uxvxx,
3546 908 3636 979 49)
3660 911 3682 963 ?

2097 981 2206 1037 Nisi
2235 982 2371 1041 forte
2398 987 2515 1056 quis
2540 987 2701 1057 dicat,
2729 1005 2836 1046 non
2863 994 3039 1047 omnia
3066 1010 3184 1063 quae
3214 994 3350 1051 facta
3379 1008 3523 1066 sunt,
3557 1016 3678 1055 esse

2096 1076 2399 1144 conscripta
2423 1091 2438 1142 ;
2466 1076 2643 1134 ethoc
2667 1095 2875 1153 quoque
2897 1082 3177 1141 visibiliter
3199 1084 3417 1156 factum,
3443 1100 3502 1145 ut
3526 1105 3679 1146 veras

2095 1178 2288 1233 vestias
2320 1168 2442 1222 velit
2471 1169 2714 1241 intelligi.

2165 1253 2405 1312 XXVIII.
2434 1257 2533 1333 [Ih.
2568 1276 2717 1328 xxxv,
2751 1261 2864 1337 19.]
2894 1264 3030 1334 Quid
3058 1276 3162 1335 est,
3193 1269 3333 1339 quod
3365 1271 3497 1327 dixit
3522 1272 3676 1329 .Iesus

2094 1349 2162 1406 ad
2201 1353 2481 1421 populum,
2514 1352 2635 1410 Non
2665 1357 2888 1427 poteritis
2920 1361 3103 1415 servire
3130 1360 3503 1435 Domino,quia
3540 1365 3676 1419 Dent

2092 1454 2297 1500 sanctus
2324 1455 2416 1501 est.
2442 1448 2521 1502 An
2552 1449 2673 1518 quia
2700 1450 2838 1506 illius
2862 1454 3127 1510 sanctitati
3162 1455 3393 1525 perfecta
3419 1462 3675 1516 servitute

2092 1536 2320 1606 quodam
2352 1536 2511 1594 modo
2538 1543 2925 1611 contemperari
2945 1583 2961 1608 ,
2991 1545 3235 1603 humana:
3276 1548 3542 1619 t'ragilitati
3572 1552 3640 1605 im
3662 1583 3674 1593 ο

2092 1628 2347 1698 possibile
2373 1632 2499 1687 est?
2524 1632 2640 1700 Quo
2664 1633 2866 1703 audito,
2892 1636 2978 1692 isti
3000 1653 3104 1693 non
3136 1638 3307 1695 solum
3339 1642 3454 1711 ejus
3481 1644 3675 1713 eligere

2091 1721 2421 1788 servitutem,
2450 1724 2543 1779 sed
2575 1726 2734 1781 etiam
2763 1725 2831 1782 de
2857 1727 3123 1799 adjutorio
3146 1732 3263 1801 ejus
3285 1742 3339 1787 et
3367 1735 3675 1790 misericor-

2091 1810 2181 1867 dia
2208 1828 2531 1883 praesumere
2566 1818 2899 1875 debuerunt:
2936 1836 3095 1892 quam
3135 1824 3225 1881 ille
3254 1825 3545 1896 intellexit,
3582 1831 3673 1900 qui

2088 1902 2218 1960 dicit
2246 1906 2295 1960 in
2328 1907 2559 1976 Psalmo,
2590 1909 2673 1964 Ne
2699 1912 2854 1967 intres
2882 1913 2934 1968 in
2953 1916 3206 1985 judicium
3237 1935 3351 1973 cum
3378 1935 3520 1975 servo
3547 1930 3671 1988 tuo;

2087 1997 2327 2068 quoniam
2366 2015 2465 2053 non
2485 2001 2854 2071 justi/icabitur
2879 2004 2932 2058 in
2973 2019 3241 2077 conspectu
3279 2018 3365 2063 tuo
3405 2014 3568 2065 omnis
3594 2011 3670 2065 vi-

2088 2099 2205 2141 vens
2234 2086 2254 2158 (
2271 2086 2416 2144 Psal.
2445 2106 2607 2159 cxux,
2632 2092 2727 2164 2).
2759 2093 2849 2149 Isti
2878 2106 3055 2151 autem
3085 2099 3152 2154 de
3180 2114 3239 2155 se
3270 2101 3442 2169 potius
3474 2116 3674 2173 prman-

2087 2193 2235 2233 mere
2264 2179 2609 2253 delegerunt,
2638 2186 2780 2254 quod
2811 2187 2922 2242 Deo
2960 2200 3177 2257 possent
3204 2192 3321 2247 sine
3359 2193 3465 2249 ulla
3505 2194 3673 2249 olien-

2087 2271 2239 2327 sione
2282 2274 2515 2342 servire,
2555 2284 2614 2330 ut
2637 2275 2747 2346 jam
2784 2286 2910 2334 tunc
2938 2280 3265 2351 inciperent,
3290 2285 3436 2355 quod
3472 2286 3540 2341 de
3570 2287 3674 2342 illis

2085 2363 2349 2432 expressit
2390 2366 2713 2434 Apostolus:
2756 2365 3059 2440 Ignorantes
3096 2374 3227 2427 enim
3269 2372 3366 2429 Dei
3392 2377 3667 2447 justitiam,

2083 2465 2133 2511 et
2153 2472 2297 2511 suam
2315 2458 2533 2514 volentes
2551 2461 3081 2535 constituerejustitite
3099 2464 3195 2520 Dei
3213 2483 3314 2521 non
3333 2476 3448 2523 sunt
3464 2469 3673 2540 subjecti

2086 2546 2280 2619 (Rom.
2309 2563 2363 2613 x,
2406 2550 2440 2605 ὅ
2461 2550 2501 2621 ).
2528 2548 2602 2605 Ita
2635 2552 2713 2607 eis
2736 2553 2846 2622 jaxn
2879 2554 2987 2609 Lex
3014 2556 3378 2625 subintrabat,
3418 2568 3476 2614 ut
3501 2562 3671 2617 abun-

2085 2638 2237 2693 daret
2272 2638 2545 2707 delictum,
2586 2650 2640 2696 et
2675 2652 2855 2713 postea
2885 2646 3341 2713 superabundaret
3376 2650 3546 2720 gratia
3576 2658 3674 2721 per

2085 2730 2368 2786 Dominum
2396 2732 2663 2789 Christum
2693 2734 2805 2809 (Id.
2834 2751 2889 2804 ν,
2919 2737 3007 2805 20,
3036 2739 3155 2811 21),
3187 2742 3277 2812 qui
3304 2743 3424 2799 ﬁnis
3458 2754 3540 2801 est
3563 2744 3670 2802 Lo-

2082 2820 2184 2892 gis,
2210 2822 2277 2877 ad
2297 2822 2554 2891 justitiam
2581 2828 2723 2884 omni
2750 2828 2988 2885 credenti
3020 2830 3129 2904 (Id.
3156 2849 3213 2900 x,
3243 2834 3323 2905 4).

2152 2911 2347 2969 XXIX.
2377 2912 2475 2987 [lb.
2496 2932 2641 2983 xxxv,
2660 2917 2777 2991 23.]
2804 2919 2941 2988 Quid
2966 2934 3049 2978 est
3072 2918 3213 2994 quod
3243 2925 3317 2981 ait
3345 2926 3485 2983 idem
3513 2928 3669 2986 Iesus

2081 3003 2305 3074 loquens
2334 3006 2399 3061 ad
2432 3009 2708 3079 populum,
2737 3010 2806 3066 Et
2834 3030 2966 3068 nunc
2993 3015 3377 3091 circumauferte
3399 3020 3519 3075 deos
3542 3020 3671 3077 alie-

2080 3112 2175 3152 nos
2199 3098 2286 3170 qui
2312 3109 2427 3154 sunt
2456 3101 2508 3154 in
2534 3102 2691 3167 vobis,
2723 3112 2770 3158 et
2799 3103 3003 3176 dirigite
3025 3106 3182 3162 corda
3204 3117 3367 3164 vestra
3394 3110 3463 3164 ad
3491 3110 3672 3167 Domi-

2082 3203 2203 3243 num
2246 3187 2413 3245 Deum
2454 3190 2640 3249 Israel.
2682 3192 2799 3250 Non
2843 3197 2985 3251 enim
3032 3198 3281 3255 credendi
3330 3210 3454 3257 sunt
3496 3203 3671 3259 adhuc

2082 3279 2335 3336 habuisse
2364 3284 2503 3353 apud
2545 3300 2604 3340 se
2633 3286 2807 3355 aliqua
2832 3289 3067 3357 gentium
3096 3290 3401 3358 simulacra,
3429 3308 3551 3348 cum
3580 3305 3671 3349 su-

2081 3374 2260 3443 perius
2298 3389 2487 3430 eorum
2517 3376 2875 3434 obedientiam
2918 3380 3320 3449 prtedicaverit:
3348 3393 3440 3438 aut
3468 3399 3598 3440 vero
3622 3385 3669 3441 si

2082 3465 2374 3533 haberent,
2405 3476 2525 3538 post
2564 3477 2737 3526 tantas
2774 3468 2930 3541 Legis
2954 3472 3425 3542 comminationes,
3454 3476 3542 3531 illa
3572 3484 3668 3533 eos

2081 3572 2339 3630 prospera
2367 3572 2755 3632 sequerentur;
2783 3578 2905 3618 cum
2927 3564 3005 3619 sic
3030 3564 3084 3619 in
3111 3580 3206 3620 eos
3224 3564 3548 3621 vindicatum
3576 3568 3665 3634 sit,

2081 3650 2223 3722 quod
2250 3668 2389 3708 unus
2414 3669 2599 3709 eorum
2629 3654 2698 3710 de
2723 3658 3062 3713 anathemate
3088 3657 3285 3713 furtum
3312 3659 3529 3715 iecerat.
3561 3661 3668 3716 De-

2080 3745 2241 3816 nique
2278 3745 2445 3801 Jacob
2483 3746 2616 3803 dixit
2653 3747 2756 3803 hoc
2788 3749 2867 3805 eis
2902 3750 2992 3819 qui
3030 3764 3151 3807 cum
3190 3751 3281 3806 illo
3321 3754 3561 3809 exierant
3596 3752 3666 3809 ds

2080 3837 2483 3909 Mesopotamia,
2514 3839 2605 3897 ubi
2633 3842 2712 3897 sic
2753 3841 2891 3897 idola
2930 3842 3264 3911 colebantur,
3297 3853 3355 3899 ut
3377 3854 3431 3899 et
3467 3845 3667 3902 Rachel

2079 3938 2301 4000 paterna
2339 3927 2606 3986 iuraretur
2642 3929 2802 4000 (Gen.
2843 3948 3004 4000 xxxx,
3045 3932 3189 4004 19):
3227 3933 3321 3989 sed
3362 3944 3481 4005 post
3522 3935 3666 3993 illam

2078 4019 2497 4077 admonitionem
2539 4020 2723 4087 Jacob,
2765 4022 3030 4079 dederunt
3078 4039 3199 4095 quae
3242 4023 3510 4081 habebant
3552 4025 3663 4099 (ldt

2078 4126 2249 4177 xxxv,
2277 4112 2333 4179 2,
2358 4113 2468 4185 1);
2499 4113 2650 4187 unde
2663 4115 2905 4185 apparuit
2935 4115 3037 4171 hoc
3073 4116 3152 4172 eis
3185 4117 3257 4173 ita
3293 4118 3492 4174 dictum
3522 4132 3663 4187 esse;

2079 4205 2201 4278 quia
2240 4206 2440 4263 sciebat
2466 4222 2559 4263 eos
2598 4207 2796 4264 habere
2841 4208 2931 4265 ille
2967 4210 3055 4280 qui
3097 4209 3322 4266 dixerat.
3349 4211 3499 4266 Nunc
3537 4222 3667 4267 vero

2080 4308 2200 4368 post
2234 4297 2372 4354 hanc
2413 4297 2826 4353 admonitionem
2870 4298 2996 4355 Jesu
3038 4299 3182 4355 Nave
3218 4302 3397 4356 nullus
3437 4301 3541 4356 tale
3567 4302 3669 4357 ali-

2079 4388 2205 4459 quid
2255 4389 2493 4461 protulit.
2536 4387 2646 4445 Nec
2687 4398 2862 4445 tamen
2911 4390 3201 4459 putandum
3250 4398 3333 4446 est
3375 4391 3478 4446 hoc
3516 4391 3664 4447 illum

2080 4478 2307 4533 inaniter
2340 4480 2699 4550 princepisse;
2729 4495 2835 4534 xxon
2865 4484 3009 4535 enim
3040 4481 3150 4549 ait,
3184 4481 3250 4536 Et
3284 4496 3424 4537 nunc
3457 4480 3665 4540 auferto

2078 4568 2211 4625 deos
2232 4569 2433 4626 alienos
2454 4570 2498 4625 si
2519 4570 2609 4641 qui
2628 4580 2753 4625 sunt
2775 4571 2826 4625 in
2846 4572 2998 4627 vobis
3016 4586 3033 4637 ;
3054 4571 3151 4629 sed
3172 4574 3390 4630 omnino
3413 4578 3663 4652 tanquam

2078 4660 2256 4716 sciens
2295 4676 2437 4727 esse,
2466 4662 2555 4734 qui
2590 4670 2730 4729 sunt,
2763 4662 2953 4733 inquit,
2982 4663 3034 4718 in
3077 4663 3233 4720 vobis.
3263 4664 3493 4722 Proinde
3533 4666 3666 4722 Pro-

2079 4752 2236 4824 pheta
2264 4764 2479 4809 sanctus
2514 4753 2567 4809 in
2606 4755 2860 4811 cordibus
2886 4770 3072 4811 eorum
3099 4771 3219 4812 esse
3242 4758 3494 4815 cernebat
3519 4758 3665 4830 cogi-

2080 4847 2308 4901 tationes
2345 4846 2413 4902 de
2454 4846 2565 4903 Deo
2599 4845 2800 4902 alienas
2838 4861 2869 4902 a
2903 4847 3035 4914 Deo,
3076 4855 3131 4903 et
3169 4849 3310 4920 ipsas
3346 4846 3669 4905 admonebat

2078 4936 2295 4992 auferri.
2320 4936 2572 5009 Quisquis
2595 4938 2738 4993 enim
2765 4938 2924 4994 talem
2946 4939 3141 5009 cogitat
3172 4939 3335 4994 Deum
3362 4938 3531 5009 qualis
3556 4953 3663 4994 non

2081 5038 2163 5083 est
2190 5029 2352 5096 Deus,
2381 5030 2615 5084 alienum
2651 5030 2817 5084 Deum
2860 5030 3039 5100 utique
3069 5040 3119 5084 et
3147 5028 3337 5085 falsum
3368 5030 3420 5084 in
3461 5030 3664 5099 cogita-

2080 5118 2222 5173 tione
2265 5127 2458 5191 portat.
2499 5119 2628 5189 Quis
2665 5129 2748 5176 est
2787 5128 2962 5175 autem
3006 5121 3096 5191 qui
3134 5120 3212 5175 sic
3249 5120 3445 5191 cogitet
3494 5121 3662 5176 Deum

2077 5211 2527 5282 quemadmodum
2555 5212 2641 5268 ille
2670 5213 2795 5267 est?
2820 5213 2899 5268 Ac
2937 5228 3033 5283 per
3055 5212 3157 5268 hoc
3185 5213 3499 5284 relinquitur
3532 5214 3664 5270 ﬁde-

2080 5301 2241 5371 libus,
2264 5304 2514 5374 quamdiu
2537 5306 2944 5375 peregrinantur
2961 5319 2991 5358 a
3020 5304 3245 5359 Domino
3267 5302 3331 5377 (ll
3358 5305 3477 5360 Cor.
3500 5321 3555 5372 v,
3578 5306 3659 5377 6),

2077 5397 2289 5455 auferre
2315 5414 2345 5454 a
2372 5398 2531 5453 corde
2556 5413 2652 5452 suo
2681 5398 2935 5453 irruentia
2958 5412 3092 5452 vana
3120 5398 3509 5467 phantasmata,
3543 5415 3663 5469 qua:

2077 5507 2137 5548 se
2161 5490 2513 5561 cegitantibus
2539 5491 2801 5560 ingerunt,
2828 5490 2973 5544 velut
2998 5490 3118 5545 talis
3137 5500 3228 5545 aut
3258 5490 3376 5545 talis
3402 5489 3471 5543 sit
3497 5490 3661 5557 Deus,

2077 5583 2250 5655 qualis
2279 5583 2459 5652 utique
2488 5597 2596 5637 non
2637 5591 2759 5638 est:
2790 5591 2844 5638 et
2871 5581 3102 5653 dirigere
3137 5596 3232 5638 cor
3257 5582 3326 5637 ad
3354 5581 3504 5638 illum
3536 5582 3666 5638 fide-

2076 5674 2219 5741 liter,
2261 5683 2317 5727 ut
2355 5672 2798 5744 quemadmodum
2838 5682 2893 5728 et
2927 5681 3182 5744 quantum
3220 5673 3375 5729 nobis
3412 5672 3666 5743 expedire

2076 5768 2247 5833 novit,
2293 5766 2407 5836 ipse
2450 5780 2509 5822 se
2552 5766 2785 5820 insinuet
2831 5780 2925 5835 per
2967 5764 3223 5836 Spiritum
3270 5780 3449 5833 suum,
3491 5766 3667 5825 donec

2078 5869 2380 5917 assumatur
2406 5874 2565 5917 omne
2588 5858 2944 5930 mendacium,
2969 5860 3109 5919 unde
3126 5859 3331 5920 dictum
3352 5871 3457 5933 est,
3479 5859 3661 5925 Omnis
