4136 6514
454 394 554 451 791

456 506 605 562 homo
623 500 843 558 mendas:
864 495 1034 569 (Psal.
1058 507 1180 558 cxv,
1205 489 1292 561 Η)
1320 505 1334 554 ;
1366 496 1421 544 et
1446 490 1708 541 transacta
1727 493 1832 534 non
1855 476 2029 532 solum

459 596 620 668 impia
667 567 918 656 falsitate,
952 600 1135 641 verum
1181 581 1342 637 etiam
1387 579 1503 648 ipso
1544 571 1760 644 speculo
1801 577 1853 625 et
1902 567 2031 668 aeni:

455 658 653 761 gm-ate,
687 684 824 740 facie
851 679 916 735 ad
941 678 1128 734 faciem
1158 683 1558 742 cognoscamus,
1587 666 1725 720 sicut
1757 671 1811 718 et
1836 658 2032 730 cogniti

453 753 638 836 sumus
679 795 692 830 :
737 769 1183 847 quemadmodum
1234 762 1520 836 Apostolus
1573 758 1732 823 dicit,
1797 753 2032 847 Videmus

455 887 589 926 nunc
627 885 717 940 per
750 843 1008 937 speculum
1049 863 1100 915 in
1127 859 1418 929 amigmate,
1451 864 1569 907 tunc
1601 859 1766 904 autem
1809 847 1937 917 facie
1966 843 2034 896 ad

455 961 637 1034 faciem
662 973 682 1012 :
708 973 842 1011 nunc
885 954 987 1008 scio
1033 967 1095 1006 ea:
1143 958 1324 1018 parte;
1369 955 1487 1000 tunc
1529 952 1697 996 autem
1735 951 2034 1009 cognoscam

454 1052 587 1110 sicut
610 1057 659 1104 et
684 1047 911 1118 cognitus
939 1059 1049 1097 sum
1081 1040 1122 1113 (l
1153 1039 1272 1095 Cor.
1299 1053 1416 1100 xm,
1445 1035 1556 1103 12).
1655 1038 1661 1044 ’

523 1141 696 1201 XXX.
721 1138 823 1214 [lb.
852 1153 996 1204 xxw,
1021 1131 1237 1204 2537.]
1254 1131 1320 1185 Et
1339 1128 1583 1200 disposuit
1605 1125 1754 1179 Iesus
1774 1131 2038 1176 testamen-

392 1258 426 1298 ε,
459 1244 568 1289 tum
590 1234 659 1288 ad
699 1212 942 1301 populum
969 1229 1023 1281 in
1048 1227 1137 1280 illo
1165 1224 1265 1289 die,
1294 1232 1340 1276 et
1364 1221 1498 1275 dedit
1519 1217 1596 1272 illi
1625 1216 1804 1288 Legem
1831 1223 1874 1268 et
1890 1212 2037 1301 judi-

454 1325 592 1377 cium
619 1323 674 1377 in
701 1300 814 1377 Silo
838 1335 1008 1372 coram
1032 1313 1349 1370 tabernaculo
1391 1308 1597 1363 Domini
1632 1307 1726 1360 Dei
1760 1302 1943 1358 Israel.
1967 1300 2036 1355 Et

459 1415 660 1484 scripsit
684 1411 833 1466 verba
854 1411 958 1463 hate
981 1409 1033 1461 in
1057 1407 1182 1460 libro
1210 1403 1355 1475 Legis
1381 1402 1509 1466 Dei;
1531 1409 1575 1454 et
1601 1399 1790 1468 accepit
1818 1395 2038 1466 lapidem

398 1485 431 1578 ii
458 1520 718 1576 magnum,
749 1511 795 1556 et
825 1500 1000 1555 statuit
1027 1499 1171 1552 illum
1197 1495 1347 1550 Iesus
1371 1494 1460 1547 sub
1487 1490 1761 1546 terebintho
1785 1497 1904 1542 ante
1930 1485 2037 1540 Do-

414 1579 425 1662 ;
456 1596 670 1649 minum.
695 1592 762 1648 Et
783 1592 912 1646 dixit
937 1589 1088 1644 Iesus
1111 1588 1178 1641 ad
1207 1585 1484 1658 populum:
1515 1582 1644 1636 Ecce
1669 1581 1798 1651 lapis
1833 1580 1927 1633 iste
1945 1577 2039 1634 erit

457 1687 595 1740 vobis
619 1685 672 1738 in
698 1682 1059 1745 testimonium,
1097 1679 1214 1750 quia
1241 1679 1322 1731 hic
1364 1675 1554 1729 audivit
1578 1672 1743 1726 omnia
1769 1685 1882 1740 qua:
1904 1669 2041 1727 dicta

458 1788 577 1832 sunt
605 1793 638 1829 a
666 1775 905 1838 Domino,
937 1785 1257 1841 quaecumque
1277 1767 1470 1821 locutus
1496 1773 1568 1818 est
1594 1774 1659 1816 aa
1683 1777 1771 1820 uas
1794 1764 1960 1830 hodie,
1992 1771 2042 1816 et

459 1866 542 1920 hic
561 1865 652 1918 erit
683 1863 820 1917 vobis
837 1863 891 1916 in
926 1859 1262 1916 testimonium
1291 1857 1345 1910 in
1382 1853 1662 1912 novissimi;
1699 1855 1890 1921 diebus,
1926 1869 2040 1906 cum

459 1956 653 2010 mentiti
671 1954 865 2024 [ueritis
893 1951 1110 2004 Domino
1136 1948 1245 2002 Deo
1272 1954 1449 2007 uestro.
1481 1949 1606 2003 Haec
1631 1947 1791 2002 verba
1817 1945 1903 2015 qui
1933 1960 2041 1998 non

459 2047 515 2102 in
537 2045 815 2115 superﬁcie
841 2051 1040 2100 tantum
1065 2044 1307 2111 audiunt,
1338 2041 1429 2096 sed
1451 2040 1720 2109 aliquanto
1740 2037 1895 2090 altius
1923 2051 2043 2104 pcr-

461 2144 785 2200 scrutantur,
819 2149 1151 2208 nequaquam
1184 2142 1386 2189 tantum
1427 2132 1599 2186 virum
1645 2139 1750 2184 tam
1791 2127 2044 2196 insipien-

461 2237 572 2289 tem
593 2234 781 2304 putare
807 2229 1020 2294 debent,
1052 2236 1110 2282 ut
1139 2225 1302 2282 verba
1333 2224 1422 2278 Dei
1457 2237 1575 2292 quae
1611 2221 1817 2275 locutus
1844 2226 1924 2273 est
1951 2231 2046 2287 po-

459 2325 629 2398 pulo,
679 2323 969 2378 inanimum
1021 2319 1247 2390 lapidem
1311 2316 1519 2370 audisse
1567 2311 1902 2367 crediderit:
1953 2311 2046 2380 qui

465 2415 676 2474 etiamsi
700 2415 769 2470 ab
796 2415 1000 2469 artiﬁce
1026 2412 1078 2466 in
1108 2409 1338 2466 hominis
1364 2405 1761 2462 similitudinem
1784 2401 2046 2471 efﬁgiatus

468 2517 634 2573 esset,
660 2507 797 2561 inter
820 2505 939 2560 illos
960 2504 1140 2574 utique
1155 2503 1515 2579 deputaretur2
1539 2497 1606 2551 de
1627 2496 1815 2565 quibus
1831 2495 1882 2548 in
1899 2491 2048 2549 Psal-

465 2613 556 2654 mo
588 2597 816 2666 canitur,
843 2598 1004 2652 Aures
1029 2595 1226 2658 habent,
1256 2603 1302 2648 et
1326 2609 1428 2646 non
1452 2591 1656 2645 audient
1686 2588 1871 2662 (Psal.
1895 2602 2044 2655 cxm,

465 2687 501 2744 6
532 2688 572 2759 ).
601 2689 779 2758 Neque
807 2689 947 2742 enim
992 2687 1129 2742 idola
1157 2684 1407 2742 Gentium
1454 2697 1640 2738 aurum
1678 2690 1732 2736 et
1771 2688 2046 2750 argentum

465 2780 580 2836 sola
607 2795 710 2837 non
739 2779 979 2846 audiunt,
1004 2787 1078 2844 et,
1105 2778 1152 2834 si
1173 2775 1379 2846 lapidea
1408 2774 1534 2839 sint,
1564 2773 1800 2828 audiunt.
1829 2771 1932 2827 Sed
1953 2786 2048 2842 per

465 2872 608 2927 hunc
631 2871 858 2941 lapidem
887 2869 1128 2940 profecto
1157 2868 1301 2923 illum
1325 2865 1656 2937 signiﬁcavit,
1683 2864 1773 2935 qui
1792 2863 1890 2917 fuit
1914 2862 2049 2932 lapis

465 2961 776 3019 oll'ensionis
801 2977 906 3016 non
927 2957 1267 3016 credentibus
1295 2958 1513 3021 Iudaeis,
1537 2965 1591 3011 et
1617 2964 1764 3026 petra
1791 2952 2046 3017 scandali;

469 3053 564 3122 qui
588 3066 708 3107 cum
753 3052 1131 3121 reprobaretur
1159 3051 1226 3105 ab
1255 3047 1653 3112 atdiﬁcantibus,
1689 3045 1858 3099 factus
1887 3053 1970 3099 est
1996 3045 2047 3098 in

468 3151 628 3212 caput
656 3142 1020 3214 anguli(Psal.
1039 3157 1205 3206 cxvu,
1225 3141 1317 3209 22,
1347 3141 1434 3196 etl
1462 3139 1576 3194 Pet.
1601 3157 1656 3204 ιι,
1689 3141 1739 3207 7,
1768 3139 1822 3210 8)
1851 3155 1864 3192 :
1891 3153 2050 3209 quem

465 3232 823 3305 przeﬁguravit
856 3242 911 3288 et
938 3233 1026 3288 illa
1055 3241 1201 3301 petra
1230 3247 1348 3302 quae
1381 3241 1560 3302 potum
1593 3231 1790 3286 sitienti
1822 3231 2050 3301 populo,

464 3325 613 3397 ligno
641 3339 888 3396 percussa
915 3324 1144 3394 profudit
1171 3323 1378 3395 (|Exod.
1408 3335 1541 3389 xvn,
1573 3322 1642 3393 6)
1669 3340 1682 3389 ;
1714 3322 1783 3378 de
1802 3338 1905 3392 qua
1924 3322 2050 3378 dicit

465 3419 774 3490 Apostolus,
803 3416 1042 3472 Bibebant
1069 3425 1234 3470 autem
1252 3416 1314 3470 de
1337 3416 1587 3487 spirituali
1613 3417 1833 3486 sequenti
1874 3425 2052 3486 petra;

465 3519 612 3583 petra
637 3519 802 3564 autem
824 3519 931 3564 erat
958 3509 1188 3564 Christus
1221 3509 1240 3580 (
1265 3507 1287 3564 1
1317 3508 1431 3562 Cor.
1462 3525 1516 3574 x,
1548 3507 1626 3580 4).
1668 3507 1820 3564 Unde
1855 3515 1912 3562 et
1937 3509 2052 3564 cul-

466 3602 610 3658 tellis
630 3602 850 3672 petrinis
887 3602 1144 3673 populum
1184 3600 1516 3656 circumcidit
1549 3601 1648 3656 iste
1684 3600 1873 3655 ductor
1899 3615 2052 3669 egre-

469 3693 592 3764 gius
619 3692 797 3764 (Iosue
814 3710 868 3762 v,
899 3694 955 3762 2,
979 3695 1033 3764 ὅ)
1067 3709 1082 3748 :
1110 3694 1200 3764 qui
1223 3693 1380 3749 cultri
1405 3693 1599 3763 petrini
1628 3709 1748 3749 cum
1776 3693 1867 3748 illo
1892 3693 2053 3748 etiam

467 3787 664 3857 sepulti
691 3795 833 3853 sunt,
863 3796 924 3841 ut
951 3785 1268 3856 profundum
1295 3787 1604 3858 mysterium
1627 3786 2057 3842 demonstrarent

467 3879 704 3950 posteris
731 3877 1087 3949 profuturum.
1111 3879 1198 3934 Sic
1224 3894 1352 3949 ergo
1377 3889 1432 3935 et
1453 3880 1609 3934 istum
1627 3879 1876 3949 lapidem,
1898 3894 2056 3949 quan-

467 3985 630 4041 quam
660 3971 939 4026 visibiliter
960 3979 1238 4038 statutum,
1267 3971 1612 4041 spiritualiter
1629 3972 1888 4026 debemus
1917 3970 2058 4026 acci-

467 4073 622 4132 pere,
651 4061 703 4115 in
738 4062 1100 4117 testimonium
1123 4063 1354 4117 futurum
1383 4063 1582 4118 Iudaeis
1609 4063 1927 4130 inﬁdelibus,
1956 4063 2057 4118 hoc

470 4160 556 4207 est
574 4153 948 4210 mentientibus
967 4172 981 4221 ;
1000 4154 1066 4210 de
1086 4156 1276 4224 quibus
1300 4155 1428 4211 dicit
1442 4156 1705 4220 Psalmus,
1732 4155 1931 4210 Inimici
1953 4156 2059 4211 Do-

471 4243 599 4297 mini
623 4245 817 4298 mentiti
840 4253 957 4299 sunt
981 4247 1026 4299 ei
1052 4245 1222 4315 (Psal.
1249 4263 1417 4313 uxx,
1440 4246 1554 4317 16).
1578 4247 1761 4318 Neque
1781 4249 1922 4303 enim
1950 4247 2059 4302 fru-

473 4341 612 4402 stra,
657 4349 780 4390 cum
821 4336 931 4405 jam
961 4337 1055 4391 Dei
1081 4336 1310 4392 famulus
1336 4338 1566 4410 Moyses,
1615 4340 1701 4395 vel
1748 4340 1924 4409 potius
1964 4355 2060 4410 per

472 4440 596 4483 eum
619 4427 759 4484 Deus
777 4427 1124 4499 disposuisset
1146 4429 1211 4484 ad
1229 4431 1483 4501 populum
1501 4440 1894 4499 testamentum,
1919 4431 2060 4502 quod

473 4517 528 4573 in
561 4534 683 4572 arca
713 4529 828 4575 erat
847 4562 860 4587 ,
891 4537 1008 4591 qua:
1035 4521 1175 4576 dicta
1211 4531 1296 4577 est
1325 4538 1448 4579 arca
1483 4523 1804 4590 testamenti,
1832 4532 1885 4578 et
1918 4523 1970 4577 in
2000 4524 2062 4578 li—

468 4607 583 4666 bris
596 4609 752 4681 Legis
772 4620 911 4666 tanta
938 4622 1392 4668 sacramentorum
1414 4625 1464 4668 et
1479 4624 1864 4684 prmceptorum
1893 4615 2062 4670 multi-

470 4702 710 4772 plicitate
735 4707 1050 4774 conscriptis
1076 4705 1266 4777 (Exod.
1281 4723 1428 4775 xxxv,
1448 4709 1500 4775 5,
1529 4708 1674 4781 sta);
1697 4720 1872 4766 tamen
1902 4711 2060 4766 etiam

474 4789 566 4846 hic
586 4790 785 4847 dictum
808 4803 906 4859 est,
926 4794 1186 4866 Disposuit
1200 4795 1352 4852 Iesus
1366 4798 1433 4852 ad
1453 4801 1697 4870 populum
1715 4809 2064 4856 testamentum

468 4881 524 4935 in
551 4881 643 4936 illa
667 4883 766 4937 die.
802 4883 1064 4954 Repetitio
1088 4889 1282 4958 quippe
1319 4893 1617 4946 testamenti
1643 4891 1848 4948 Novum
1879 4893 2066 4950 Testa-

376 5028 394 5049 λ
467 4983 706 5030 mentum
730 4976 1019 5047 signiﬁcat;
1049 4980 1190 5050 quod
1207 4980 1468 5051 signiﬁcat
1489 4991 1542 5038 et
1560 4984 2024 5041 Deuteronomium
2045 5027 2060 5056 ,

2059 5085 2068 5093 α

482 5092 498 5121 ,
2029 5093 2031 5095 ,
2061 5092 2064 5093 ,

1277 364 1736 444 QUIESTIONUM
1773 363 1832 420 S.
1872 351 2232 416 AUGUSTINI
2262 351 2328 410 IN
2366 349 2917 409 "EPTATEUCHUM

3610 357 3722 416 79!

2137 475 2278 547 quod
2294 457 2913 545 interpretatur-Secunda
2925 471 3008 527 lex
3027 489 3042 538 ;
3058 470 3198 542 quod
3211 471 3509 543 signiﬁcant
3520 476 3721 547 etprio-

2137 569 2283 625 ribus
2310 567 2593 624 confractis
2633 565 2828 620 tabulae
2875 574 3139 620 renovata:
3165 564 3360 636 (Exod.
3417 583 3606 636 xxxrv,
3646 569 3715 635 1,

2137 660 2216 731 4).
2248 661 2422 715 Multis
2450 659 2590 714 enim
2616 657 2787 713 modis
2824 656 3224 727 signiﬁcandum
3255 659 3392 728 quod
3420 676 3526 715 uno
3559 662 3720 717 modo

2139 751 2464 822 implendum
2493 749 2608 804 fuit.
2644 749 2892 805 Iamvero
2927 748 3069 819 quod
3095 749 3195 803 sub
3231 750 3526 806 terebintho
3551 759 3720 808 statu-

2140 851 2227 897 tus
2246 850 2328 895 est
2355 841 2509 910 lapis,
2538 839 2638 896 hoc
2667 839 2944 910 signiﬁcat,
2973 839 3113 909 quod
3142 841 3284 912 virga
3309 841 3376 896 ad
3405 853 3628 912 petram,
3662 854 3721 901 ut

2140 951 2274 1006 aqua
2303 933 2620 1004 proﬁueret;
2652 933 2773 1004 quia
2793 948 2964 1003 neque
2985 932 3071 987 hic
3095 932 3209 989 sine
3228 934 3370 1005 ligno
3394 944 3618 992 statutus
3637 947 3721 994 est

2141 1029 2294 1099 lapis.
2340 1027 2464 1084 Ideo
2503 1035 2678 1081 autem
2713 1026 2914 1092 subter,
2958 1026 3080 1095 quia
3119 1041 3224 1081 non
3273 1027 3458 1084 luisset
3484 1029 3539 1087 in
3563 1046 3722 1090 crure

2141 1121 2421 1182 exaltatus,
2447 1119 2546 1173 nisi
2569 1117 2863 1201 humilitate
2885 1117 3186 1186 subjectus;
3210 1122 3291 1176 vel
3312 1122 3452 1192 quod
3474 1123 3565 1178 illo
3590 1134 3722 1180 rem-

2143 1226 2292 1281 pore,
2323 1226 2428 1278 quo
2455 1209 2506 1263 id
2544 1207 2766 1267 faciebat
2807 1206 2964 1267 Iesus
3001 1210 3164 1278 Nave,
3195 1211 3368 1267 adhuc
3400 1213 3725 1270 obumbran-

2142 1303 2265 1358 dnm
2299 1303 2606 1374 mysterium
2636 1303 2752 1359 fuit.
2793 1303 3100 1360 Terebinthi
3138 1303 3297 1358 etiam
3326 1303 3722 1374 lignum-tnedi-

2142 1395 2366 1451 cinalem
2392 1394 2683 1469 lacrymam
2725 1393 2967 1462 exsudat,
2996 1409 3113 1463 qua:
3141 1394 3300 1449 arbor
3323 1410 3352 1446 a
3381 1394 3720 1465 Septuaginta

2143 1492 2520 1566 interpretibus
2548 1494 2650 1549 hoc
2677 1493 2797 1548 loco
2825 1491 2994 1562 posita
3020 1500 3122 1557 est,
3154 1489 3394 1562 quamvis
3431 1489 3722 1545 secundum

2145 1589 2278 1644 alios
2303 1587 2620 1658 interpretes
2640 1600 2869 1656 quercus
2895 1585 3121 1654 legatur.

2215 1682 2405 1737 Mirum
2426 1689 2507 1735 est
2535 1694 2662 1735 sane
2686 1678 2826 1748 quod
2852 1679 3038 1732 saltem
3071 1676 3124 1730 in
3152 1673 3456 1730 novissimis
3474 1673 3585 1728 suis
3605 1688 3725 1729 ver-

2145 1775 2248 1842 bis,
2290 1774 2481 1846 quibus
2520 1771 2769 1842 populum
2812 1770 3072 1824 allocutus
3099 1776 3184 1822 cst
3217 1765 3372 1822 Iesus
3418 1765 3577 1820 homo
3607 1765 3722 1830 Dei,

2148 1867 2278 1922 nihil
2317 1881 2411 1921 eos
2453 1863 2771 1933 objurgavit,
2799 1877 2864 1916 ex
2901 1876 2966 1916 eo
2992 1859 3132 1931 quod
3159 1859 3242 1913 his
3264 1858 3509 1929 gentibus
3533 1871 3726 1927 peper-
3801 1897 3804 1901 .

2147 1967 2359 2024 cernat,
2389 1973 2519 2027 quas
2550 1957 2804 2010 Dominus
2833 1969 2998 2024 usque
3038 1951 3106 2006 ad
3150 1951 3565 2006 internecionem
3603 1964 3726 2004 cum

2147 2051 2481 2106 anathemate
2524 2047 2819 2117 pcrdendas
2848 2059 2967 2100 esse
2990 2044 3258 2115 praecepit.
3301 2041 3390 2097 Sic
3416 2043 3558 2097 enim
3591 2042 3726 2097 scri-

2149 2154 2295 2214 ptum
2335 2151 2418 2197 est
2459 2158 2472 2194 :
2517 2140 2586 2193 Et
2613 2144 2803 2210 factum
2843 2145 2948 2201 est,
2997 2145 3259 2206 postquam
3284 2121 3602 2188 incaluerant
3633 2134 3730 2203 lilii

2149 2235 2350 2298 Israel,
2383 2243 2428 2288 et
2459 2237 2683 2304 fecerunt
2709 2229 3020 2284 Cltananazos
3049 2227 3372 2283 obaudientes
3393 2267 3408 2290 ,
3439 2227 3730 2280 exterminio

2149 2337 2319 2382 autem
2341 2343 2425 2381 eos
2462 2341 2564 2378 non
2588 2321 3039 2378 exterminaverunt
3069 2317 3262 2391 (Iosue
3285 2319 3503 2384 “11,15
3525 2317 3565 2388 ).
3596 2316 3728 2372 Nam

2151 2418 2324 2487 primo
2348 2415 2397 2470 id
2423 2429 2519 2470 eos
2542 2428 2646 2468 non
2676 2411 2933 2482 potuisse,
2969 2407 3240 2480 Scriptura
3269 2415 3459 2462 testata
3487 2415 3604 2462 est:
3635 2405 3731 2462 sed

2152 2522 2294 2563 nunc
2317 2514 2658 2577 posteaquam
2684 2503 3103 2574 prtevaluerunt,
3129 2501 3199 2556 ita
3221 2511 3278 2556 ut
3301 2500 3538 2556 facerent
3565 2501 3732 2555 obau-

2151 2602 2376 2664 dientes,
2401 2597 2542 2669 quod
2562 2613 2668 2652 non
2692 2597 2850 2650 etiam
2877 2593 3382 2658 exterminaverunt,
3407 2592 3588 2663 utique
3606 2607 3736 2648 con-

2153 2701 2234 2748 tra
2261 2699 2585 2761 praeceptum
2617 2687 2822 2743 Domini
2844 2687 3037 2742 factum
3062 2693 3144 2740 est
3170 2702 3185 2738 :
3217 2683 3356 2755 quod
3385 2693 3595 2740 nonest
3618 2683 3736 2740 cui-

2153 2803 2313 2858 quam
2339 2785 2556 2851 factum,
2585 2798 2705 2839 cum
2725 2781 2880 2837 Iesus
2905 2780 3197 2836 exercitum
3222 2778 3460 2834 duceret.
3483 2777 3589 2833 Cur
3607 2792 3738 2849 ergo

2154 2895 2259 2934 non
2290 2892 2383 2933 eos
2408 2875 2701 2946 objurgavit
2720 2872 3038 2928 allocutione
3061 2869 3371 2934 novissima,
3394 2868 3535 2938 quod
3561 2869 3612 2924 in
3634 2867 3738 2924 hoc

2155 2969 2364 3025 Domini
2402 2975 2662 3040 praecepta
2703 2961 3092 3035 neglexerunt?
3133 2961 3216 3015 An
3255 2960 3392 3016 forte
3433 2959 3556 3028 quia
3584 2959 3736 3029 prius

2155 3063 2290 3118 dixit
2335 3075 2429 3116 eos
2469 3058 2743 3126 Scriptura
2787 3070 2894 3110 non
2924 3051 3192 3123 potuisse,
3233 3050 3416 3120 utique
3455 3059 3740 3120 antequam

2156 3152 2532 3224 praevalerent,
2577 3149 2736 3204 etiam
2764 3161 2886 3202 cum
2927 3143 3332 3216 prmvaluissent
3361 3141 3597 3196 timuisse
3624 3155 3744 3197 cre-

2157 3243 2317 3301 dcndi
2343 3225 2502 3306 sunt,
2534 3256 2602 3296 ne
2640 3239 2775 3294 forte
2803 3237 2999 3308 paratis
3043 3234 3298 3292 obaudire
3325 3235 3368 3289 si
3397 3249 3616 3306 parcere
3639 3247 3742 3288 no-

2157 3337 2402 3401 luissent,
2427 3333 2603 3389 acrius
2624 3346 2717 3386 eos
2743 3330 3024 3385 adversum
3049 3343 3107 3384 se
3135 3343 3202 3382 ex
3229 3327 3342 3396 ipsa
3370 3326 3744 3396 desperatione

2158 3442 2394 3500 pugnare
2429 3423 2843 3494 compellerent,
2877 3429 2932 3477 et
2956 3435 3050 3476 eos
3074 3434 3328 3490 superare
3357 3433 3463 3473 non
3491 3417 3743 3488 possent?

2159 3520 2311 3576 llunc
2333 3533 2458 3589 ergo
2485 3517 2564 3573 eis
2591 3514 2877 3570 humanum
2907 3513 3152 3567 timorem
3176 3510 3430 3565 Dominus
3453 3509 3622 3564 noluit
3644 3509 3748 3564 im-

2160 3619 2377 3681 putare,
2406 3608 2505 3664 etsi
2535 3613 2755 3675 apparet
2787 3604 2841 3658 in
2875 3617 2940 3658 eo
2970 3600 3215 3672 quaedam
3241 3599 3569 3655 subdefectio
3600 3598 3744 3666 ﬁdei,

2159 3719 2278 3773 qua:
2311 3702 2356 3756 si
2383 3701 2532 3756 tortis
2561 3700 2614 3755 in
2639 3699 2716 3754 eis
2746 3705 2921 3764 esset,
2966 3712 3028 3752 ea
3053 3703 3403 3766 sequerentur
3431 3709 3548 3766 qua:
3573 3694 3746 3764 ipsum

2159 3797 2340 3853 Iesum
2394 3795 2681 3850 bellantem
2729 3799 2911 3847 secuta
2956 3799 3101 3847 sunt.
3133 3775 3270 3858 Quia
3297 3805 3426 3845 vero
3453 3803 3559 3845 non
3587 3789 3639 3843 in
3667 3788 3749 3844 eis

2159 3896 2306 3943 tanta
2330 3886 2459 3941 ﬁdes
2487 3885 2601 3952 fuit,
2627 3884 2786 3940 etiam
2814 3897 2936 3938 cum
2960 3881 3280 3936 adversariis
3307 3879 3416 3935 suis
3437 3877 3750 3950 przevaluis-

2161 3987 2306 4046 sent,
2334 3991 2571 4049 pugnare
2597 3991 2719 4032 cum
2747 3975 2826 4030 eis
2841 3989 3008 4045 usque
3035 3973 3102 4028 ad
3120 3973 3538 4028 internecionem
3558 3987 3747 4028 eorum

2162 4071 2354 4126 timore
2385 4084 2491 4123 non
2516 4067 2631 4124 ausi
2659 4074 2802 4122 sunt.
2831 4065 3000 4132 Quem
3030 4065 3294 4129 timorem,
3318 4071 3378 4119 ut
3395 4063 3526 4130 dixi,
3554 4078 3658 4118 non
3680 4062 3752 4119 de

2161 4161 2384 4227 malitia,
2426 4173 2602 4229 neque
2644 4157 2711 4214 de
2737 4157 2987 4227 superbia
3036 4155 3125 4212 vel
3167 4164 3472 4227 contemptu
3503 4156 3752 4226 przecepti

2163 4253 2438 4320 dominici,
2479 4251 2574 4308 sed
2597 4251 2665 4307 de
2692 4251 2853 4306 animi
2894 4248 3204 4306 inﬁrmitate
3231 4249 3553 4314 venientem,
3585 4248 3754 4304 noluit

2165 4346 2245 4402 eis
2275 4345 2535 4400 Dominus
2563 4346 2847 4414 imputare,
2878 4357 2999 4397 cum
3027 4342 3104 4399 eis
3133 4357 3229 4412 per
3255 4341 3435 4398 Iesum
3465 4341 3752 4396 novissima

2167 4437 2490 4506 loqueretur.
2543 4433 2697 4490 Unde
2745 4442 2798 4488 et
2846 4433 3133 4502 Apostolus
3163 4449 3177 4486 :
3205 4432 3511 4497 Alexander,
3560 4431 3753 4500 inquit,

2167 4527 2380 4581 ararius
2416 4525 2574 4578 multa
2607 4523 2744 4577 mala
2770 4523 2892 4576 mihi
2921 4521 3166 4587 ostendit;
3194 4521 3367 4575 reddet
3392 4521 3470 4575 illi
3501 4520 3754 4575 Dominus

2168 4615 2446 4672 secundum
2467 4631 2623 4686 opera
2642 4614 2821 4684 ipsius.
2855 4613 2929 4667 De
2958 4612 3041 4666 his
3065 4619 3243 4668 autem
3271 4611 3360 4682 qui
3389 4628 3511 4667 cum
3539 4610 3756 4682 pericli-

2170 4716 2394 4772 tantem,
2413 4723 2520 4762 non
2539 4705 2756 4771 malitia,
2783 4705 2876 4760 sed
2900 4704 3089 4760 timore
3112 4704 3479 4768 deseruerant,
3508 4705 3579 4758 ita
3609 4704 3760 4758 locu-

2169 4809 2255 4855 tus
2289 4807 2410 4855 est:
2457 4797 2522 4852 In
2560 4798 2724 4868 prima
2763 4813 2877 4850 mea
2906 4796 3196 4866 defensione
3227 4811 3370 4849 nemo
3409 4795 3532 4848 milii
3573 4793 3758 4862 a/Tait,

2169 4893 2258 4949 sed
2278 4908 2448 4948 omnes
2463 4909 2541 4946 me
2555 4890 2924 4963 dereliquerunt
2942 4906 2961 4958 ,'
2986 4905 3087 4944 non
3108 4887 3212 4942 illis
3227 4887 3503 4960 imputetur
3527 4884 3594 4957 (Il
3621 4885 3757 4942 Tim.

2172 5002 2243 5052 ιν,
2277 4984 2506 5053 14,16).

3361 5109 3762 5129 Ψ

1403 5194 1885 5302 LIBER
1964 5197 2248 5304 SEP
2267 5194 2587 5302 TIM
2596 5165 2799 5301 Us.

1820 5383 2118 5439 Qumstiones
2140 5383 2186 5430 in
2212 5379 2422 5429 iudices.

1827 5517 2408 5572 ᾀζθέξρίὲεὶῦΜὲΣ-θὶῢ

543 5633 1272 5710 Quzsr.l.[.luo.cap.1.]ln
1300 5635 1405 5690 ﬁne
1434 5634 1553 5690 libri
1573 5635 1701 5691 Iesu
1723 5635 1866 5691 Nave
1886 5635 2078 5692 brevi;

475 5737 559 5787 ter
583 5739 826 5785 narrator
857 5729 1094 5798 porrexit
1121 5727 1417 5792 historiam,
1447 5741 1554 5796 quo
1585 5742 1752 5797 usque
1783 5726 1873 5781 ﬁlii
1903 5726 2065 5783 Israel

473 5820 543 5879 ad
568 5819 818 5877 colendos
833 5819 964 5875 deos
990 5819 1192 5876 alienos
1213 5818 1650 5875 declinaverunt:
1679 5817 1734 5874 in
1757 5817 1861 5874 hoc
1885 5828 2062 5874 autem

2169 5637 2304 5692 libro
2329 5636 2394 5692 ad
2415 5636 2656 5693 ordinem
2681 5636 2899 5704 reditur,
2919 5636 3189 5708 quomodo
3206 5638 3587 5710 consequentia
3617 5630 3766 5707 gesta

2172 5730 2367 5785 fuerint
2390 5740 2512 5802 post
2537 5740 2762 5785 mortem
2787 5730 2912 5786 Iesu
2936 5730 3100 5786 Nave.
3129 5730 3243 5786 Non
3268 5747 3394 5802 ergo
3422 5731 3488 5786 ab
3514 5732 3604 5786 illo
3627 5742 3764 5784 tem-

2170 5836 2301 5893 pore
2332 5822 2514 5894 incipit
2554 5823 2707 5891 libcr,
2740 5839 2844 5895 quo
2871 5824 3098 5894 populus
3127 5824 3192 5880 ad
3222 5823 3444 5883 colenda
3474 5825 3762 5880 simulacra
