4136 6458
369 373 477 431 793

369 490 617 556 deﬂuxit;
642 495 737 545 sed
761 502 792 543 a
812 486 1079 559 prioribus
1103 488 1433 559 interpositis
1454 488 1801 558 temporibus,
1828 490 1951 560 qui-

367 586 469 643 bus
497 599 557 639 ea
588 591 737 653 gesta
766 589 909 644 sunt,
937 590 1197 651 postqum
1223 581 1288 636 ad
1316 582 1402 636 illa
1432 582 1689 651 pervenit.

438 675 500 729 ll.
532 674 630 749 [11).
661 690 697 738 1,
730 672 870 746 1-5.]
892 672 958 726 Et
986 676 1173 745 factum
1198 684 1271 728 est
1299 686 1563 745 postquam
1588 676 1854 750 defunctus
1878 686 1951 733 est

363 768 515 824 Iesus
534 813 546 829 ,
588 768 964 839 interrogabant
990 768 1086 836 ﬁlii
1110 767 1278 822 Israel
1305 770 1357 822 in
1397 768 1616 824 Domino
1638 771 1655 803 ¹
1681 770 1899 826 dicentes
1930 790 1944 827 :

368 862 494 928 Quis
514 861 745 915 ascendet
769 860 1028 914 nobiscum
1060 860 1128 915 ad
1164 859 1507 916 Chananteum
1542 862 1649 916 dua:
1683 864 1751 917 ad
1777 864 1947 919 debel-

365 954 573 1008 landum
598 955 739 1008 eum'
755 954 780 1008 .9
798 951 866 1007 Et
886 953 1013 1009 dixit
1036 952 1286 1008 Dominus
1314 971 1327 1009 :
1358 953 1396 1007 J
1398 956 1526 1009 udas
1544 956 1779 1011 ascendet
1800 973 1819 1023 ;
1837 974 1947 1011 ecce

364 1048 478 1101 dedi
503 1056 685 1101 terram
706 1048 761 1100 in
799 1063 953 1100 manu
977 1046 1194 1117 'ipsius.
1238 1046 1334 1103 Hic
1360 1048 1615 1117 quaeritur
1642 1057 1818 1102 utrum
1849 1049 1946 1103 ali-

361 1139 479 1210 quis
516 1139 677 1193 homo
704 1123 1200 1203 Judas'vocabatur,
1231 1154 1297 1193 an
1327 1139 1495 1208 ipsam
1535 1140 1751 1208 tribum,
1783 1139 1855 1195 ita
1884 1150 1945 1196 ut

359 1235 513 1296 solet,
545 1232 623 1286 sic
660 1232 964 1302 appellavit.
995 1231 1101 1287 Sed
1128 1231 1200 1286 illi
1227 1233 1316 1303 qui
1352 1232 1809 1304 interrogaverant
1832 1234 1941 1289 Do-

359 1325 582 1389 minum,
617 1332 735 1393 post
761 1332 987 1378 mortem
1017 1322 1141 1377 Jesu
1169 1322 1312 1377 Nave
1342 1322 1533 1379 ducem
1560 1323 1937 1393 requirebant;

356 1416 498 1471 unde
535 1424 754 1486 putatur
783 1416 939 1470 unius
970 1430 1280 1485 expressum
1319 1415 1547 1470 hominis
1590 1431 1803 1472 nomen.
1836 1416 1941 1473 Ve-

355 1524 504 1573 rum,
544 1508 667 1578 quia
707 1524 812 1562 non
843 1508 978 1563 solet
1011 1507 1174 1563 duces
1200 1507 1476 1564 nominare
1517 1506 1789 1577 Scriptura
1815 1524 1937 1566 cum

354 1602 770 1668 constituuntur,
817 1601 921 1657 nisi
964 1610 1381 1658 commemorata
1423 1602 1581 1657 etiam
1612 1602 1814 1674 origine
1840 1618 1931 1674 pa~

352 1705 585 1760 rentum,
621 1703 676 1750 et
700 1703 908 1750 constat
937 1703 1055 1765 post
1081 1693 1263 1750 Jesum
1291 1694 1456 1750 duces
1487 1694 1734 1751 habuisse
1764 1710 1933 1766 popu-

352 1788 461 1843 lum
489 1786 671 1854 lsrael,
700 1802 923 1856 quorum
950 1786 1150 1856 primus
1170 1796 1253 1841 est
1271 1784 1554 1842 Gothoniel
1582 1786 1722 1843 filius
1735 1786 1932 1855 Cenez;

348 1879 547 1933 rectius
576 1879 883 1949 intelligitur
908 1878 1123 1934 nomine
1162 1876 1331 1945 Iudae,
1378 1877 1569 1933 tribum
1594 1878 1727 1935 Juda
1773 1879 1935 1937 fuisse

349 1970 717 2041 significatam.
743 1970 825 2025 Ab
851 1970 963 2040 ipsa
982 1969 1125 2025 enim
1157 1969 1296 2025 tribu
1326 1969 1492 2025 voluit
1515 1970 1769 2025 Dominus
1794 1971 1931 2027 inci-

349 2077 478 2132 pere
506 2062 711 2117 conteri
732 2061 1077 2117 Cbananaeos.
1102 2060 1168 2115 Et
1196 2076 1315 2115 cum
1345 2061 1572 2131 populus
1594 2060 1663 2116 de
1689 2062 1823 2116 duce
1847 2062 1932 2116 in-

348 2160 689 2223 terrogasset,
712 2151 778 2206 ad
805 2156 904 2207 hoc
923 2152 1090 2206 valuit
1109 2152 1385 2221 responsio
1408 2151 1635 2217 Domini,
1662 2152 1933 2208 ntscirent

348 2246 517 2301 Deum
558 2244 826 2301 noluisse"
870 2246 937 2301 ab
966 2245 1214 2300 universo
1245 2244 1438 2315 populo
1462 2244 1648 2300 bellari
1677 2244 1932 2300 adversus

348 2336 703 2393 Chananmos.
737 2338 877 2392 Dixit
924 2352 1079 2407 ergo,
1107 2337 1274 2391 ludas
1312 2336 1565 2390 ascendet.
1602 2336 1669 2391 Et
1694 2336 1932 2407 sequitur

346 2428 620 2500 Scriptura
657 2445 879 2486 narrans
901 2471 917 2496 ,
962 2429 1027 2484 Et
1056 2430 1183 2485 dixit
1208 2429 1374 2483 ludas
1398 2430 1465 2484 ad
1494 2429 1699 2485 Simeon
1720 2435 1930 2501 fratrem

346 2540 534 2579 suum:
563 2524 744 2593 utique
771 2525 938 2579 tribus
962 2523 1028 2579 ad
1070 2524 1283 2578 tribum.
1327 2523 1441 2578 Non
1473 2524 1613 2578 enim
1651 2524 1824 2579 adhuc
1848 2526 1929 2579 vi-

348 2616 546 2671 vebant
584 2615 656 2670 illi
689 2615 781 2669 ﬁlii
819 2614 985 2670 Jacob
1008 2615 1098 2685 qui
1124 2614 1250 2670 dicti
1279 2613 1585 2670 suntJudas
1610 2623 1664 2669 et
1687 2613 1924 2682 Simeon,

344 2708 487 2764 inter
511 2715 734 2763 caateros
772 2706 960 2761 fratres
998 2721 1124 2762 suos
1165 2706 1392 2776 propriis
1421 2706 1720 2761 nominibus
1743 2708 1928 2776 appel-

344 2799 466 2864 lati;
489 2798 583 2854 sed
608 2797 739 2852 dixit
775 2798 943 2851 tribus
963 2796 1095 2852 Jnda
1123 2796 1188 2851 ad
1218 2796 1409 2851 tribum
1438 2797 1675 2863 Simeon,
1705 2798 1930 2853 Ascende

342 2909 535 2946 meeum
558 2892 608 2946 in
635 2901 819 2946 sortem
845 2908 1037 2955 meam,
1077 2898 1123 2944 et
1157 2889 1393 2946 bellemus
1425 2892 1479 2945 in
1513 2889 1801 2946 Chananato
1813 2893 1855 2959 ⁸,
1881 2902 1928 2947 et

341 2988 423 3041 ibo
438 2987 585 3040 etiam
612 3003 701 3057 ego
723 2997 883 3039 tecum
898 2986 951 3039 in
976 2994 1160 3038 sortem
1184 2994 1341 3038 tuam.
1374 2983 1706 3039 Manifestum
1728 2993 1809 3040 est
1828 3001 1927 3040 au-

341 3082 527 3137 xilium
571 3080 671 3135 sibi
713 3079 908 3135 tribum
951 3078 1086 3135 Juda
1129 3078 1347 3133 alterius
1390 3077 1560 3133 tribus
1596 3078 1924 3147 postulasse,

338 3173 480 3245 quod
504 3172 770 3237 redderet,
794 3186 915 3226 cum
941 3180 996 3227 et
1025 3170 1098 3225 illi
1124 3172 1176 3226 in
1211 3186 1307 3225 sua
1336 3179 1480 3226 sorte
1504 3168 1704 3226 habere
1724 3170 1927 3242 incipe-

340 3272 461 3319 rent
488 3263 868 3319 necessarium.

414 3354 499 3409 111.
535 3353 632 3427 [11).
659 3370 696 3419 1,
729 3352 904 3427 9-12.]
934 3352 998 3407 Et
1022 3353 1150 3407 dixit
1179 3352 1329 3407 Caleb
1349 3369 1365 3406 :
1384 3351 1693 3423 Quicumque
1720 3368 1927 3423 percus-

339 3448 457 3500 serit
479 3446 738 3500 Civitatem
768 3447 1067 3509 litterarum,
1098 3454 1144 3500 et
1170 3447 1355 3514 ceperit
1382 3462 1513 3511 eam,
1537 3446 1665 3499 dabo
1693 3446 1738 3499 ei
1766 3444 1927 3514 ﬁliam

340 3554 504 3591 meam
526 3538 689 3592 Axam
719 3537 983 3592 uxorem‘.
1032 3536 1147 3591 Jam
1179 3537 1278 3591 hoc
1315 3546 1369 3592 et
1397 3537 1446 3591 in
1476 3536 1610 3591 libro
1633 3536 1755 3591 Jesu
1785 3535 1928 3593 Nave

339 3639 816 3685 commemoratum
855 3636 936 3684 est
976 3626 1157 3699 (Iosue
1182 3644 1276 3695 xv,
1309 3627 1396 3699 16)
1432 3645 1446 3683 :
1477 3627 1571 3682 sed
1602 3636 1775 3681 utrum
1799 3626 1927 3683 Jesu

337 3724 551 3779 vivente
572 3722 766 3777 factum
788 3722 877 3789 sit,
897 3732 950 3777 et
970 3737 1110 3777 nunc
1132 3736 1228 3792 per
1252 3721 1742 3791 recapitulationem
1770 3735 1926 3790 repe-

339 3816 529 3880 titum;
566 3830 633 3869 an
666 3823 784 3883 post
809 3814 923 3883 ejus
952 3822 1176 3869 mortem
1227 3820 1567 3883 posteaquam
1596 3811 1791 3866 dictum
1822 3820 1923 3880 est,

337 3908 507 3963 Iudas
536 3909 783 3973 ascendet,
812 3916 867 3962 et
903 3908 1063 3976 coepit
1089 3907 1254 3963 Judas
1282 3906 1550 3961 debellare
1572 3906 1921 3970 Chananmos,

339 4003 391 4058 in
424 4019 529 4073 quo
553 4001 694 4057 bello
718 4001 817 4057 ista
843 4001 1017 4055 omnia
1045 4008 1191 4071 gesta
1217 4008 1516 4063 narrantur,
1546 3998 1736 4052 merito
1778 4011 1926 4066 quae-

334 4086 494 4150 ritur.
520 4094 626 4151 Sed
655 4094 961 4150 credibilius
1001 4102 1082 4148 est
1122 4100 1240 4163 post
1266 4101 1495 4147 mortem
1525 4090 1651 4146 Jesu
1691 4089 1887 4145 factum
1907 4129 1923 4155 ,

340 4199 467 4243 tunc
493 4196 671 4243 autem
694 4202 789 4257 per
815 4186 1099 4256 prolepsim
1118 4228 1130 4250 ,
1161 4184 1211 4239 id
1256 4195 1337 4239 est
1375 4200 1470 4254 per
1507 4182 1924 4253 praeoccupatio-

341 4296 462 4337 nem
494 4288 967 4335 commemoratum
989 4318 1004 4345 ,
1045 4275 1489 4347 quemadmodum
1520 4283 1573 4329 et
1617 4274 1736 4329 alia.
1776 4272 1925 4329 Nunc

339 4375 484 4431 enim
517 4388 640 4429 cum
668 4387 756 4428 res
778 4380 943 4444 gesta:
970 4370 1224 4425 adversus
1246 4368 1574 4424 Chananaeos
1600 4368 1765 4422 tribus
1789 4366 1922 4422 Juda

338 4473 752 4538 exponerentur,
782 4464 852 4518 ita
888 4478 947 4517 se
977 4462 1294 4517 narrationis
1330 4460 1461 4515 ordo
1497 4460 1754 4523 continet,
1788 4461 1926 4515 inter

337 4566 529 4613 caetera
553 4556 700 4612 Juda:
732 4554 867 4611 facta
897 4554 1116 4621 bellica,
1152 4553 1220 4609 de
1259 4568 1363 4623 quo
1395 4561 1515 4622 post
1542 4560 1768 4607 mortem
1798 4550 1925 4607 Jesu

338 4652 545 4707 dixerat
575 4651 851 4715 Dominus,
878 4647 1045 4703 Judas
1063 4648 1294 4703 ascendet
1322 4663 1340 4714 ;
1364 4646 1435 4701 Et
1460 4656 1631 4719 postea
1659 4645 1926 4700 descende-

337 4753 453 4799 runt
483 4743 579 4812 ﬁlii
601 4741 639 4796 Ι
641 4743 743 4797 uda
763 4759 986 4815 pugnare
1008 4742 1075 4795 ad
1100 4740 1460 4807 Chananteum,
1480 4741 1565 4811 qui
1594 4738 1847 4794 habitabat
1871 4740 1924 4793 in

338 4846 578 4891 montana
604 4847 650 4891 et
676 4847 903 4891 austrum
937 4843 984 4889 et
1017 4843 1361 4903 campestrem.
1395 4833 1458 4887 Et
1491 4833 1611 4886 abiit
1645 4831 1814 4886 Iudas
1856 4832 1925 4885 ad

338 4926 682 4983 Chananazum
718 4926 1148 4982 inhabitantemin
1188 4924 1434 4990 Chebron,
1471 4934 1516 4978 et
1548 4925 1671 4977 exiit
1696 4922 1924 4980 Chebron

338 5038 399 5077 ea:
426 5022 655 5077 adverso.
689 5021 891 5078 Nomen
911 5029 1077 5077 autem
1106 5028 1211 5075 erat
1235 5018 1460 5075 Chebron
1481 5017 1922 5075 Cariatharbocse—

398 5239 417 5271 ³
443 5238 596 5301 Bditi,
620 5239 891 5291 Dominam.
915 5244 1023 5289 Mss.
1045 5273 1061 5299 ,
1086 5236 1135 5288 in
1163 5237 1379 5288 Domino.
1406 5237 1535 5301 Apud
1563 5245 1701 5299 LXX,
1726 5236 1810 5301 (lia
1844 5244 1923 5288 tou

335 5300 532 5351 Kuriou.
552 5301 679 5352 Istud
694 5301 948 5353 locmionis
963 5312 1121 5362 genus
1134 5308 1325 5350 notatur
1349 5303 1396 5349 in
1410 5299 1715 5349 locutionum
1734 5299 1859 5350 libro
1872 5302 1918 5349 7.

401 5368 419 5394 ²
449 5372 540 5429 ω).
567 5370 640 5412 Er.
670 5373 719 5429 et
760 5361 981 5427 plerique
1008 5362 1249 5429 \Iss.,_ad
1296 5361 1566 5412 bellandum
1596 5375 1705 5412 eum
1747 5376 1763 5412 :
1798 5362 1923 5412 forte

337 5436 422 5494 pro
444 5426 494 5473 in
517 5440 624 5494 eum
644 5439 660 5487 ;
678 5424 819 5494 juxta
841 5424 965 5494 LXX,
988 5424 1243 5488 polemésai
1264 5438 1375 5494 pros
1390 5431 1563 5494 auten.
1739 5483 1751 5494 .

400 5488 419 5518 ⁸
442 5494 508 5536 tta
530 5486 813 5538 sorhOnicus
831 5495 912 5537 bis.
934 5486 1072 5551 juxta
1097 5494 1221 5537 LXX.
1264 5486 1320 5536 λι
1357 5486 1435 5533 alii
1463 5488 1685 5547 wdices,
1731 5486 1783 5536 in
1826 5500 1923 5536 ma-

334 5563 425 5600 mis
431 5586 441 5597 .

400 5614 419 5643 δ
439 5613 575 5668 Editi.
601 5612 819 5664 voluisse.
841 5620 965 5671 Mss.,
990 5610 1211 5662 noluisse.

398 5675 420 5707 '
443 5674 563 5725 aditi
580 5709 595 5733 ,
618 5674 669 5726 in
690 5673 999 5725 (hamos.
1027 5682 1082 5724 Al.
1105 5683 1208 5724 MSS.
1231 5673 1283 5737 in
1304 5672 1572 5737 Chananaeo
1598 5686 1615 5724 :
1640 5674 1710 5723 sic
1736 5671 1921 5737 legisse

335 5739 651 5801 Augustinum
676 5738 835 5801 liquet
846 5749 919 5801 ex
944 5738 1243 5801 Locutionum
1266 5735 1390 5785 libro
1411 5736 1457 5783 7.

441 5805 549 5851 Mss.
574 5798 776 5863 omnes,
799 5798 956 5866 ﬁliam
976 5812 1131 5850 meam
1167 5799 1219 5850 in
1244 5811 1448 5849 uxorem
1471 5809 1487 5848 :
1507 5799 1682 5849 omisso
1704 5798 1919 5860 nomine,

1708 368 1912 431 LIBER
1947 377 2296 438 SEPTIMUS.

3535 391 3637 455 791

2057 492 2232 560 pher',
2260 503 2308 548 et
2348 498 2591 565 percussit
2642 499 2758 555 Sest
2802 508 2851 555 et
2877 500 3125 556 Achtman
3170 510 3220 558 et
3260 501 3464 561 Cholmi
3507 506 3640 576 ﬁlios

2054 582 2233 638 Enach
2262 602 2280 639 :
2303 595 2348 640 et
2367 589 2695 646 ascenderunt
2719 592 2838 647 inde
2855 593 2923 646 ad
2948 594 3283 650 inhabitantes
3306 595 3484 651 Dabir.
3517 597 3636 653 No-

2053 692 2167 731 men
2208 686 2373 733 autem
2407 679 2566 736 Dabir
2590 683 2724 753 quod
2744 692 2851 737 erat
2875 695 2992 739 ante
3028 684 3213 740 Civitas
3244 686 3542 742 litterarum.
3569 688 3638 743 Et

2062 768 2190 823 dixit
2219 768 2368 825 Caleb
2415 788 2433 825 :
2476 773 2787 845 Quicumque
2822 778 3117 846 percusserit
3155 776 3412 833 Civitatem
3446 780 3637 833 littera-

2052 874 2185 924 rum,
2220 863 2524 930 etacceperit
2550 879 2662 916 eam
2681 905 2694 929 ,
2728 864 2857 919 dabo
2885 867 2932 919 ei
2955 866 3115 935 ﬁliam
3141 884 3304 921 meam
3333 869 3386 922 in
3404 884 3630 924 uxorem.

2049 946 2269 1004 Constat
2297 965 2424 1021 ergo
2450 967 2517 1007 ex
2543 953 2643 1007 hoc
2666 955 2853 1011 ordine
2881 966 3149 1025 gestarum
3171 973 3346 1013 rerum
3374 967 3480 1013 tam
3511 976 3632 1030 per-

2048 1041 2253 1109 spicuo,
2284 1053 2400 1113 post
2427 1056 2653 1102 mortem
2676 1046 2802 1103 Jesu
2830 1048 2929 1104 hoc
2951 1065 3070 1106 esse
3100 1050 3315 1106 factum.
3340 1052 3487 1107 Tunc
3508 1069 3634 1109 vero

2047 1148 2168 1190 cum
2193 1136 2435 1193 civitates
2454 1137 2590 1193 datae
2617 1139 2713 1215 ipsi
2737 1140 2901 1196 Caleb
2921 1153 3484 1211 commemorarentur,
3514 1163 3633 1215 pro-

2045 1244 2261 1299 gressus
2295 1248 2361 1287 ex
2393 1235 2673 1290 occasione
2710 1245 2990 1302 narrator,
3041 1237 3180 1307 quod
3225 1247 3404 1305 postea
3435 1238 3628 1295 factum

2044 1330 2128 1377 est
2154 1327 2555 1395 praeoccupavit.
2598 1326 2706 1381 Nec
2741 1337 2916 1383 tamen
2942 1328 3135 1383 frustm
3164 1329 3392 1383 arbitror
3434 1330 3535 1385 hoc
3562 1330 3635 1386 de

2044 1412 2153 1466 lilia
2202 1413 2364 1471 Caleb
2412 1416 2532 1471 data
2575 1418 2628 1472 in
2679 1419 2891 1473 victoris
2944 1420 3240 1488 praemium,
3286 1420 3368 1476 bis
3407 1437 3633 1478 numero

2042 1501 2370 1575 Scripturam
2395 1522 2819 1565 commemorare
2846 1511 3099 1567 voluisse.

2112 1594 2201 1649 IV.
2236 1595 2335 1669 [11).
2368 1614 2406 1663 1,
2442 1600 2505 1653 14
2529 1641 2545 1667 ,
2581 1600 2693 1672 15.]
2723 1602 2840 1655 Alia
2871 1604 3105 1657 nascitur
3142 1603 3365 1673 quaestio
3416 1604 3483 1660 de
3519 1604 3626 1661 lilia

2039 1684 2207 1743 Caleb
2226 1729 2239 1751 ,
2270 1689 2411 1758 quod
2438 1691 2489 1745 in
2519 1691 2655 1746 libro
2680 1692 2806 1748 Jesu
2835 1694 2976 1749 Nave
3003 1696 3080 1750 sic
3109 1694 3176 1750 de
3202 1696 3287 1749 illa
3312 1696 3523 1761 dicitur,
3559 1697 3623 1750 Et

2039 1780 2230 1849 factum
2253 1790 2360 1847 est,
2392 1799 2506 1835 cum
2534 1784 2875 1855 ingrederetur
2893 1787 3038 1856 ipsa,
3071 1796 3116 1841 et
3144 1770 3409 1842 consilium
3442 1789 3613 1843 habuit

2038 1884 2151 1922 cum
2165 1886 2221 1923 eo
2241 1870 2428 1938 dicens,
2454 1872 2630 1929 Petam
2648 1886 2840 1944 patrem
2852 1890 3016 1931 meum
3030 1895 3226 1949 agrum.
3248 1877 3314 1933 Et
3329 1880 3624 1934 exclamavit

2037 1959 2101 2014 de
2115 1962 2278 2026 asino,
2302 1972 2355 2017 et
2369 1973 2579 2020 caetera:
2599 1966 2686 2021 ubi
2702 1982 2887 2037 agrum
2904 1962 3056 2038 petiit
3076 1985 3104 2023 a
3120 1980 3288 2039 patre,
3307 1981 3466 2042 atque
3480 1986 3616 2026 eon-

2034 2064 2218 2107 cessus
2237 2062 2317 2108 est
2340 2054 2518 2125 (Iosue
2540 2072 2631 2123 xv,
2651 2057 2869 2131 18,19).
2893 2059 2988 2115 Hic
3012 2061 3283 2129 autem,Et
3304 2066 3491 2133 factum
3509 2072 3618 2132 est,

2034 2139 2226 2211 inquit,
2255 2160 2368 2199 cum
2390 2146 2731 2216 ingrederetur
2764 2150 2892 2219 ipse,
2922 2152 3116 2205 monuit
3140 2166 3253 2206 eam
3279 2151 3547 2208 Gothoniel
3570 2156 3618 2221 ³,

2034 2242 2088 2287 ut
2128 2244 2307 2305 peteret
2326 2253 2358 2289 a
2402 2247 2547 2309 patre
2574 2256 2666 2295 suo
2687 2258 2887 2311 agrum.
2928 2242 3032 2299 Sed
3074 2242 3130 2298 in
3158 2259 3224 2301 eo
3248 2245 3389 2315 quod
3418 2244 3617 2301 dictum

2032 2326 2104 2383 ibi
2135 2337 2235 2396 est,
2267 2346 2379 2385 cum
2400 2332 2743 2402 ingrederetur
2778 2336 2927 2405 ipsa;
2952 2345 3006 2391 et
3032 2336 3117 2391 hic
3140 2337 3338 2392 dictum
3362 2346 3465 2405 est,
3499 2355 3616 2393 cum

2031 2420 2372 2492 ingrederetur
2393 2425 2537 2493 ipse'
2587 2426 2717 2482 nihil
2764 2429 3087 2484 contrarium
3115 2437 3198 2483 est
3226 2448 3238 2482 :
3270 2430 3429 2485 simul
3471 2431 3613 2486 enim

2033 2510 2468 2581 ingrediebantur
2496 2516 2657 2571 viam.
2688 2518 2839 2585 Quod
2870 2534 3002 2575 vero
3031 2520 3102 2574 ibi
3130 2520 3327 2575 dictum
3353 2529 3455 2588 est,
3494 2538 3619 2576 con-

2031 2602 2202 2659 silium
2222 2604 2396 2659 habuit
2416 2623 2529 2660 cum
2554 2623 2612 2662 eo
2629 2649 2644 2673 ,
2674 2608 2727 2663 id
2753 2617 2837 2664 est
2861 2626 2981 2664 cum
3005 2609 3119 2664 viro
3144 2625 3261 2675 suo,
3290 2612 3481 2677 dicens,
3515 2610 3618 2667 Pe-

2032 2700 2135 2746 tam
2160 2704 2352 2765 patrem
2387 2712 2553 2750 nteum
2594 2714 2808 2768 agrum;
2838 2707 2884 2753 et
2906 2700 3206 2755 exclamavit
3250 2701 3313 2755 de
3358 2703 3531 2769 asino,
3571 2712 3617 2758 et

2033 2784 2205 2853 petiit;
2226 2785 2279 2841 in
2308 2800 2374 2841 eo
2402 2786 2544 2857 quod
2574 2787 2759 2843 habuit
2774 2790 3052 2846 consilium
3074 2831 3090 2857 ,
3120 2791 3193 2846 ibi
3220 2792 3418 2847 monita
3448 2802 3531 2849 est
3560 2802 3619 2849 ut

2030 2886 2238 2948 peteret
2263 2897 2295 2958 ε,
2316 2895 2543 2949 quorum
2560 2881 2785 2937 alterum
2811 2882 2881 2937 ibi
2903 2883 3101 2939 dictum
3123 2892 3236 2949 est,
3255 2885 3481 2940 alterum
3510 2885 3614 2940 hic.

2031 2968 2326 3040 Utrumque
2344 2981 2520 3028 autem
2536 2973 2607 3027 ita
2624 2972 2911 3040 diceretur,
2928 2975 2995 3029 Et
3010 2976 3287 3032 consilium
3302 2976 3617 3032 habuitcum

2030 3074 2097 3116 eo
2123 3060 2305 3118 dicens
2326 3104 2341 3129 ,
2386 3062 2568 3119 Petam
2600 3073 2806 3134 patrem
2838 3080 3017 3121 meum
3058 3081 3294 3137 agrum:
3327 3067 3416 3123 ille
3441 3076 3619 3124 autem

2030 3153 2241 3208 monuit
2286 3168 2439 3221 eam;
2466 3163 2521 3210 et
2545 3155 2861 3211 exclamavit
2908 3156 2976 3212 de
3022 3158 3193 3219 asino.
3242 3158 3409 3213 Porro
3441 3167 3617 3214 autem

2030 3245 2173 3315 quod
2204 3244 2275 3300 ibi
2322 3260 2506 3316 agrum
2554 3246 2783 3304 refertur
2812 3248 3025 3317 petiisse
3045 3288 3061 3315 ,
3088 3264 3190 3305 nec
3218 3264 3412 3305 nomen
3455 3250 3621 3320 ipsius

2029 3334 2142 3405 agri
2171 3335 2384 3390 tacitum
2416 3344 2532 3402 est;
2564 3336 2651 3392 hic
2693 3352 2821 3393 vero
2847 3352 2968 3399 cum
2999 3334 3181 3408 agrum
3210 3348 3393 3408 petere
3418 3340 3618 3395 monita

2030 3428 2187 3483 fuerit
2210 3444 2241 3483 a
2264 3428 2379 3483 viro
2404 3444 2501 3484 suo
2520 3471 2534 3494 ,
2565 3445 2671 3484 non
2701 3445 2886 3500 agrum
2917 3430 3133 3500 petiisse
3156 3431 3370 3498 dicitur,
3392 3433 3619 3488 clamans

2030 3522 2093 3576 de
2110 3522 2363 3592 subjugali
2383 3563 2396 3587 ,
2442 3523 2582 3593 quod
2620 3523 2692 3579 ibi
2722 3524 2920 3578 dictum
2944 3532 3026 3579 est
3051 3523 3118 3579 de
3147 3524 3297 3579 asino
3322 3566 3336 3591 ,
3369 3525 3463 3580 sed
3489 3525 3609 3579 red—

2028 3613 2327 3683 emptionem
2371 3630 2542 3684 aquce,
2592 3630 2657 3670 eo
2695 3614 2835 3685 quod
2890 3614 2944 3669 in
3000 3623 3194 3670 terram
3238 3616 3405 3671 austri
3434 3615 3620 3671 luisset

2032 3704 2251 3771 tradita;
2280 3706 2611 3776 subjecitque
2633 3706 2925 3775 Scriptura,
2954 3704 3024 3759 Et
3041 3706 3177 3760 dedit
3196 3707 3243 3761 ei
3264 3705 3412 3760 Caleb
3440 3723 3620 3762 secun-

2028 3796 2154 3850 dum
2177 3813 2263 3851 cor
2282 3798 2391 3869 ejus
2416 3796 2803 3868 redemptionem
2824 3798 3135 3853 excelsorum
3156 3806 3202 3852 et
3230 3797 3620 3869 redemptionem

2030 3888 2340 3952 humilium;
2384 3889 2507 3959 quid
2543 3888 2642 3942 sibi
2686 3888 2813 3948 velit
2855 3889 3139 3944 obscurum
3183 3898 3302 3945 est:
3336 3890 3436 3944 nisi
3482 3888 3621 3945 forte

2029 3993 2157 4049 ager
2184 3979 2297 4049 ipse
2326 3978 2447 4035 ideo
2474 3977 2771 4047 petebatur,
2804 3987 2861 4032 ut
2890 3977 3107 4034 haberet
3125 3977 3194 4034 de
3216 3977 3474 4035 fructibus
3503 3979 3619 4049 ejus

2030 4068 2171 4125 unde
2196 4085 2386 4139 aquam
2413 4068 2735 4137 redimeret,
2775 4069 2927 4140 cujus
2953 4069 3131 4138 inepia
3169 4069 3221 4123 in
3255 4070 3360 4124 illis
3382 4070 3617 4140 regioni-

2029 4159 2308 4227 bns'erat,
2358 4176 2462 4231 quo
2505 4169 2666 4231 nupta
2696 4160 3007 4215 ducebatur.
3064 4159 3204 4226 Sed,
3236 4161 3372 4215 dedit
3392 4162 3437 4214 ei
3466 4160 3616 4215 Caleb

2028 4252 2419 4323 redemptionem
2456 4252 2787 4318 excelsorum,
2816 4261 2863 4306 et
2896 4252 3282 4321 redemptionem
3311 4252 3615 4320 humilium,

2028 4359 2135 4399 non
2176 4344 2331 4399 video
2359 4344 2488 4414 quid
2517 4343 2895 4399 subaudiamus
2918 4384 2933 4408 ,
2983 4342 3085 4397 nisi
3122 4341 3441 4396 ﬂuentorum
3461 4383 3479 4409 ,
3518 4358 3617 4397 ex-

2028 4438 2293 4492 celsorum
2324 4435 2569 4491 videlicet
2592 4436 2646 4489 in
2676 4433 2939 4489 montanis
2965 4474 2981 4501 ,
3015 4431 3293 4488 humilium
3318 4431 3373 4487 in
3401 4447 3616 4504 campe-

2028 4530 2230 4586 stribus
2258 4530 2371 4583 sive
2400 4529 2456 4583 in
2480 4528 2729 4583 vallibus.

2100 4621 2165 4675 γ.
2199 4620 2297 4694 [11).
2326 4638 2365 4687 1,
2396 4622 2481 4686 18,
2510 4619 2623 4692 19.]
2644 4618 2714 4673 Et
2731 4636 2832 4675 non
2847 4618 3339 4676 haereditavitludas
3360 4617 3553 4674 Gazam
3574 4632 3617 4676 et

2029 4715 2183 4784 ﬁnem
2203 4714 2311 4786 ejus
2334 4755 2348 4778 ,
2391 4722 2437 4768 et
2471 4711 2769 4767 Ascalonem
2794 4720 2840 4766 et
2865 4712 3018 4780 ﬁnem
3042 4712 3151 4782 ejus
3169 4752 3185 4778 ,
3224 4720 3273 4766 et
3313 4711 3539 4765 Accaron
3571 4722 3617 4765 et

2029 4805 2181 4875 ﬁnem
2209 4806 2343 4876 ejus,
2378 4812 2423 4858 et
2448 4804 2660 4858 Azotum
2679 4812 2726 4858 et
2753 4803 3039 4874 adjacentia
3077 4804 3209 4875 ejus.
3254 4800 3325 4856 Et
3365 4812 3472 4856 erat
3505 4802 3616 4857 Do-

2030 4896 2194 4951 minus
2217 4912 2330 4950 cum
2352 4895 2492 4949 Juda
2512 4936 2527 4963 ,
2560 4906 2605 4948 et
2632 4895 2943 4950 hwreditavit
2972 4904 3219 4959 montem,
3250 4895 3488 4964 quoniam
3515 4911 3614 4948 non

2029 4989 2189 5061 potuit
2222 4989 2517 5044 hcereditare
2537 4987 2871 5042 inhabitantes
2897 4988 2948 5041 in
2968 4988 3124 5053 valle,
3149 4987 3386 5058 quoniam
3410 4984 3617 5041 Rechab

2028 5083 2211 5138 obstitit
2235 5082 2308 5137 eis
2326 5124 2341 5150 ,
2363 5090 2410 5136 et
2430 5098 2606 5137 currus
2627 5090 2765 5136 erant
2795 5082 2838 5135 ei
2868 5080 3037 5150 ferrei.
3066 5080 3215 5149 Quod
3241 5080 3295 5135 in
3325 5080 3460 5137 libro
3489 5080 3614 5136 Jesu

2028 5175 2197 5240 Nave,
2227 5190 2347 5231 cum
2380 5175 2527 5229 illum
2558 5174 2733 5230 locum
2766 5183 3046 5230 tractarem
3075 5217 3089 5240 ,
3112 5173 3201 5230 ubi
3223 5174 3475 5246 scriptum
3504 5184 3612 5239 est,

2032 5267 2097 5322 Et
2120 5268 2255 5322 dedit
2275 5267 2523 5323 Dominus
2567 5266 2749 5321 Israeli
2781 5283 2977 5321 onmem
3005 5256 3188 5320 terram
3214 5309 3229 5333 ,
3270 5281 3391 5322 cum
3422 5266 3613 5319 multas

2030 5361 2144 5426 ejus
2171 5371 2347 5431 partes
2374 5360 2606 5414 nondum
2640 5359 3009 5429 possiderent,
3039 5359 3145 5412 dixi
3176 5360 3243 5412 ita
3273 5373 3429 5427 posse
3462 5360 3613 5411 inti-l-

2028 5452 2118 5521 ligi
2144 5468 2353 5507 onmem
2382 5440 2576 5506 terram
2607 5450 2781 5504 datam
2808 5491 2821 5513 ,
2863 5450 2984 5519 quia
3016 5464 3074 5502 ea
3109 5464 3225 5517 qua:
3255 5448 3375 5503 data
3407 5464 3511 5504 non
3540 5461 3611 5505 est

2030 5543 2078 5595 in
2112 5545 2523 5613 possessionem,
2556 5542 2676 5597 data
2706 5554 2786 5597 est
2816 5544 2868 5595 in
2901 5540 3186 5610 quamdam
3212 5544 3607 5598 exercitationis

2093 5677 2109 5706 ι
2131 5682 2323 5739 μιμεῖ.
2345 5682 2393 5725 et
2414 5682 2545 5739 Lov.,
2561 5672 2871 5739 Cariatharbe
2894 5670 3181 5739 velsepher.
3200 5681 3256 5725 At
3281 5680 3387 5739 Mss.
3414 5682 3467 5726 et
3492 5681 3613 5739 Rat...

2025 5736 2281 5801 Corinthar
2296 5734 2575 5801 voxsepher.
2590 5745 2633 5801 ᾈΑ
2641 5736 2734 5798 pud
2756 5742 2883 5801 πως,
2909 5734 3435 5801 Kariatharbocsepher.

2090 5802 2109 5831 ι
2133 5798 2393 5870 Tbuaneus
2415 5796 2571 5851 codex
2588 5796 2668 5850 hic
2691 5806 2743 5850 et
2785 5797 2925 5859 infra,
2963 5796 3104 5849 movit
3132 5810 3255 5849 eam.
3295 5796 3442 5851 Graec.
3483 5806 3612 5866 LXX.

2025 5858 2444 5919 mxumam.
