4136 6454
527 373 631 432 ⁸195

526 487 805 544 utilitatem
823 483 1045 556 (citant.
1063 480 1309 546 inlustre,
1328 488 1507 553 quast.
1531 478 1661 552 ει).
1686 479 1789 534 hoc
1806 477 1975 534 multo
1996 477 2111 534 evi-

523 580 738 637 dentius
764 578 851 633 hic
873 586 1093 649 apparet
1109 617 1125 642 ,
1165 572 1593 646 quandoquidem
1618 580 2110 630 commemorantur

525 673 767 729 civitates
810 686 941 741 quas
973 683 1078 724 non
1128 667 1461 723 hzereditavit
1483 665 1682 731 Judas,
1709 672 1764 720 et
1787 664 2011 731 dicitur,
2038 661 2110 719 Et

525 774 633 821 erat
660 762 906 816 Dominus
926 777 1041 814 cum
1062 758 1234 823 Juda,
1282 767 1331 812 et
1354 758 1663 811 hwreditavit
1704 764 1920 810 montem
1936 796 1952 823 ,
1981 771 2111 826 quo-

528 855 665 909 niam
711 868 811 907 non
863 859 1130 921 potuerunt
1172 848 1469 905 hereditaria
1502 847 1838 904 inhabitantes
1878 848 1932 902 in
1958 846 2106 901 valle.

526 947 657 1017 Quis
697 950 838 1002 enim
867 959 971 999 non
1001 943 1260 1014 intelligat
1287 945 1449 999 etiam
1479 942 1582 998 hoc
1610 942 1781 1014 ipsum
1814 941 1881 997 ad
1907 942 1960 997 id
1985 956 2110 1012 per-

528 1040 782 1101 tinuisse,
822 1035 964 1107 quod
1007 1042 1126 1093 erat
1172 1036 1429 1090 Dominus
1467 1048 1589 1091 cum
1615 1034 1785 1100 Juda,
1831 1050 1897 1089 ne
1940 1042 2107 1089 totum

526 1142 749 1201 repente
774 1128 1063 1183 obtinendo
1092 1127 1483 1183 extollereturt
1510 1126 1663 1195 Quod
1686 1125 1827 1182 enim
1848 1126 2107 1196 adjungit,

526 1220 767 1291 quoniam
805 1218 1008 1273 Rechab
1030 1219 1219 1273 obstitit
1256 1218 1326 1272 eis
1346 1256 1360 1281 ,
1402 1227 1451 1271 et
1477 1233 1656 1271 currus
1675 1226 1815 1271 erant
1857 1217 1903 1271 ei
1928 1215 2111 1287 ferrei;

526 1326 661 1383 quos
688 1325 877 1366 currus
905 1311 1173 1375 timuerit,
1216 1309 1419 1365 dictum
1456 1316 1538 1364 est
1556 1347 1571 1374 ,
1600 1323 1707 1363 non
1738 1308 1996 1362 Dominus
2020 1305 2113 1376 qui

525 1410 643 1458 erat
674 1401 728 1457 iu
749 1402 884 1458 Juda
908 1442 922 1466 ,
971 1401 1065 1456 sed
1105 1402 1221 1472 ipse
1257 1400 1424 1456 Judas
1466 1418 1481 1455 :
1514 1415 1611 1457 cur
1633 1410 1810 1457 autem
1840 1398 2109 1467 timuerit,

535 1512 657 1553 cum
686 1512 791 1567 quo
834 1496 1088 1550 Dominus
1127 1503 1264 1559 erat,
1308 1494 1352 1548 si
1394 1494 1668 1563 quaeritur,
1704 1493 1804 1547 hoc
1849 1502 1931 1547 est
1977 1492 2120 1563 quod

536 1588 830 1659 prudenter
860 1584 1263 1656 intelligendum
1308 1593 1411 1649 est,
1440 1584 1769 1655 reiriugere'
1803 1584 1968 1639 Deum
2000 1598 2123 1654 pro-

536 1680 724 1751 pitium
755 1678 912 1733 etiam
942 1678 993 1732 in
1022 1677 1273 1733 cordibus
1305 1691 1525 1731 suorum
1554 1676 1731 1730 nimia)
1756 1672 2121 1745 prosperitatis

538 1786 811 1839 excessus,
852 1779 909 1825 ut
937 1772 989 1825 in
1021 1785 1173 1825 usum
1203 1783 1389 1824 eorum
1414 1776 1693 1825 convertat
1721 1767 1985 1832 inimicos,
2016 1780 2123 1823 non

540 1864 714 1920 solum
756 1862 968 1933 quando
1014 1862 1297 1915 vincuntur
1326 1859 1548 1925 inimici,
1593 1856 1686 1914 sed
1716 1859 1876 1913 etiam
1915 1858 2127 1928 quando

542 1962 850 2009 metuuntur
868 1970 881 2018 ;
907 1952 1035 2007 illud
1055 1952 1121 2006 ad
1137 1949 1613 2006 commendandam
1637 1950 1935 2021 largitatem
1953 1962 2123 2016 suam,

546 2044 667 2100 illud
691 2045 969 2099 adeorum
1004 2042 1398 2113 reprimendam
1446 2042 1751 2097 elationem.
1785 2039 1919 2096 Nam
1947 2041 2128 2113 utique

549 2137 799 2193 inimicus
820 2146 1126 2191 sanctorum
1149 2147 1233 2191 est
1252 2136 1471 2207 angelus
1494 2142 1728 2201 satante;
1759 2146 1919 2205 quem
1955 2142 2133 2192 tamen

549 2230 652 2285 sibi
675 2227 853 2284 datum
876 2227 1295 2297 colaphlzantem
1320 2227 1449 2283 dicit
1473 2227 1782 2296 Apostolus,
1818 2241 1887 2283 ne
1928 2227 2135 2299 magni-

496 2350 497 2355 π
549 2322 734 2378 tudine
762 2321 1148 2377 revelationum
1178 2320 1527 2377 exmllcretur
1556 2318 1620 2391 (ll
1648 2318 1765 2375 Cor.
1790 2332 1887 2388 xu,
1910 2319 1988 2392 7).

620 2415 707 2471 Vl.
749 2413 848 2489 [11).
873 2429 912 2480 t,
934 2413 1050 2486 20.]
1092 2412 1160 2468 Et
1184 2414 1429 2468 dederunt
1452 2412 1603 2469 Calsb
1637 2412 1885 2481 Chebron,
1903 2414 2030 2469 sicut
2054 2413 2136 2470 lo-

547 2515 693 2564 cutus
711 2515 789 2561 est
817 2506 1020 2577 Moyses
1034 2523 1053 2571 ;
1080 2515 1126 2559 et
1147 2504 1460 2561 hmeditavit
1499 2507 1620 2560 inde
1640 2517 1738 2561 tres
1757 2508 1982 2562 ciuitates
2003 2506 2140 2576 ﬁlio-

549 2615 661 2653 rum
687 2596 891 2664 Enach,
912 2607 959 2651 et
981 2598 1181 2651 abstulit
1206 2597 1325 2652 inde
1356 2608 1455 2652 tres
1481 2597 1617 2667 ﬁlios
1659 2597 1860 2653 Enaeh.
1889 2598 2006 2654 Jam
2039 2597 2141 2654 hoc

550 2692 752 2747 dictum
783 2691 935 2746 estin
967 2690 1101 2745 libro
1118 2690 1245 2745 .lesu
1269 2688 1413 2745 Nave
1435 2688 1615 2762 (Iosue
1640 2702 1733 2755 xv,
1764 2689 1990 2757 13,14),
2009 2705 2143 2761 quo-

553 2786 697 2839 niam
727 2785 818 2838 illo
836 2785 960 2838 vivo
983 2782 1177 2838 factum
1205 2791 1316 2850 est;
1344 2781 1439 2837 sed
1462 2782 1546 2838 hic
1569 2781 1970 2852 recapitulando
1993 2797 2142 2838 com-

555 2883 910 2931 memoratum
936 2884 1039 2936 est.
1067 2891 1189 2930 cum
1214 2875 1282 2931 de
1303 2876 1445 2931 tribu
1465 2875 1624 2943 Juda,
1647 2876 1793 2931 unde
1836 2875 1933 2932 fuit
1956 2876 2141 2947 Caleb,

554 2969 833 3039 Scriptura
862 2969 1188 3038 loqueretur.

626 3059 737 3115 Vll.
778 3056 880 3133 [11).
908 3075 946 3123 l,
970 3059 1062 3126 2i,
1093 3057 1174 3133 8.]
1211 3059 1482 3128 Qumritur
1526 3061 1794 3130 quomodo
1822 3061 2023 3117 dictum
2053 3063 2143 3131 sit,

558 3151 625 3205 Et
649 3150 937 3205 Jebnswum
967 3151 1277 3205 habitantem
1301 3151 1355 3205 in
1379 3151 1667 3207 Jerusalem
1692 3169 1795 3207 non
1823 3154 2150 3211 htereditaoe-

558 3251 676 3296 runt
715 3241 810 3311 ﬁlii
847 3239 1116 3314 Benjamin
1140 3280 1158 3308 ,
1209 3249 1257 3296 et
1293 3240 1539 3296 habitavit
1575 3241 1840 3299 Iebusartts
1877 3260 1991 3300 cum
2028 3246 2150 3316 filiis

551 3323 817 3394 Benjamin
851 3326 903 3378 in
922 3324 1212 3380 Jerusalem
1231 3342 1388 3397 usque
1406 3330 1458 3381 in
1480 3330 1778 3385 hodiernum
1812 3335 1976 3401 diem,
2015 3351 2137 3391 cum

550 3414 1018 3485 superiuslegatur
1039 3416 1228 3472 eadem
1253 3419 1443 3475 civitas
1461 3435 1490 3473 a
1506 3420 1534 3475 J
1542 3421 1640 3476 uda
1659 3432 1810 3492 capta
1830 3435 1885 3479 et
1901 3426 2137 3497 incensa,

550 3505 843 3563 interfectis
885 3509 937 3562 in
968 3524 1031 3563 ea
1079 3508 1379 3565 Jebusteis?
1426 3510 1535 3567 Sed
1579 3517 2009 3585 cognoscendum
2057 3528 2141 3574 est

551 3598 706 3654 istam
732 3601 998 3655 civitatem
1024 3616 1365 3658 communem
1393 3604 1644 3661 habuisse
1668 3607 1799 3663 duas
1827 3609 2014 3673 tribus,
2047 3610 2141 3665 Ju-

551 3692 672 3748 dam
693 3702 748 3748 et
772 3694 1067 3765 Beniamin,
1090 3696 1228 3751 sicut
1251 3696 1481 3753 ostendit
1504 3697 1615 3766 ipsa
1638 3698 1831 3755 divisio
1855 3708 2133 3771 terrarum,

551 3798 671 3853 qute
702 3783 834 3839 facta
852 3796 935 3840 est
962 3801 990 3839 a
1019 3786 1147 3842 Jesu
1172 3787 1315 3842 Nave
1336 3786 1497 3861 (Ibid.
1520 3788 1610 3855 65,
1635 3799 1680 3844 et
1696 3806 1847 3858 xvnt,
1871 3792 1987 3866 28).
2021 3794 2137 3863 Ipsa

553 3884 637 3931 est
661 3878 803 3932 enim
831 3878 996 3933 Jebus
1023 3895 1141 3949 quae
1171 3879 1469 3936 Jerusalem
1503 3898 1518 3937 :
1546 3882 1669 3938 ideo
1693 3883 1811 3938 dua:
1834 3885 1946 3939 ista:
1972 3886 2139 3941 tribus

552 3979 931 4028 remanserunt
958 3972 1026 4027 ad
1078 3974 1333 4043 templum
1380 3974 1587 4029 Domini
1611 4016 1627 4041 ,
1655 3976 1866 4045 quando
1892 3986 2100 4033 caetera:
2119 4021 2135 4047 ,

552 4072 772 4134 excepta
806 4064 935 4120 Levi
979 4080 1098 4135 qua:
1127 4064 1474 4119 sacerdotalis
1512 4064 1611 4119 fuit
1636 4073 1690 4121 et
1715 4072 1887 4122 terras
1917 4069 1967 4123 in
1997 4067 2135 4122 divi-

553 4156 759 4212 sionem
791 4171 898 4211 non
934 4156 1168 4225 accepit,
1219 4165 1600 4225 separaverunt
1646 4172 1706 4212 se
1732 4171 1763 4211 a
1795 4173 1961 4227 regno
2001 4158 2137 4214 Juda

552 4264 673 4305 cum
700 4249 1006 4306 Jeroboam.
1034 4248 1439 4318 intelligendum
1467 4256 1547 4305 est
1569 4264 1696 4320 ergo
1720 4262 1748 4305 a
1770 4250 1904 4306 Juda
1925 4251 2137 4323 quidem

552 4342 824 4399 civitatem
874 4350 1084 4412 captam
1135 4350 1190 4396 et
1228 4341 1502 4395 incensam
1528 4383 1542 4407 ,
1594 4341 1885 4397 interfectis
1912 4343 2000 4413 qui
2032 4344 2141 4401 illic

554 4436 753 4503 reperti
783 4433 1018 4488 inerant:
1052 4432 1145 4488 sed
1172 4446 1281 4487 non
1302 4448 1489 4488 omnes
1516 4431 1795 4490 Jebuszeos
1823 4450 1942 4491 esse
1967 4437 2136 4492 extin-

552 4533 667 4577 ctos
691 4542 705 4587 ;
738 4524 849 4579 sive
878 4526 998 4595 quia
1026 4533 1180 4579 erant
1203 4534 1353 4579 extra
1383 4524 1525 4579 illam
1554 4524 1852 4594 civitatem,
1879 4528 1991 4583 sive
2018 4530 2139 4598 quia

555 4610 735 4681 fugere
769 4621 1051 4681 potuerunt
1084 4632 1099 4670 :
1126 4628 1259 4683 quos
1300 4614 1538 4685 reliquos
1576 4612 1853 4673 Jebusaaos
1880 4615 2141 4673 admissos

554 4718 672 4757 esse
698 4716 727 4755 a
756 4702 876 4758 [illis
922 4703 1195 4773 Benjamin
1215 4744 1232 4771 ,
1279 4704 1471 4774 quibus
1496 4719 1615 4759 cum
1640 4704 1780 4761 Juda
1810 4715 1924 4762 erat
1953 4706 2142 4762 civitas

554 4794 641 4849 illa
670 4796 967 4849 communis
990 4837 1004 4861 ,
1037 4796 1091 4850 in
1138 4811 1199 4849 ea
1229 4795 1384 4850 simul
1413 4795 1677 4853 habitare.
1723 4796 1875 4864 Quod
1902 4813 2029 4869 ergo
2056 4796 2140 4853 di-

554 4897 697 4941 ctum
717 4895 816 4948 est.
850 4886 969 4941 Non
992 4888 1407 4943 litereditaverunt
1425 4887 1715 4944 Iebusatum
1736 4890 1832 4959 ﬁlii
1848 4889 2137 4960 Benjamin,

556 4979 957 5051 intelligendum
984 4990 1066 5036 est
1094 4982 1235 5051 quod
1263 4998 1362 5038 nec
1389 4983 1698 5040 tributarios
1724 4997 1817 5038 eos
1836 4982 2016 5040 facere
2045 4996 2140 5052 po-

557 5083 767 5129 tuerunt
785 5118 797 5139 ,
826 5076 937 5130 sive
965 5076 1266 5130 voluerunt.
1300 5077 1404 5130 Aut
1424 5086 1570 5133 certe
1597 5090 1699 5131 non
1715 5075 2027 5130 hmreditavit
2045 5070 2143 5130 1ο»

556 5169 803 5231 biturum,
836 5167 1031 5224 dictum
1060 5177 1165 5231 est,
1195 5168 1319 5239 quia
1345 5182 1454 5224 non
1487 5170 1604 5225 sine
1631 5169 1723 5225 illo
1752 5170 1920 5225 tenuit
1944 5178 2141 5226 terram

557 5274 676 5329 quae
705 5260 773 5317 ab
799 5260 886 5313 illo
913 5258 1306 5329 possidebatnr.

628 5349 761 5405 Vill.
796 5348 895 5423 [11).
919 5365 956 5416 l,
984 5348 1101 5423 27.]
1132 5348 1198 5404 Et
1226 5366 1328 5406 non
1348 5346 1661 5407 hareditauit
1690 5349 1956 5406 Hanasm
1981 5348 2140 5406 Beth-

553 5459 668 5508 san,
708 5459 821 5513 quw
844 5451 916 5498 est
943 5442 1255 5515 Scytharum
1273 5444 1467 5499 civitas.
1494 5438 1611 5515 Ipsa
1640 5444 1801 5500 hodie
1831 5443 2141 5515 perhibetur

553 5535 893 5608 Scythopolis
916 5537 1042 5594 dici.
1082 5537 1263 5594 Potest
1300 5546 1475 5593 autem
1501 5553 1750 5606 movere,
1776 5538 2047 5610 quomodo
2088 5538 2140 5593 in

555 5628 663 5684 illis
688 5630 926 5699 partibus
946 5632 1169 5685 multum
1195 5630 1262 5685 ab
1287 5629 1503 5702 Scythia
1526 5630 1747 5686 diversis
1769 5630 2000 5702 potuerit
2022 5645 2140 5686 esse

555 5720 875 5794 Scytharum
900 5723 1107 5777 civitas.
1137 5722 1242 5778 Sed
1266 5723 1513 5777 similiter
1532 5729 1708 5795 petest
1735 5737 1969 5789 movere,
2002 5736 2140 5793 quo-

618 5834 2140 5899 tenuatedniomaliaveroeditiooesnms.

1356 359 1816 430 QUESTIONUM
1853 359 1912 417 S.
1949 356 2316 420 AUGUSTI!“
2351 360 2421 419 IN
2456 361 3016 423 HEPTATEUCHUII

2218 476 2380 534 modo
2405 484 2514 534 tam
2534 478 2689 550 longe
2711 494 2742 534 a
2771 478 3076 535 Macedonia
3100 477 3319 537 Iaculo
3343 481 3642 540 Alexander
3664 499 3795 542 con-

2218 573 2410 629 diderit
2458 572 2833 643 Alexandriam
2884 572 3184 639 civitatem;
3242 574 3385 647 quod
3438 577 3619 648 utique
3662 579 3792 637 fecit

2218 663 2375 734 longe
2402 664 2609 735 lateque
2632 664 2890 735 bellando
2918 682 2933 719 :
2978 665 3049 719 ita
3073 665 3235 721 etiam
3253 705 3269 731 ,
3301 682 3423 721 cum
3448 668 3659 740 Scythae
3690 671 3789 726 ali-

2217 755 2429 826 quando
2470 756 2716 811 bellando
2738 758 2789 811 in
2815 757 3096 828 longinqua
3121 759 3601 829 progrederemur,
3636 763 3795 820 istam

2217 846 2449 903 condere
2475 857 2779 917 potuerunt.
2807 848 2938 903 Nam
2979 849 3173 919 legitur
3194 849 3247 904 in
3278 849 3495 905 historia
3521 853 3793 921 gentium,

2219 938 2520 996 universam
2564 956 2698 1010 pene
2729 941 2911 996 Asiam
2940 940 3167 1011 Scythas
3210 942 3497 1012 aliquando
3524 947 3795 1013 tenuisse,

2218 1043 2339 1104 cum
2357 1032 2468 1103 regi
2489 1031 2861 1104 Egyptiorum
2892 1034 2964 1088 illi
2991 1034 3079 1103 qui
3104 1035 3183 1089 eis
3204 1034 3343 1089 ultro
3366 1035 3563 1091 bellum
3590 1038 3801 1094 indixe-

2218 1133 2317 1189 rat,
2349 1125 2489 1181 irent
2514 1126 2744 1192 obviam,
2776 1142 3003 1196 quorum
3022 1127 3254 1182 adventu
3280 1129 3524 1194 territus,
3556 1130 3610 1185 in
3640 1145 3799 1187 suum

2218 1229 2278 1270 se
2311 1230 2531 1287 regnum
2560 1220 2780 1289 recepit.

2290 1306 2382 1362 IX.
2409 1307 2508 1381 [Ib.
2537 1310 2705 1383 1,21]
2725 1308 2789 1363 Et
2812 1327 2913 1364 non
2931 1308 3241 1365 hereditas“
3259 1309 3522 1365 Manasses
3548 1309 3793 1379 Bethsan,

2218 1414 2332 1468 quia
2350 1410 2421 1455 est
2447 1401 2753 1472 Scytharum
2780 1404 2973 1467 civitas,
2997 1418 3155 1473 neque
3171 1402 3307 1472 ﬁlias
3330 1402 3460 1471 ejus.
3496 1400 3661 1457 Filias
3686 1404 3801 1473 ejus

2220 1490 2349 1547 dicit
2374 1493 2619 1547 civitates
2644 1509 2776 1562 quas
2803 1494 2913 1563 ipsa
2953 1496 3103 1564 quasi
3134 1495 3445 1564 metrOpolis
3472 1495 3795 1551 instituerat.

2292 1581 2361 1639 Χ.
2388 1582 2486 1655 [11).
2505 1600 2544 1649 t,
2570 1583 2684 1656 28.]
2711 1583 2778 1637 Et
2800 1590 2989 1655 factum
3010 1585 3308 1657 est.quando
3326 1586 3590 1656 prmaluit
3608 1586 3800 1655 Israel,

2223 1680 2270 1728 st
2297 1676 2460 1744 posuit
2485 1674 2825 1730 Chananazum
2847 1676 2903 1729 in
2928 1675 3197 1742 tributum,
3218 1684 3265 1730 et
3291 1676 3527 1745 auferam
3555 1692 3657 1730 non
3676 1677 3798 1731 abs-

2223 1768 2340 1822 tulit
2363 1782 2495 1823 eum.
2538 1768 2654 1823 Jam
2682 1769 2787 1825 tale
2812 1768 3007 1840 aliquid
3049 1769 3248 1826 dictum
3276 1768 3442 1824 estin
3488 1769 3624 1825 libro
3668 1769 3803 1825 Jesu

2224 1858 2389 1927 Nave,
2407 1860 2683 1932 peneipsis
2721 1861 2895 1917 verbis
2933 1860 3131 1930 (Josue.
3169 1861 3434 1933 nuda).
3455 1860 3684 1917 Proinde
3707 1870 3804 1916 aut

2227 1951 2316 2012 hic
2333 1954 2905 2025 peranacephalasosim
2931 1954 3144 2023 dicitur,
3160 1954 3369 2011 autillie
3393 1969 3489 2024 per
3508 1954 3803 2023 prolepsin

2226 2044 2427 2102 dictum
2450 2054 2561 2111 est;
2592 2046 2643 2100 id
2689 2054 2807 2115 est,
2838 2056 2930 2102 aut
2953 2046 3042 2103 hic
3084 2044 3518 2117 recapitulando,
3562 2053 3653 2100 aut
3693 2045 3808 2100 illic

2226 2137 2665 2212 praeoccupando.

2299 2228 2391 2285 XI.
2411 2228 2508 2302 [11).
2536 2244 2573 2295 l,
2591 2226 2704 2301 δι]
2726 2226 3159 2285 Eteontribulaoit
3183 2226 3504 2282 Amorrlueus
3531 2225 3663 2293 ﬁlios
3686 2223 3811 2279 Dan

2227 2322 2284 2378 in
2302 2332 2486 2387 monte,
2500 2321 2738 2392 quoniam
2752 2336 2852 2375 non
2871 2320 3094 2391 permisit
3108 2335 3191 2373 eos
3210 2317 3508 2373 descendere
3526 2315 3578 2369 in
3603 2316 3810 2370 vallem.

2231 2415 2300 2471 Et
2326 2414 2430 2470 hoc
2455 2414 2729 2480 similiter,
2780 2422 2872 2468 aut
2916 2414 2968 2468 in
3015 2413 3152 2468 libro
3180 2412 3307 2468 Jesu
3350 2410 3495 2466 Nave
3539 2424 3815 2479 prtPOOGI-
3868 2412 3877 2417 ’

2230 2506 2405 2577 pando
2426 2512 2899 2561 commemoratum
2926 2513 3008 2560 est
3034 2503 3143 2570 (Id.
3187 2517 3304 2569 χιι,
3335 2501 3426 2569 48,
3468 2517 3569 2557 sec.
3600 2499 3813 2572 LXX),

2230 2607 2323 2654 aut
2348 2597 2436 2653 hic
2472 2596 2889 2666 recapitulando.

2302 2688 2419 2744 XII.
2453 2687 2554 2760 [1b.
2588 2704 2625 2744 tt
2648 2729 2662 2753 ,
2693 2686 2772 2761 1.]
2803 2686 2869 2742 Et
2895 2683 3119 2740 ascendit
3158 2680 3367 2751 angelus
3418 2679 3619 2732 Domim
3658 2693 3815 2747 super

2233 2779 2569 2835 Clauthmona
2595 2789 2833 2835 montem.
2855 2776 3093 2847 Scriptor
3116 2772 3237 2828 libri
3259 2771 3361 2827 hoc
3381 2770 3599 2825 nomine
3626 2768 3819 2839 appel«

2235 2872 2364 2931 lavit
2385 2872 2587 2937 locum,
2616 2872 2739 2942 quia
2766 2879 2946 2942 postea
2975 2868 3190 2938 scripsit
3214 2883 3229 2922 :
3259 2879 3381 2920 nam
3404 2863 3617 2935 quando
3645 2877 3816 2932 ange-

2235 2963 2320 3020 lus
2347 2964 2554 3021 Domini
2595 2978 2755 3033 super
2777 2978 2897 3018 eum
2920 2959 3181 3025 ascendit,
3211 2955 3445 3012 nondum
3471 2955 3550 3010 sic
3568 2953 3816 3025 appella-

2236 3056 2414 3112 batur.
2457 3057 2503 3112 A
2530 3055 2823 3125 ploratione
2845 3054 3039 3124 quippe
3064 3062 3259 3105 nomen
3287 3046 3530 3117 accepit,
3576 3059 3643 3101 eo
3667 3043 3821 3115 quod
3898 3081 3903 3086 ς

2236 3161 2410 3220 graece
2434 3155 2668 3215 κλαυθμὸς
2696 3145 2922 3216 ploratio
2943 3143 3157 3198 dicitur.
3191 3138 3265 3194 lbi
3291 3138 3433 3193 enim
3461 3135 3685 3206 populus
3713 3134 3821 3190 tle-

2238 3242 2349 3305 vit,
2379 3254 2502 3294 cum
2527 3237 2766 3293 audisset
2786 3237 2854 3290 ab
2903 3233 3197 3302 hocangeio
3221 3228 3381 3284 verba
3408 3226 3618 3282 Domini
3639 3224 3823 3280 vindi-

2238 3332 2410 3388 cautis
2438 3332 2490 3385 in
2513 3344 2644 3396 eos,
2696 3326 2839 3398 quod
2879 3318 3245 3380 inobedientes
3272 3317 3530 3384 fuissent,
3559 3318 3681 3386 quia
3705 3329 3821 3369 non

2240 3422 2731 3479 caterminaverunt
2759 3416 2976 3488 populos
2997 3412 3288 3469 secundum
3318 3416 3641 3481 przeceptum
3662 3405 3778 3475 ejus
3800 3446 3822 3475 ,

2240 3514 2430 3584 quibus
2455 3511 2866 3582 prtevalueruut,
2894 3507 3150 3576 eligentes
3170 3518 3264 3560 eos
3286 3502 3460 3556 facere
3483 3497 3821 3562 tributarios,

2240 3624 2398 3678 quam
2414 3604 2721 3663 interimere
2747 3610 2802 3659 et
2830 3600 3056 3673 perdere
3071 3641 3086 3665 ,
3116 3591 3562 3669 quemadmodum
3584 3591 3829 3660 jusserat

2241 3700 2517 3755 Dominus.
2564 3694 2719 3765 Quod
2748 3695 2859 3748 sive
2884 3698 3192 3761 contempto
3242 3686 3335 3741 Dei
3386 3682 3635 3740 mandato
3658 3723 3674 3749 ,
3707 3682 3831 3737 sive

2241 3794 2435 3849 timore
2484 3789 2747 3853 fecerint,
2793 3802 2861 3842 ne
2889 3787 3072 3840 hostes
3097 3783 3378 3837 adversum
3424 3792 3483 3832 se
3524 3774 3699 3830 acrius
3722 3788 3830 3845 pu-

2239 3899 2406 3956 guare
2439 3898 2533 3952 pro
2560 3881 2732 3937 salute
2761 3876 3083 3943 obtinenda,
3124 3888 3284 3945 quam
3326 3884 3421 3941 pro
3467 3869 3664 3924 tributo
3712 3880 3832 3922 non

2240 3975 2420 4031 dando
2460 3980 2746 4044 cogerent,
2791 3971 2907 4025 sine
2936 3966 3097 4022 dubio
3126 3970 3510 4035 peccaverunt,
3544 3958 3629 4012 vel
3668 3971 3834 4027 sper-

2240 4067 2420 4124 nendo
2443 4065 2585 4137 quod
2614 4063 2867 4119 divinitus
2897 4061 3212 4130 imperatum
3239 4062 3349 4121 est,
3378 4051 3464 4107 vel
3486 4066 3592 4105 non
3622 4062 3836 4116 praesu-

2241 4158 2438 4215 mendo
2463 4136 2604 4226 quod
2630 4170 2725 4210 eos
2772 4157 2990 4223 posset,
3021 4148 3109 4218 qui
3136 4147 3521 4216 imperaverat,
3550 4136 3833 4210 adjuvare.

2241 4249 2394 4317 Quod
2434 4248 2553 4304 ideo
2582 4262 2674 4315 per
2699 4244 2881 4301 Jesum
2911 4240 3082 4295 noluit
3106 4240 3183 4293 eis
3210 4237 3388 4293 dicere
3420 4231 3485 4307 (si
3517 4243 3694 4287 tamen
3725 4228 3833 4284 ad-

2244 4342 2349 4398 huc
2393 4357 2458 4397 eo
2512 4342 2722 4393 vivente
2764 4340 2875 4408 jam
2924 4341 3160 4403 coeperat
3200 4330 3313 4385 ﬁeri
3342 4330 3382 4395 ί,
3413 4337 3467 4384 et
3510 4342 3615 4382 non
3645 4323 3834 4397 potius

2246 4429 2665 4503 praeoccupando
2690 4434 3166 4483 commemoratum
3195 4421 3366 4477 fuerat
3389 4415 3530 4489 quod
3561 4417 3650 4471 illo
3676 4431 3834 4471 mor-

2246 4533 2337 4581 tuo
2366 4522 2480 4579 ﬁeri
2507 4518 2713 4593 cmpit),
2741 4519 2865 4590 quia
2894 4518 2996 4573 hoc
3020 4515 3268 4571 omnibus
3303 4512 3469 4567 voluit
3505 4509 3839 4580 exprobrare

2248 4632 2343 4687 per
2369 4615 2614 4686 angelum
2645 4631 2659 4667 :
2690 4611 2927 4667 nondum
2967 4618 3143 4665 autem
3172 4621 3361 4663 omnes
3386 4604 3439 4660 id
3486 4602 3722 4659 fecerant
3752 4600 3839 4656 vi-

2247 4719 2405 4767 vente
2429 4709 2591 4774 Jesu,
2644 4708 2745 4763 etsi
2787 4704 2948 4777 aliqui
2992 4704 3126 4759 forte
3168 4702 3278 4773 jam
3322 4707 3615 4771 coeperant.
3642 4696 3839 4753 Credi-

2248 4801 2408 4858 bilius
2436 4809 2519 4856 est
2543 4810 2724 4855 tamen
2766 4797 2895 4853 nihil
2927 4796 3030 4851 tale
3058 4795 3171 4850 ﬁeri
3197 4801 3429 4862 cmptum
3469 4792 3678 4847 vivente
3702 4788 3837 4846 Jesu

2248 4893 2428 4961 Nave,
2477 4901 2789 4961 tantumque
2842 4896 3103 4943 terrarum
3150 4885 3248 4940 sub
3289 4884 3380 4939 illo
3424 4882 3659 4937 tenuisse
3696 4880 3840 4935 filios

2250 4986 2434 5049 Israel,
2458 4992 2713 5054 quantum
2740 4980 2817 5035 eis
2838 4978 2904 5033 ad
2924 4975 3309 5033 considendum
3337 4971 3625 5037 sufﬁceret,
3650 4987 3841 5043 quam-

2249 5081 2331 5134 vis
2360 5080 2409 5132 in
2441 5076 2673 5133 sortibus
2698 5074 2809 5127 suis
2840 5071 3099 5127 haberent
3127 5068 3269 5124 unde
3294 5064 3589 5122 crescendo
3611 5074 3664 5120 et
3701 5079 3839 5117 cou-

2251 5168 2571 5226 valescendo
2598 5163 3119 5221 adhucadversarios
3144 5158 3579 5217 exterminarent.
3609 5156 3841 5211 Proinde

2252 5270 2374 5334 post
2400 5268 2623 5314 mortem
2652 5257 2777 5315 Jesu
2802 5298 2818 5324 ,
2849 5263 3191 5326 posteaquam
3237 5252 3629 5324 prrevalueruut
3654 5257 3706 5304 ut
3736 5248 3841 5303 hoc

2254 5361 2473 5423 possent
2500 5349 2673 5405 facere
2698 5391 2712 5416 ,
2741 5348 3041 5402 maluerunt
3065 5360 3160 5401 eos
3189 5345 3384 5399 habere
3414 5342 3725 5398 tributarios
3755 5355 3841 5394 se-

2256 5444 2491 5500 cundum
2517 5442 2844 5497 voluntatem
2884 5453 3035 5493 suam
3055 5480 3067 5502 ,
3096 5452 3251 5508 quam
3283 5436 3590 5490 interimere
3627 5442 3680 5487 et
3715 5447 3840 5502 per—

2257 5538 2386 5594 dere
2414 5536 2707 5593 secundum
2751 5533 3078 5588 voluntatem
3126 5531 3218 5586 Dei
3243 5546 3256 5585 :
3279 5539 3500 5601 propter
3524 5526 3627 5583 hoc
3656 5524 3722 5581 ad
3748 5539 3841 5582 eos

2258 5630 2623 5701 corripiendos
2649 5626 2867 5698 angelus
2895 5625 3090 5681 missus
3116 5633 3217 5679 est.
3252 5622 3405 5690 Quod
3438 5635 3563 5677 vero
3602 5632 3836 5675 comme-
