4136 6462
306 406 415 465 ⁵19⁵1

308 526 577 579 moratum
589 524 672 574 est
682 514 736 572 In
752 512 1024 572 libroIesu
1035 509 1179 571 Nave
1190 509 1370 587 (Iosue
1386 525 1506 579 xm,
1520 509 1583 568 51
1594 552 1609 576 ,
1625 509 1706 579 5),
1719 508 1889 579 magis

309 611 561 671 existimo
587 605 1007 679 praeoccupando
1033 611 1503 661 commemoratum
1527 642 1542 666 ,
1583 598 1721 671 quod
1768 606 1892 669 post

309 704 427 774 ejus
458 710 683 756 mortem
711 698 799 754 vel
821 697 1051 753 futurum
1079 710 1200 751 esse
1218 694 1328 766 jam
1359 694 1472 764 ipse
1496 700 1719 748 noverat
1756 704 1889 763 pro-

309 793 525 867 phetico
565 789 788 861 spiritu,
817 786 862 844 si
910 787 978 842 ab
1003 786 1092 842 Illo
1117 785 1251 841 liber
1269 784 1600 853 conscriptus
1639 790 1761 847 est,
1799 779 1889 851 qui

309 885 609 958 appellatur
634 881 762 939 Iesu
786 879 957 945 Nave;
982 878 1068 934 vel
1091 878 1137 933 si
1166 877 1234 933 ab
1258 875 1364 932 alio
1389 876 1624 947 scriptus
1647 882 1749 939 est,
1778 872 1889 943 iam

309 978 504 1032 factum
544 985 681 1031 esse
708 970 908 1028 sciebat
949 976 1072 1041 post
1095 977 1321 1024 mortem
1348 966 1505 1034 Iesu,
1534 965 1675 1038 quod
1702 964 1757 1020 in
1797 963 1891 1019 illo

309 1067 448 1124 libro
474 1064 894 1136 praeoccupando
920 1059 1373 1118 commemoravit.

381 1158 521 1215 XIII.
561 1155 666 1229 [Ib.
694 1172 753 1221 ιι,
786 1151 864 1227 3.]
902 1151 1036 1220 Quid
1069 1160 1151 1208 est
1174 1149 1313 1222 quod
1331 1148 1548 1220 angelus
1572 1144 1782 1202 Domini
1810 1143 1894 1199 in-

311 1259 397 1307 ter
415 1257 607 1306 caetera
633 1246 824 1303 divina:
857 1242 1288 1302 comminationis
1323 1241 1473 1307 dicit,
1502 1236 1625 1293 Non
1649 1236 1890 1309 adjiciam

311 1340 674 1410 transmigrare
697 1336 941 1408 populum
982 1351 1126 1406 quem
1154 1333 1260 1388 dixi
1284 1333 1494 1403 ejicere;
1527 1346 1627 1384 non
1660 1329 1891 1397 auferam

310 1449 395 1488 eos
411 1448 445 1485 α
458 1432 590 1503 facie
613 1438 772 1485 uestra
786 1445 805 1483 :
819 1438 864 1483 et
881 1437 1023 1482 erunt
1044 1427 1180 1481 vobis
1198 1426 1248 1480 in
1265 1425 1543 1497 angustias,
1566 1433 1611 1477 et
1629 1423 1701 1476 dii
1721 1438 1891 1477 eorum

309 1534 457 1579 erunt
475 1523 611 1577 vobis
630 1522 683 1577 in
703 1520 1041 1585 scandalum;
1062 1520 1163 1574 nisi
1184 1526 1242 1573 ut
1266 1518 1616 1587 intelligamus
1638 1512 1890 1569 nonnulla

309 1616 470 1671 etiam
493 1614 560 1670 de
586 1614 661 1668 ira
686 1613 775 1668 Dei
801 1613 983 1668 venire
1005 1610 1252 1682 peccata?
1279 1608 1350 1665 Ut
1373 1606 1515 1663 enim
1536 1606 1608 1661 dii
1627 1605 1886 1676 gentium,

309 1705 452 1761 inter
470 1718 601 1775 quas
621 1719 724 1759 non
750 1719 780 1758 a
800 1718 859 1759 se
880 1702 1256 1759 exterminatus
1270 1698 1522 1755 Israelitae
1539 1697 1778 1751 habitare
1796 1709 1894 1751 vo-

310 1796 544 1863 luerunt,
572 1806 751 1852 essent
777 1796 856 1852 eis
888 1797 939 1850 in
979 1793 1310 1860 scandalum,
1334 1792 1384 1847 id
1409 1800 1510 1853 est,
1536 1790 1771 1847 facerent
1797 1803 1891 1845 eos

307 1887 657 1943 seandalizari
684 1889 740 1942 in
761 1887 984 1942 Domino
1007 1885 1117 1941 Deo
1137 1899 1255 1950 suo,
1272 1898 1441 1954 eoque
1460 1881 1663 1938 oﬂ‘enso
1688 1880 1889 1947 vivere,

306 1980 590 2052 indignans
620 1979 721 2036 hoc
749 1979 1100 2035 comminatus
1126 1985 1207 2033 est
1227 1976 1395 2041 Deus;
1427 1972 1569 2046 quod
1605 1981 1752 2029 certe
1778 1985 1893 2026 ma-

304 2075 558 2131 nifestum
589 2080 670 2128 est
695 2087 941 2142 magnum
971 2084 1090 2127 esse
1107 2076 1402 2141 peccatum.

382 2164 517 2220 XIV.
544 2162 646 2239 [Ib.
674 2178 732 2229 tl,
765 2161 817 2228 6,
842 2161 920 2235 8.]
949 2160 1015 2216 Et
1034 2159 1218 2215 dimisit
1237 2158 1386 2213 Iesus
1405 2155 1668 2227 pupulum,
1691 2162 1738 2208 et
1757 2152 1894 2207 abie-

301 2265 427 2311 runt
456 2256 550 2325 ﬁlii
581 2253 748 2310 Israel
784 2253 1122 2325 unusquisque
1151 2251 1204 2305 in
1231 2250 1436 2304 domum
1456 2263 1621 2313 suam,
1653 2255 1699 2300 et
1727 2260 1890 2299 unus-

300 2346 513 2418 quisque
538 2346 591 2401 in
611 2345 950 2401 Itatreditatem
988 2358 1134 2398 suam
1151 2341 1192 2408 ί,
1220 2340 1516 2396 Ιπωνεάὶιανθ
1544 2346 1746 2393 terram.
1776 2336 1890 2390 Hoc

300 2451 405 2506 per
426 2436 919 2506 recapitulationem
944 2434 1122 2489 iterari
1165 2431 1308 2487 nulla
1346 2428 1605 2485 dubitatio
1645 2435 1727 2483 est
1776 2424 1886 2498 (Id.

302 2544 452 2594 ntv,
474 2528 563 2592 Q8,
596 2527 711 2599 29).
733 2527 864 2582 Nam
894 2533 951 2581 et
972 2541 1116 2581 mors
1140 2523 1306 2595 ipsius
1327 2521 1453 2578 Iesu
1483 2519 1626 2576 Nave
1645 2520 1803 2574 etiam
1836 2519 1886 2572 in

302 2617 411 2672 hoc
426 2618 561 2674 libro
577 2624 1044 2683 commemoratur,
1074 2626 1132 2671 ut
1160 2624 1407 2685 tanquam
1429 2612 1496 2668 ab
1518 2611 1736 2668 exordio
1761 2626 1890 2665 cun-

300 2716 392 2765 cta
417 2708 647 2766 breviter
676 2709 1089 2774 insinuarentur,
1118 2723 1186 2763 ex
1218 2721 1324 2777 quo
1361 2705 1439 2760 eis
1465 2703 1718 2759 Dominus
1743 2700 1890 2757 dedit

302 2809 523 2865 terram,
554 2809 609 2856 et
630 2799 1075 2872 quemadmodum
1118 2797 1217 2853 sub
1260 2797 1389 2867 ipsis
1427 2794 1693 2868 indicibus
1736 2794 1887 2849 vixe-

300 2893 433 2960 rint,
465 2908 648 2963 quaeve
685 2891 919 2963 perpessi
963 2890 1094 2956 sint;
1139 2896 1298 2959 atque
1339 2887 1531 2942 iterum
1576 2885 1781 2941 reditur
1820 2885 1888 2940 ad

300 2983 543 3054 ipsorum
562 2983 797 3054 judicum
825 2982 1088 3051 ordinem,
1114 2981 1181 3037 ab
1204 2994 1272 3037 eo
1302 2979 1391 3051 qui
1422 2977 1624 3050 primus
1649 2987 1733 3034 est
1755 2992 1887 3033 con-

302 3075 543 3131 stitutus.

376 3166 492 3221 XV.
527 3165 627 3240 [Ib.
660 3182 717 3232 li,
743 3162 855 3240 10.]
876 3164 943 3220 Et
966 3163 1180 3220 surrexit
1198 3161 1449 3235 generatio
1465 3160 1624 3215 altera
1649 3166 1761 3232 post
1780 3175 1884 3226 eos,

296 3259 389 3331 qui
413 3276 512 3313 non
532 3258 748 3312 scierunt
770 3255 1058 3321 Dominum,
1079 3264 1122 3309 et
1138 3270 1290 3325 opera
1310 3254 1419 3323 ejus
1435 3266 1545 3323 quae
1565 3250 1680 3321 fecit
1699 3248 1883 3305 Israel.

298 3349 564 3419 Exposuit
586 3347 851 3420 quomodo
876 3348 1086 3412 dixerit,
1122 3361 1222 3400 non
1247 3345 1463 3399 scierunt
1489 3342 1797 3407 Dominum;
1828 3342 1883 3398 in

292 3440 408 3495 illis
450 3440 695 3495 videlicet
723 3438 991 3509 prmclaris
1029 3446 1082 3493 et
1106 3434 1434 3491 mirabilibus
1474 3433 1745 3503 operibus,
1791 3448 1887 3503 per

292 3546 420 3602 qute
447 3529 636 3587 iactum
659 3539 740 3586 est
760 3537 883 3585 ante
910 3527 1028 3584 illos
1056 3538 1111 3583 ut
1139 3526 1299 3581 Israel
1329 3525 1489 3591 sciret
1507 3524 1809 3579 Dominum.

372 3620 509 3673 XVI.
554 3618 858 3694 [11).ιι,15.]
881 3618 948 3675 Et
968 3621 1240 3675 servierunt
1259 3615 1391 3672 Baal
1409 3626 1453 3672 et
1472 3616 1768 3670 Astartibus.
1789 3615 1886 3672 So-

290 3710 377 3765 let
403 3710 505 3765 dici
535 3710 655 3764 Baal
678 3728 871 3768 nomen
901 3727 1020 3768 esse
1045 3710 1183 3781 apud
1208 3717 1396 3783 gentes
1426 3708 1631 3763 illarum
1652 3707 1883 3782 partium

293 3800 470 3868 Iovis,
501 3802 717 3858 Astarte
736 3810 913 3858 autem
942 3801 1187 3869 Iunonis,
1222 3799 1365 3871 quod
1395 3808 1449 3855 et
1473 3799 1645 3870 lingua
1688 3799 1884 3854 Punica

294 3899 517 3960 putatur
554 3890 854 3946 ostendere.
896 3891 1026 3945 Nam
1064 3890 1193 3945 Baal
1224 3890 1404 3945 Punici
1435 3888 1683 3945 videntur
1709 3889 1886 3945 dicere

294 3978 611 4043 Dominum;
642 3980 783 4036 unde
804 3980 1140 4049 Baalsamen,
1169 3982 1319 4052 quasi
1348 3981 1627 4036 Dominum
1657 3982 1777 4037 caeli
1799 3982 1883 4036 in-

293 4071 604 4140 telliguntur
622 4070 830 4126 dicere:
853 4071 1047 4126 Samen
1064 4071 1257 4141 quippe
1281 4070 1420 4140 apud
1444 4086 1538 4126 eos
1563 4072 1681 4127 cmli
1704 4071 1885 4143 appel-

290 4160 491 4215 lantur.
513 4161 653 4217 Juno
673 4169 849 4217 autem
896 4161 1012 4217 sine
1050 4161 1376 4216 dubitatione
1404 4162 1471 4216 ab
1500 4161 1601 4216 illis
1631 4162 1839 4218 Astarte
1861 4163 1882 4195 ³

289 4263 536 4309 vocatur.
560 4254 629 4310 Et
652 4255 901 4326 quoniam
929 4254 1045 4310 istae
1072 4254 1263 4325 linguae
1285 4269 1391 4308 non
1418 4255 1640 4309 multum
1666 4254 1806 4309 inter
1825 4270 1883 4310 se

290 4343 569 4413 differunt,
593 4345 784 4401 merito
809 4345 1043 4401 creditur
1069 4345 1153 4399 hic
1169 4344 1236 4399 de
1259 4344 1378 4399 (iliis
1401 4344 1556 4399 Israel
1580 4343 1680 4399 hoc
1704 4344 1881 4400 dicere

289 4432 590 4506 Scriptura,
636 4435 777 4507 quod
824 4434 948 4490 Baal
990 4436 1291 4491 servierunt
1319 4439 1376 4491 ei.
1409 4435 1731 4502 Astartibus,
1759 4435 1880 4505 quia

289 4526 411 4583 Iovi
440 4536 494 4583 et
522 4528 836 4582 Iunonibus.
868 4526 975 4583 Nec
1005 4542 1220 4584 movere
1247 4527 1407 4583 debet
1433 4525 1573 4597 quod
1602 4543 1706 4581 non
1748 4526 1881 4582 dixit

288 4620 512 4686 Astarti,
544 4620 594 4675 id
620 4631 702 4676 est
731 4620 956 4684 Iunoni;
986 4620 1079 4675 sed
1106 4628 1353 4690 tanquam
1380 4618 1559 4673 multa:
1587 4618 1693 4673 sint
1717 4617 1882 4673 Iuno-

289 4726 411 4775 nes,
444 4712 713 4783 pluraliter
752 4712 856 4768 hoc
893 4727 1088 4767 nomen
1126 4711 1323 4782 posuit.
1364 4709 1446 4763 Ad
1475 4710 1879 4765 simulacrorum

288 4802 433 4857 enim
463 4802 853 4859 multitudinem
871 4802 1055 4858 referri
1078 4801 1240 4856 voluit
1261 4798 1610 4865 intellectum,
1629 4801 1877 4868 quoniam

288 4893 702 4963 unumquodque
730 4893 953 4948 Iunonis
994 4890 1333 4945 simulacrum
1374 4888 1514 4944 Iuno
1554 4888 1874 4957 vocabatur;

288 4995 356 5036 ac
379 4999 473 5051 per
496 4982 600 5036 hoc
626 4990 702 5036 tot
720 4981 979 5058 Iungnes,
998 4989 1126 5053 quot
1146 4979 1427 5034 simulacra
1446 4978 1667 5049 intelligi
1688 4980 1872 5033 voluit.

289 5070 581 5127 Varietatis
609 5080 785 5127 autem
811 5085 970 5126 causa
1012 5071 1257 5126 existimo
1296 5068 1480 5125 Jovem
1512 5068 1872 5141 singulariter,

313 5171 528 5219 *nones
566 5163 841 5233 pluraliter
867 5176 1289 5218 commemorare
1317 5162 1569 5217 voluisse.
1609 5162 1741 5216 Nam
1780 5177 1877 5218 ea-

310 5236 419 5327 ἀθιι
441 5270 601 5311 causa
630 5255 857 5325 plurium
888 5253 1291 5311 simulacrorum
1323 5254 1483 5311 etiam
1512 5254 1670 5311 Ioves
1694 5256 1873 5327 plura;

308 5326 434 5419 {iter
457 5348 546 5403 “ei
573 5355 803 5416 possent.
833 5347 944 5401 Hoc
969 5354 1166 5414 autem,
1200 5346 1252 5402 id
1282 5355 1384 5413 est,
1427 5349 1647 5403 nomine
1687 5326 1873 5419 plurali

304 5417 638 5510 ἶαηοηθεήη
665 5438 847 5505 graecis
866 5439 1151 5494 secundum
1181 5438 1523 5510 Septuaginta
1550 5417 1869 5509 reperimus,

302 5509 360 5564 in
383 5510 560 5572 latinis
578 5533 749 5582 autem
784 5529 1119 5601 singulariter
1142 5538 1278 5585 erat.
1305 5509 1542 5600 Quorum
1582 5530 1636 5586 in
1664 5531 1755 5587 illo
1784 5533 1871 5603 qui

295 5692 393 5805 la;
406 5692 775 5810 mgnum
790 5706 922 5760 hisce
934 5709 1115 5784 verbis,
1132 5718 1176 5760 et
1536 5710 1589 5765 in
1609 5710 1871 5766 heredem.

356 5816 383 5849 ²
403 5825 509 5870 uss.
535 5773 842 5870 ιέεὲυέςξῗὶ
854 5779 1465 5870 imsmﬁﬁ‘m“

497 5857 509 5869 -
535 5828 655 5882 tres.
677 5833 845 5884 Estart.
865 5845 961 5885 Duo
980 5833 1081 5895 alii,
1104 5840 1275 5888 usta".

1630 392 1835 451 LIBER
1871 387 2227 448 SEPTIMUS.

3467 394 3573 456 798

1992 521 2099 563 non
2128 508 2354 565 habebat
2376 508 2719 582 Septuaginta
2742 508 3258 582 interpretationem,
3272 510 3370 567 sed
3384 523 3451 566 ex
3471 510 3572 565 he-

1993 598 2138 656 brazo
2163 611 2296 669 erat,
2330 604 2577 657 Astaroth
2606 603 2855 673 legimus;
2887 618 2988 658 nec
3018 603 3164 671 Baal,
3206 603 3302 660 sed
3342 604 3567 659 Baallm.

1992 695 2142 764 Quod
2173 698 2218 751 sl
2248 694 2385 751 forte
2409 697 2550 752 aliud
2579 697 2633 752 in
2663 697 2873 753 ltebrtea
2898 698 2980 753 vel
3004 712 3125 769 syra
3148 700 3321 770 lingua
3349 701 3564 755 nomina

1993 787 2093 844 Ista
2122 788 2438 859 signiﬁcant,
2467 790 2596 846 deos
2617 798 2791 846 tamen
2814 792 2947 846 alios
2974 791 3138 848 fuisse
3163 802 3372 848 constat
3396 802 3450 849 et
3470 793 3573 849 Ial-

1993 891 2103 944 sos,
2136 878 2325 947 quibus
2354 878 2513 933 Israel
2545 879 2746 936 servire
2767 896 2872 936 non
2904 881 3105 937 debuit.

2065 968 2225 1024 XVII.
2255 969 2354 1043 [Ib.
2382 986 2437 1034 n,
2465 970 2654 1037 1025,
2681 983 2734 1027 et
2754 988 2832 1039 nt,
2864 973 2916 1038 1,
2946 970 3027 1046 4.]
3070 973 3133 1027 Et
3169 974 3391 1029 uendidit
3414 991 3496 1030 eos
3519 976 3571 1029 in

1993 1075 2148 1113 manu
2166 1060 2481 1115 inimicorum
2500 1077 2706 1117 suorum
2726 1062 2777 1116 in
2798 1064 3030 1118 circuitu.
3054 1063 3226 1130 Quaeri
3249 1066 3378 1120 solet
3407 1082 3569 1135 quare

1993 1149 2206 1219 dixerit,
2229 1153 2468 1218 vendidit,
2496 1163 2741 1226 tanquam
2762 1156 2972 1226 aliquod
2996 1157 3222 1225 pretium
3248 1159 3569 1225 intelligatur

1994 1242 2195 1298 datum.
2223 1244 2329 1300 Sed
2360 1251 2413 1300 et
2438 1246 2488 1300 in
2515 1245 2727 1300 Psalmo
2764 1246 2973 1316 legitur,
3015 1245 3296 1301 Vendidiin
3328 1249 3571 1317 populum

1995 1343 2135 1389 tuum
2161 1336 2270 1391 sine
2295 1337 2454 1407 pretio
2484 1335 2653 1407 (Psal.
2679 1353 2828 1402 mn,
2855 1338 2971 1407 I5);
3001 1347 3052 1391 et
3072 1339 3210 1408 apud
3240 1339 3569 1407 prolihetam,

1995 1423 2164 1481 Gratis
2179 1427 2363 1481 uenditi
2389 1431 2525 1493 estis,
2550 1438 2595 1482 et
2612 1445 2709 1482 non
2728 1445 2840 1482 cum
2856 1439 3062 1500 argento
3081 1430 3391 1482 redimemini
3416 1428 3463 1500 (I
3472 1429 3567 1481 sai.

1995 1534 2086 1586 ιιι,
2110 1521 2188 1588 '5).
2218 1520 2389 1588 Quare
2412 1536 2538 1592 ergo
2573 1522 2781 1589 uenditi,
2823 1522 2865 1576 si
2897 1524 3053 1593 gratis
3091 1532 3146 1576 et
3177 1523 3284 1575 sine
3312 1522 3490 1591 pretio,
3522 1534 3571 1576 et

1994 1628 2101 1667 non
2128 1615 2303 1683 potius
2329 1614 2545 1669 donati?
2571 1615 2650 1669 An
2681 1614 2814 1669 forte
2839 1613 3228 1683 Scripturarum
3257 1615 3447 1667 locutio
3470 1624 3568 1678 est,

1994 1712 2054 1758 ut
2078 1703 2321 1759 venditus
2350 1706 2509 1760 etiam
2537 1706 2627 1775 qui
2654 1704 2882 1760 donatur
2910 1704 3013 1760 dici
3040 1705 3241 1775 possit?
3268 1705 3362 1757 Hic
3393 1714 3566 1758 autem

1993 1809 2183 1851 sensus
2209 1804 2291 1851 est
2315 1798 2546 1866 optimus
2574 1796 2627 1852 in
2655 1812 2719 1851 eo
2743 1796 2882 1868 quod
2910 1797 3105 1851 dictum
3133 1808 3238 1862 est,
3262 1793 3427 1849 Gratis
3457 1811 3572 1848 ven-

1994 1886 2086 1941 dili
2114 1887 2262 1953 estis;
2287 1896 2359 1955 et,
2394 1887 2673 1943 Vendidiin
2699 1889 2939 1957 populum
2962 1898 3098 1941 tuum
3115 1889 3222 1941 sine
3238 1888 3392 1957 pretio
3414 1903 3430 1941 :
3451 1890 3569 1956 quia

1994 1976 2067 2031 illi
2082 1978 2272 2047 quibus
2288 1978 2543 2032 tradidisti
2564 1980 2836 2047 populum,
2856 1980 3002 2047 impii
3028 1979 3257 2043 fuerunt,
3282 1994 3385 2031 non
3408 1978 3567 2032 Deum

1993 2067 2217 2121 colendo
2244 2067 2376 2121 tradi
2405 2067 2502 2121 sibi
2534 2068 2677 2121 illtnn
2717 2068 2966 2138 populum
2996 2074 3323 2132 meruerunt,
3367 2076 3423 2121 ut
3461 2068 3571 2134 ipse

1992 2158 2167 2215 cultus
2193 2168 2438 2229 tanquam
2469 2160 2696 2229 pretium
2724 2158 3008 2213 videretur.
3039 2158 3189 2226 Quod
3226 2172 3351 2212 vero
3373 2158 3568 2212 dictum

1992 2256 2095 2313 est,
2134 2248 2312 2321 Neque
2348 2266 2462 2304 cum
2491 2260 2700 2321 argento
2736 2250 3081 2316 redintemini;
3122 2264 3226 2304 non
3257 2251 3348 2313 ait,
3390 2249 3571 2319 Neque

1991 2358 2111 2399 cum
2141 2343 2332 2413 pretio,
2360 2343 2476 2411 sed,
2514 2341 2694 2415 Neque
2719 2359 2834 2398 cum
2861 2352 3102 2414 argento;
3132 2351 3189 2397 ut
3231 2343 3454 2413 pretium
3484 2357 3570 2398 re-

1991 2434 2313 2506 demptionis
2340 2436 2713 2507 intelligamus,
2740 2436 2894 2507 quale
2915 2435 3045 2491 dicit
3069 2434 3338 2505 apostolus
3361 2435 3567 2498 Petrus,

1993 2525 2117 2583 Non
2159 2529 2289 2582 enim
2333 2536 2539 2599 argento
2568 2536 2615 2581 et
2651 2542 2775 2581 auro
2813 2526 3057 2598 redempti
3082 2528 3218 2591 estis,
3246 2525 3335 2580 sed
3358 2526 3569 2595 pretioso

1990 2620 2234 2692 sanguine
2260 2619 2394 2691 Agni
2429 2619 2740 2673 immaculati
2767 2619 2825 2691 (Ι
2860 2617 2998 2673 Petr.
3039 2634 3077 2684 ι,
3122 2618 3209 2685 18,
3257 2617 3367 2688 19).
3401 2617 3454 2671 In
3486 2631 3571 2671 ar-

1990 2721 2150 2784 gento
2178 2713 2318 2768 enim
2352 2711 2615 2782 Propheta
2654 2727 2865 2766 omnem
2916 2711 3192 2781 pecuniam
3236 2708 3567 2779 signiﬁcavit,

1992 2807 2080 2862 ubi
2107 2807 2199 2872 ait,
2230 2804 2352 2859 Non
2375 2821 2491 2859 cum
2519 2814 2726 2874 argento
2751 2803 3094 2868 redimemini;
3123 2803 3371 2872 quoniam
3402 2802 3570 2870 pretio

1991 2895 2201 2967 quidem
2228 2894 2502 2963 sanguinis
2529 2894 2752 2963 Christi,
2781 2908 2885 2949 non
2929 2902 3102 2948 tamen
3128 2892 3299 2964 pretio
3320 2892 3569 2963 pecunia-

1989 2987 2070 3041 rio
2096 2986 2304 3039 fuerant
2326 2983 2641 3040 redimendi.

2061 3078 2119 3131 In
2147 3092 2213 3132 eo
2241 3075 2383 3146 quod
2416 3074 2668 3130 Dominus
2692 3072 2840 3139 dicit,
2864 3071 2932 3127 Et
2951 3088 3041 3145 ego
3060 3089 3163 3128 non
3186 3089 3438 3143 apponam
3469 3089 3566 3127 au-

1989 3173 2123 3240 ferre
2144 3170 2306 3223 virum
2329 3186 2360 3222 a
2386 3168 2516 3240 {acie
2535 3168 2761 3238 ipsorum
2788 3167 2851 3221 de
2873 3166 3097 3237 gentibus
3112 3183 3239 3237 quas
3260 3167 3561 3237 reliquitJe—

1988 3276 2075 3315 sus
2096 3261 2232 3330 ﬁlius
2259 3258 2422 3325 Nave,
2454 3270 2503 3314 et
2526 3260 2715 3314 dimisit
2739 3258 2806 3313 ad
2826 3259 3118 3315 tentandum
3138 3259 3189 3314 in
3215 3260 3284 3314 eis
3308 3258 3492 3325 Israel,
3526 3262 3569 3314 si

1989 3350 2319 3405 observabant
2364 3352 2495 3404 uiam
2536 3349 2739 3404 Domini
2764 3350 2901 3404 abire
2921 3350 2976 3405 in
3002 3366 3059 3404 ea
3081 3350 3120 3417 ί,
3152 3348 3568 3421 quemadmodum

1987 3442 2330 3497 custodierunt
2358 3451 2524 3514 patres
2549 3458 2742 3508 eorum,
2774 3458 2840 3495 an
2866 3457 2967 3495 non
2990 3457 3009 3496 :
3030 3452 3077 3496 et
3102 3441 3289 3495 dimisit
3317 3441 3567 3498 Dominus

1986 3542 2157 3606 gentes
2202 3533 2313 3599 Itas,
2354 3540 2408 3587 ut
2448 3549 2549 3588 non
2595 3532 2815 3603 auferret
2842 3532 2957 3587 illas
2987 3541 3135 3597 tunc;
3163 3541 3209 3587 et
3236 3549 3335 3587 non
3362 3534 3568 3588 tradidit

1985 3623 2105 3679 illas
2129 3624 2182 3679 in
2210 3639 2363 3678 manu
2393 3622 2540 3690 Iesu,
2572 3623 2702 3678 satis
2740 3622 3036 3678 ostenditur
3060 3637 3239 3691 causa,
3267 3638 3430 3693 quare
3460 3639 3565 3680 non

1986 3716 2142 3773 Iesus
2166 3732 2352 3772 omnes
2377 3717 2492 3771 illas
2520 3723 2706 3787 gentes
2730 3714 2975 3770 bellando
3001 3715 3285 3782 deleverit;
3314 3715 3435 3787 quia
3468 3716 3568 3773 hoc

1988 3809 2033 3865 si
2061 3809 2234 3873 fleret,
2262 3824 2366 3864 non
2396 3816 2576 3864 essent
2600 3809 2651 3862 in
2678 3807 2869 3877 quibus
2892 3808 2979 3861 isti
3005 3806 3377 3876 probarentur.
3411 3807 3566 3863 Pote-

1987 3908 2109 3957 rant
2136 3909 2312 3957 autem
2357 3915 2475 3956 esse
2513 3898 2579 3955 ad
2623 3896 2901 3955 utilitatem
2932 3899 3186 3968 ipsorum,
3220 3900 3263 3954 si
3295 3899 3481 3955 tentati
3512 3901 3566 3955 in

1987 3994 2087 4060 eis,
2118 4008 2224 4048 non
2246 3989 2866 4062 reprobiinvenirentur;
2896 3990 3079 4060 eisque
3106 3986 3294 4045 talibus
3315 3991 3561 4059 inventis,

1986 4088 2173 4158 quales
2196 4100 2290 4142 eos
2314 4099 2434 4142 esse
2459 4084 2653 4139 debere
2678 4092 2999 4154 praeceperat
3026 4082 3301 4143 Dominus.
3316 4083 3424 4153 jam
3440 4099 3566 4154 gen-

1988 4189 2067 4235 tes
2097 4179 2198 4235 illa:
2226 4176 2561 4233 auferrentur
2584 4190 2614 4231 a
2639 4176 2771 4231 facie
2800 4190 3006 4241 eorum,
3029 4174 3071 4229 si
3101 4175 3171 4229 ita
3191 4175 3445 4239 viverent,
3466 4190 3565 4229 nec

1984 4270 2138 4327 bellis
2167 4284 2260 4325 eos
2286 4268 2524 4326 exerceri
2556 4275 2849 4337 oporteret.
2882 4266 3052 4321 Verba
3071 4264 3211 4321 enim
3232 4264 3437 4319 Domini
3458 4265 3562 4321 huc

1984 4375 2151 4432 usque
2179 4359 2485 4429 accipienda
2515 4366 2637 4413 sunt
2658 4375 2672 4412 :
2697 4355 2914 4426 Propter
2960 4356 3096 4426 quod
3137 4363 3275 4409 tanta
3303 4355 3563 4423 dereliquit

1983 4469 2103 4526 gens
2132 4452 2237 4508 haec
2267 4458 2613 4507 testamentum
2650 4465 2836 4515 meum,
2882 4448 3018 4516 quod
3059 4447 3295 4501 mandavi
3337 4448 3564 4519 patribus

1982 4560 2175 4611 eorum,
2204 4553 2250 4598 et
2276 4558 2373 4597 non
2394 4541 2682 4596 obedierunt
2705 4539 2813 4594 voci
2830 4555 2954 4593 mete
2970 4554 2990 4593 :
3009 4547 3056 4593 et
3075 4555 3164 4611 ego
3186 4556 3285 4594 non
3311 4556 3564 4611 apponam

1984 4638 2185 4708 auferre
2207 4635 2368 4688 virum
2392 4649 2423 4687 a
2451 4632 2582 4703 facie
2605 4632 2851 4700 ipsorum,
2872 4630 2921 4685 id
2943 4637 3023 4686 est
3046 4630 3424 4687 adversarium.
3442 4633 3561 4689 Cte-

1982 4736 2097 4782 tera
2125 4740 2253 4781 vero
2272 4724 2431 4780 verba
2458 4723 2733 4793 scriptoris
2756 4729 2899 4789 sunt,
2921 4725 3233 4792 exponentis
3260 4724 3397 4779 unde
3413 4724 3561 4780 dixe-

1980 4826 2065 4874 rat
2085 4817 2339 4872 Dominus
2361 4832 2464 4871 non
2492 4831 2551 4871 se
2576 4815 2872 4871 ablaturum
2896 4815 3065 4869 virum
3082 4814 3148 4870 de
3170 4818 3414 4887 gentibus
3431 4834 3560 4887 quas

1980 4907 2192 4978 reliquit
2220 4906 2373 4962 Iesus
2391 4906 2524 4961 illius
2542 4906 2704 4961 Nave.
2726 4905 2925 4969 Deinde
2942 4906 3266 4976 subjungens
3284 4922 3384 4976 qua
3401 4923 3557 4962 causa

1979 4996 2339 5069 dereliquerit,
2385 4997 2454 5053 Et
2496 4998 2703 5062 dimisit,
2736 4998 2923 5070 inquit,
2963 4999 3030 5052 ad
3057 4999 3345 5053 tentandum
3373 4999 3555 5064 Israel,

1980 5090 2021 5143 si
2046 5090 2298 5144 observent
2322 5089 2452 5144 uiam
2480 5084 2682 5143 Domini
2707 5089 2844 5144 abire
2862 5091 2913 5143 in
2932 5107 3012 5157 ea,
3036 5090 3453 5161 quemadmodum
3474 5109 3558 5144 cu-

1979 5181 2257 5236 stodierunt
2284 5189 2447 5251 patres
2470 5196 2663 5249 eorum,
2688 5199 2753 5236 an
2770 5199 2904 5248 non;
2926 5197 3020 5237 eos
3036 5183 3220 5237 volens
3240 5183 3456 5252 intelligi
3480 5200 3559 5251 pa-

1981 5278 2088 5327 tres
2112 5271 2409 5327 custodisse
2429 5272 2567 5325 viam
2599 5272 2827 5339 Domini,
2854 5273 2943 5343 qui
2966 5271 3174 5327 fuerunt
3198 5286 3316 5325 cum
3342 5271 3487 5340 Iesu,
3506 5273 3557 5327 id

1978 5373 2063 5419 est
2087 5379 2152 5419 eo
2180 5374 2417 5432 tempore
2445 5378 2552 5433 quo
2578 5363 2667 5418 ille
2693 5362 2921 5417 vivebat.
2942 5362 3347 5417 Generationem
3366 5365 3557 5435 quippe

1977 5458 2197 5515 alteram
2228 5457 2471 5527 superius
2498 5457 2679 5513 retulit
2694 5456 2989 5511 surrexisse
3008 5466 3123 5527 post
3143 5456 3280 5524 illos,
3299 5463 3387 5528 qui
3412 5458 3557 5513 vixe-

1976 5558 2102 5604 runt
2128 5564 2248 5605 cum
2274 5549 2421 5612 Iesu,
2463 5556 2519 5604 et
2560 5550 2629 5602 ab
2672 5548 2802 5618 ipsis
2843 5548 3071 5617 coepisse
3112 5550 3557 5618 transgressiones

1976 5657 2095 5713 quae
2124 5640 2461 5697 offenderunt
2478 5640 2799 5705 Dominum;
2832 5655 2930 5710 pro
2957 5640 3145 5709 quibus
3184 5640 3469 5708 tentandis,
3505 5643 3557 5698 id

2039 5754 2218 5824 ‘_Editi,
2242 5752 2293 5824 in
2322 5751 2739 5824 eartt_§_pauloqu_e
2763 5760 2887 5815 post,
2913 5753 2965 5805 in
2990 5764 3162 5807 manus
3190 5760 3307 5806 Jesu
3344 5767 3363 5806 :
3382 5756 3559 5824 quibus

1975 5813 2096 5867 latas
2115 5818 2365 5880 sequimur
2387 5813 2513 5877 LXX,
2537 5813 2776 5865 cum'las;
