4136 6454
603 364 712 426 799

602 493 691 543 est
713 481 1020 557 probsndis,
1048 479 1251 539 relictae
1277 478 1487 536 fuerant
1524 483 1732 549 gentes,
1779 488 1882 531 nec
1927 471 2183 541 extermi-

603 585 745 635 nata:
770 590 867 646 per
893 574 1094 630 Iesum.

676 667 879 724 Deinde
899 682 966 723 ne
992 672 1266 736 putaretur
1280 663 1382 718 hoc
1394 660 1550 718 Iesus
1564 658 1788 717 consilio
1811 671 1910 714 suo
1937 666 2186 743 tanquam

607 759 844 818 humano
860 759 1054 829 egisse,
1077 765 1134 812 ut
1152 764 1340 826 gentes
1362 754 1468 809 illa:
1491 753 1938 824 relinquerentur,
1966 748 2186 819 subjun-

605 858 681 927 git
708 853 1012 923 Scriptum:
1045 850 1110 905 Et
1135 850 1324 905 dimisit
1361 847 1608 902 Dominus
1642 854 1809 919 gentes
1845 845 1957 912 has,
1999 852 2056 898 ut
2083 858 2188 911 non

606 946 825 1015 auferret
847 943 965 999 illas
984 942 1240 1006 celeriter;
1264 949 1312 995 et
1330 957 1430 995 non
1456 938 1664 994 tradidit
1686 954 1770 993 eas
1787 937 1841 992 in
1860 952 2014 990 manu
2037 934 2184 989 Iesu.

605 1034 806 1091 Deinde
830 1034 1098 1104 sequitur:
1128 1031 1198 1086 Et
1225 1033 1306 1086 ha:
1323 1039 1492 1102 gentes
1519 1046 1644 1101 quas
1668 1027 1868 1098 reliquit
1888 1025 2038 1080 Iesus
2054 1025 2095 1090 ³,
2131 1032 2186 1078 ut

607 1133 817 1181 tentaret
844 1124 895 1178 in
922 1123 994 1178 eis
1018 1122 1203 1188 Israel,
1238 1137 1408 1177 omnes
1435 1122 1519 1192 qui
1552 1119 1833 1174 nescierunt
1856 1117 2025 1172 omnia
2055 1115 2186 1172 bella

605 1216 850 1269 Chanaan
873 1232 888 1270 :
915 1230 1103 1279 verum,
1136 1222 1341 1284 propter
1377 1212 1720 1284 generationes
1747 1209 1973 1279 ﬁliorum.
1995 1206 2182 1273 Israel,

605 1304 784 1360 docere
807 1304 925 1360 illos
953 1304 1156 1360 bellum.
1180 1305 1305 1359 Erat
1329 1318 1456 1374 ergo
1485 1302 1585 1358 ista
1603 1315 1763 1357 causa
1788 1300 1841 1355 in
1863 1314 2048 1355 eorum
2072 1308 2187 1354 ten-

608 1397 827 1461 tatione,
855 1405 914 1452 ut
951 1398 1153 1453 bellare
1179 1396 1475 1460 discerent;
1507 1394 1559 1449 id
1588 1403 1690 1461 est,
1731 1401 1790 1448 ut
1816 1401 1959 1448 tanta
1992 1392 2188 1463 pietate

607 1493 662 1540 et
684 1485 983 1540 obedientla
1012 1486 1146 1557 legis
1166 1485 1260 1540 Dei
1282 1483 1563 1551 bellarent,
1585 1490 1782 1553 quanta
1803 1490 1983 1553 patres
1999 1496 2187 1537 eorum

605 1575 696 1645 qui
719 1575 942 1630 Domino
966 1576 1075 1631 Deo
1102 1575 1263 1631 etiam
1286 1572 1531 1630 bellando
1554 1573 1900 1645 placuerunt:
1930 1587 2035 1628 non
2064 1572 2187 1642 quia

605 1665 841 1735 optabile
868 1666 1068 1738 aliquid
1095 1666 1415 1732 estbellum,
1447 1665 1543 1722 sed
1570 1666 1693 1738 quia
1722 1665 1890 1735 pietas
1909 1664 2188 1720 laudabilis

605 1757 757 1813 estin
775 1757 935 1814 bello.
963 1758 1115 1827 Quod
1137 1767 1315 1814 autem
1338 1757 1597 1828 sequitur,
1630 1755 1812 1811 Verum
1832 1756 1918 1826 qui
1938 1764 2055 1810 ante
2071 1753 2189 1811 illos

604 1851 888 1906 nescierunt
926 1852 1077 1917 illas;
1100 1851 1247 1923 quid,
1284 1851 1385 1905 nisi
1410 1857 1597 1920 gentes
1633 1848 1747 1903 vult
1787 1846 2030 1918 intelligi,
2055 1861 2189 1918 quas

605 1944 910 2000 nescierunt
936 1942 1183 1999 bellando
1222 1942 1313 2014 qui
1353 1942 1567 1998 luerunt
1592 1948 1718 1996 ante
1756 1941 1916 2005 istos;
1962 1954 2188 2010 quorum

608 2036 905 2102 tentationi,
949 2034 1053 2091 hoc
1097 2043 1180 2090 est
1222 2033 1518 2104 probationi
1558 2032 1756 2088 relictae
1785 2030 1946 2085 sunt?
1989 2025 2188 2086 Deinde

606 2140 1033 2183 commemorans
1072 2139 1191 2195 quae
1233 2124 1361 2189 sint,
1410 2122 1660 2193 Quinque,
1699 2120 1890 2192 inquit,
1937 2121 2189 2191 satrapias

609 2216 1040 2286 alienigenarum;
1069 2230 1199 2286 quas
1238 2214 1290 2269 in
1337 2213 1486 2269 libris
1526 2212 1832 2283 Regnorum
1855 2210 2189 2268 manifestius

608 2307 859 2377 exprimit
881 2305 925 2381 (1
953 2305 1083 2379 Reg.
1102 2321 1178 2372 γι,
1206 2306 1261 2372 5,
1294 2304 1406 2377 16).
1448 2303 1706 2374 Satrapiae
1729 2311 1907 2359 autem
1938 2303 2189 2361 dicuntur

607 2397 759 2469 quasi
785 2413 945 2469 parva
988 2413 1172 2469 regna,
1213 2395 1403 2468 quibus
1432 2396 1693 2465 satrapae”
1722 2403 2019 2465 praeerant:
2046 2394 2188 2466 quod

606 2504 804 2546 nomen
827 2491 879 2546 in
899 2491 1005 2547 illis
1025 2491 1262 2561 partibus
1283 2490 1556 2560 cujusdam
1574 2489 1795 2545 honoris
1812 2498 1915 2557 est,
1936 2490 2050 2545 sive
2069 2490 2185 2546 fuit.

604 2577 676 2634 Et
696 2597 913 2648 omnem,
932 2582 1122 2652 inquit,
1148 2579 1509 2648 Chanameum,
1534 2589 1581 2635 et
1603 2580 1894 2648 Sidonium,
1918 2589 1965 2636 et
1979 2578 2190 2637 Euoeum

606 2674 971 2730 inhabitantem
997 2675 1266 2744 Libanum,
1293 2684 1412 2730 ante
1436 2684 1654 2730 montem
1689 2673 1918 2730 Hermon
1944 2691 2099 2743 usque
2120 2675 2189 2729 ad

603 2763 908 2821 Caboematlt
928 2766 950 2798 ³
969 2784 983 2822 :
1002 2776 1049 2822 et
1064 2770 1256 2838 factum
1277 2776 1370 2833 est,
1392 2775 1447 2820 ut
1473 2774 1745 2821 tentaretur
1768 2765 1823 2820 in
1846 2766 1970 2836 ipsis
1989 2764 2188 2833 Israel;

607 2864 861 2928 tanquam
880 2857 1100 2922 diceret,
1122 2857 1235 2913 Hoc
1260 2865 1437 2912 autem
1462 2856 1655 2913 factum
1685 2863 1788 2923 est,
1812 2864 1871 2911 ut
1893 2864 2189 2912 tentaretur

604 2945 659 3001 in
690 2947 819 3017 ipsis
841 2946 1000 3003 Israel
1024 2965 1037 3001 :
1064 2948 1192 3002 scire
1223 2948 1268 3002 si
1293 2948 1500 3002 audient
1528 2947 1768 3002 mandata
1804 2945 2050 3014 Domini,-
2077 2963 2185 3003 non

602 3045 662 3093 ut
683 3039 846 3094 sciret
870 3038 1011 3093 Deus
1029 3037 1265 3093 omnium
1281 3038 1545 3108 cognitor,
1565 3036 1725 3092 etiam
1750 3036 2072 3105 futurorum,
2089 3037 2185 3092 sed

602 3136 664 3183 ut
682 3127 881 3183 scirent
905 3128 1027 3199 ipsi,
1057 3136 1112 3183 et
1139 3142 1233 3183 sua
1259 3127 1582 3184 conscientia
1607 3127 1690 3183 vel
1708 3125 2083 3198 gloriarentur,
2101 3129 2186 3184 vel

600 3217 1040 3275 convincerentur
1068 3227 1245 3274 utrum
1271 3217 1519 3273 audirent
1542 3217 1791 3273 mandata
1818 3216 2051 3287 Domini,
2074 3234 2189 3291 quae

599 3308 856 3363 ntandauit
881 3310 1106 3383 patribus
1130 3325 1301 3364 eorum
1320 3310 1374 3363 in
1403 3325 1557 3363 manu
1578 3308 1764 3380 Moysi.
1783 3307 2042 3375 Quoniam
2059 3324 2186 3381 ergo

598 3398 925 3457 manifestati
962 3401 1064 3457 sibi
1075 3411 1210 3479 sunt
1242 3416 1351 3456 non
1374 3415 1432 3457 se
1456 3399 1701 3457 obedisse
1725 3400 1854 3469 Deo,
1885 3401 1939 3455 in
1959 3400 2025 3455 iis
2050 3416 2183 3471 gen-

599 3490 745 3546 tibus
770 3506 889 3562 quze
916 3491 984 3548 ad
1018 3506 1205 3548 eorum
1252 3491 1617 3558 tentationem,
1648 3490 1702 3547 id
1727 3498 1811 3547 est
1835 3491 2184 3573 exercitatio-

598 3594 724 3637 nem
750 3590 911 3652 atque
929 3582 1318 3652 probationem,
1345 3582 1555 3638 fuerant
1578 3581 1875 3648 derelictae;
1902 3590 2183 3654 prepterea

597 3671 733 3728 dixit
761 3672 902 3729 Deus
925 3672 1010 3729 vel
1039 3673 1128 3728 illa
1159 3675 1210 3728 in
1241 3673 1433 3745 quibus
1459 3680 1642 3743 aperte
1667 3672 1862 3728 missus
1890 3674 2109 3745 angelus
2129 3682 2185 3729 et

597 3778 851 3835 expresse
877 3765 1084 3822 locutus
1110 3774 1194 3822 est
1206 3765 1250 3835 ⁸,
1280 3766 1365 3822 vel
1387 3767 1545 3837 paulo
1564 3774 1708 3834 ante,
1731 3766 1819 3822 ubi
1845 3768 1938 3833 ait,
1968 3767 2184 3838 Propter

594 3853 732 3926 quod
757 3864 898 3909 tanta
924 3855 1187 3924 dereliquit
1210 3872 1331 3928 gens
1357 3857 1463 3911 hate
1484 3866 1831 3912 testamentum
1846 3875 2030 3927 meum,
2047 3858 2184 3930 quod

596 3948 834 4003 mandaui
879 3947 1105 4018 patribus
1142 3964 1336 4016 eorum,
1366 3958 1414 4003 et
1446 3965 1549 4003 non
1573 3948 1863 4005 obedierunt
1889 3951 1998 4006 uoci
2022 3964 2183 4021 uteie;

595 4044 644 4092 et
667 4054 758 4109 ego
781 4054 880 4092 non
901 4054 1155 4110 apponam
1174 4040 1377 4109 auferre
1393 4039 1557 4094 virum
1579 4056 1612 4093 a
1635 4039 1766 4109 facie
1791 4040 2036 4110 ipsorum.

598 4152 609 4182 ι
667 4128 877 4184 Dictum
908 4138 991 4186 est
1017 4138 1196 4186 autem
1223 4130 1277 4185 in
1296 4124 1719 4186 'Deuteronomio
1738 4145 1802 4186 ex
1823 4145 2050 4201 persona
2082 4132 2181 4189 Dei

591 4218 859 4291 loquentis
896 4220 963 4278 de
1002 4221 1118 4277 istis
1160 4222 1406 4293 gentibus
1444 4221 1794 4279 adversariis:
1821 4220 1944 4278 Non
1978 4223 2181 4291 eiiciam

590 4310 709 4367 illos
732 4313 786 4367 in
808 4329 942 4367 anno
968 4329 1091 4382 uno,
1118 4329 1183 4368 ne
1200 4313 1291 4382 ﬁat
1321 4322 1454 4368 terra
1481 4313 1694 4381 deserta,
1724 4322 1771 4367 et
1789 4313 2181 4386 multiplicemur

590 4404 646 4460 in
671 4415 719 4460 te
738 4405 905 4460 bestia:
931 4408 1080 4477 ferte:
1109 4405 1357 4476 paulatim
1376 4405 1575 4476 ejiciam
1592 4404 1729 4471 illos,
1752 4406 1910 4460 donec
1928 4406 2178 4477 multipli-

588 4499 790 4565 cemini,
816 4507 862 4552 et
881 4498 1115 4568 crescetis
1134 4507 1179 4553 et
1201 4498 1502 4554 bwreditetis
1513 4506 1697 4552 terram
1710 4495 1901 4571 (Exod.
1919 4512 2071 4565 χχιιι,
2083 4497 2175 4566 29,

590 4587 706 4660 50).
739 4589 954 4645 Poterat
979 4588 1116 4644 hanc
1142 4588 1551 4660 promissionem
1576 4603 1727 4644 suam
1750 4602 1966 4644 servare
1994 4588 2178 4644 Domi-

590 4695 691 4734 nus
712 4695 836 4751 erga
861 4679 1195 4748 obedientes,
1219 4689 1277 4736 ut
1300 4680 1678 4736 exterminatio
1692 4680 1927 4751 gentium
1942 4680 2178 4746 illarum,

589 4771 955 4827 crescentibus
980 4772 1233 4829 lsraelitis
1249 4772 1487 4844 partibus
1506 4774 1678 4841 fieret,
1697 4788 1818 4828 cum
1836 4788 2019 4829 eorum
2038 4772 2176 4847 mul-

590 4860 758 4917 titudo
788 4869 959 4918 terras
992 4862 1132 4919 unde
1169 4861 1459 4918 adversarii
1489 4863 1971 4919 exterminarentur
1994 4863 2179 4919 deser-

589 4960 669 5005 tas
694 4967 812 5008 esse
834 4968 941 5008 non
966 4953 1183 5010 sineret.
1217 4953 1369 5024 Quod
1390 4962 1568 5010 autem
1584 4955 1677 5018 ait,
1700 4969 1764 5010 ne
1781 4954 2177 5023 multiplicemur

586 5043 640 5095 in
662 5050 710 5096 te
732 5042 900 5098 bestia:
917 5045 1063 5110 ferte,
1091 5045 1282 5100 mirum
1306 5045 1350 5101 si
1372 5059 1479 5101 non
1504 5043 1757 5100 bestiales
1782 5043 2175 5114 quodammodo

588 5133 904 5203 cupiditates
933 5144 987 5191 et
1013 5134 1258 5192 libidines
1289 5137 1510 5208 intelligi
1538 5136 1723 5201 voluit,
1748 5152 1868 5208 quae
1906 5137 2082 5192 solent
2106 5136 2175 5192 de

586 5226 868 5294 repentino
893 5242 1143 5283 successu
1171 5237 1397 5287 terrenae
1421 5228 1686 5284 felicitatis
1715 5227 1965 5285 existere.
1993 5226 2176 5297 Neque

649 5408 661 5435 ³
694 5406 838 5476 min,
866 5406 1056 5476 reliquit
1096 5408 1346 5476 ιπιιιιὶιιιιδἶ
1370 5416 1423 5457 At
1454 5408 1679 5476 plerique
1708 5404 2181 5476 _et‘m_elior_is_notae.

582 5473 709 5532 uss,
722 5467 914 5532 reliquit
928 5467 1068 5532 .Iésus
1085 5482 1101 5520 :
1120 5471 1186 5520 uti
1205 5476 1315 5518 LXX
1332 5470 1380 5532 in
1398 5467 1719 5532 (:oinpluiensi
1738 5469 1952 5520 editione
1966 5469 2172 5531 trahent;

579 5529 754 5592 sicque
775 5529 1125 5593 Tbeodoretus,
1151 5540 1325 5596 quaest.
1351 5531 1382 5579 8
1404 5532 1454 5581 in
1476 5529 1684 5581 Iudices.

646 5592 668 5622 ²
691 5599 819 5644 uss.
845 5599 1077 5644 satrapes.

645 5652 668 5686 ³
689 5607 1249 5721 ὖεεδῗαίῗηέδςῖιίοιιεε,
1272 5664 1355 5708 aut
1370 5659 1584 5721 montem
1604 5663 1812 5721 Hemion
1833 5667 1981 5721 usque
2000 5657 2066 5707 ad
2088 5665 2177 5707 ca-

584 5711 772 5784 bemath
801 5730 827 5784 :_
844 5725 1023 5784 przeter
1044 5727 1154 5770 Lov.
1177 5711 1289 5784 quae
1308 5719 1475 5784 habet,
1498 5717 1770 5784 cabemeth.

579 5778 668 5892 αδ
688 5778 940 5891 Ssquimur
974 5780 1053 5833 hic
1074 5789 1148 5836 Er.
1173 5778 1284 5835 tIov.
1317 5789 1366 5833 Β.
1391 5781 1591 5843 habent,
1625 5785 1673 5833 et
1694 5778 1878 5834 locum
1919 5792 2179 5848 εωρνεεεω

1386 355 1853 430 consuetum
1888 354 1948 413 ε.
1989 349 2357 413 AUGUSTINI
2389 348 2461 408 IN
2498 333 3056 423 narrarsucuuu

2293 467 2436 525 enim
2475 458 2617 539 Deus
2655 465 2896 525 homines
2923 469 3279 528 exterminare
3316 479 3545 543 poterat,
3584 480 3642 530 et
3674 470 3874 534 bestias

2152 612 2169 636 Α
2272 574 2399 634 _non
2428 568 2663 630 poterat,
2696 560 2781 616 vel
2823 560 3066 631 perdere,
3095 561 3182 618 vel
3221 564 3365 636 pasci
3392 567 3570 636 potius
3596 580 3705 622 non
3740 580 3875 636 per-

2293 654 2526 709 mittere.

2293 764 2299 780 =
2363 744 2548 801 XVIII.
2571 743 2688 818 ‘[Ib.
2706 760 2797 812 ιιι,
2829 744 2908 819 9.]
2933 744 3002 801 Et
3036 747 3266 802 excitavit
3294 746 3541 805 Dominus
3572 750 3876 806 salvatorem

2292 834 2478 915 Israel,
2511 826 2801 912 etéglvavit
2824 852 2925 891 eos.
2956 836 3157 893 Deinde
3187 837 3332 893 velut
3358 849 3691 910 quaareretur
3707 857 3876 912 quem

2291 927 2628 995 salvatorem,
2664 927 2950 1002 Cothoniel,
2974 929 3160 1000 inquit,
3184 931 3349 1000 ﬁlium
3385 930 3564 988 Cenes.
3598 934 3877 990 Accusati-

2292 1033 2417 1073 vum
2443 1019 2585 1074 enim
2607 1033 2787 1074 casum
2810 1018 2898 1075 hic
2925 1019 3181 1076 debemus
3205 1022 3476 1093 accipere,
3514 1032 3764 1096 tanquam
3793 1026 3878 1081 di-

2291 1103 2439 1165 ceret
2478 1109 2870 1175 Gothonielem.
2916 1110 3318 1175 Advertendum
3362 1123 3445 1169 est
3497 1124 3676 1170 autem
3726 1116 3875 1186 quod

2291 1198 2610 1255 salvatorem
2658 1200 2800 1255 dicat
2850 1203 3009 1257 etiam
3052 1201 3358 1271 hominem,
3411 1220 3510 1275 per
3544 1221 3700 1278 quem
3732 1207 3878 1262 Deus

2291 1290 2467 1346 salvos
2503 1290 2680 1347 faciat.
2722 1292 2855 1348 Nam
2888 1293 3227 1349 clamauerunt
3251 1294 3349 1364 ﬁlii
3390 1293 3558 1350 Israel
3587 1298 3656 1351 ad
3685 1295 3875 1352 Domi-

2292 1400 2416 1439 num
2432 1400 2458 1449 _:
2475 1394 2524 1440 et
2547 1386 2777 1441 excitavit
2796 1385 3045 1442 Dominus
3062 1388 3359 1443 salvatorem
3379 1386 3572 1453 Israel,
3598 1397 3645 1443 et
3668 1389 3879 1444 saluauit

2293 1491 2380 1531 eos
2401 1518 2417 1543 ,
2468 1475 2740 1533 Gothoniel
2780 1478 2946 1547 ﬁlium
2970 1477 3130 1535 Cenes
3147 1519 3164 1546 ,
3211 1483 3422 1551 fratrem
3447 1480 3599 1535 Caleb
3616 1480 3880 1550 juniorem

2292 1566 2453 1639 ipsius
2482 1584 2501 1623 :
2528 1578 2578 1624 et
2592 1569 2844 1625 exaudiuit
2863 1586 2965 1626 eos.
2993 1568 3136 1625 Inter
3155 1569 3245 1625 illa
3263 1580 3441 1627 autem
3460 1586 3579 1642 qua:
3599 1572 3879 1641 appellan-

2294 1665 2383 1713 tur
2403 1665 2671 1732 ὐπιρϐατὰ,
2705 1659 2808 1715 1ιοε
2833 1676 3002 1730 genus
3027 1676 3207 1716 rarum
3231 1671 3333 1728 εει,
3360 1662 3611 1732 quoniam
3634 1660 3799 1718 habet
3823 1671 3881 1718 et
3936 1661 3948 1670 ’

2294 1750 2425 1807 illud
2458 1752 2600 1823 quod
2643 1752 2814 1808 Grmci
2849 1762 3042 1809 vocant
3074 1758 3423 1825 ὗστιρολογίαν.
3453 1753 3606 1823 Quod
3634 1754 3779 1810 enim
3805 1755 3881 1810 ait

2295 1850 2481 1911 postea
2500 1884 2515 1909 ,
2557 1852 2606 1898 et
2634 1844 2886 1898 exaudiuit
2914 1859 3028 1910 eos,
3058 1844 3105 1899 si
3135 1843 3281 1913 prius
3309 1854 3564 1914 ponatur,
3604 1845 3664 1900 fit
3691 1859 3878 1901 sermo

2292 1932 2535 1989 lucidior.
2563 1933 2697 1991 Nam
2721 1933 2852 1990 ordo
2881 1942 2995 2000 est,
3024 1933 3091 1988 Et
3110 1935 3453 1989 clamauerunt
3483 1934 3579 2003 ﬁlii
3602 1933 3769 1991 Israel
3805 1934 3877 1989 ad

2293 2023 2598 2095 Dominum,
2629 2035 2675 2082 et
2692 2028 2948 2083 exaudivit
2966 2043 3079 2094 eos,
3102 2036 3149 2081 et
3168 2027 3395 2081 excitavit
3419 2025 3667 2082 Dominus
3706 2028 3880 2082 salua-

2294 2122 2450 2170 torem
2468 2116 2656 2172 Israel.
2701 2117 2905 2172 Deinde
2947 2116 3088 2188 quod
3129 2116 3219 2173 hic
3258 2117 3626 2186 interpositum
3666 2127 3779 2185 est,
3832 2128 3882 2174 et

2291 2205 2500 2260 saluauit
2541 2222 2654 2272 eos,
2684 2216 2740 2263 et
2781 2215 2963 2277 postea
2989 2206 3188 2262 dictum
3208 2216 3320 2274 εει,
3347 2204 3639 2275 Gut/ionici,
3661 2216 3755 2265 aut
3774 2208 3881 2264 Go-

2294 2296 2562 2355 thonielem
2580 2298 2744 2367 ﬁlium
2771 2297 2950 2365 Cenes,
2976 2296 3022 2351 si
3050 2296 3124 2352 ita
3151 2296 3439 2363 diceretur,
3469 2298 3680 2368 planius
3701 2299 3877 2369 ﬁeret,

2292 2385 2361 2441 Et
2384 2388 2615 2442 excitavit
2635 2387 2885 2444 Dominus
2910 2388 3214 2444 salvatorem
3233 2386 3397 2452 Israel
3424 2387 3692 2446 Cothoniel
3709 2391 3880 2461 ﬁlium

2294 2473 2473 2538 Cenez.
2501 2487 2548 2532 et
2568 2478 2775 2534 saluauit
2806 2495 2909 2535 eos.

2363 2546 2505 2603 XIX.
2537 2546 2639 2622 [lb.
2664 2563 2723 2604 ιιι
2738 2591 2753 2617 ,
2779 2548 2890 2622 11.]
2920 2548 3277 2621 Quadraginta
3301 2565 3470 2608 annos
3489 2551 3755 2621 quievisse
3773 2561 3881 2607 ter-

2293 2653 2408 2695 ram
2438 2640 2804 2710 promissionis
2827 2656 2857 2695 a
2881 2640 3036 2697 bellis
3062 2642 3163 2698 sub
3190 2639 3506 2699 Gotboniele
3529 2642 3709 2713 judice
3735 2642 3881 2704 Scri-

2292 2739 2446 2802 ptura
2476 2739 2728 2787 testatur:
2758 2741 3014 2802 quantum
3040 2732 3296 2803 temporis
3316 2732 3608 2804 primordia
3640 2732 3876 2789 Romani

2292 2826 2502 2896 imperii
2536 2828 2634 2884 sub
2668 2827 2840 2883 Numa
2865 2828 3129 2900 Pompilio
3152 2830 3517 2887 tantummodo
3546 2845 3671 2902 rege
3690 2839 3880 2902 pacata

2292 2913 2494 2974 habere
2520 2926 2825 2986 potuerunt.

2363 3005 2483 3061 XX.
2512 3004 2614 3081 [1b.
2648 3024 2725 3074 ιιι,
2750 3009 2851 3076 19,
2873 3007 2991 3083 20.]
3013 3008 3188 3076 Quaeri
3209 3017 3385 3081 potest
3413 3018 3590 3066 utrum
3625 3010 3880 3086 mentitus

2292 3096 2452 3154 fuerit
2470 3099 2585 3154 Aod
2600 3100 2785 3171 judex,
2817 3101 3028 3173 quando
3048 3102 3244 3157 occidit
3272 3102 3461 3174 Eglom
3485 3117 3664 3175 regem
3689 3102 3869 3159 Moab.

2292 3189 2425 3245 Cum
2468 3193 2610 3247 enim
2646 3193 2792 3248 solus
2829 3193 2930 3249 soli
2961 3194 3303 3250 insidiaretur
3328 3204 3385 3250 ut
3401 3210 3522 3251 eum
3545 3203 3879 3266 percuteret,

2291 3278 2397 3336 hoc
2421 3280 2499 3336 illi
2537 3282 2640 3351 ait,
2684 3282 2897 3338 Verbum
2925 3287 3175 3339 occultum
3201 3286 3325 3340 mihi
3347 3278 3419 3341 est
3447 3286 3514 3339 ad
3539 3296 3619 3350 te,
3659 3302 3784 3352 rer;
3822 3294 3881 3342 ut

2290 3372 2381 3429 ille
2405 3390 2436 3429 a
2457 3389 2515 3430 se
2540 3389 2731 3431 omnes
2753 3375 2843 3446 qui
2871 3392 2994 3431 cum
3020 3377 3109 3433 illo
3135 3378 3339 3434 fuerant
3366 3386 3685 3433 removeret.
3719 3377 3878 3446 Quod

2289 3479 2410 3519 cum
2432 3463 2626 3521 factum
2652 3476 2813 3535 esset,
2842 3467 3034 3523 iterum
3060 3467 3195 3523 dixit
3218 3468 3355 3534 Aod,
3391 3467 3610 3524 Verbum
3632 3468 3732 3523 Dei
3750 3470 3879 3524 mihi

2290 3555 2358 3609 ad
2387 3564 2461 3618 te,
2488 3573 2597 3611 rex.
2628 3555 2735 3612 Sed
2764 3565 2939 3627 potest
2958 3572 3062 3612 non
3089 3573 3208 3614 esse
3232 3558 3598 3626 mendacium,
3630 3559 3879 3629 quando-

2291 3645 2503 3716 quidem
2550 3647 2697 3702 verbi
2745 3648 2960 3704 nomine
3001 3650 3138 3704 solet
3179 3650 3339 3705 etiam
3384 3651 3577 3707 factum
3603 3648 3880 3718 appellare

2290 3733 2603 3807 Scriptura;
2655 3744 2710 3793 et
2755 3753 2940 3793 revera
2985 3739 3056 3793 ita
3104 3747 3238 3795 erat.
3292 3737 3447 3808 Quod
3477 3747 3655 3794 autem
3698 3738 3874 3807 dixit,

2297 3824 2515 3882 Verbum
2537 3826 2637 3882 Dei
2658 3871 2673 3897 ,
2712 3828 3112 3901 intelligendum
3150 3838 3233 3885 est
3263 3829 3368 3885 boc
3393 3830 3468 3884 illi
3512 3830 3677 3893 Deum
3708 3837 3767 3883 ut
3794 3828 3877 3884 [ει-

2280 3913 2435 3975 ceret
2461 3912 2798 3991 praacepisse,
2828 3923 2917 3992 qui
2944 3936 3066 3976 eum
3090 3923 3286 3991 populo
3302 3935 3401 3975 suo
3414 3923 3736 3976 excitarent
3756 3922 3874 3978 sal-

2286 4016 2561 4078 vatorem,
2612 4013 2754 4067 sicut
2799 4011 2906 4067 illis
2949 4011 3276 4082 temporibus
3319 4011 3440 4066 talia
3470 4011 3585 4068 lieri
3614 4010 3878 4070 divinitus

2280 4101 2585 4173 “oportebat.
2646 4164 2657 4169 κ
2686 4118 2695 4126 “

2358 4194 2501 4250 XXI.
2548 4194 2650 4269 [lb.
2678 4212 2755 4263 ιιι,
2777 4194 2888 4269 17.]
2918 4194 3107 4252 Merito
3135 4198 3392 4268 quaeritur
3411 4196 3680 4268 quomodo
3708 4197 3879 4255 fuerit

2286 4288 2431 4342 exilis
2455 4286 2601 4344 ualde
2625 4305 2715 4345 rex
2736 4288 2949 4361 Eglom,
2985 4297 3033 4343 et
3065 4291 3399 4346 concluserint
3434 4292 3611 4363 adipes
3653 4292 3876 4361 vulnus,

2285 4380 2499 4449 quando
2526 4395 2807 4450 percussus
2832 4390 2933 4436 est.
2962 4380 3070 4438 Sed
3097 4382 3501 4455 intelligendum
3527 4394 3611 4440 est
3632 4400 3693 4441 ea
3716 4385 3875 4440 locu-

2286 4469 2430 4526 tione
2458 4469 2677 4539 dictnm,
2705 4487 2824 4543 qua:
2844 4472 2983 4528 solet
3009 4489 3040 4528 a
3061 4474 3329 4530 contrario
3359 4474 3602 4547 intelligi,
3632 4476 3769 4532 sicut
3786 4475 3871 4531 di-

2284 4560 2422 4616 citur
2447 4561 2627 4628 lucus,
2655 4562 2796 4633 quod
2823 4564 3042 4620 minime
3068 4564 3273 4632 luceat;
3321 4575 3376 4622 et
3418 4566 3691 4624 abundare
3737 4582 3865 4623 res-

2284 4653 2569 4723 pondetur,
2600 4654 2742 4725 quod
2769 4670 2874 4713 non
2900 4665 3014 4722 est;
3041 4665 3096 4712 et
3114 4655 3383 4713 benedixit
3408 4659 3541 4729 regi,
3571 4673 3668 4729 pro
3696 4659 3876 4715 male-

2282 4743 2435 4809 dixit,
2458 4746 2599 4802 sicut
2616 4746 2719 4801 seri
2727 4752 2870 4816 ptum
2889 4755 2971 4802 est
2996 4747 3047 4802 in
3072 4748 3371 4818 Regnorum
3397 4750 3532 4805 libro
3552 4750 3618 4806 de
3629 4749 3878 4807 Nabuthe

2285 4833 2373 4907 (III
2397 4833 2527 4906 Reg.
2551 4852 2663 4904 XXI,
2692 4837 2780 4903 10,
2807 4836 2922 4907 15).
2953 4838 3087 4892 Nam
3112 4840 3164 4893 in
3191 4854 3256 4894 ea
3282 4840 3718 4912 interpretatione
3747 4856 3878 4912 quas

2283 4942 2388 4982 non
2430 4925 2721 4999 secundum
2766 4926 3138 4999 Septuaginta,
3184 4928 3279 4984 sed
3305 4944 3371 4984 ex
3399 4930 3616 4986 bebraco
3634 4941 3755 4999 est,
3794 4933 3876 4988 ita

2259 5011 2612 5084 invenimus,
2636 5016 2766 5071 Erat
2787 5028 2954 5072 autem
2979 5019 3165 5090 Eglom
3190 5036 3390 5075 crassus
3410 5022 3580 5078 nimis.

2288 5096 2299 5109 ⁴
2353 5107 2518 5163 XXII.
2546 5106 2643 5180 [11).
2673 5125 2751 5175 ιιι,
2772 5108 2887 5185 ‘25.]
2906 5108 2973 5162 Et
2997 5112 3117 5165 exiit
3143 5108 3255 5165 Aod
3277 5114 3415 5183 foras
3439 5115 3456 5144 ¹
3484 5126 3530 5169 et
3553 5116 3750 5172 transiit
3771 5118 3849 5172 al:

2281 5212 2550 5264 servantes,
2577 5208 2625 5254 et
2646 5200 2827 5257 clausit
2844 5203 3038 5271 januas
3062 5203 3242 5257 domus
3263 5206 3535 5276 superioris
3562 5225 3714 5278 super
3733 5208 3851 5257 ’1’",

2283 5304 2329 5346 et
2376 5294 2663 5347 com'ctnuit.
2716 5292 2827 5348 Hoc
2876 5293 3273 5363 recapitulando
3323 5294 3525 5352 dictum
3564 5311 3646 5354 est
3706 5282 3854 5353 (ιυοά

2282 5384 2456 5441 fuerat
2483 5386 2921 5457 praetermissum.
2969 5385 3101 5442 Nam
3143 5388 3287 5457 prius
3330 5388 3428 5443 hoc
3459 5390 3630 5445 fecisse
3657 5374 3854 5432 intelli-

2282 5466 2638 5548 gendum'est,
2668 5488 2722 5534 et
2750 5478 2827 5534 sic
2854 5479 2919 5533 de
2950 5479 3193 5550 superius
3218 5477 3568 5541 descendisse,
3596 5480 3650 5527 et
3681 5478 3860 5523 trans-

2285 5570 2408 5624 iISse
2434 5569 2800 5625 observantes.

2353 5660 2543 5718 XXIII.
2589 5659 2689 5736 [Ib.
2718 5677 2810 5729 ιιι,
2844 5659 2960 5736 25.]
2997 5661 3273 5733 Quomodo
3317 5657 3459 5733 pueri
3497 5652 3641 5726 regis
3670 5648 3865 5722 Eglem

2349 5779 2366 5811 ι
2392 5783 2511 5842 Mss._
2525 5775 2710 5842 plures,
2733 5778 2832 5830 Λυσι
2860 5776 3011 5842 foras.
3038 5775 3255 5831 Nonnulli
3277 5783 3433 5832 tamen
3460 5781 3571 5826 eum
3604 5765 3750 5823 editis
3775 5762 3867 5819 ιιι-

2282 5841 2425 5902 bent,
2446 5838 2704 5903 adfores.’
2860 5838 2899 5863 ’-
3642 5888 3651 5891 ι
