4136 6456
292 400 393 456 801

292 516 429 569 ει.)ιί
460 516 766 586 aperuerint
784 515 924 586 quod
952 516 1068 572 Aod
1096 516 1229 572 clavi
1259 532 1363 573 non
1392 518 1674 582 clauserat,
1694 528 1871 589 potest

290 624 512 666 movere
538 626 552 663 :
575 618 666 665 aut
703 611 749 665 si
778 610 866 667 ille
893 612 1026 667 clavi
1053 612 1352 680 clauserat,
1394 612 1662 684 quomodo
1689 628 1870 669 secum

290 720 412 762 eam
439 720 546 760 non
574 705 842 773 auferret,
889 714 946 762 ut
969 706 1056 761 isti
1086 722 1183 762 nec
1216 707 1350 763 clavi
1392 708 1599 778 aperire
1629 715 1866 778 possent.

290 795 528 851 Proinde
569 807 660 851 aut
696 797 801 851 alia
831 796 992 852 clavis
1016 797 1173 852 allata
1203 808 1313 865 est,
1360 807 1449 852 aut
1480 799 1582 852 tale
1608 798 1870 853 clausura:

287 903 456 958 genus
484 888 581 942 fuit
623 889 763 959 quod
792 888 906 943 sine
965 889 1097 944 clavi
1130 898 1309 960 posset
1348 889 1557 954 claudi,
1605 904 1707 945 nec
1751 889 1869 944 sine

288 980 426 1036 clavi
465 980 682 1049 aperiri.
711 979 838 1034 Nam
870 989 995 1036 sunt
1021 982 1259 1051 quardam
1289 984 1442 1048 talia,
1483 984 1620 1037 sicut
1661 997 1721 1038 ea
1750 996 1869 1053 quas

288 1072 556 1126 veruclata
587 1072 603 1102 ¹
631 1071 897 1127 dicuntur.
1110 1128 1117 1135 ,
1868 1114 1869 1117 η

361 1162 552 1218 XXIV.
586 1161 775 1236 [1b.m,
796 1163 909 1238 50.]
936 1165 1047 1221 Sub
1071 1165 1249 1236 judice
1268 1165 1383 1220 Aod
1405 1165 1671 1236 octoginta
1698 1179 1868 1222 annos

292 1271 476 1326 pacem
518 1256 699 1311 habuit
729 1256 890 1313 lsrael
913 1259 966 1313 in
997 1268 1134 1314 terra
1164 1260 1565 1329 promissionis,
1600 1259 1867 1329 duplicato

290 1347 496 1401 scilicet
524 1357 761 1417 tempore
787 1364 945 1420 quam
982 1349 1080 1405 fuit
1105 1350 1447 1406 memorabile
1474 1350 1573 1407 sub
1598 1350 1869 1407 Romano—

286 1453 407 1493 rum
433 1454 557 1510 rege
575 1438 743 1493 Numa
765 1440 1043 1511 Pompilio.

358 1530 524 1585 XXV.
549 1530 648 1604 [1).
680 1548 755 1595 ιη,
778 1532 890 1605 51.]
918 1532 985 1586 Et
1011 1542 1122 1605 post
1146 1550 1259 1589 eum
1278 1535 1491 1589 surrexit
1526 1533 1771 1606 Samegar
1802 1534 1867 1603 fi-

287 1622 387 1676 lius
413 1623 609 1677 Aneath
630 1626 671 1690 ²,
704 1633 749 1677 et
776 1626 1018 1694 percussit
1046 1625 1354 1697 alienigenas
1380 1628 1432 1681 in
1449 1637 1704 1682 sexcentos
1732 1627 1866 1681 viros

285 1723 470 1785 praeter
497 1714 676 1769 vitulos
700 1714 881 1781 boum;
907 1724 951 1769 et
987 1717 1199 1771 saluauit
1226 1717 1410 1772 Israel.
1450 1718 1726 1785 Quomodo
1745 1726 1867 1789 post

283 1806 404 1861 Aod
432 1807 532 1861 iste
572 1822 667 1876 pro
695 1806 851 1861 Israel
883 1810 1232 1877 pugnaverit,
1264 1819 1317 1865 et
1343 1809 1516 1865 dictus
1538 1810 1606 1864 sit
1631 1808 1865 1863 salvasse

283 1894 478 1964 Israel,
521 1906 693 1966 potest
718 1913 838 1953 esse
868 1898 1110 1968 quaestio.
1138 1899 1252 1954 Non
1279 1901 1419 1955 enim
1450 1915 1631 1955 rursus
1654 1899 1865 1954 fuerant

283 1990 555 2058 captivati,
578 1990 661 2045 vel
681 1991 807 2061 jugo
826 1992 1093 2047 servitutis
1119 1992 1316 2047 innexi.
1341 1993 1445 2049 Sed
1462 1992 1864 2062 intelligendum

280 2080 358 2134 ita
385 2080 603 2147 dictum,
635 2083 842 2136 saluauit
863 2125 877 2149 ,
907 2099 1012 2138 non
1043 2085 1161 2153 quia
1188 2085 1431 2140 nocuerit
1449 2085 1647 2155 aliquid
1672 2084 1857 2151 hostis,

279 2172 379 2227 sed
422 2188 489 2227 ne
532 2175 925 2243 permitteretur
964 2191 1190 2240 nocere;
1242 2178 1489 2247 quoniam
1535 2176 1861 2231 credendum

278 2262 535 2318 cst-bello
563 2264 788 2333 coepisse
818 2272 1043 2332 tentare,
1074 2275 1128 2321 et
1148 2265 1306 2335 hujus
1333 2266 1550 2320 victoria
1581 2266 1745 2320 fuisse
1771 2265 1865 2320 de-

281 2356 514 2424 pulsum.
538 2356 642 2411 Sed
659 2356 783 2427 quid
807 2358 907 2413 sibi
931 2358 1061 2413 velit
1081 2358 1221 2428 quod
1241 2358 1461 2423 addidit,
1485 2365 1664 2429 praeter
1679 2356 1862 2411 vitulos

278 2446 433 2501 boum
451 2489 465 2514 ,
494 2448 775 2503 obscurum
801 2457 903 2503 est.
933 2449 1014 2503 An
1042 2448 1181 2505 forte
1206 2458 1261 2504 et
1288 2450 1447 2503 boum
1470 2458 1699 2519 stragem
1727 2463 1862 2517 pug-

278 2540 463 2595 nando
487 2540 629 2607 fecit,
659 2549 713 2596 et
735 2542 805 2596 ita
834 2541 1031 2597 dictum
1061 2550 1145 2598 est
1162 2558 1283 2598 eum
1306 2542 1564 2598 occidisse
1581 2550 1862 2596 sexcentos

276 2633 428 2688 viros
449 2673 465 2699 ,
507 2642 698 2703 prteter
732 2633 859 2688 illud
889 2633 1031 2705 quod
1063 2634 1187 2689 fecit
1212 2634 1279 2690 de
1307 2635 1475 2690 bobus
1504 2634 1723 2689 occisis?
1752 2633 1861 2688 Sed

278 2740 450 2795 quare
471 2724 704 2779 vitulos?
752 2725 834 2781 An
862 2740 1051 2796 graecae
1080 2725 1363 2781 locutionis
1385 2724 1714 2780 consuetudo
1742 2732 1825 2779 est
1842 2763 1857 2790 ,

277 2818 445 2873 etiam
474 2818 668 2874 vitulos
695 2831 790 2873 eos
818 2819 1111 2889 appellare,
1160 2819 1245 2887 qui
1273 2818 1499 2887 grandes
1526 2815 1683 2872 sunt?
1728 2815 1861 2871 Nam

279 2912 358 2965 ita
386 2912 527 2982 loqui
569 2911 724 2982 vulgo
766 2911 817 2965 in
851 2911 1086 2984 Egypto
1116 2911 1489 2982 perhibentur;
1540 2911 1677 2965 sicut
1720 2908 1861 2980 apud

279 3022 385 3061 nos
415 3007 539 3076 pulli
569 3006 903 3077 appellantur
930 3007 1142 3077 gallinae
1185 3005 1466 3076 cujuslibet
1506 3005 1694 3061 aetatis.
1742 3002 1861 3059 Non

278 3106 462 3153 autem
491 3097 651 3153 habet
676 3098 1042 3167 interpretatio
1069 3113 1134 3152 ex
1175 3097 1388 3152 hebraeo
1407 3139 1423 3165 ,
1470 3105 1649 3167 prater
1680 3095 1862 3150 vitulos

278 3190 453 3253 boum,
482 3188 619 3244 sicut
637 3189 735 3244 ista
759 3204 878 3259 qua:
902 3187 1195 3244 secundum
1221 3187 1563 3258 Septuaginta
1583 3195 1664 3241 est
1688 3204 1700 3239 :
1726 3186 1862 3241 sicut

280 3282 449 3337 habet
474 3281 563 3336 illa
588 3296 654 3335 ex
684 3280 898 3336 hebrzeo
916 3320 931 3346 ,
959 3295 1155 3335 vomere
1178 3281 1367 3335 occisos
1404 3286 1660 3335 sexcentos
1693 3279 1857 3344 viros,

277 3372 426 3444 quod
449 3373 545 3427 ista
574 3388 680 3427 non
704 3371 883 3427 habet.

355 3464 547 3520 XXVI.
577 3463 674 3537 [lb.
705 3480 779 3532 tv,
803 3462 881 3536 8.]
905 3463 1039 3531 Quid
1061 3471 1144 3519 est
1171 3461 1310 3534 quod
1335 3460 1664 3532 respondens
1693 3461 1859 3517 Barac

277 3558 539 3613 Debborae
562 3559 670 3625 ait,
714 3557 773 3613 Si
801 3557 894 3611 ibis
913 3597 930 3625 ,
956 3558 1071 3622 ibo;
1096 3564 1142 3611 et
1166 3558 1210 3611 si
1243 3572 1342 3610 non
1363 3556 1481 3610 ieris
1507 3570 1696 3609 mecum
1717 3594 1732 3620 ,
1758 3570 1860 3608 non

275 3650 364 3702 ibo
393 3650 669 3720 :qaoniam
717 3649 883 3703 nescio
925 3648 1059 3701 diem
1097 3648 1153 3701 in
1189 3663 1292 3718 qua
1324 3654 1585 3716 prosperat
1624 3645 1861 3716 angelum

274 3739 531 3795 Dominus
555 3757 780 3805 mecum;
805 3740 955 3810 quasi
974 3754 1004 3793 a
1030 3738 1363 3809 prophetissa
1378 3738 1517 3826 diem
1544 3737 1728 3792 audire
1753 3752 1859 3792 non

276 3834 553 3906 potuerit?
578 3849 675 3889 nec
705 3834 793 3888 illa
819 3832 959 3887 diem
983 3830 1286 3901 respondit,
1333 3829 1428 3885 sed
1470 3830 1703 3900 perrexit
1739 3843 1875 3882 cum.

275 3929 393 3983 illo.
422 3928 487 3983 Et
516 3925 641 3996 quid
665 3933 749 3981 est
773 3965 786 3991 ,
821 3932 1081 3994 prosperat
1105 3922 1342 3994 angelum
1366 3921 1611 3975 Dominus
1632 3920 1861 3974 mecum?

278 4024 365 4077 An
405 4021 491 4075 hic
532 4020 953 4075 demonstratum
996 4024 1105 4080 est,
1136 4015 1260 4085 quia
1283 4024 1337 4069 et
1364 4014 1684 4084 Angelorum
1709 4019 1861 4066 actus

276 4119 683 4184 prosperantur,
711 4109 764 4164 id
790 4117 873 4164 est
892 4107 1207 4177 adjuvantur
1226 4121 1256 4158 a
1288 4104 1530 4168 Domino,
1560 4112 1615 4156 nt
1639 4101 1861 4157 feliciter

277 4205 514 4261 cedant?
541 4219 610 4258 an
632 4202 911 4258 locutionis
935 4208 1046 4265 est,
1077 4206 1340 4270 prosperat
1364 4195 1599 4267 angelum
1629 4210 1821 4249 mecum
1840 4233 1857 4261 ,

280 4296 339 4352 id
359 4306 460 4359 est,
492 4295 616 4350 facit
644 4310 849 4350 mecum
882 4306 1132 4362 prospera
1165 4305 1260 4360 per
1286 4286 1576 4359 angelum?

356 4388 569 4445 XXVII.
598 4384 923 4461 [lb.1v,15.]
950 4385 1015 4439 Et
1035 4384 1275 4456 pavefecit
1304 4382 1545 4436 Dominus
1565 4380 1795 4436 Sisaram
1815 4388 1863 4434 et

281 4499 456 4538 omnes
500 4498 676 4535 currus
714 4480 841 4551 ejus.
874 4480 1010 4534 Ecce
1050 4475 1498 4549 quemadmodum
1524 4473 1864 4529 commendat

281 4575 555 4643 Scriptura
577 4572 925 4643 agere'Deum
958 4571 1011 4624 in
1038 4568 1286 4624 cordibus
1310 4610 1325 4636 ,
1353 4577 1409 4622 ut
1435 4567 1525 4622 det
1547 4568 1747 4621 exitum
1777 4580 1865 4621 re-

283 4667 386 4723 bus
406 4708 419 4731 ,
460 4681 616 4734 quem
642 4663 935 4719 constituit.
972 4661 1159 4731 Utique
1183 4660 1325 4715 enim
1353 4658 1613 4730 pavefecit
1645 4658 1730 4713 vel
1764 4657 1865 4712 ob-

283 4758 568 4831 stupefecit
595 4758 846 4823 Sisaram,
881 4766 939 4810 ut
956 4755 1186 4809 traderet
1210 4769 1353 4809 eum.
1682 4788 1687 4795 .

358 4852 593 4910 XXVIII.
627 4852 726 4925 [lb.
755 4867 836 4918 ιν,
864 4848 979 4922 ρει]
1005 4848 1107 4904 Ubi
1131 4847 1278 4902 Jahel
1310 4846 1499 4901 mulier
1525 4860 1642 4915 qua:
1672 4844 1868 4899 occidit

284 4948 544 5012 Sisaram,
576 4960 696 5000 cum
726 4944 901 4998 locuta
931 4949 1073 4996 esset
1097 4939 1163 4993 ad
1195 4940 1358 4992 Barac
1384 4938 1472 5008 qui
1505 4953 1624 4990 eum
1656 4952 1866 5006 quaere-

282 5043 395 5105 bat,
427 5040 681 5109 scriptum
711 5046 793 5092 est
817 5035 883 5090 de
910 5035 1025 5105 ipso
1045 5034 1229 5097 Barac,
1253 5032 1374 5101 quia
1403 5031 1605 5083 intravit
1629 5029 1696 5082 ad
1715 5045 1826 5083 eam
1850 5044 1869 5082 :

284 5130 815 5189 animadvertendum
856 5135 938 5182 est
980 5141 1083 5181 non
1128 5138 1248 5179 esse
1291 5136 1622 5192 consequens
1651 5128 1708 5174 ut
1748 5135 1867 5175 cum

284 5226 558 5295 Scriptura
578 5223 707 5278 dicit
734 5222 801 5277 de
825 5221 941 5274 viro
967 5217 1106 5289 quod
1134 5216 1348 5270 intravit
1371 5214 1436 5268 ad
1458 5214 1684 5283 aliquam
1715 5212 1869 5267 femi-

286 5332 433 5379 nam,
453 5316 561 5385 jam
583 5316 741 5371 etiam
769 5311 1117 5368 concubuisse
1136 5308 1402 5363 credatur.
1434 5305 1660 5361 Assidue
1676 5307 1870 5376 quippe

286 5409 366 5462 sic
389 5408 623 5478 loquitur
647 5406 943 5475 Scriptura,
972 5402 1177 5456 intravit
1205 5399 1271 5452 ad
1292 5416 1401 5453 eam
1419 5438 1434 5463 ,
1461 5404 1520 5451 ut
1545 5398 1679 5451 nolit
1708 5398 1867 5451 intel-

292 5498 386 5569 ligi
413 5497 515 5553 nisi
545 5497 685 5568 quod
714 5497 764 5551 ei
794 5496 990 5550 mixtus
1027 5494 1114 5548 sit.
1149 5492 1244 5545 llic
1274 5505 1403 5559 ergo
1434 5489 1645 5558 proprie
1670 5488 1868 5541 dictum

289 5598 411 5659 est,
439 5590 642 5644 intravit
667 5590 733 5642 ad
762 5604 907 5652 eam,
944 5585 999 5641 id
1035 5593 1118 5640 est
1144 5583 1196 5638 in
1223 5581 1441 5637 domum
1481 5580 1597 5650 ejus
1623 5580 1868 5645 intravit,

358 5750 375 5781 ³
400 5748 475 5799 sic
490 5749 541 5798 in
562 5747 787 5797 omnibus
807 5752 914 5795 Mss.
940 5751 995 5794 Αι
1015 5743 1065 5793 in
1089 5740 1249 5800 editis,
1274 5736 1522 5789 verudata.

355 5798 570 5873 gms:
587 5844 603 5872 ,
626 5819 885 5873 Sannegar.
910 5814 1031 5856 Mss.
1053 5798 1280 5867 samegar
1298 5807 1498 5873 iatun
1539 5811 1607 5873 eat
1641 5798 1719 5849 his
1750 5809 1873 5849 non-

292 5858 432 5935 nulli,
448 5858 802 5937 ληθαάῖ
815 5875 873 5921 At
892 5875 1024 5931 Lxx,
1040 5858 1266 5930 samejar
1285 5858 1637 5929 ﬁlius'piiwch.

1638 402 1837 460 LIBER
1874 398 2228 464 SEPTIMUS.

3449 430 3553 489 802

1977 536 2081 576 non
2105 532 2158 575 ut
2189 538 2281 591 per
2301 522 2413 579 hate
2434 528 2592 583 verba
2623 530 2944 603 intelligatur
2972 536 3306 595 concubitus.

2048 612 2342 686 XXIX.[lb.
2366 632 2418 684 v,
2433 618 2463 670 7
2477 629 2521 671 et
2535 619 2611 693 8.]
2634 620 2684 674 In
2706 620 2922 678 Cantico
2940 626 3194 684 Debborae
3213 630 3424 699 dicitur,
3451 633 3553 691 De-

1976 707 2199 775 fecerunt
2227 705 2503 764 habitantes
2523 711 2576 765 in
2596 711 2791 782 Israel,
2832 715 3119 788 defecerunt
3150 721 3306 776 donec
3330 736 3551 781 surrexit

1974 794 2237 861 Debbora,
2280 798 2436 853 donec
2459 805 2675 857 surreazit
2716 816 2874 860 mater
2905 809 2957 862 in
2983 808 3174 879 Israel,
3215 814 3467 885 elegerant
3494 826 3549 872 ut

1975 904 2155 957 panem
2184 889 2513 947 hordeaceam
2538 894 2656 950 deos
2676 913 2827 953 novos
2855 914 2874 952 :
2900 908 3017 954 tunc
3043 916 3452 974 expugnaverunt
3471 909 3548 962 ci-

1973 979 2146 1032 vitates
2171 982 2477 1052 principum.
2505 984 2602 1039 Hic
2622 987 2955 1044 intermixtus
2983 992 3116 1046 ordo
3141 995 3423 1050 verborum
3446 999 3548 1053 ob-

1972 1073 2279 1128 scuritatem
2324 1073 2484 1143 facit,
2546 1086 2599 1132 et
2635 1082 2980 1148 qumstionem
3025 1097 3221 1141 movet.
3268 1088 3547 1155 Quomodo

1972 1162 2112 1217 enim
2144 1164 2484 1236 intelligatur,
2507 1167 2779 1239 Elegerunt
2806 1180 2859 1225 ut
2883 1191 3063 1243 panem
3079 1176 3406 1233 hordeaceam
3422 1182 3542 1237 deos

1972 1270 2123 1308 novos
2148 1295 2161 1320 ,
2192 1264 2309 1309 tunc
2337 1270 2747 1330 expugnaverunt
2775 1265 2995 1320 civitates
3036 1269 3359 1338 principum;
3397 1273 3565 1341 quasi.

1971 1352 2099 1400 tunc
2116 1346 2194 1401 eis
2220 1346 2406 1403 faverit
2428 1350 2565 1405 Deus
2590 1351 2657 1405 ad
2684 1356 3061 1424 expugnandus
3086 1359 3327 1415 civitates
3353 1364 3549 1431 princi-

1970 1450 2095 1505 pum
2117 1478 2131 1502 ,
2162 1439 2376 1507 quando
2400 1440 2672 1510 elegerunt
2716 1454 2772 1498 ut
2814 1459 3000 1514 panem
3034 1446 3387 1505 hordeaceum
3417 1452 3547 1508 deos

1969 1529 2175 1583 novos?
2216 1530 2320 1585 Sed
2355 1531 2405 1585 in
2433 1532 2677 1602 aliis-jam
2705 1532 3097 1606 Scripturarum
3130 1540 3262 1596 locis
3290 1557 3431 1612 saepe
3454 1541 3544 1597 di-

1970 1618 2196 1674 dicimus
2221 1622 2665 1691 quemadmodum
2696 1625 2823 1681 liant
2848 1628 3166 1699 hyperbata;
3210 1647 3431 1701 quorum
3459 1634 3546 1688 di-

1968 1712 2205 1768 rectione
2254 1730 2374 1769 cum
2426 1717 2585 1770 verba
2645 1719 2709 1772 ad
2756 1720 2999 1776 ordinem
3040 1722 3300 1789 redeunt,
3353 1740 3543 1779 sensus

1967 1802 2297 1871 explanatur.
2335 1804 2436 1859 lste
2461 1821 2589 1875 ergo
2617 1816 2701 1862 est
2719 1808 2887 1863 ordo:
2928 1810 3232 1882 Defecerunt
3271 1814 3548 1869 habitantes

1966 1895 2020 1947 in
2046 1894 2245 1959 Israel;
2284 1898 2601 1968 defecerunt,
2632 1902 2885 1969 elegerunt
2909 1911 2964 1956 ut
2993 1921 3171 1973 panem
3215 1906 3544 1961 hordeaceam

1967 1984 2087 2039 deos
2113 2000 2294 2053 novos,
2322 1989 2477 2042 donec
2498 1993 2712 2044 surrexit
2737 1991 2968 2046 Debbora
2984 2035 2998 2060 ,
3031 1994 3187 2049 donec
3206 1998 3420 2050 surrexit
3439 2014 3551 2051 ma-

1968 2082 2042 2128 ter
2063 2075 2117 2127 in
2139 2074 2303 2129 Israel
2329 2092 2346 2129 :
2372 2087 2487 2131 tunc
2512 2090 2920 2148 expugnaverunt
2939 2084 3157 2136 civitates
3185 2086 3488 2154 principum.

2037 2166 2206 2222 XXX.
2235 2166 2333 2240 [lb.
2362 2185 2415 2235 v,
2444 2168 2521 2242 8.]
2560 2170 2734 2237 Quzeri
2763 2180 2933 2241 potest
2954 2174 3217 2242 quomodo
3243 2175 3437 2229 dictum
3458 2177 3546 2242 sit,

1966 2254 2241 2328 Elegerunl
2264 2268 2319 2312 ut
2347 2276 2525 2329 panem
2544 2261 2873 2315 hordeaceam
2902 2264 3019 2317 deos
3048 2281 3232 2331 novos;
3257 2281 3375 2319 cum
3399 2266 3549 2334 panis

1966 2346 2294 2403 hordeaceus
2323 2350 2564 2418 quamvis
2589 2351 2657 2405 sit
2681 2352 2731 2404 in
2755 2355 3149 2421 comparatione
3177 2355 3367 2411 triticei
3396 2358 3549 2425 panis

1968 2437 2329 2508 abjiciendus,
2360 2449 2533 2495 tamen
2572 2443 2729 2496 etiam
2775 2443 2888 2513 ipse
2922 2454 3132 2513 pascat,
3175 2454 3228 2499 et
3264 2446 3421 2501 vitale
3449 2447 3548 2500 ali-

1965 2540 2201 2585 mentum
2226 2532 2334 2587 sit:
2360 2532 2435 2587 dii
2454 2543 2629 2589 autem
2665 2537 2819 2601 novi,
2852 2551 2986 2605 quos
3015 2537 3260 2592 dicuntur
3282 2539 3541 2608 elegisse,

1966 2623 2054 2692 qui
2076 2622 2384 2678 defecerunt
2410 2640 2439 2678 a
2469 2625 2579 2679 Deo
2618 2627 2770 2693 vivo,
2809 2642 2914 2681 non
2950 2639 3174 2697 possunt
3201 2630 3256 2682 in
3282 2629 3550 2684 alimentis

1966 2713 2157 2767 animae
2182 2712 2459 2783 deputari,
2500 2715 2593 2769 sed
2620 2716 2794 2785 potius
2821 2717 2871 2770 in
2901 2718 3137 2772 venenis.
3178 2721 3259 2771 An
3291 2717 3549 2774 hactenus

1965 2802 2272 2881 accipienda
2309 2811 2394 2859 est
2437 2804 2754 2871 similitudo,
2781 2814 3039 2875 quatenus
3062 2806 3203 2861 valet
3243 2796 3550 2877 utpropter

1966 2893 2069 2949 hoc
2099 2895 2273 2949 solum
2307 2895 2505 2950 dictum
2549 2896 2890 2968 intelligatur,
2920 2899 3042 2968 quia
3067 2899 3205 2953 sicut
3236 2898 3551 2969 plerumque

1964 2982 2177 3040 fastidio
2212 2986 2300 3051 fit,
2329 2996 2388 3041 ut
2407 2986 2645 3057 eligenda
2677 2988 3001 3056 rejieiantur,
3026 2998 3079 3042 et
3100 2989 3430 3057 aspernanda
3450 2989 3550 3044 de-

1965 3077 2194 3143 lectent;
2232 3079 2302 3132 ita
2332 3079 2461 3132 vitio
2488 3092 2664 3147 prava:
2704 3078 2990 3133 voluntatis
3022 3089 3268 3147 tanquam
3298 3080 3553 3148 languore

1965 3167 2188 3234 fastidii,
2216 3183 2339 3224 cum
2366 3178 2511 3224 esset
2539 3170 2680 3224 Deus
2699 3184 2883 3224 eorum
2911 3185 3087 3236 verus,
3119 3173 3170 3223 in
3200 3167 3348 3224 falsis
3374 3170 3553 3239 elege-

1964 3269 2089 3315 runt
2112 3260 2241 3315 nihil
2270 3260 2411 3315 aliud
2440 3276 2597 3331 quam
2623 3260 2908 3315 novitatem
2940 3270 3116 3331 spreta
3144 3262 3367 3317 veritate
3390 3263 3442 3327 ¹;
3470 3270 3553 3316 at-

1964 3365 2067 3419 que
2105 3351 2177 3405 ita
2220 3350 2397 3405 cibum
2438 3350 2771 3406 mortiferum
2813 3361 3057 3421 tanquam
3084 3367 3273 3421 panem
3317 3351 3550 3407 hordea-

1964 3456 2118 3496 ceum
2158 3442 2461 3512 elegerunt,
2502 3457 2607 3497 non
2646 3458 2705 3497 se
2745 3443 3062 3497 arbitrantes
3100 3443 3224 3497 inde
3252 3444 3545 3512 perituros,

1964 3531 2058 3587 sed
2089 3532 2248 3586 etiam
2284 3532 2408 3587 inde
2446 3532 2605 3587 vitam
2637 3534 2781 3587 velut
2818 3548 2939 3587 esca
2975 3533 3187 3587 innoxia
3216 3534 3340 3589 licet
3364 3534 3550 3588 viliore

1966 3624 2307 3696 sumpturos?
2341 3624 2642 3680 Secundum
2666 3624 2967 3693 opinionem
2996 3639 3123 3693 ergo
3149 3640 3331 3679 eorum
3358 3624 3549 3679 simili-
3576 3670 3577 3675 η

1966 3719 2092 3774 tudo
2114 3720 2284 3788 posita
2310 3727 2421 3783 est,
2454 3718 2722 3788 animique
2751 3717 3058 3788 languorem
3079 3759 3095 3784 ,
3125 3733 3231 3785 non
3255 3717 3545 3773 secundum

1964 3810 2262 3864 veritatem.
2305 3808 2434 3864 Nam
2458 3808 2530 3864 dii
2556 3809 2632 3863 illi
2664 3808 2784 3863 novi
2811 3808 2969 3863 nullis
2995 3817 3117 3864 sunt
3141 3809 3277 3873 cibis
3296 3808 3545 3865 vitalibus

1965 3899 2325 3973 comparandi.

2036 3993 2227 4050 XXXI.
2258 3992 2353 4066 [δὴ.
2373 4010 2456 4061 vt,
2487 3994 2551 4061 8,
2580 3992 2691 4066 ll.]
2720 3990 2790 4046 Et
2818 3995 3006 4065 factum
3026 4000 3117 4060 est,
3139 3992 3342 4059 quando
3360 3992 3552 4047 clama-

1967 4095 2140 4140 uerunt
2164 4085 2259 4154 ﬁlii
2283 4083 2448 4139 Israel
2471 4085 2537 4138 ad
2567 4085 2841 4138 Dominum
2871 4094 3075 4155 prapter
3103 4083 3314 4138 Madian
3334 4125 3350 4151 ,
3379 4094 3425 4137 et
3447 4085 3546 4138 mi—

1966 4179 2031 4233 sit
2066 4176 2314 4231 Dontinas
2350 4178 2511 4231 virum
2538 4177 2832 4247 prophetam
2869 4176 2938 4229 ad
2974 4174 3107 4243 ﬁlios
3134 4174 3329 4239 Israel,
3353 4184 3401 4228 et
3422 4174 3552 4228 dixit

1967 4269 2059 4323 eis.
2099 4270 2206 4324 Cur
2241 4284 2347 4324 non
2392 4267 2598 4323 dicatur
2636 4283 2829 4321 nomen
2867 4266 3026 4333 hujus
3058 4265 3364 4335 prophetae,
3409 4264 3551 4335 quod

1968 4361 2121 4416 valde
2149 4361 2437 4431 Scripturis
2462 4360 2768 4414 inusitatum
2794 4367 2875 4413 est
2892 4399 2906 4423 ,
2935 4359 3103 4411 latens
3123 4371 3281 4411 causa
3307 4366 3416 4421 est;
3442 4371 3549 4410 non

1972 4459 2146 4523 tamen
2171 4452 2371 4506 nullam
2394 4465 2514 4505 esse
2542 4450 2789 4504 arbitror.
2819 4448 2925 4503 Sed
2952 4448 3072 4517 quia
3102 4456 3220 4516 post
3241 4447 3399 4501 verba
3424 4447 3547 4517 qui—
3576 4512 3577 4515 η

1970 4541 2070 4596 bus
2090 4541 2427 4612 exprobravit
2451 4540 2861 4594 inobedientiam
2891 4538 3083 4609 populo
3103 4580 3117 4605 ,
3145 4540 3381 4608 sequitur
3407 4537 3553 4594 Serio

1972 4642 2124 4703 plura
2161 4632 2374 4698 dicens,
2417 4630 2485 4685 Et
2518 4631 2648 4685 venit
2701 4632 2909 4702 angelus
2951 4629 3191 4699 Domini,
3230 4640 3277 4684 et
3311 4632 3437 4685 sedit
3461 4633 3553 4686 sub

1971 4739 2190 4793 quercu,
2233 4737 2345 4792 quia
2379 4730 2486 4775 erat
2517 4722 2570 4774 in
2607 4721 2826 4790 Ephra:
2866 4736 2969 4775 non
2994 4721 3223 4776 absurde
3248 4712 3587 4792 intelligitur.

1972 4816 2073 4870 iste
2096 4814 2313 4883 angelus
2338 4812 2661 4882 significatus
2699 4812 2911 4866 nomine
2939 4812 3067 4879 viri,
3112 4822 3171 4867 ut
3211 4821 3555 4885 posteaquam

1972 4909 2087 4961 haec
2114 4907 2276 4961 verba
2302 4905 2466 4969 dixit,
2492 4904 2701 4959 venerit
2724 4904 2789 4958 ad
2814 4920 3065 4973 quercum
3096 4915 3440 4960 memoratam
3458 4947 3474 4972 ,
3503 4914 3558 4961 et

1975 5000 2044 5054 ibi
2068 4998 2282 5053 sederit.
2306 4996 2530 5052 Nomine
2554 4997 2695 5051 enim
2716 4996 2947 5051 virorum
2980 4997 3154 5051 solere
3172 4996 3427 5067 appellari
3448 4998 3556 5050 An-
3580 4990 3583 4993 λ

1973 5091 2120 5159 gelos
2148 5072 2329 5144 notum
2356 5097 2440 5144 est
2482 5086 2635 5162 (Gen.
2682 5104 2807 5152 nx,
2850 5087 2978 5159 10):
3031 5088 3271 5157 quamvis
3309 5102 3428 5141 eum
3466 5088 3553 5155 qui

1975 5190 2116 5235 esset
2138 5180 2384 5250 angelus,
2416 5180 2731 5250 appellatum
2759 5193 2878 5234 esse
2907 5178 3249 5248 prephetam,
3273 5192 3376 5231 non
3401 5178 3554 5232 facile

1975 5288 2075 5327 nec
2103 5272 2374 5327 evidenter
2393 5280 2635 5327 occurrat
2658 5290 2671 5325 :
2702 5286 2823 5325 eum
2847 5284 2976 5325 sane
2994 5270 3079 5339 qui
3105 5269 3359 5338 propheta
3381 5281 3551 5335 esset,

1976 5366 2172 5420 dictum
2200 5364 2442 5434 angelum
2472 5365 2690 5433 legimus
2720 5363 2930 5435 (Matth.
2956 5378 3041 5424 χι,
3076 5362 3166 5433 10)
3192 5380 3206 5416 :
3249 5362 3341 5416 sed
3370 5363 3412 5416 si
3440 5358 3552 5437 An}-

1976 5459 2212 5528 gelorum
2240 5456 2376 5511 dicta
2408 5455 2713 5525 prophetica
2741 5463 2861 5510 nota
2895 5461 3051 5518 sunt,
3075 5453 3126 5507 id
3150 5460 3232 5508 est
3256 5452 3445 5522 quibus
3471 5451 3554 5507 fu-

1977 5558 2093 5604 tura
2121 5550 2644 5621 prmuuntiaverunt;
2689 5562 2784 5600 cur
2824 5562 2927 5599 non
2973 5545 3140 5614 possit
3178 5545 3393 5614 angelus
3427 5559 3552 5613 pro-

1978 5634 2151 5711 phetas
2176 5641 2391 5695 nomine
2418 5637 2740 5707 nuncupari?
2771 5636 3178 5702 Verumtamen,
3205 5644 3262 5689 ut
3289 5633 3395 5690 dixi
3416 5676 3431 5702 ,
3458 5650 3557 5690 cx-

2043 5795 2060 5826 ¹
2074 5794 2153 5865 §ie
2170 5803 2273 5844 Mss.
2285 5793 2410 5865 _Editi
2428 5806 2553 5865 vero
2569 5807 2585 5864 ξ
2594 5790 2699 5865 Δεζιή
2716 5790 2861 5855 falsos
2879 5788 3120 5856 elegerunt
3133 5787 3253 5842 nihil
3265 5787 3401 5842 aliud
3417 5802 3558 5856 qam

1977 5861 2230 5911 novitatem
2248 5862 2295 5909 et
2310 5861 2470 5912 spreta
2486 5861 2698 5908 veritate.
