4136 6468
572 400 683 463 805

574 531 818 590 pressum
856 522 912 574 et
949 511 1283 571 manifestum
1320 510 1388 567 de
1422 509 1524 566 hac
1563 524 1624 566 re
1663 504 2022 563 testimonium
2048 518 2157 559 non

576 610 826 668 occurrit.

648 702 865 759 XXXII.
898 700 998 775 [|b.
1029 716 1109 765 vt,
1135 695 1246 771 η]
1261 694 1417 765 Quod
1438 694 1661 766 angelus
1682 692 1809 749 dicit
1835 690 1903 745 ad
1919 688 2161 755 Gedeon,

577 796 828 851 Dominus
856 804 1018 848 tecum
1046 800 1219 862 potens
1245 790 1299 845 in
1326 787 1655 860 fortitudine,
1689 782 2047 839 nominativus
2068 792 2161 834 eeo

576 904 666 942 sus
702 897 817 953 est,
852 900 957 939 non
996 884 1284 937 vocativus.
1323 879 1437 937 Hoc
1462 886 1584 947 est,
1612 875 1864 932 Dominus
1884 881 2060 946 potens
2085 879 2162 924 te-

575 996 690 1034 cunt
715 989 818 1039 est;
849 992 986 1039 non,
1016 985 1072 1029 tu
1097 983 1307 1043 potens.

650 1067 885 1125 XXXIII.
929 1066 1028 1141 [ιδ.
1058 1082 1144 1132 vt,
1174 1063 1286 1138 14.]
1310 1061 1701 1119 Advertendum
1726 1067 1810 1116 est
1839 1057 2041 1114 dixisse
2062 1069 2162 1111 an-

574 1163 750 1233 gelum
791 1173 1039 1231 tanquam
1078 1175 1144 1215 ex
1184 1156 1394 1213 Domini
1433 1154 1780 1217 auctoritate,
1827 1149 2015 1205 Nonne
2052 1162 2167 1201 eccs

574 1256 687 1309 misi
716 1254 802 1308 te?
832 1268 954 1309 cum
989 1253 1293 1321 loqueretur
1328 1250 1395 1304 ad
1432 1247 1674 1304 Gedeon.
1709 1245 1839 1313 Quis
1866 1243 2010 1299 enim
2037 1255 2165 1296 eum

576 1348 749 1411 misit,
778 1348 879 1400 nisi
915 1346 1003 1415 qui
1030 1344 1095 1399 ad
1119 1359 1244 1400 eum
1274 1341 1521 1413 angelum
1550 1336 1735 1393 misit?
1759 1335 2003 1391 Debbora
2032 1348 2165 1387 vero

572 1440 647 1493 ait
672 1439 737 1493 ad
766 1439 965 1504 Barac,
1002 1435 1189 1495 Nonne
1226 1434 1483 1488 mandavit
1524 1431 1774 1485 Dominus
1815 1428 1955 1481 Deus
1996 1424 2165 1480 Israel

573 1533 659 1586 tibi
688 1532 877 1604 (Judic.
913 1547 987 1596 tv,
1018 1531 1112 1602 6)?
1143 1530 1239 1583 llic
1267 1538 1442 1583 autem
1471 1541 1576 1580 non
1604 1523 1808 1579 dictum
1833 1528 1947 1587 est,
1975 1519 2167 1574 Nonne

572 1639 697 1680 ecce
726 1625 871 1680 misit
896 1634 947 1679 te
974 1621 1263 1677 Dominus?
1288 1620 1383 1676 sed
1404 1661 1419 1684 ,
1449 1617 1635 1671 Nonne
1662 1631 1775 1670 ecce
1798 1614 1913 1667 misi
1939 1612 2021 1666 te?

651 1714 891 1770 XXXIV.
923 1712 1111 1787 [lb.vt,
1146 1710 1263 1785 15.}
1288 1710 1387 1768 Ubi
1414 1708 1704 1781 respondet
1728 1706 1944 1762 Gedeon
1970 1703 2036 1757 ad
2058 1716 2159 1758 alrs

572 1809 770 1879 gelum,
799 1808 869 1862 In
895 1824 1008 1873 nte,
1042 1806 1289 1869 Domine;
1333 1804 1435 1858 hoc
1460 1811 1568 1867 est,
1594 1801 1650 1856 In
1689 1814 1775 1854 me
1802 1798 2021 1853 intende
2049 1813 2065 1850 :
2092 1794 2163 1849 In

571 1918 669 1970 quo
697 1900 899 1955 saltabo
926 1900 1131 1955 Israel?
1172 1913 1285 1953 ecce
1314 1898 1452 1950 mille
1484 1897 1581 1949 mei
1609 1893 1902 1947 humiliores
1943 1891 1997 1943 in
2041 1886 2160 1941 Ha-

574 2009 720 2047 nasse
745 2006 765 2046 :
791 1991 1108 2061 intelligitur
1132 1988 1453 2058 praepositus
1492 1986 1655 2040 fuisse
1684 1983 1829 2038 mille
1860 1981 2160 2043 hominum,

573 2100 708 2152 quos
744 2097 918 2153 gratce
959 2087 1236 2153 χιλιάρχους
1281 2076 1515 2149 appellat
1562 2073 1877 2145 Scriptura?
1924 2086 1993 2125 an
2035 2068 2163 2140 quid

573 2176 749 2231 aliud?
1010 2208 1011 2211 η

646 2267 863 2323 XXXV.
883 2264 985 2339 Ub.
1004 2280 1080 2329 vr,
1111 2261 1321 2335 i8-22.]
1348 2256 1889 2317 Animadvertendum
1914 2263 1998 2310 est
2024 2252 2167 2324 quod

574 2359 791 2416 Gedeon
813 2373 918 2413 non
947 2358 1020 2411 ait
1040 2357 1249 2427 angelo,
1279 2354 1510 2410 Oﬁeram
1548 2352 1641 2406 tibi
1672 2348 2029 2413 sacriﬁcium;
2069 2345 2165 2401 sed

574 2452 668 2514 ait,
680 2448 907 2516 Oﬂ'eram
923 2448 1229 2515 sacriﬁcium
1240 2461 1424 2508 meum,
1444 2452 1489 2497 et
1504 2458 1690 2515 ponam
1704 2442 1757 2494 in
1772 2447 2039 2510 conspectu
2056 2446 2161 2491 tuo.

574 2539 727 2596 Unde
756 2537 1153 2608 intelligendum
1174 2546 1258 2591 est
1277 2552 1381 2589 non
1398 2550 1520 2589 eum
1540 2532 1752 2603 angelo,
1775 2530 1871 2585 sed
1888 2543 1982 2599 per
2000 2542 2165 2599 ange-

572 2631 681 2686 lum
710 2630 1033 2686 sacriﬁcium
1055 2627 1249 2683 offerre
1272 2627 1522 2681 voluisse.
1561 2623 1713 2692 Quod
1742 2631 1797 2677 et
1816 2622 1931 2691 ipse
1950 2619 2170 2689 angelus

573 2724 845 2778 evidenter
870 2721 1137 2787 ostendit,
1159 2720 1248 2790 qui
1267 2734 1370 2775 non
1394 2719 1462 2774 ab
1486 2732 1551 2773 eo
1568 2714 1889 2772 sacriﬁcium
1916 2722 2171 2782 tanquam

574 2814 674 2870 sibi
705 2816 959 2885 sumpsit;
998 2813 1092 2868 sed
1121 2813 1196 2867 ait
1216 2812 1291 2866 illi
1316 2830 1330 2866 :
1358 2811 1543 2881 Accipe
1579 2824 1755 2863 carnes
1788 2815 1837 2862 et
1868 2820 2095 2877 asgmos,
2124 2810 2172 2857 et

574 2909 787 2977 poneod
811 2915 1003 2978 petram
1015 2906 1178 2973 illam,
1207 2914 1252 2959 et
1270 2906 1361 2976 jus
1388 2902 1614 2970 effunde.
1644 2900 1711 2954 Et
1729 2910 1843 2954 cum
1857 2900 1949 2952 hoc
1975 2898 2171 2969 fecisset

577 2996 800 3064 Gedeon,
820 2997 1038 3052 extendit
1057 2995 1269 3067 angelus
1287 2994 1489 3048 Domini
1505 3007 1757 3047 summum
1774 2991 1927 3061 virga
1936 3000 2049 3059 qua
2063 2994 2171 3040 erat

574 3092 797 3144 inmane
809 3091 939 3161 ejus,
959 3096 1007 3144 et
1032 3090 1188 3159 tetigit
1216 3103 1391 3141 carnes
1425 3096 1472 3142 et
1502 3099 1731 3156 azymos;
1759 3091 1809 3137 et
1830 3094 2069 3136 accensus
2096 3087 2171 3133 est

575 3182 708 3253 ignis
724 3182 786 3235 de
800 3191 962 3252 petra,
981 3190 1027 3234 et
1043 3178 1255 3233 comedit
1274 3193 1451 3232 carnes
1464 3187 1510 3231 et
1525 3191 1749 3247 azymos.
1771 3175 1845 3227 Ita
1865 3174 2027 3228 etiam
2054 3172 2171 3241 ipse

576 3275 813 3345 Angelus
839 3274 893 3328 in
914 3273 1181 3328 sacriﬁcio
1196 3270 1335 3342 quod
1354 3270 1544 3325 obtulit
1559 3268 1797 3335 Gedeon,
1812 3265 2048 3321 ofﬁcium
2066 3264 2169 3317 mi-

576 3367 853 3421 nistrantis
881 3364 1120 3435 implevit
1163 3382 1177 3419 :
1222 3362 1399 3433 ignem
1430 3362 1625 3431 quippe
1651 3360 1813 3413 hoino
1846 3357 2088 3411 minister
2112 3361 2171 3409 ut

576 3457 743 3514 homo
769 3458 885 3512 sine
909 3456 1170 3511 miraculo
1198 3454 1539 3525 subjecisset,
1586 3466 1743 3520 quem
1772 3449 2083 3504 mirabﬁiter
2111 3453 2171 3501 ut

576 3542 799 3620 angelus
828 3547 929 3602 iste
958 3546 1205 3616 subjecit.
1244 3545 1484 3615 Denique
1515 3536 1645 3599 tunc
1671 3542 1920 3612 cognovit
1945 3540 2166 3595 Gedeon

576 3639 719 3709 quod
748 3638 984 3708 Angelus
1016 3637 1227 3692 Domini
1252 3646 1395 3691 esset
1424 3652 1439 3689 :
1468 3648 1591 3690 nam
1615 3636 1715 3689 hoc
1740 3632 2016 3703 Scriptura
2038 3646 2173 3685 con-

576 3729 729 3784 tinuo
754 3727 1012 3795 subdidit,
1045 3726 1111 3781 Et
1136 3727 1260 3780 vidit
1302 3724 1507 3780 Gedeon
1544 3724 1785 3795 quoniam
1812 3720 2025 3793 angelus
2065 3720 2171 3774 Do-

576 3820 700 3872 mini
729 3827 823 3873 est.
871 3817 1027 3873 Prius
1049 3831 1178 3887 ergo
1207 3826 1458 3887 tanquam
1502 3831 1622 3871 cum
1652 3814 1872 3869 homine
1916 3812 2181 3882 loqueba‘

577 3918 683 3978 tur,
725 3924 883 3979 quem
909 3917 1087 3964 tamen
1129 3908 1399 3963 hominem
1449 3906 1548 3963 Dei
1594 3906 1843 3973 credidit,
1894 3913 1951 3959 ut
1988 3918 2171 3959 coram

578 4004 699 4075 ipso
726 4003 1053 4058 sacriﬁcium
1079 4003 1241 4058 vellet
1265 4001 1478 4069 oderre,
1510 4001 1659 4057 velut
1683 4000 2016 4071 adjuvandus
2044 4000 2164 4069 ejus

577 4096 863 4165 praesentia
890 4095 1213 4151 sanctitatis.

647 4187 890 4244 XXXVI.
923 4186 1023 4261 [lb.
1047 4202 1124 4257 vt,
1151 4185 1271 4261 20.]
1314 4184 1493 4255 Quaari
1540 4190 1715 4255 potest
1756 4192 1921 4254 quare
1949 4181 2169 4238 Gedeon

576 4296 740 4345 ausus
766 4280 925 4336 fuerit
952 4280 1269 4336 sacriﬁcium
1300 4277 1495 4333 oﬁ‘erre
1528 4278 1639 4331 Deo
1665 4284 1857 4346 prater
1886 4275 2062 4330 locum
2080 4275 2170 4329 ubi

575 4374 806 4446 iusserat
852 4373 1028 4429 Deus?
1075 4373 1278 4427 Prauer
1334 4370 1730 4427 tabernaculum
1778 4371 1972 4440 quippe
2012 4383 2169 4424 suum

575 4466 719 4522 Deus
746 4466 1091 4535 prohibuerat
1113 4464 1403 4520 sacriﬁcari
1433 4464 1533 4518 sibi
1570 4460 1751 4537 (Deut.
1781 4477 1853 4516 χιι
1873 4502 1890 4529 ,
1928 4461 2053 4533 1ὅ);
2082 4462 2169 4517 cui

575 4559 919 4613 tabernaculo
950 4558 1208 4629 templum
1254 4567 1435 4627 postea
1467 4555 1729 4610 successit
1756 4572 1769 4610 :
1801 4564 2043 4624 tempore
2069 4569 2166 4609 au-

575 4658 687 4705 tem
712 4662 821 4720 quo
851 4649 946 4703 luit
971 4649 1213 4715 Gedeon,
1246 4648 1647 4703 tabernaculum
1680 4647 1772 4701 Dei
1798 4646 1985 4702 eratin
2010 4646 2123 4703 Silo
2149 4660 2166 4713 ;

574 4750 737 4813 atque
785 4741 913 4797 ideo
950 4742 1058 4797 illic
1101 4749 1309 4797 tantum
1350 4741 1583 4812 legitime
1629 4751 1810 4811 posset
1855 4738 2166 4797 sacriﬁcari.

574 4834 681 4891 Sed
735 4832 1141 4905 intelligendum
1186 4841 1270 4888 est
1314 4832 1455 4903 quod
1504 4833 1653 4888 illum
1698 4834 1947 4903 angelum
1993 4832 2169 4904 primo

575 4927 899 4999 prophetam
931 4934 1228 4997 putaverat,
1256 4934 1311 4981 et
1351 4936 1604 4996 tanquam
1638 4926 1801 4981 Deum
1832 4926 1884 4980 in
1913 4926 2005 4979 illo
2032 4940 2169 4981 con-

575 5019 817 5075 suluerat
856 5018 933 5074 de
974 5016 1249 5073 oﬁ‘erendo
1274 5015 1579 5073 sacriﬁcio:
1610 5010 1755 5088 quod:
1782 5017 1870 5071 ille
1908 5017 1952 5071 si
1980 5015 2167 5089 prohi-

446 5102 459 5111 ’
576 5110 815 5176 buisset,
846 5122 954 5164 non
982 5110 1163 5180 utique
1190 5108 1382 5174 ﬁeret;
1414 5108 1508 5163 sed
1541 5108 1792 5179 quoniam
1830 5110 2165 5178 approbavit,

574 5211 708 5257 etut
746 5201 899 5258 ﬁeret
922 5204 1129 5269 annuit,
1179 5202 1271 5257 Dei
1316 5202 1686 5257 auctoritatem
1737 5200 1955 5257 Gedeon
1985 5201 2041 5257 in
2083 5199 2166 5257 fa-

575 5294 768 5349 ciendo
793 5304 1006 5350 secutus
1041 5302 1144 5349 est.
1179 5292 1253 5348 Ita
1280 5295 1475 5365 quippe
1500 5294 1638 5347 Deus
1664 5294 1896 5364 legitima
1927 5294 2017 5348 illa
2038 5308 2168 5349 con-

580 5384 774 5450 stituit,
803 5394 864 5440 ut
890 5384 1037 5456 teges
1063 5399 1170 5439 non
1195 5383 1318 5448 sibi,
1360 5384 1455 5438 sed
1484 5384 1788 5439 hominibus
1818 5383 1986 5440 daret.
2015 5382 2168 5441 Unde

578 5480 949 5552 quodcumque
979 5491 1173 5549 praeter
1197 5479 1285 5535 illa
1330 5480 1444 5548 ipse
1481 5480 1762 5548 prazcepit,
1797 5493 1900 5533 non
1928 5494 1960 5534 a
1988 5490 2167 5534 trans-

579 5572 936 5643 gressoribus,
967 5572 1061 5627 sed
1092 5572 1265 5641 potius
1294 5586 1325 5625 a
1360 5570 1459 5641 piis
1481 5578 1537 5623 et
1570 5570 1936 5626 obedientibus
1979 5560 2169 5642 imple-

581 5674 694 5720 tum
723 5662 1118 5736 int‘elligendum
1147 5673 1229 5720 est
1258 5682 1273 5720 :
1300 5664 1437 5718 sicut
1457 5663 1724 5718 Abraham
1747 5665 1813 5720 de
1843 5666 2166 5723 immolando

578 5758 687 5813 ﬁlio
709 5756 863 5828 (Gen.
893 5773 1030 5827 nu,
1053 5756 1138 5829 2).
1165 5755 1302 5813 Nam
1328 5765 1381 5812 et
1400 5757 1480 5813 sic
1509 5756 1654 5811 Elias
1674 5766 1825 5812 extra
1852 5759 2167 5816 tabernacu-

578 5848 689 5907 lum
720 5848 929 5905 Domini
952 5850 1020 5907 ad
1037 5849 1431 5908 convinceudos
1452 5849 1761 5907 sacerdotes
1789 5849 2173 5911 idolorumsaw
2202 5936 2221 5944 _

1357 379 1824 459 QUESTIONUI!
1859 385 1918 443 S.
1958 374 2321 443 AUGUSTINI
2358 380 2425 442 IN
2463 374 3025 441 HEPTATEUCIIUM

2269 500 2526 559 criﬁcavit
2553 497 2644 573 (III
2677 498 2807 571 Reg.
2852 512 3005 565 xvut,
3032 495 3269 569 50-58):
3298 494 3443 567 quod
3487 510 3563 555 ex
3584 512 3857 572 pracepto

2270 593 2478 649 Domini
2510 590 2705 648 fecisse
2732 588 3107 660 intelligendus
3129 596 3230 653 est,
3263 589 3353 659 qui
3380 590 3429 644 ei
3455 597 3707 661 tanquam
3729 607 3857 662 pro-

2270 685 2445 755 phetae
2473 683 2794 739 revelatione
2812 692 2971 753 atque
2998 682 3344 754 inspiratione
3364 683 3523 751 jussit
3543 692 3601 738 ut
3621 682 3843 740 iaceret.

2268 776 2580 845 Quanquam
2633 782 2778 830 tanta
2825 772 3154 831 consuetudo
3212 783 3408 843 prater
3454 775 3855 831 tabernaculum

2267 865 2601 923 sacriﬁcandi
2621 865 2922 929 crebuerat,
2950 874 3009 920 ut
3046 866 3207 920 etiam
3248 864 3502 921 Salomon
3547 867 3599 921 in
3630 870 3861 924 excelsis

2267 944 2985 1025 saeriﬁcasseinveniatur,
3029 973 3131 1014 nec
3172 958 3291 1029 ejus
3330 960 3650 1017 sacriﬁcium
3694 960 3863 1017 fuisse

2265 1054 2606 1126 reprobatum
2633 1051 2746 1124 (Id.
2777 1068 2857 1115 Ill,
2886 1052 3067 1123 4-15).
3090 1051 3160 1106 Et
3186 1062 3365 1107 tamen
3394 1062 3647 1107 notantur
3676 1069 3855 1123 reges,

2266 1146 2355 1215 qui
2382 1145 2522 1201 inter
2564 1156 2725 1215 Opera
2753 1143 3039 1199 laudabilia
3077 1158 3171 1198 sua
3208 1155 3317 1199 non
3347 1143 3727 1199 destruxerunt
3763 1162 3861 1198 cx-

2266 1237 2431 1299 celsa,
2456 1236 2547 1291 ubi
2566 1244 2752 1292 contra
2777 1235 2976 1305 Legem
3014 1235 3107 1289 Dei
3137 1236 3365 1305 populus
3403 1236 3703 1291 sacriﬁcare
3730 1252 3864 1290 eon-

2267 1337 2520 1385 sueverat
2546 1346 2559 1381 :
2589 1338 2644 1384 et
2670 1328 2760 1399 qui
2792 1327 3079 1391 destruxit,-
3107 1326 3308 1396 majore
3338 1327 3719 1396 prtedicatione
3748 1329 3863 1381 lau-

2266 1422 2438 1478 datur.
2473 1421 2547 1475 Ita
2578 1421 2720 1476 Deus
2758 1419 3200 1475 consuetudinem
3231 1420 3409 1489 populi
3438 1420 3519 1474 sui
3546 1460 3562 1485 ,
3588 1436 3689 1490 qua
3725 1436 3864 1489 prm-

2268 1522 2349 1569 ter
2377 1514 2491 1584 ejus
2522 1512 2943 1579 tabernaculum,
2969 1521 3146 1566 tamen
3174 1525 3282 1566 non
3310 1510 3413 1566 diis
3442 1511 3635 1566 alienis
3664 1511 3864 1566 oﬁ‘erc-

2266 1605 2413 1671 bant,
2444 1604 2538 1661 sed
2564 1604 2788 1660 Domino
2818 1604 2932 1660 Deo
2972 1617 3092 1671 suo,
3139 1604 3437 1659 sustinebat
3482 1604 3656 1675 potius
3700 1620 3864 1673 quam

2266 1697 2514 1763 vetabat,
2539 1698 2699 1753 etiam
2730 1696 2807 1752 sic
2834 1695 3127 1752 exaudiam
3154 1695 3461 1752 oferentes.
3516 1696 3630 1752 Hoc
3675 1707 3866 1751 autem

2266 1788 2408 1859 quod
2434 1789 2655 1845 Gedeon
2699 1788 2826 1844 fecit
2844 1829 2859 1851 ,
2886 1788 3007 1859 quis
3050 1803 3158 1843 non
3188 1788 3450 1858 intelligat
3482 1803 3581 1859 per
3605 1789 3867 1859 angelum

2270 1891 2647 1952 procuratum,
2688 1891 2745 1936 ut
2791 1882 3101 1953 prophetico
3138 1880 3312 1949 ﬁeret,
3361 1881 3415 1936 in
3439 1895 3541 1952 qua
3580 1881 3867 1951 prophetia

2268 1982 2416 2044 petra
2462 1974 2552 2028 illa
2592 1973 3093 2029 commendaretur?
3137 1972 3234 2028 Cui
3279 1972 3495 2043 quidem
3537 1982 3702 2043 petra:
3752 1987 3867 2027 non

2269 2065 2623 2121 sacriﬁcatum
2665 2075 2787 2132 est,
2840 2065 2937 2121 sed
2978 2066 3046 2121 de
3087 2066 3181 2121 illa
3226 2066 3362 2137 ignis
3405 2077 3869 2122 commemoratur

2269 2160 2489 2227 esiisse,
2521 2174 2628 2229 quo
2654 2159 2971 2214 sacriﬁcium
2996 2166 3423 2213 consumeretur.
3453 2158 3581 2214 Sive
3597 2159 3741 2214 enim
3765 2171 3872 2228 per

2269 2267 2483 2323 aquam,
2512 2267 2671 2322 quam
2701 2265 2955 2322 percussa
2986 2262 3135 2321 petra
3171 2251 3357 2307 alludit
3382 2253 3434 2306 in
3461 2266 3646 2308 eremo
3668 2251 3871 2323 (Nam.

2271 2358 2370 2411 ιι,
2398 2343 2455 2414 2)
2472 2384 2486 2408 ,
2512 2343 2627 2398 sive
2654 2359 2748 2413 per
2776 2344 2951 2414 ignem
2978 2382 2995 2407 ,-
3019 2343 3223 2398 donum
3250 2343 3481 2413 Spiritus
3509 2344 3677 2398 sancti
3699 2344 3875 2414 signi-

2271 2433 2491 2499 ﬁcatur,
2524 2434 2667 2505 quod
2695 2434 2957 2489 ditissime
2997 2434 3257 2488 Dominus
3280 2433 3529 2489 Christus
3557 2432 3745 2488 euadit
3772 2448 3877 2488 su-

2272 2543 2367 2599 per
2395 2543 2513 2583 nos.
2553 2528 2687 2583 Nam
2728 2528 2864 2583 etin
2904 2528 3194 2598 Evangelia
3238 2526 3590 2597 signiﬁcatum
3635 2535 3723 2582 est
3760 2526 3876 2581 hoe

2272 2621 2471 2675 donum
2500 2635 2595 2690 per
2619 2634 2833 2689 aquam,
2863 2620 2950 2673 ubi
2974 2620 3088 2689 ipse
3110 2619 3365 2673 Dominus
3393 2620 3486 2684 ait,
3512 2618 3573 2674 Si
3600 2619 3712 2689 quis
3734 2619 3870 2685 sitit,

2273 2715 2438 2768 veniat
2463 2724 2509 2768 et
2535 2714 2669 2767 bibat
2691 2728 2710 2767 :
2736 2714 2823 2785 qui
2845 2713 3005 2767 credit
3032 2714 3085 2766 in
3111 2728 3217 2777 me,
3248 2713 3381 2767 sicut
3407 2712 3530 2766 dicit
3554 2710 3835 2783 Scriptura
3851 2744 3875 2781 ,η

2272 2806 2486 2877 ﬂumina
2520 2806 2584 2860 de
2607 2813 2776 2860 uentre
2816 2806 2926 2876 ejus
2948 2806 3109 2876 ﬂuent
3136 2820 3282 2875 aqua
3308 2806 3475 2872 siste;
3507 2802 3599 2859 ubi
3624 2802 3878 2876 Evange-

2275 2896 2395 2952 Iista
2431 2896 2724 2966 subjuuxit,
2760 2894 2872 2949 Hoc
2917 2906 3093 2950 autem
3135 2895 3328 2950 dicebat
3370 2896 3434 2950 de
3473 2895 3675 2967 Spiritu
3718 2910 3880 2967 quem

2274 2992 2529 3063 accepturi
2554 3000 2695 3047 eram
2719 2992 2973 3045 credentes
2996 2991 3048 3044 in
3075 3007 3189 3045 eum
3216 2990 3394 3064 (Joan.
3423 3004 3519 3058 vn,
3542 2991 3757 3062 37-39).
3781 2990 3879 3046 Si-

2274 3082 2579 3153 gniﬁcatutn
2620 3092 2705 3138 est
2735 3093 2786 3138 et
2814 3096 2910 3152 per
2940 3082 3141 3152 ignem,
3167 3083 3255 3137 ubi
3297 3083 3541 3137 veniente
3582 3082 3673 3137 illo
3700 3072 3882 3152 super

2274 3184 2624 3247 congregatos
2650 3176 2861 3245 legitur,
2895 3172 3028 3229 Vise
3049 3183 3164 3229 sunt
3189 3174 3291 3229 iiiis
3312 3174 3500 3246 lingua
3530 3174 3704 3228 divise
3731 3175 3883 3228 utut

2274 3269 2515 3341 ignis,qui
2529 3277 2575 3321 et
2590 3267 2770 3321 insedit
2787 3283 2938 3337 super
2955 3282 3355 3337 emerguntque
3364 3283 3539 3322 eorum
3554 3267 3691 3338 (Act.
3706 3280 3768 3332 tr,
3781 3266 3877 3338 3):

2274 3370 2329 3416 et
2356 3361 2470 3431 ipse
2500 3361 2753 3415 Dominus
2792 3360 2905 3425 ait,
2939 3358 3116 3430 Ignem
3138 3360 3249 3413 veni
3276 3361 3471 3414 mittere
3497 3374 3651 3432 super
3678 3370 3879 3415 terrain

2275 3452 2422 3525 (Luc.
2453 3468 2546 3515 xu,
2575 3452 2691 3523 t9).

2346 3542 2611 3599 XXXVII.
2642 3542 2738 3616 [ιιι.
2769 3540 2971 3616 νη,6.]›
2995 3541 3064 3596 Et
3091 3542 3257 3614 factm
3300 3552 3373 3598 est
3411 3558 3654 3599 nutrieras
3689 3558 3879 3599 eorum

2273 3636 2359 3707 qui
2402 3635 2721 3691 tambuertmt
2760 3652 2916 3689 manu
2958 3650 3086 3702 sita,
3114 3636 3290 3707 lingua
3332 3651 3445 3703 sua,
3496 3636 3707 3690 trecenti
3747 3638 3875 3690 viri.

2275 3727 2523 3797 Plerique
2566 3728 2717 3781 latini
2754 3727 2968 3783 codices
2996 3742 3100 3783 non
3148 3728 3367 3795 habent,
3408 3744 3564 3783 manu
3606 3745 3723 3796 sua,
3770 3729 3881 3786 sed

2275 3820 2670 3885 tantummodo,
2700 3821 2876 3891 largita
2912 3837 3041 3889 sua,
3072 3822 3324 3891 quoniam
3367 3822 3447 3877 sic
3488 3823 3883 3879 intellexerunt

2275 3911 2416 3981 quod
2457 3926 2616 3981 supra
2646 3910 2847 3966 dictum
2883 3922 2967 3967 est
2989 3954 3005 3980 ,
3038 3914 3168 3968 sicut
3209 3929 3360 3970 canes
3389 3929 3409 3969 :
3431 3928 3641 3985 graecus
3685 3924 3879 3972 autem

2275 4002 2436 4058 habet
2462 4014 2765 4074 utrumque,
2796 4021 2953 4059 ntanu
2977 4022 3090 4073 sua,
3119 4005 3296 4079 lingua
3314 4024 3427 4075 sua,
3453 4017 3510 4063 ut
3540 4010 3880 4080 intelligatur

2275 4096 2418 4166 quod
2449 4111 2610 4151 manu
2636 4111 2829 4166 aquam
2857 4106 3067 4167 raptam
3095 4103 3146 4153 in
3172 4112 3235 4153 os
3268 4099 3655 4171 projiciebant;
3684 4110 3739 4157 et
3764 4101 3880 4157 hoc

2274 4196 2392 4243 erat
2418 4187 2593 4243 simile
2618 4187 2921 4243 bibentibus
2958 4190 3201 4257 canibus,
3227 4192 3317 4261 qui
3344 4204 3463 4245 non’
3477 4206 3574 4247 ore
3597 4194 3875 4262 apposito,

2276 4278 2416 4335 sicut
2446 4278 2631 4345 boves,
2661 4293 2853 4349 aquam
2882 4279 3081 4335 ducunt
3112 4296 3272 4352 quam
3296 4281 3485 4337 bibunt
3507 4324 3522 4350 ,
3556 4284 3649 4338 sed
3689 4285 3878 4355 lingua

2276 4368 2329 4423 in
2352 4384 2415 4423 os
2440 4369 2693 4439 rapiunt,
2724 4370 2864 4425 sicut
2906 4372 3065 4426 etiam
3115 4373 3207 4427 isti
3242 4373 3611 4447 intelliguntur
3656 4375 3876 4442 fecisse,

2273 4463 2371 4520 sed
2400 4479 2522 4519 cum
2552 4478 2713 4519 manu
2736 4464 2790 4519 in
2818 4478 2880 4519 os
2899 4478 3093 4535 aquam
3135 4466 3480 4536 projicerent,
3509 4483 3667 4538 quam
3691 4470 3887 4539 lingua

2274 4556 2602 4627 exciperent.
2632 4555 2764 4611 Nam
2802 4565 2857 4611 et
2886 4557 3254 4628 interpretatio
3296 4573 3361 4612 ex
3404 4558 3621 4615 hebraeo
3660 4561 3881 4629 planius

2274 4646 2328 4702 id
2351 4646 2511 4703 habet
2540 4647 2623 4703 his
2661 4648 2862 4716 verbis,
2908 4646 3033 4703 Fuit
3072 4649 3243 4723 itaque
3282 4666 3527 4706 nutrcem
3563 4668 3739 4707 eorum
3780 4653 3879 4724 qui

2274 4755 2431 4793 manu
2452 4740 2505 4794 in
2530 4755 2586 4795 os
2606 4740 2899 4813 proﬁciente
2925 4757 3109 4810 aquam
3146 4742 3489 4810 lamberet-ant,
3520 4745 3722 4799 trecenti

2271 4828 2459 4901 Neque
2473 4831 2614 4885 enim
2634 4831 2809 4887 solent
2824 4830 3069 4888 homines
3085 4833 3155 4887 ita
3186 4832 3390 4899 bibere,
3414 4845 3472 4890 ut
3485 4835 3605 4891 sine
3620 4850 3725 4906 ope
3751 4850 3876 4891 ma-

2274 4938 2378 4979 nus
2394 4966 2409 4990 ,
2438 4924 2638 4994 lingua,
2664 4924 2799 4980 sicut
2823 4938 3004 4993 canes,
3027 4940 3218 4995 aquam
3259 4925 3507 4983 hauriant
3533 4946 3549 4981 :
3577 4937 3671 4983 aut
3697 4929 3715 4961 ³
3737 4942 3874 4985 vero

2274 5014 2391 5070 istis
2422 5026 2745 5086 praeceptum
2790 5016 2961 5073 fuerat
2984 5026 3043 5071 ut
3070 5016 3172 5072 hoc
3203 5018 3440 5075 facerent
3467 5036 3481 5073 :
3523 5020 3629 5076 sed
3656 5036 3778 5077 cum
3799 5021 3873 5078 ad

2273 5106 2564 5162 bibendum
2593 5106 3005 5163 descendissent
3029 5108 3095 5163 ad
3122 5123 3314 5181 aquam
3334 5152 3350 5177 ,
3380 5112 3531 5166 multi
3556 5120 3697 5183 genu
3724 5112 3871 5169 ﬂexo

2274 5198 2544 5265 biberunt,
2574 5200 2715 5270 quod
2736 5200 2942 5255 facilius
2969 5209 3025 5257 et
3048 5202 3257 5259 minore
3281 5203 3463 5259 labore
3498 5203 3649 5260 ﬁeret
3672 5222 3695 5271 ;<
3712 5206 3875 5275 pauci

2273 5305 2401 5345 vero
2424 5292 2545 5362 quia
2576 5306 2684 5347 non
2705 5290 2844 5347 ﬁexo
2868 5308 3012 5364 genu
3056 5309 3115 5349 se
3140 5295 3583 5363 inclinaverunt;
3602 5305 3661 5351 ut
3698 5310 3875 5352 canes

2273 5381 2542 5451 biberunt,
2575 5384 2670 5440 sed
2693 5400 2829 5455 aqua
2850 5401 3007 5441 manu
3035 5386 3089 5441 in
3116 5400 3180 5442 os
3211 5386 3376 5458 μου.
3403 5386 3641 5455 Quorum
3677 5400 3868 5443 nume-

2273 5489 2387 5542 rus,
2415 5476 2540 5546 quia
2565 5478 2788 5533 trecenti
2823 5486 2999 5543 erant,
3030 5478 3240 5549 signum
3268 5477 3503 5533 insinuat
3534 5478 3712 5534 crucis
3738 5494 3845 5549 pro

2276 5576 2398 5638 pter
2427 5568 2655 5623 litteram
2687 5569 2729 5623 Τ
2767 5582 3020 5640 grumam,
3051 5586 3153 5640 qua
3177 5570 3277 5627 iste
3313 5586 3569 5626 numerus
3593 5571 3846 5642 signiﬁca-

2274 5667 2391 5725 tur;
2425 5676 2519 5730 per
2551 5676 2707 5730 quam
2735 5660 2893 5716 etiam
2919 5671 3103 5733 gentes
3134 5663 3302 5735 magis
3327 5664 3379 5719 in
3408 5664 3718 5719 cruciﬁxum
3747 5677 3838 5719 cre

2271 5753 2472 5809 dituras
2519 5754 2913 5825 praeﬁguratum
2962 5762 3069 5824 est,
3115 5755 3267 5827 quod
3312 5755 3491 5813 Iittera
3532 5766 3712 5829 graeca
3753 5764 3854 5813 est.

2337 5867 2353 5898 ί
2381 5871 2429 5914 tu
2450 5872 2585 5921 ων..
2607 5869 2685 5917 αι·
2718 5871 2776 5915 Ι.
