4136 6490
362 409 468 473 805

358 522 515 581 Unde
542 519 853 579 Graecorum
881 518 1101 577 nomine
1119 515 1405 591 Apostolus
1431 532 1618 576 omnes
1639 530 1829 591 gentes
1869 519 1947 575 si-

358 613 595 685 gniﬁcat,
618 627 743 669 cum
764 611 913 677 dicit,
944 609 1133 667 Iudico
1160 611 1381 681 primaut
1405 619 1454 665 et
1474 607 1651 667 Graeco
1680 609 1856 681 (Rom.
1880 626 1940 677 ιι,

360 706 553 775 9,10),
586 713 670 772 ει,
712 701 916 761 Iudicis
937 711 985 758 et
1024 700 1215 759 Graecis
1244 701 1288 772 (Ι
1316 701 1433 758 Cor.
1458 717 1499 767 ι,
1532 699 1663 773 24);
1705 716 1846 771 saepe
1873 701 1946 756 ita

358 814 785 857 commemorans
810 797 1270 855 circumcisionem
1312 804 1370 852 et
1408 795 1755 866 praeputium,
1802 792 1945 863 quod

360 893 412 946 in
443 890 634 960 linguis
661 889 897 960 gentium
940 902 1113 959 graeca
1157 888 1230 943 ita
1272 887 1523 952 excellat,
1561 896 1620 943 ut
1663 900 1757 956 per
1806 884 1949 940 hanc

356 996 549 1039 manes
572 981 826 1037 decenter
851 980 1238 1052 signiﬁcentur.
1268 979 1375 1034 Iste
1396 992 1653 1035 numerus
1667 985 1721 1032 et
1744 977 1797 1032 in
1826 990 1944 1031 ver-

358 1069 563 1130 naculis
594 1070 823 1127 Abrahae
861 1068 1364 1127 animadvertendus
1386 1076 1504 1135 est,
1545 1083 1640 1139 per
1677 1081 1813 1138 quos
1840 1065 1944 1120 fra-

360 1176 496 1222 trem
517 1164 587 1218 ab
613 1162 857 1219 hostibus
886 1160 1144 1226 liberavit,
1179 1159 1391 1231 quando
1413 1174 1537 1216 eum
1556 1154 1944 1214 Melchisedech

368 1256 423 1310 in
451 1270 642 1323 magno
678 1254 933 1327 mysterio
968 1252 1257 1311 benedixit.
1285 1250 1439 1325 Quod
1486 1250 1627 1305 enim
1652 1249 1947 1306 exuberant

360 1350 467 1405 ilﬁc
494 1348 679 1404 decem
707 1354 760 1401 et
775 1356 896 1402 octo
932 1344 1078 1418 (nam
1100 1344 1325 1402 trecenti
1344 1343 1530 1399 decem
1555 1352 1611 1399 et
1636 1350 1758 1398 octo
1783 1340 1946 1396 fuisse

360 1438 669 1515 referuntur
697 1435 850 1510 [Gem
881 1451 996 1501 xiv,
1026 1433 1262 1507 ιιι-20]),
1295 1433 1503 1488 videtur
1527 1433 1655 1489 mihi
1681 1431 1949 1502 signiﬁcar-

360 1540 471 1585 tum
491 1545 598 1600 quo
626 1529 787 1585 etiam
811 1536 1050 1598 tempore
1076 1526 1271 1590 ﬁeret,
1301 1524 1355 1580 id
1376 1534 1459 1579 est
1488 1524 1660 1589 tertio,
1690 1521 1835 1594 quod
1864 1521 1947 1578 fu-

361 1632 536 1677 turum
564 1629 680 1676 erat
708 1621 808 1676 sub
827 1619 1015 1690 gratia.
1043 1617 1177 1674 Nam
1207 1617 1446 1689 primum
1470 1624 1556 1673 est
1576 1623 1699 1671 ante
1726 1615 1944 1685 Legem,

357 1713 653 1770 secundum
671 1711 773 1767 sub
796 1711 954 1781 Lege,
984 1710 1198 1767 tertium
1224 1708 1325 1766 sub
1348 1707 1549 1765 Gratia.
1578 1706 1797 1778 Singula
1818 1722 1946 1763 vero

360 1816 599 1875 tempora
622 1803 839 1858 senario
853 1817 1079 1858 numero
1098 1801 1392 1873 signiﬁcata
1419 1806 1544 1857 sunt
1568 1806 1785 1870 propter
1811 1814 1937 1869 per-

357 1896 640 1952 fectionem
671 1911 686 1949 :
711 1909 834 1953 nam
874 1902 958 1950 ter
984 1893 1123 1957 seni,
1165 1891 1354 1948 decem
1382 1899 1438 1946 et
1466 1900 1588 1946 octo
1618 1898 1763 1946 sunt.
1793 1889 1951 1947 Unde

357 1998 411 2045 et
434 1990 521 2044 illa
550 1988 744 2045 mulier
768 1988 954 2044 decem
993 1995 1049 2042 et
1091 1994 1213 2043 octo
1250 1999 1422 2040 annos
1452 1983 1684 2040 habebat
1711 1984 1764 2038 in
1792 1982 1946 2037 inﬁr-

355 2082 562 2147 mitate,
591 2095 748 2152 quam
771 2095 991 2135 curvam
1040 2077 1285 2134 Salvator
1312 2090 1435 2132 cum
1471 2076 1795 2142 invenisset,
1825 2090 1945 2131 ere-

357 2171 456 2238 xit,
483 2182 587 2229 eta
616 2171 815 2227 diaboli
841 2170 1185 2240 alligamento
1209 2208 1227 2233 ,
1258 2176 1317 2227 ut
1345 2166 1695 2237 Evangelium
1725 2165 1945 2233 indicat,

359 2263 521 2317 solvit
549 2261 700 2331 (Luc.
733 2277 850 2329 nu,
902 2259 1117 2332 ll-l'5).
1156 2259 1290 2315 Nam
1315 2257 1461 2331 quod
1503 2256 1578 2312 ita
1616 2256 1704 2313 isti
1740 2256 1948 2327 probati

357 2363 505 2419 sunt,
528 2370 627 2424 per
646 2368 781 2424 quos
812 2353 1050 2409 vinceret
1068 2351 1310 2419 Gedeon,
1334 2358 1394 2405 ut
1414 2349 1618 2406 similes
1638 2350 1690 2404 in
1717 2348 1948 2406 bibendo

357 2447 576 2500 canibus
605 2444 929 2509 dicerentur,
955 2442 1222 2514 signiﬁcat
1269 2441 1413 2513 quod
1446 2441 1863 2510 contemptibilis
1893 2450 1952 2497 et

358 2536 608 2608 ignobilia
645 2538 805 2607 elegit
839 2536 1092 2593 Dominus
1136 2535 1181 2609 (ι
1198 2532 1315 2592 Car.
1340 2550 1384 2602 ι,
1404 2534 1545 2605 28):
1577 2549 1675 2604 pro
1698 2542 1949 2589 contem-

360 2640 453 2698 ptu
478 2630 619 2684 enim
648 2627 874 2683 habetur
894 2628 1061 2683 canis.
1094 2626 1249 2685 Unde
1288 2626 1456 2692 dicit,
1497 2624 1613 2680 Non
1648 2636 1719 2681 est
1760 2625 1949 2680 bonum

361 2716 536 2774 tollere
562 2736 742 2791 panem
778 2720 1023 2788 ﬁliorum,
1064 2728 1111 2772 et
1138 2718 1330 2772 mittere
1355 2716 1563 2773 canibus
1605 2716 1815 2789 (Matth.
1844 2730 1946 2783 xv,

360 2813 453 2885 26)
486 2832 500 2867 :
533 2823 586 2869 et
612 2815 774 2869 David
800 2822 859 2869 ut
886 2830 945 2870 sc
977 2822 1226 2885 tanquam
1264 2812 1721 2881 contemptibilem
1747 2813 1950 2883 abjice-

361 2914 468 2972 ret,
489 2920 677 2962 canem
700 2921 759 2962 se
781 2906 1071 2982 appellavit
1093 2907 1318 2978 loquens
1336 2904 1404 2961 ad
1420 2905 1547 2961 Saﬁl
1577 2904 1621 2977 (I
1650 2905 1778 2977 Reg.
1792 2921 1947 2975 xxiv,

363 2996 477 3065 ιε).
633 3039 642 3056 .

434 3086 719 3144 XXXVIII.
745 3086 843 3161 [lb.
863 3103 958 3156 vn,
990 3084 1258 3160 11.].Quid
1283 3087 1385 3143 sibi
1399 3087 1509 3142 vult
1528 3087 1667 3159 quod
1693 3088 1949 3158 scriptum

362 3190 466 3246 est,
500 3178 703 3235 Gedeon
726 3180 977 3235 descendit
999 3180 1127 3250 ipse,
1154 3188 1202 3234 et
1234 3178 1407 3234 Pharo
1432 3196 1555 3251 puer
1580 3183 1713 3251 ejus,
1741 3180 1796 3235 in
1824 3197 1950 3249 par-

364 3284 463 3328 tem
508 3274 895 3345 quinquaginta,
930 3273 1017 3345 qui
1064 3281 1206 3328 erant
1249 3273 1305 3326 iu
1346 3274 1524 3328 castris
1563 3290 1578 3326 :
1621 3272 1763 3343 quod
1797 3273 1947 3329 latini

364 3366 581 3437 quidam
609 3364 822 3421 codices
851 3366 1073 3432 habent,
1107 3366 1162 3419 in
1188 3381 1299 3418 eam
1329 3374 1525 3434 partem
1568 3365 1621 3419 iis
1665 3381 1767 3437 qua
1807 3372 1952 3419 erant

364 3456 702 3529 quinquageni
741 3456 970 3511 custodes
1006 3456 1059 3510 in
1085 3457 1295 3520 castris;
1341 3455 1431 3510 alii
1460 3471 1612 3522 vero,
1656 3456 1712 3510 in
1755 3465 1957 3526 partem

364 3550 830 3621 quinquagesimum
853 3550 906 3603 in
942 3549 1147 3603 castra?
1188 3546 1485 3603 Obscurum
1525 3549 1720 3619 quippe
1748 3548 1955 3605 dictum

366 3640 547 3712 plures
572 3640 863 3697 sententias
901 3641 1249 3711 interpretum
1288 3639 1435 3696 fecit.
1465 3639 1575 3697 Sed
1609 3650 1703 3696 aut
1737 3656 1801 3698 ea
1826 3656 1957 3711 pars

370 3740 670 3787 castrorum
701 3740 843 3801 erat,
865 3746 1026 3802 quam
1052 3731 1336 3787 servabant
1361 3730 1740 3803 quinquaginta
1767 3741 1950 3788 custo-

367 3822 495 3889 des;
526 3831 638 3888 aut,
662 3822 708 3877 si
736 3822 1093 3893 quinquageni
1116 3821 1449 3891 intelligendi
1468 3831 1590 3877 sunt
1617 3822 1952 3894 circumqua-

368 3932 471 3986 que
512 3931 776 3983 servasse,
804 3917 855 3969 in
883 3931 1045 3971 unam
1070 3923 1273 3986 partem
1318 3914 1410 3971 isti
1447 3914 1837 3972 descenderunt
1863 3915 1953 3972 ubi

367 4015 521 4062 erant
544 4007 945 4078 quinquaginta.

443 4098 689 4155 XXXIX.
721 4098 820 4172 [lb.
848 4115 923 4155 vn
945 4140 963 4167 ,
993 4094 1109 4173 13.]
1133 4097 1287 4167 Quod
1331 4097 1421 4154 ille
1448 4098 1539 4169 qui
1583 4099 1829 4169 proximo
1854 4114 1954 4155 suo

369 4193 635 4247 somnium
666 4192 919 4259 narravit,
953 4191 1098 4263 quod
1121 4189 1324 4247 audivit
1348 4189 1599 4256 Gedeon,
1620 4200 1677 4245 ut
1703 4191 1771 4247 de
1794 4192 1956 4248 victo-

370 4283 450 4338 ria
478 4281 653 4339 futura
674 4282 1101 4349 conﬁrmaretur,
1127 4282 1263 4338 dixit
1285 4297 1344 4337 se
1362 4280 1561 4339 vidisse
1586 4298 1824 4338 mensam
1853 4298 1952 4355 pa-

370 4374 456 4429 nis
484 4374 811 4441 hordeacei,
838 4374 1141 4430 volventem
1166 4373 1225 4429 in
1248 4375 1461 4442 castris,
1482 4383 1538 4430 et
1566 4376 1953 4445 percutientem

372 4466 773 4521 tabernaculum
799 4465 1037 4534 Madian,
1079 4474 1137 4522 et
1160 4465 1596 4532 subvertentem;
1625 4466 1729 4522 hoc
1757 4466 1955 4522 intelli-

371 4558 601 4628 gendum
629 4557 860 4614 arbitror
893 4557 1035 4629 quod
1063 4556 1133 4614 de
1156 4558 1376 4613 canibus
1393 4598 1410 4626 ,
1438 4558 1565 4629 quia
1586 4572 1683 4629 per
1707 4567 1955 4615 contem-

372 4650 579 4720 ptihilia
601 4649 782 4705 mundi
812 4648 990 4724 (quod
1027 4648 1291 4721 signiﬁcat
1329 4663 1516 4708 mena
1542 4650 1697 4720 panis
1719 4647 1955 4706 hordea-

374 4738 490 4811 cei)
506 4739 755 4796 Salvator
777 4740 1037 4811 superbos
1063 4737 1238 4796 fuerat
1259 4739 1601 4797 confusurus.

446 4830 559 4886 XL.
588 4828 612 4903 [
637 4830 717 4887 Ib.
744 4846 837 4899 vn,
860 4830 950 4888 9.0.
978 4828 1002 4906 ]
1033 4831 1187 4900 Quod
1237 4831 1521 4887 exclamari
1546 4830 1706 4902 jussit
1736 4830 1958 4889 Gedeon

376 4937 406 4976 a
434 4923 686 4979 trecentis
724 4924 835 4978 suis
858 4965 873 4989 ,
905 4921 1122 4977 Gladius
1165 4921 1383 4977 Domino
1426 4931 1475 4977 et
1516 4920 1741 4989 Gedeon,
1787 4922 1841 4978 id
1874 4931 1961 4981 εει

379 5014 501 5069 huic
531 5015 747 5072 Gedeon
769 5056 786 5080 ,
810 5014 912 5072 hoc
927 5015 1217 5087 significat,
1233 5014 1373 5085 quod
1397 5014 1603 5085 gladius
1626 5015 1679 5071 id
1695 5025 1812 5072 erat
1827 5030 1956 5087 ope-

375 5114 590 5161 raturus
610 5106 749 5176 quod
778 5106 1001 5161 Domino
1028 5107 1261 5175 placeret
1282 5112 1336 5160 et
1362 5104 1601 5162 Gedeon.

447 5194 581 5251 XLI.
616 5194 716 5270 [lb.
748 5195 966 5264 vut,26,
987 5196 1077 5252 27.
1102 5193 1301 5269 ]Qu:eri
1327 5196 1465 5252 solet
1493 5195 1618 5267 quid
1647 5197 1715 5253 sit
1744 5196 1955 5271 Ephud,

376 5288 459 5343 vel
489 5288 676 5360 Ephod
709 5306 722 5341 :
766 5287 908 5360 quod
949 5287 1163 5358 quidem
1208 5287 1253 5342 si
1298 5287 1629 5345 sacerdotale
1673 5298 1758 5346 est
1798 5291 1954 5347 indu-

378 5391 637 5447 mentum,
665 5380 805 5452 quod
833 5381 1068 5451 plerique
1097 5380 1301 5447 dicunt,
1332 5381 1415 5436 vel
1447 5383 1618 5451 potius
1639 5385 1957 5453 superindu-

379 5482 637 5539 mentum,
687 5472 827 5543 quod
873 5477 1106 5541 ὶπὲνδυμα
1147 5487 1321 5544 ςτωεε
1372 5472 1585 5540 dicitur,
1629 5476 1715 5530 vel
1756 5482 1956 5546 ἕπωμις,

375 5564 519 5637 quod
544 5563 710 5634 magis
735 5562 1173 5635 superltumerale
1203 5564 1537 5635 interpretari
1562 5565 1720 5621 latine
1739 5577 1954 5639 potest;

375 5655 571 5711 merito
600 5664 778 5710 movet
801 5654 1067 5727 quomodo
1108 5653 1177 5711 de
1219 5663 1364 5710 tanto
1391 5671 1523 5711 auro
1548 5655 1766 5714 Gedeon
1792 5660 1842 5714 id
1875 5658 1955 5718 fe-

376 5752 530 5807 cerit.
561 5749 697 5805 Nam
743 5750 815 5807 ita
853 5752 1108 5822 scriptum
1152 5760 1237 5807 est
1266 5767 1280 5805 :
1314 5749 1381 5805 Et
1407 5754 1599 5823 factum
1649 5763 1721 5809 est
1758 5757 1960 5826 pondus

380 5843 630 5900 incuriam
657 5859 923 5897 aureorum
948 5859 1074 5915 quas
1099 5844 1331 5916 petierat.
1358 5842 1470 5900 sicli
1490 5845 1627 5901 mille
1653 5849 1954 5919 septingenti

1698 404 1903 495 LIBER
1937 405 2294 471 SEPTIMUS.

3520 418 3627 484 806

2050 524 2183 591 auri,
2213 532 2395 595 prater
2441 525 2720 585 brachialia
2737 538 2785 587 et
2810 538 3008 604 torques
3028 541 3076 589 et
3102 534 3411 605 operimenta
3434 552 3628 607 purpu-

2047 632 2154 682 rea,
2182 634 2293 686 qua:
2312 632 2454 673 erant
2477 637 2630 690 super
2662 639 2801 693 reges
2829 622 3061 690 Madian,
3091 636 3273 697 praeter
3297 638 3492 697 torques
3514 645 3629 697 quin

2048 716 2189 759 erant
2204 710 2256 760 in
2278 709 2546 765 cervicibus
2560 714 2867 767 camelorum
2891 715 3117 785 ipsorum
3135 732 3154 771 :
3173 726 3221 771 et
3237 718 3353 789 fecit
3378 718 3508 773 illud
3528 718 3627 773 Ge-

2048 794 2177 849 deon
2203 797 2257 850 in
2283 798 2471 866 ephud,
2497 810 2543 856 et
2570 803 2746 858 statuit
2771 804 2903 858 illud
2929 807 2983 859 in
3009 806 3205 861 civitate
3226 808 3390 862 suain
3418 807 3624 879 Ephra;

2048 894 2095 940 ct
2118 886 2393 955 fornicatus
2420 901 2493 947 est
2530 896 2694 949 omnis
2732 894 2897 951 Israel
2924 908 3037 968 post
3064 896 3193 952 illud
3227 900 3328 964 ibi;
3357 910 3403 954 et
3432 901 3625 969 factum

2049 987 2121 1032 est
2152 977 2352 1034 Gedeon
2375 991 2420 1036 et
2454 983 2629 1038 domui
2647 985 2756 1056 ejus
2776 986 2830 1040 in
2851 988 3167 1043 scandalum.
3195 990 3477 1058 Quomodo
3498 1008 3626 1063 ergo

2048 1068 2148 1125 ista
2174 1072 2339 1128 vestis
2366 1073 2433 1129 de
2462 1082 2608 1130 tanto
2650 1093 2781 1132 auro
2826 1078 2939 1133 ﬁeri
2965 1079 3174 1149 potuit?
3218 1081 3348 1137 Nam
3378 1092 3429 1137 et
3460 1094 3631 1139 mater

2047 1158 2309 1218 Samuelis
2346 1162 2469 1220 fecit
2510 1165 2617 1247 ﬁlio
2663 1183 2781 1235 suo,
2827 1170 2964 1225 sicut
3005 1171 3251 1239 legimus,
3282 1173 3461 1243 ephud
3511 1173 3627 1240 bar,

2048 1252 2188 1321 quod
2210 1256 2449 1309 nonnulli
2476 1257 2808 1327 interpretati
2830 1270 2955 1314 sunt
2978 1261 3156 1329 ephud
3177 1263 3395 1328 lineam,
3418 1264 3630 1333 quando

2046 1354 2170 1397 eum
2185 1342 2329 1399 dedit
2347 1345 2570 1402 Domino
2586 1348 2639 1403 in
2658 1350 2857 1418 templo
2877 1352 3211 1423 nutriendum
3230 1352 3402 1424 (IReg.
3433 1370 3488 1419 ιι,
3505 1353 3594 1425 18)
3615 1372 3629 1409 :

2050 1432 2139 1488 ubi
2170 1435 2468 1494 evidentius
2496 1450 2715 1509 apparet
2741 1440 2843 1495 hoc
2866 1458 3034 1511 genus
3059 1458 3178 1498 esse
3206 1442 3519 1499 indumenti.
3547 1446 3631 1499 An

2048 1524 2169 1582 ideo
2192 1528 2391 1584 dictum
2419 1539 2521 1598 est,
2552 1532 2723 1586 statuit
2762 1531 2892 1586 illud
2920 1533 2972 1587 in
2999 1534 3196 1588 civitate
3233 1552 3358 1600 sua,
3410 1545 3469 1591 ut
3506 1534 3631 1591 hinc

2048 1617 2434 1690 intelligeretur
2461 1638 2681 1678 aureum
2734 1622 2895 1679 fuisse
2929 1622 3169 1679 factum?
3208 1624 3324 1681 Non
3375 1626 3517 1681 enim
3554 1626 3637 1681 cli-

2047 1720 2191 1767 ctum
2236 1721 2349 1780 est,
2381 1714 2590 1783 posuit,
2629 1715 2723 1771 sed
2756 1717 2965 1779 statuit;
3001 1717 3251 1786 quoniam
3282 1718 3355 1772 ita
3381 1726 3498 1773 erat
3536 1732 3616 1772 so-

2048 1801 2213 1857 lidum
2242 1812 2296 1861 et
2323 1805 2554 1862 validum
2597 1816 2659 1862 ut
2704 1808 2865 1863 statui
2892 1816 3095 1877 posset,
3126 1807 3227 1863 hoc
3254 1818 3373 1877 est,
3400 1808 3637 1879 positum

2047 1901 2211 1949 stare.

2119 1982 2232 2039 Hoc
2265 2000 2392 2056 ergo
2420 1986 2659 2047 illicitum
2681 2003 2803 2044 cum
2828 1988 3041 2045 fecisset
3079 1990 3328 2057 Gedeon,
3357 1992 3637 2061 fornicatus

2048 2085 2119 2130 est
2143 2086 2253 2147 post
2278 2077 2407 2131 illud
2426 2080 2589 2133 cumis
2617 2077 2782 2135 Israel
2799 2121 2813 2147 ,
2847 2081 2901 2134 id
2927 2090 3035 2146 est,
3066 2082 3337 2151 sequendo
3359 2083 3485 2137 illud
3506 2098 3636 2138 con-

2051 2174 2129 2222 tra
2156 2168 2349 2240 Legem
2378 2170 2504 2225 Dei:
2528 2171 2620 2227 ubi
2649 2188 2754 2226 non
2784 2171 2980 2229 frustra
3000 2175 3274 2243 qumritur,
3293 2190 3412 2229 cum
3434 2174 3635 2233 idolum

2049 2275 2157 2314 non
2182 2259 2371 2327 fuerit,
2400 2262 2455 2316 id
2473 2272 2587 2330 est,
2609 2264 2923 2334 cuiusquam
2952 2266 3047 2322 Dei
3072 2266 3189 2321 falsi
3216 2275 3273 2322 et
3289 2268 3447 2322 alieni
3474 2268 3637 2323 simu-

2049 2352 2252 2411 lacrum
2270 2396 2287 2421 ,
2310 2354 2407 2409 sed
2439 2354 2617 2425 ephud
2636 2397 2651 2420 ,
2683 2356 2735 2411 id
2762 2366 2878 2424 est,
2908 2374 3072 2412 unum
3102 2358 3168 2414 de
3187 2359 3535 2415 sacramentis
3559 2367 3637 2414 ta-

2050 2443 2323 2501 bernaculi
2351 2446 2492 2515 quod
2534 2448 2602 2501 ad
2640 2458 2843 2503 vestem
2883 2449 3273 2506 sacerdotalem
3311 2452 3633 2519 pertineret,

2051 2538 2318 2608 quomodo
2339 2539 2739 2596 fornicationem
2758 2539 3030 2610 Scriptura
3052 2543 3195 2599 dicat
3224 2544 3399 2613 populi
3422 2545 3525 2598 ista»
3546 2558 3635 2599 se-

2050 2632 2243 2688 etantis
2267 2640 2425 2703 atque
2450 2634 2773 2689 venerantis.
2805 2633 2931 2690 Ideo
2956 2633 3162 2689 scilicet
3185 2635 3325 2704 quod
3356 2643 3547 2704 pneter
3567 2643 3639 2689 ta-

2052 2725 2399 2782 bernaculum
2426 2725 2542 2791 Dei,
2578 2725 2667 2779 ubi
2692 2735 2848 2780 erant
2893 2726 2992 2780 ista
3018 2741 3135 2795 quae
3166 2726 3237 2781 ibi
3272 2725 3387 2780 fieri
3407 2726 3641 2795 jusserat

2053 2816 2195 2872 Deus
2211 2858 2228 2882 ,
2256 2825 2409 2873 extra
2436 2817 2608 2873 simile
2645 2816 2847 2888 aliquid
2870 2816 2986 2873 ﬁeri
3008 2816 3086 2873 fas
3106 2832 3210 2873 non
3235 2828 3371 2873 erat.
3398 2818 3529 2873 Ideo
3548 2832 3639 2874 se-

2052 2909 2233 2980 quitur
2260 2918 2315 2965 et
2338 2909 2469 2964 dicit
2488 2909 2763 2979 Scriptura
2781 2949 2801 2973 ,
2828 2908 2897 2963 Et
2926 2910 3119 2977 factum
3151 2920 3224 2964 est
3250 2908 3517 2965 Gedeonet
3544 2909 3639 2963 do-

2052 3001 2158 3054 mui
2185 3001 2295 3071 ejus
2323 3001 2377 3054 in
2396 3000 2710 3064 scandalum,
2730 3000 2783 3055 id
2802 3009 2918 3065 est,
2947 3009 3004 3055 ut
3026 3001 3094 3055 ab
3119 3001 3323 3056 offenso
3343 3002 3452 3056 Deo
3474 3001 3644 3057 disce-

2052 3090 2240 3147 deret:
2264 3091 2386 3160 quia
2407 3091 2577 3145 ethoc
2596 3089 2861 3159 quoddam
2887 3104 3055 3161 genus
3080 3090 3205 3145 idoli
3231 3091 3459 3159 quodam
3483 3090 3643 3147 modo

2052 3188 2170 3237 erat
2189 3223 2205 3248 ,
2228 3180 2369 3251 quod
2390 3189 2538 3236 extra
2561 3181 2655 3236 Dei
2686 3178 3085 3236 tabernaculum
3104 3180 3378 3250 quodlibet
3396 3180 3642 3236 manufe-

2052 3282 2196 3329 ctum
2218 3287 2314 3342 pro
2336 3273 2445 3327 Deo
2471 3272 2771 3337 coleretur;
2800 3285 2922 3327 cum
2953 3271 3043 3325 illa
3070 3271 3182 3340 ipsa
3210 3287 3329 3342 qua:
3347 3272 3492 3341 iussa
3517 3280 3649 3330 sunt

2053 3362 2106 3417 in
2132 3362 2471 3419 tabernaculo
2514 3361 2626 3417 ﬁeri
2653 3362 2719 3416 ad
2746 3362 2837 3416 Dei
2864 3361 3039 3432 potius
3062 3363 3259 3417 cultum
3291 3361 3645 3429 referrentur,

2053 3468 2213 3525 quem
2243 3468 2338 3523 pro
2373 3453 2482 3507 Deo
2518 3450 2718 3522 aliquid
2744 3466 2966 3520 eorum,
2992 3460 3086 3507 aut
3112 3466 3211 3523 pro
3235 3453 3331 3509 Dei
3358 3454 3645 3511 sinulaero

2053 3544 2334 3601 colendum
2363 3543 2666 3598 haberetur.

2124 3635 2433 3705 Quanquam
2460 3649 2557 3705 per
2580 3632 2756 3704 ephud
2782 3633 2867 3689 vel
2892 3632 3067 3704 ephud
3088 3675 3105 3701 ,
3135 3649 3199 3690 ea
3236 3633 3502 3691 locutione
3520 3650 3641 3707 quas

2055 3726 2316 3798 signiﬁcat
2341 3741 2370 3779 a
2397 3734 2548 3793 parte
2575 3732 2779 3791 totum,
2810 3724 2990 3779 omnia
3026 3726 3232 3795 possint
3275 3726 3496 3797 intelligi
3523 3742 3645 3797 qua:

2054 3818 2329 3875 constituit
2352 3816 2566 3874 Gedeon
2594 3817 2645 3871 in
2673 3831 2769 3873 sua
2806 3815 3039 3881 civitate,
3073 3818 3232 3872 veluti
3265 3817 3332 3873 ad
3361 3819 3643 3876 colendum

2057 3912 2222 3968 Deum
2252 3911 2445 3965 similia
2471 3910 2813 3967 tabernaculo
2834 3910 2927 3964 Dei
2959 3927 2974 3966 :
3012 3919 3067 3966 et
3088 3920 3364 3980 propterea
3387 3928 3482 3981 per
3503 3913 3638 3980 hoc,

2055 4004 2179 4073 quia
2206 4002 2307 4058 hoc
2325 4013 2408 4058 est
2427 4002 2771 4058 sacerdotalis
2801 4000 3018 4057 honoris
3048 4001 3257 4072 insigne
3276 4042 3294 4070 ,
3323 4004 3464 4072 quod
3500 4019 3644 4073 saepe

2057 4093 2334 4164 Scriptura
2354 4101 2772 4159 commemorat;
2796 4102 2853 4147 ut
2882 4093 2983 4148 hoc
3011 4094 3083 4149 sit
3098 4103 3374 4165 peccatum
3402 4093 3644 4162 Gedeon,

2057 4186 2198 4256 quod
2224 4194 2376 4241 extra
2416 4185 2510 4240 Dei
2549 4184 2949 4239 tabernaculum
2982 4184 3167 4239 fecerit
3198 4184 3398 4254 aliquid
3434 4184 3643 4253 simile,

2057 4278 2149 4334 ubi
2176 4278 2442 4333 coleretur
2467 4278 2608 4332 Deus
2644 4293 2658 4330 :
2694 4292 2805 4332 non
2830 4276 2969 4346 quod
2999 4276 3173 4331 solido
3191 4291 3322 4330 auro
3346 4276 3489 4330 velut
3513 4275 3650 4332 adoa

2058 4369 2283 4425 randum
2314 4369 2646 4425 constituerit
2681 4366 2892 4437 ephud;
2922 4366 3018 4421 sed
3047 4365 3187 4435 quod
3223 4381 3291 4421 ex
3323 4379 3454 4420 auro
3492 4366 3644 4436 ipso,

2059 4460 2202 4532 quod
2231 4468 2371 4516 esset
2413 4460 2480 4515 de
2520 4460 2696 4530 praeda
2715 4499 2730 4523 ,
2762 4458 2950 4515 fecerit
2972 4473 3033 4513 ea
3062 4473 3181 4529 quae
3210 4458 3541 4528 pertinerent
3578 4458 3648 4515 ad

2060 4560 2374 4608 ornamenta
2400 4552 2486 4606 vel
2528 4551 2878 4605 instrumenta
2916 4548 3172 4614 sacrarii,
3200 4566 3319 4620 quae
3342 4551 3519 4606 omnia
3549 4566 3648 4621 per

2067 4642 2245 4715 ephud
2270 4641 2561 4713 signiﬁcata
2578 4650 2737 4709 sunt,
2768 4652 2983 4713 propter
3002 4641 3372 4698 excellentiam
3391 4682 3408 4710 ,
3437 4652 3497 4699 ut
3512 4644 3647 4715 dixi,

2060 4736 2227 4795 vestis
2259 4736 2621 4792 sacerdotalis.
2656 4733 2792 4791 Nam
2813 4742 2873 4792 et
2896 4736 3069 4807 ipsum
3095 4734 3272 4806 ephud
3297 4752 3401 4793 non
3431 4737 3645 4808 quidem

2063 4841 2278 4886 usuro
2296 4827 2411 4883 solo
2435 4827 2549 4883 ﬁeri
2574 4836 2894 4898 praeceptum
2920 4835 3003 4884 est
3021 4869 3036 4893 ,
3062 4828 3107 4883 si
3143 4826 3247 4885 hoc
3276 4838 3358 4885 est
3379 4830 3661 4898 superhu-i

2060 4921 2263 4977 merale
2282 4920 2626 4977 sacerdotalis
2655 4921 2817 4976 vestis
2837 4937 2852 4977 :
2878 4931 3244 4978 verumtamen
3268 4922 3426 4977 etiam
3446 4923 3649 4995 aliquid

2060 5016 2178 5072 auri
2201 5014 2381 5070 habet.
2410 5012 2543 5069 Nam
2563 5028 2631 5070 ex
2659 5029 2791 5070 auro
2826 5021 2883 5070 et
2908 5013 3195 5086 hyacintho
3230 5022 3287 5069 et
3324 5028 3554 5083 purpura
3591 5022 3650 5070 et

2062 5111 2282 5167 coccino
2309 5118 2367 5165 ει
2400 5109 2562 5181 bysso
2594 5116 2653 5163 ut
2692 5108 2887 5175 ﬁeret,
2919 5107 3173 5164 divinitus
3210 5107 3525 5177 inperatum
3563 5112 3651 5162 εει

2064 5201 2257 5274 (Exod.
2279 5217 2473 5270 xxxix,
2493 5200 2550 5273 2)
2576 5216 2593 5257 :
2621 5198 2716 5256 sed
2741 5199 2862 5271 quia
2887 5198 2990 5255 hoc
3017 5200 3087 5254 ita
3115 5207 3403 5269 posuerunt
3425 5199 3650 5268 Septua-

2061 5293 2207 5366 ginta
2235 5295 2548 5364 interpretes
2565 5333 2581 5358 ,
2611 5301 2671 5348 ut
2706 5292 3136 5349 commemoratis
3162 5291 3409 5347 omnibus
3434 5306 3554 5362 quae
3575 5288 3648 5346 de

2064 5386 2247 5456 spoliis
2273 5393 2550 5456 acceperat
2573 5383 2818 5449 Gedeon,
2852 5383 3139 5451 inferrent,
3168 5380 3237 5437 Et
3260 5383 3380 5455 fecit
3397 5380 3529 5437 illud
3548 5379 3650 5437 Ge-

2064 5477 2195 5532 deon
2225 5478 2278 5531 in
2307 5477 2513 5545 ephud;
2548 5474 2756 5531 videtur
2794 5475 2865 5530 ita
2890 5474 3089 5531 dictum
3110 5516 3125 5541 ,
3156 5482 3407 5545 tanquam
3432 5488 3499 5529 ex
3532 5480 3651 5529 toto

2064 5571 2154 5627 illo
2178 5571 2320 5643 quod
2343 5578 2815 5626 commemoratum
2842 5577 2924 5624 est
2940 5609 2958 5636 ,
2982 5568 3084 5625 hoc
3104 5567 3299 5625 factum
3317 5581 3439 5624 esse
3461 5565 3651 5623 creda-

2066 5676 2152 5720 tur
2174 5683 2190 5722 :
2213 5680 2333 5721 cum
2364 5666 2528 5734 possit
2555 5663 2713 5719 etiam
2741 5661 2853 5720 illic
2879 5660 3103 5733 intelligi
3127 5660 3327 5718 locutio
3343 5676 3461 5732 quae
3479 5658 3649 5731 sipi-

2065 5758 2187 5814 ﬁcat
2215 5774 2244 5812 a
2272 5766 2384 5813 toto
2413 5765 2615 5828 partem
2633 5796 2648 5823 ,
2674 5764 2733 5812 ut
2756 5755 2898 5828 quod
2924 5755 3123 5816 dictum
3147 5766 3229 5815 est
3245 5797 3264 5825 ,
3284 5754 3573 5812 Fecitillud
3590 5755 3648 5811 in

2065 5849 2232 5920 ephud
2250 5891 2265 5919 ,
2294 5846 2632 5919 intelligatur.
2656 5846 2784 5907 fecit
2809 5849 2937 5909 inde
2956 5849 3173 5923 ephud,
3189 5850 3308 5917 vel,
3338 5847 3463 5907 fecit
3487 5860 3647 5907 ειεο
