4136 6482
515 426 620 489 807

516 542 693 614 ephud
716 557 732 610 ;
754 552 861 596 non
890 536 1089 593 scilicet
1111 529 1239 589 illud
1269 539 1430 584 totum
1458 540 1776 582 consumens
1802 524 1852 578 in
1878 521 2051 614 ephud
2072 561 2088 588 ,

514 613 610 695 sed
653 651 717 692 ex
760 634 852 690 illo
891 639 1141 703 quantum
1181 623 1477 680 sufficiebat
1515 619 1845 690 impendens.
1874 615 2005 670 Nam
2036 613 2092 668 in

513 728 604 783 illa
631 722 1063 796 interpretatione
1105 733 1224 789 qua:
1266 731 1332 771 ex
1376 713 1592 768 hebrmo
1629 720 1746 777 est,
1774 709 1852 764 sic
1877 707 2088 778 legitur,

513 817 755 889 Fecitque
777 832 840 870 ea:
858 830 916 869 eo
943 811 1142 867 Gedeon
1162 805 1343 879 ephud.
1372 804 1524 872 Quod
1552 803 1694 858 enim
1716 800 1853 872 apud
1879 799 2094 868 Septua-

512 909 656 980 ginta
684 907 934 975 scriptum
959 910 1041 958 est
1064 900 1234 972 ephud
1253 940 1266 965 ,
1296 897 1399 952 hoc
1434 898 1489 950 in
1536 895 1747 950 hebrseo
1785 890 2092 963 perhibetur

511 997 617 1054 dici
641 996 823 1065 ephod.
856 995 968 1048 Non
995 1001 1172 1047 autem
1201 1003 1386 1044 omnes
1411 986 1716 1042 sacerdotes
1745 983 1835 1038 tali
1865 981 2090 1037 uteban-

513 1101 599 1146 tur
625 1085 1065 1159 superhumerali,
1089 1083 1228 1155 quod
1253 1090 1396 1139 esset
1413 1097 1478 1137 ex
1499 1095 1629 1134 auro
1654 1087 1708 1134 et
1735 1075 2018 1149 hyacintho
2037 1083 2092 1130 et

511 1196 739 1251 purpura
769 1189 824 1233 et
853 1177 1072 1232 coccino
1113 1185 1167 1230 et
1195 1175 1353 1245 bysso
1374 1213 1388 1237 ,
1421 1171 1513 1227 scd
1541 1171 1687 1226 solus
1724 1181 1962 1222 summus
1999 1181 2088 1221 sa-

511 1269 718 1325 cerdos.
746 1267 900 1325 Unde
938 1267 1064 1321 illud
1092 1265 1233 1336 quod
1259 1264 1327 1320 de
1355 1263 1601 1319 Samuele
1644 1257 2088 1317 commemoravi-

509 1376 628 1416 mus
664 1360 858 1416 factum
895 1358 968 1413 illi
994 1358 1061 1412 ab
1088 1357 1202 1428 ejus
1228 1364 1397 1410 matre
1417 1397 1431 1422 ,
1461 1369 1564 1408 nou
1605 1361 1718 1409 erat
1744 1352 1922 1423 utique
1948 1351 2085 1405 tale:

509 1451 756 1524 quoniam
780 1465 901 1506 cum
926 1449 1080 1504 datus
1107 1458 1188 1505 est
1212 1446 1522 1502 nutriendus
1541 1488 1556 1510 ,
1588 1459 1693 1500 non
1713 1453 1827 1500 erat
1850 1456 2088 1497 summus

509 1545 790 1610 sacerdos,
821 1545 999 1614 utique
1026 1557 1177 1613 puer.
1211 1539 1362 1596 Unde
1383 1581 1398 1606 ,
1432 1549 1487 1593 ut
1514 1539 1712 1593 dictum
1753 1546 1864 1602 est,
1909 1535 2088 1605 ephud

509 1638 607 1693 bar
630 1636 943 1706 appellatur,
974 1635 1056 1689 vel
1095 1633 1267 1703 potius
1301 1630 1476 1700 ephud
1504 1629 1630 1699 bat,
1671 1631 1807 1684 sicut
1844 1636 2090 1684 asserunt

508 1727 599 1799 qui
653 1728 918 1783 hebraeam
971 1727 1202 1797 linguam
1259 1733 1552 1790 noverunt,
1611 1734 1667 1778 et
1713 1724 2092 1792 interpretatur

507 1818 686 1888 ephud
722 1819 938 1874 lineum.
986 1818 1093 1873 Sed
1139 1816 1356 1873 Gedeon
1397 1816 1641 1871 existimo
1681 1813 1810 1869 illud
1863 1813 2086 1882 fecisse,

506 1909 648 1979 quod
677 1918 791 1964 erat
820 1909 1140 1979 praacipuum
1171 1907 1362 1962 summi
1392 1905 1683 1962 sacerdotis
1722 1903 2090 1958 indumentum

507 2009 665 2071 atque
705 2009 1109 2068 ornamentum,
1157 2015 1250 2070 per
1278 1998 1419 2070 quod
1463 2006 1518 2053 et
1559 2007 1752 2052 czrtera
1799 1995 2090 2066 significata

508 2101 634 2146 sunt
662 2106 823 2161 opera
863 2092 1114 2157 sacrarii,
1141 2089 1283 2161 quod
1309 2091 1361 2143 in
1385 2105 1481 2145 sua
1515 2088 1732 2143 civitate
1770 2096 1964 2158 prater
1996 2085 2089 2141 Dei

508 2183 906 2240 tabernaculum
937 2183 1314 2249 constituerat;
1349 2190 1404 2237 et
1435 2188 1652 2251 propter
1675 2179 1777 2234 hoc
1813 2186 2087 2249 peccatum

506 2273 701 2329 factum
723 2283 804 2330 est
827 2275 904 2328 illi
939 2281 995 2329 et
1021 2273 1198 2328 domui
1225 2272 1338 2342 ejus
1363 2270 1420 2325 in
1448 2270 1756 2326 scandalum
1778 2311 1792 2335 ,
1825 2279 1882 2324 ut
1905 2269 1982 2324 sic
2001 2269 2087 2324 in-

506 2367 690 2422 teriret
716 2366 876 2439 (quod
913 2374 1095 2437 postea
1134 2365 1405 2435 Scriptura
1434 2363 1636 2436 narrat)
1663 2371 1808 2419 tanta
1835 2363 1951 2434 ejus
1989 2378 2089 2418 nu-

506 2458 786 2512 merositas
812 2456 1040 2510 filiorum
1070 2455 1264 2527 (Judic.
1296 2471 1346 2509 ix
1367 2494 1382 2520 ,
1409 2453 1486 2524 5).

575 2545 733 2600 XLII.
780 2544 876 2619 [1b.
900 2562 1024 2614 vm,
1069 2545 1159 2612 27,
1198 2544 1313 2618 28.]
1349 2543 1465 2599 Non
1511 2543 1874 2616 praetereunda
1918 2543 2090 2599 oritur

504 2637 746 2708 quaistio,
765 2637 1031 2708 quomodo
1053 2637 1314 2707 quieverit
1330 2646 1466 2690 terra
1484 2636 1828 2706 quadraginta
1850 2650 2018 2689 annos
2032 2635 2088 2690 in

503 2729 690 2785 diebus
721 2729 935 2785 Gedeon
955 2772 970 2795 ,
999 2745 1121 2785 cum
1140 2737 1260 2799 post
1286 2728 1559 2783 victoriam
1584 2744 1685 2799 qua
1715 2728 1956 2783 liberavit
1983 2728 2086 2784 Hc-

502 2818 698 2884 braeos,
725 2835 796 2875 ex
825 2833 955 2874 auro
979 2820 1269 2889 spoliorum
1302 2817 1486 2874 fecerit
1521 2817 1969 2888 abominatiouem
1991 2859 2004 2882 ,
2034 2823 2088 2873 et

504 2920 626 2984 post
663 2911 807 2966 illam
838 2913 1122 2967 fornicatus
1151 2911 1221 2966 sit
1248 2910 1420 2964 omnis
1445 2909 1640 2976 Israel,
1671 2918 1726 2964 et
1753 2909 1909 2964 fuerit
1935 2909 2008 2962 illi
2033 2918 2088 2964 et

504 3003 682 3058 domui
729 3003 846 3073 ejus
889 3004 943 3057 in
989 3002 1318 3057 scandalum.
1349 3000 1626 3069 Quomodo
1666 3016 1796 3073 ergo
1823 3009 1944 3072 post
1987 3000 2088 3056 hoc

503 3102 706 3148 tantum
751 3094 933 3159 nefas,
966 3093 1108 3164 quod
1146 3103 1202 3148 et
1243 3092 1456 3149 Gedeon
1488 3101 1544 3147 et
1583 3093 1807 3162 populus
1832 3092 2082 3159 admisit,

503 3186 762 3256 requievit
786 3195 924 3240 terra
945 3185 1287 3256 quadraginta
1313 3199 1514 3251 annos;
1545 3200 1664 3240 cum
1688 3185 1788 3240 hoc
1812 3185 2085 3255 Scriptura

501 3278 672 3333 soleat
697 3265 1010 3345 ostendere,
1039 3293 1159 3333 cum
1187 3292 1216 3331 a
1250 3277 1475 3334 Domino
1504 3277 1616 3332 Deo
1658 3277 1884 3347 pepulus
1917 3276 2085 3332 forni-

501 3378 730 3436 caretur,
760 3378 885 3426 tunc
927 3371 1100 3440 potius
1136 3385 1319 3440 pacem
1354 3370 1473 3424 illos
1498 3370 1742 3439 perdere,
1771 3386 1874 3424 non
1905 3373 2086 3442 acqui~

501 3475 655 3528 rere;
677 3470 732 3516 et
756 3461 996 3516 hostibus
1028 3461 1295 3532 subjugari
1316 3503 1331 3528 ,
1359 3476 1462 3516 non
1493 3462 1561 3516 ab
1590 3461 1820 3516 hostium
1861 3463 2082 3520 infesta-

501 3549 646 3606 tione
679 3551 928 3606 muniri?
977 3550 1082 3606 Sed
1148 3550 1544 3622 intelligendum
1591 3561 1709 3618 εει,
1765 3553 1903 3609 sicut
1948 3554 2085 3608 solet

505 3641 774 3712 Scriptura
797 3685 812 3711 ,
844 3658 941 3713 per
969 3643 1258 3713 prolepsim
1283 3685 1299 3710 ,
1341 3641 1392 3697 id
1429 3651 1512 3698 est
1538 3659 1636 3714 per
1669 3647 2084 3714 praeoccupatio-

498 3747 623 3788 nem
649 3734 880 3802 dixisse,
911 3734 1058 3805 quod
1081 3735 1265 3790 fecerit
1306 3735 1482 3806 ephud
1513 3747 1696 3792 contra
1746 3738 1834 3792 Dei
1885 3739 2080 3810 Legem

498 3823 718 3880 Gedeon
745 3840 809 3880 ex
837 3826 928 3881 illo
972 3841 1136 3894 auro,
1184 3827 1327 3897 quod
1372 3829 1543 3882 fuerat
1587 3829 1824 3884 hostibus
1857 3829 2081 3887 devictis

496 3923 654 3986 atque
685 3917 960 3987 prostratis
1004 3917 1233 3972 ablatum
1254 3959 1268 3983 ,
1296 3918 1417 3988 quia
1442 3934 1546 3974 uno
1573 3919 1688 3975 loco
1707 3920 1887 3978 dicere
1918 3923 2081 3978 voluit

496 4015 551 4062 et
576 4007 716 4062 unde
754 4017 890 4064 erat
910 4019 1096 4063 aurum
1118 4051 1132 4075 ,
1161 4019 1216 4066 et
1245 4009 1370 4080 quid
1397 4010 1464 4066 de
1490 4011 1581 4066 illo
1620 4013 1812 4068 factum
1843 4016 1912 4070 sit
1941 4033 1954 4069 :
1983 4015 2078 4070 sed

498 4108 676 4170 postea
717 4099 910 4155 factum
953 4110 1033 4156 est
1058 4101 1110 4155 in
1142 4101 1246 4157 fine
1272 4101 1475 4156 dierum
1509 4101 1725 4160 Gedeon
1755 4105 1856 4160 hoc
1886 4121 2077 4176 pecca-

495 4199 636 4259 tum,
665 4191 876 4262 quando
901 4201 1184 4247 consecuta
1203 4201 1348 4248 sunt
1386 4193 1546 4250 etiam
1577 4195 1715 4249 mala
1744 4211 1861 4265 quae
1887 4197 2077 4254 deinde

494 4281 767 4355 Scriptura
798 4284 1087 4351 contexuit,
1119 4292 1463 4354 posteaquam
1493 4287 1926 4342 commemoravit
1949 4297 2077 4358 quot

493 4377 645 4430 annis
667 4375 716 4429 in
741 4375 928 4431 diebus
947 4374 1161 4430 Gedeon
1187 4387 1324 4431 terra
1341 4377 1735 4448 conquieverit;
1756 4394 1889 4449 quos
1905 4393 2075 4437 annos

492 4469 890 4538 recapitulando
918 4470 1373 4536 commemoravit,
1404 4470 1457 4526 id
1484 4479 1586 4537 est,
1615 4472 1679 4527 ad
1718 4473 1957 4530 ordinem
1988 4490 2076 4532 re-

491 4559 744 4615 vertendo
771 4577 926 4631 quem
954 4571 1380 4631 praeterverterat
1397 4604 1411 4629 ,
1441 4564 1588 4634 prius
1613 4564 1840 4622 dicendo
1872 4567 1939 4622 de
1979 4567 2074 4624 illo

492 4649 740 4704 seandalo
767 4652 906 4720 quod
935 4653 1219 4709 novissime
1247 4653 1440 4709 factum
1467 4664 1569 4710 est.

560 4739 739 4795 XLIII.
756 4739 853 4815 [lb.
879 4759 970 4798 vm
989 4786 1003 4811 ,
1029 4742 1141 4817 35.]
1167 4744 1234 4798 Et
1259 4750 1445 4816 factum
1466 4757 1538 4802 est
1563 4763 1678 4802 cum
1699 4758 1822 4804 esset
1845 4759 2071 4807 mortuus
2103 4739 2110 4742 ’

491 4831 726 4899 Gedeon,
755 4843 801 4888 et
843 4835 1004 4889 aversi
1046 4845 1160 4889 sunt
1201 4837 1296 4905 filii
1336 4836 1536 4906 Israel,
1585 4850 1635 4894 et
1676 4843 1911 4912 fornicati
1951 4852 2070 4898 sunt

490 4933 598 4992 post
617 4923 818 4977 Baalim
851 4939 870 4979 :
898 4934 944 4979 et
969 4936 1240 4995 posuerunt
1257 4928 1355 4999 ipsi
1381 4930 1476 4984 sibi
1500 4929 1789 4987 Baalberith
1813 4944 2070 4991 testamen-

488 5024 623 5082 tum,
651 5025 706 5069 ut
733 5028 858 5071 esset
887 5017 957 5071 eis
981 5018 1158 5087 ipsein
1188 5019 1354 5073 deum.
1380 5021 1446 5076 Et
1471 5021 1668 5078 Baalim
1693 5035 1746 5080 et
1767 5026 2067 5083 Baalberith

489 5106 624 5161 idola
653 5107 992 5178 intelligenda
1021 5117 1163 5164 sunt.
1203 5109 1367 5182 Major
1408 5111 1587 5183 itaque
1619 5118 1970 5187 transgressio
2011 5126 2068 5175 et

488 5198 761 5256 fornicatio
787 5203 1070 5257 commissa
1098 5212 1180 5259 est
1219 5219 1249 5258 a
1298 5207 1494 5275 papulo
1538 5221 1656 5278 post
1702 5220 1926 5266 mortem
1955 5211 2064 5269 Ge-

486 5290 622 5346 deon
642 5334 658 5360 ,
686 5307 845 5363 quam
882 5293 974 5349 illo
1010 5295 1134 5350 vivo
1163 5304 1378 5366 propter
1397 5297 1574 5368 ephud
1605 5317 1619 5355 :
1645 5302 1893 5370 quoniam
1918 5311 1972 5358 et
1997 5303 2065 5358 il-

487 5385 609 5454 lud,
653 5387 752 5442 etsi
782 5387 964 5444 illicite
990 5387 1185 5444 factum
1214 5399 1360 5457 erat,
1392 5399 1569 5448 tamen
1609 5395 1675 5449 de
1717 5398 2064 5452 sacramentis

487 5477 810 5534 tabernaculi
845 5489 991 5547 erat;
1040 5481 1138 5537 ista
1164 5497 1292 5537 vero
1330 5493 1451 5553 post
1480 5485 1617 5540 idola
1657 5488 1932 5543 fornicatio
1955 5505 2063 5546 non

485 5567 644 5625 habet
687 5571 768 5626 vel
823 5571 1008 5627 falsam
1063 5583 1296 5644 paterna:
1352 5575 1625 5646 religionis
1675 5577 2059 5638 defensionem.

488 5661 638 5718 Unde
662 5665 820 5720 etiam
848 5666 974 5720 illud
1003 5667 1201 5737 ephud,
1243 5669 1288 5723 si
1318 5685 1422 5724 non
1468 5672 1521 5726 in
1551 5673 1652 5728 fine
1680 5678 1935 5748 temporis
1961 5677 2065 5735 Ge-

485 5753 620 5809 deon
641 5796 657 5822 ,
696 5757 789 5813 sed
819 5769 944 5834 ante
980 5759 1176 5816 factum
1205 5771 1318 5830 est,
1355 5763 1424 5818 ita
1456 5765 1596 5821 Deus
1623 5770 1884 5838 patienter
1909 5773 2060 5845 tulit,

483 5854 541 5905 ut
567 5861 669 5919 pax
698 5847 750 5904 iu
778 5857 918 5906 terra
955 5863 1364 5922 perseveraret:
1407 5857 1532 5927 quia
1561 5858 1687 5918 licet
1723 5861 1918 5922 factum
1948 5876 2063 5923 erat

1328 411 1790 485 QU/ES’I‘IONUM
1826 409 1884 465 S.
1925 401 2291 463 AUGUSTINI
2326 401 2393 459 IN
2431 401 2988 460 IIEPTA'I‘EUCIIUM

3672 403 3782 462 808

2200 517 2342 589 quod
2364 519 2735 589 prohibuerat,
2759 533 2863 573 non
2894 526 3069 571 tamen
3098 529 3253 587 longe
3278 529 3544 571 recessum
3566 528 3682 572 erat
3711 518 3781 574 ab
3840 531 3846 535 '

2197 609 2307 678 illo,
2334 611 2424 681 qui
2455 610 2558 666 tale
2581 610 2779 680 aliquid
2800 611 2850 664 in
2880 609 3218 666 tabernaculo
3237 623 3335 665 suo
3353 619 3510 681 atquc
3534 610 3584 664 iu
3613 609 3784 666 hanc.

2196 719 2310 760 rem
2338 719 2492 760 suum
2538 703 2655 759 lleri
2691 703 2941 773 jusserat.
2979 701 3132 758 Nunc
3170 716 3300 757 vero
3339 702 3582 772 graviora
3627 717 3782 758 com-

2196 796 2357 851 missa
2377 837 2392 862 ,
2423 807 2477 852 et
2516 796 2902 868 apertissimam
2932 803 3052 866 post
3078 795 3219 850 idola
3244 794 3646 851 fornicationem
3674 809 3778 867 po-

2196 887 2308 958 puli
2335 901 2456 943 esse
2477 888 2646 942 noluit
2671 887 3004 957 impunitam.

2265 979 2449 1036 XLIV.
2479 979 2577 1053 [lb.
2599 995 2678 1047 ix,
2700 981 2769 1034 M
2788 1022 2803 1047 ,
2823 978 2935 1053 45.]
2961 978 3111 1048 Quod
3136 979 3400 1036 inducitur
3418 979 3694 1048 rhamnus,
3725 979 3782 1037 id

2195 1079 2280 1127 est
2305 1071 2571 1142 quoddam
2593 1071 2863 1142 Spinarum
2881 1086 3066 1142 genus,
3093 1071 3148 1126 in
3174 1072 3570 1131 similitudinem
3597 1072 3782 1129 dicere

2195 1163 2442 1218 omnibus
2470 1164 2625 1234 lignis
2653 1162 3090 1219 convenientibus
3115 1178 3233 1219 eam
3261 1172 3319 1218 ut
3347 1171 3588 1234 regnaret
3616 1178 3785 1234 supcr

2193 1270 2290 1322 ea,
2321 1255 2382 1310 Si
2417 1257 2470 1310 in
2507 1257 2712 1310 veritate
2745 1257 2932 1327 ungitis
2958 1272 3036 1310 me
3060 1272 3176 1323 vos,
3215 1272 3427 1328 regnare
3464 1272 3616 1326 super
3655 1272 3742 1310 vos
3763 1296 3778 1319 ,

2193 1347 2386 1414 uenite,
2421 1345 2658 1414 conﬁdite
2696 1346 2749 1400 in
2789 1347 3095 1415 protectione
3121 1362 3278 1400 mea:
3314 1356 3361 1400 et
3399 1346 3443 1400 si
3481 1363 3608 1410 non,
3635 1355 3780 1400 exeat

2193 1437 2325 1508 ignis
2347 1437 2409 1490 de
2431 1436 2645 1491 rhamno
2665 1477 2681 1504 ,
2723 1446 2770 1491 et
2815 1437 3042 1491 comedat
3075 1437 3250 1491 cedros
3274 1437 3455 1490 Libani
3480 1453 3497 1490 :
3523 1437 3782 1492 obscurus

2193 1541 2379 1583 sensus
2398 1535 2477 1581 est
2497 1515 2629 1593 ,"sed
2654 1543 2775 1582 eum
2800 1528 3011 1582 inventa
3030 1526 3300 1583 distinctio
3317 1527 3630 1582 manifestat.
3661 1527 3780 1582 Non

2193 1620 2335 1675 cnim
2380 1621 2452 1674 ita
2499 1619 2776 1691 legendum
2817 1629 2929 1687 est,
2982 1620 3050 1674 Et
3099 1620 3144 1674 si
3192 1636 3294 1674 non
3340 1629 3481 1674 exeat
3527 1620 3660 1690 ignis
3715 1619 3783 1672 de

2192 1712 2406 1767 rhamno
2429 1727 2448 1767 :
2475 1713 2570 1768 sed
2598 1711 3126 1783 subdistinguendum
3147 1752 3162 1776 ,
3185 1711 3254 1766 Et
3273 1712 3318 1768 si
3341 1728 3471 1777 non,
3500 1725 3563 1766 ac
3582 1710 3783 1766 deinde

2194 1801 2557 1872 inferendum,
2587 1813 2729 1859 exeat
2754 1805 2885 1874 ignis
2910 1805 2972 1858 de
2999 1805 3213 1858 rhamno
3230 1820 3250 1870 ,°
3277 1803 3328 1858 id
3363 1812 3474 1869 est,
3510 1803 3576 1858 Et
3597 1803 3642 1858 si
3671 1817 3781 1858 non

2191 1893 2457 1952 conﬁditis
2485 1895 2537 1952 in
2566 1897 2896 1966 protectione
2924 1911 3042 1952 mea
3062 1937 3079 1964 ,
3108 1904 3218 1964 aut,
3248 1895 3316 1950 Et
3343 1896 3387 1950 si
3415 1911 3519 1951 non
3550 1896 3602 1951 in
3633 1896 3782 1952 veri-

2194 1993 2302 2043 tate
2340 1987 2537 2058 ungitis
2582 2004 2669 2044 me
2707 2004 2932 2059 regnare
2980 2003 3146 2059 super
3186 2003 3315 2056 vos,
3363 1998 3506 2044 exeat
3541 1990 3672 2060 ignis
3716 1989 3784 2043 de

2191 2079 2435 2148 rhamno,
2463 2089 2510 2134 et
2550 2081 2776 2134 comedat
2808 2079 2981 2135 cedros
3000 2079 3199 2134 Libani.
3221 2077 3605 2136 Comminantis
3632 2081 3783 2135 enim

2192 2171 2355 2226 verba
2399 2180 2522 2227 sunt
2563 2172 2689 2244 quid
2730 2173 2902 2228 facere
2931 2174 3132 2244 possit,
3161 2172 3206 2228 si
3247 2172 3514 2228 noluerint
3541 2187 3657 2227 eam
3687 2188 3780 2228 re-

2193 2278 2356 2337 gnare
2383 2279 2543 2335 super
2571 2279 2649 2320 se.
2683 2264 2878 2319 Verum
2917 2265 3039 2334 quia
3067 2278 3174 2320 non
3202 2263 3309 2332 ait,
3335 2262 3520 2321 Exibit
3547 2265 3682 2336 ignis
3710 2265 3782 2321 de

2191 2359 2454 2424 rhamno,
2511 2366 2566 2414 et
2618 2358 2959 2414 manducabit
3013 2357 3202 2413 cedros
3264 2356 3471 2425 Libani,
3523 2359 3616 2414 sed
3665 2357 3776 2423 ait,

2193 2450 2379 2516 Exeat,
2410 2460 2460 2506 et
2509 2451 2813 2515 manducet;
2845 2451 3124 2507 obscurius
3167 2451 3363 2507 factum
3406 2461 3490 2507 est
3534 2467 3689 2523 quam
3733 2453 3782 2507 si

2195 2545 2307 2600 sola
2348 2543 2618 2599 distinctio
2656 2543 2865 2598 lateret.
2895 2543 3321 2600 Vehementioris
3354 2553 3531 2600 autem
3557 2545 3782 2600 commi-

2192 2635 2422 2691 nationis
2449 2643 2552 2701 est,
2581 2644 2635 2691 et
2659 2635 2887 2706 quodam
2916 2635 3076 2690 modo
3103 2635 3463 2707 prazsentioris
3486 2635 3774 2701 efficaciae,

2193 2727 2240 2782 si
2269 2727 2386 2798 quis
2411 2727 2572 2791 dicat,
2601 2725 2658 2782 Si
2687 2741 2792 2781 non
2819 2726 2898 2782 vis
2934 2725 3111 2782 facere
3148 2727 3290 2798 quod
3333 2728 3472 2796 volo,
3514 2727 3696 2783 smviat
3721 2727 3779 2784 in

2193 2826 2244 2873 te
2289 2818 2365 2872 ira
2409 2833 2562 2885 mea,
2608 2816 2662 2872 id
2705 2824 2790 2872 est
2827 2815 2936 2888 jam
2981 2818 3199 2883 saeviat;
3229 2818 3412 2890 utquid
3439 2833 3555 2874 eam
3587 2819 3782 2874 teneo?

2192 2923 2348 2978 quam
2378 2908 2422 2963 si
2452 2908 2627 2974 dicat,
2653 2908 2857 2977 sazviet,
2882 2908 3200 2979 promissivo
3223 2908 3384 2966 modo
3405 2910 3423 2943 ¹
3448 2924 3662 2981 pinnam
3690 2910 3780 2964 iu-

2192 3006 2404 3053 tcntans
2428 2997 2680 3053 futuram.

2261 3089 2422 3145 XLV.
2453 3088 2551 3161 [|b.
2578 3106 2653 3155 ix,
2679 3087 2798 3163 25.]
2815 3089 2879 3145 Et
2904 3091 3069 3146 emisit
3085 3091 3197 3147 Deu
3211 3092 3468 3164 sspiritum
3495 3093 3778 3165 malignum
3850 3083 3856 3088 ’

2189 3178 2321 3233 inter
2339 3179 2622 3234 Abimelech
2642 3190 2689 3234 et
2709 3181 2838 3234 inter
2853 3181 2986 3235 viros
3008 3181 3370 3238 Sichimorum.
3396 3183 3507 3238 Hoc
3527 3183 3774 3250 verbum,

2189 3279 2366 3327 utrum
2407 3272 2756 3343 imperantem
2778 3315 2793 3339 ,
2826 3289 2892 3328 an
2923 3274 3320 3344 permittentem
3362 3274 3527 3331 Deum
3567 3275 3776 3347 signifi-

2187 3373 2292 3431 cet,
2321 3381 2426 3420 non
2451 3365 2603 3422 facile
2629 3366 2837 3422 deliniri
2868 3375 3060 3437 potest.
3092 3368 3244 3438 Quod
3269 3370 3411 3425 enim
3433 3370 3522 3426 hic
3543 3371 3772 3441 positum

2189 3464 2288 3520 est,
2306 3453 2506 3524 Emisit,
2530 3472 2732 3528 graecus
2757 3457 2916 3514 habet
2937 3464 3292 3525 ιεαπέτσιιλινο
3328 3461 3468 3532 quod
3499 3462 3658 3517 etiam
3689 3470 3777 3518 est

2188 3544 2240 3599 in
2267 3545 2492 3602 Psalmis
2513 3546 2600 3602 ubi
2630 3547 2836 3619 legitur,
2867 3548 3052 3604 Emitte
3077 3551 3240 3606 lucem
3263 3561 3400 3606 tuam
3431 3551 3599 3624 (Psal.
3626 3569 3736 3610 xu!
3753 3595 3772 3622 ,

2188 3638 2242 3710 '5)
2271 3655 2605 3711 :quanquam
2631 3640 2684 3696 in
2713 3641 3026 3712 quibusdam
3046 3642 3180 3699 locis
3205 3643 3528 3714 interpretes
3561 3648 3769 3714 nostri,

2183 3732 2345 3804 etjubi
2369 3743 2449 3788 est
2470 3735 2523 3788 Ill
2553 3749 2725 3804 graeco
2750 3741 3088 3802 ἐξαπέστειλαν,
3105 3736 3240 3792 misit
3266 3737 3596 3807 interpretati
3625 3748 3770 3806 sunt,

2185 3839 2290 3879 non
2311 3865 2326 3891 ,
2375 3825 2555 3879 emisit.
2596 3825 2778 3882 Potest
2813 3842 2941 3898 ergo
2966 3836 3020 3883 et
3047 3828 3125 3884 sic
3151 3829 3410 3900 intelligi,
3439 3839 3497 3884 ut
3524 3829 3770 3900 spiritum

2185 3919 2470 3988 malignum
2501 3919 2638 3974 Deus
2669 3927 2915 3990 tanquam
2941 3920 3018 3977 ire
3048 3920 3187 3977 inter
3213 3937 3307 3978 eos
3333 3923 3602 3978 volentem
3636 3924 3770 3979 emi-

2183 4009 2352 4076 serit,
2385 4008 2436 4063 id
2467 4017 2582 4075 est,
2617 4017 2930 4080 potestatem
2967 4009 3176 4066 dederit
3201 4012 3433 4084 maligno
3459 4013 3667 4082 spiritui
3696 4013 3764 4070 ad

2183 4114 2367 4155 eorum
2398 4115 2578 4170 pacem
2607 4101 3038 4170 perturbandam.
3061 4101 3242 4174 Usque
3260 4102 3394 4160 adeo
3409 4114 3585 4160 autem
3603 4105 3766 4161 etiam

2181 4191 2319 4245 mitti
2349 4207 2377 4244 a
2415 4190 2640 4246 Domino
2665 4192 2952 4263 malignum
2989 4193 3232 4264 spiritum
3263 4203 3482 4266 propter
3504 4195 3765 4266 justitiam

2180 4280 2480 4336 vindicandi
2526 4297 2632 4336 non
2679 4281 2966 4338 absurdum
3013 4284 3183 4338 visum
3226 4294 3343 4353 est,
3386 4293 3445 4340 ut
3472 4285 3685 4356 quidam
3713 4284 3766 4341 id

2181 4373 2321 4443 quod
2344 4381 2427 4428 est
2454 4378 2776 4439 ἐξαπέστειλεν
2792 4413 2809 4440 ,
2837 4373 2997 4428 etiam
3021 4374 3226 4429 immisit
3246 4375 3573 4446 interpretati
3600 4377 3727 4432 sint.

2247 4463 2432 4519 XLVI.
2461 4463 2562 4538 [lb.
2589 4480 2663 4530 tx,
2696 4464 2916 4538 52,315.]
2939 4465 3105 4521 Verba
3137 4482 3254 4538 quae
3279 4468 3421 4523 misit
3447 4467 3513 4524 ad
3547 4469 3764 4524 nuntios

2177 4556 2488 4612 Abimelech
2513 4557 2676 4614 Zebul
2699 4558 2944 4629 princeps
2964 4559 3188 4614 civitatis
3205 4558 3579 4628 Sichimorum,
3597 4561 3763 4616 etiam

2176 4649 2230 4704 id
2259 4649 2456 4706 habent
2485 4667 2498 4705 :
2530 4649 2594 4704 Et
2626 4665 2758 4704 nunc
2800 4666 2950 4723 surge
2978 4659 3120 4704 nocte
3145 4659 3199 4704 tu
3235 4650 3527 4721 et'populus
3555 4660 3669 4705 tuus
3689 4661 3764 4706 te-

2174 4759 2316 4812 cum,
2341 4753 2387 4798 et
2414 4743 2655 4798 insidiare
2682 4745 2733 4797 in
2757 4760 2901 4815 agro.
2931 4743 2997 4798 Et
3031 4744 3126 4798 erit
3157 4760 3304 4798 mane
3324 4743 3476 4799 simul
3515 4752 3570 4797 ut
3599 4745 3762 4800 oritur

2171 4835 2281 4903 sol,
2312 4836 2606 4905 maturabis,
2636 4846 2682 4891 et
2724 4837 2896 4893 tendes
2933 4854 3086 4908 super
3110 4838 3376 4892 civitatem.
3419 4837 3572 4906 Quod
3610 4839 3760 4894 latini

2172 4929 2386 5000 quidam
2445 4930 2642 4985 habent
2687 4929 2980 4998 maturabis,
3019 4930 3233 5000 quidam
3275 4945 3402 4986 vero
3445 4929 3758 5002 manicabis,

2171 5037 2374 5094 graecus
2401 5022 2561 5078 habet
2586 5022 2726 5093 quod
2769 5023 2874 5079 diei
2921 5031 3102 5093 posset
3126 5039 3230 5078 non
3257 5037 3364 5078 uno
3384 5024 3585 5091 verbo,
3616 5023 3760 5078 ditu-

2170 5115 2286 5171 cqu
2311 5133 2505 5188 surges.
2531 5117 2598 5171 Et
2621 5115 2844 5194 fortasse
2872 5115 2996 5172 hinc
3019 5117 3090 5173 sit
3107 5116 3305 5173 dictum
3327 5157 3343 5185 ,
3375 5117 3694 5185 maturabis,
3725 5132 3758 5173 a

2169 5209 2427 5264 matutino
2464 5217 2700 5280 tempore
2723 5249 2738 5275 ,
2783 5210 3024 5281 quamvis
3068 5210 3229 5266 etiam
3269 5211 3386 5267 aliis
3423 5211 3758 5282 temporibus

2169 5301 2271 5358 dici
2300 5303 2468 5358 soleat
2492 5301 2559 5358 ad
2581 5319 2691 5358 rem
2719 5303 3141 5360 accelerandam.
3169 5303 3454 5360 Manicabis
3479 5314 3656 5361 autem
3677 5303 3757 5359 la-

2170 5395 2336 5450 tinum
2363 5396 2582 5451 verbum
2620 5411 2739 5452 esse
2764 5395 2891 5452 mibi
2922 5413 3028 5453 non
3065 5397 3317 5453 occurrit.
3349 5396 3454 5453 Sed
3479 5395 3606 5453 illud
3633 5411 3755 5453 mon

2167 5495 2290 5555 vet,
2320 5487 2460 5558 quod
2488 5502 2606 5543 cum
2635 5487 2884 5558 dixisset,
2906 5489 3058 5544 simul
3077 5497 3132 5543 ut
3169 5489 3330 5544 oritur
3366 5486 3480 5556 sol,
3512 5487 3748 5559 addidit,

2168 5577 2392 5632 diluculo
2411 5595 2618 5650 surges;
2645 5594 2766 5634 cum
2793 5578 2966 5648 ipsum
2991 5579 3280 5635 diluculum
3302 5578 3442 5650 quod
3467 5594 3640 5651 graece
3665 5578 3751 5635 di-

2165 5671 2304 5726 citur
2339 5679 2494 5744 ὄρθρος
2513 5714 2527 5739 ,
2572 5675 2779 5743 tempus
2798 5682 2921 5728 ante
2945 5673 3111 5728 solem
3149 5673 3439 5744 signiticet,
3467 5672 3609 5742 quod
3634 5674 3746 5743 jam

2166 5763 2507 5820 usitatissime
2533 5763 2742 5833 dicitur,
2765 5779 2886 5819 eum
2908 5765 3176 5820 albescere
3195 5763 3436 5835 coeperit.
3459 5763 3550 5820 Sic
3567 5766 3748 5836 itaque

2229 5877 2248 5912 ί
2273 5876 2346 5927 sic
2366 5884 2472 5926 uss.
2491 5881 2548 5928 At
2569 5875 2688 5930 editi
2711 5890 2724 5927 :
2749 5875 2894 5930 Ouasi
2913 5877 3044 5930 dicat
3096 5876 3261 5933 serviat
3288 5877 3566 5932 vermisde
3583 5879 3744 5939 modo,
