4136 6488
405 344 510 402 809

409 457 807 529 intelligendum
844 466 923 513 est
943 500 956 524 ,
990 466 1045 513 ut
1081 460 1221 529 quod
1249 461 1474 530 positum
1503 468 1583 516 est
1612 477 1783 528 mane,
1812 461 1982 530 ipsum

411 549 699 605 diluculum
742 548 1082 619 intelligatur.
1120 549 1371 605 Additum
1396 558 1479 605 est
1504 559 1710 615 autem,
1741 549 1895 603 simul
1930 560 1983 605 ut

411 641 571 693 oritur
601 638 678 692 sol
696 680 710 701 ,
744 648 801 693 ut
826 640 1209 708 exprimeretur
1234 655 1339 694 non
1364 640 1474 710 jam
1500 650 1617 695 orto
1645 642 1756 696 sole
1782 640 1981 696 facien-

406 731 557 798 dum,
578 730 669 786 sed
687 731 771 784 ubi
790 729 962 801 fulgor
974 732 1275 801 apparuerit
1299 732 1427 787 solis
1446 732 1680 786 orientis.
1699 731 1813 786 Non
1840 732 1980 786 enim

410 822 621 878 aliunde
654 823 871 877 albescit
907 823 1230 890 diluculum;
1259 823 1359 880 nisi
1386 839 1505 879 cum
1534 826 1752 894 cmperit
1780 833 1981 895 partem

410 914 549 980 coeli,
573 928 729 983 quam
760 913 996 969 videmus
1022 914 1089 968 ab
1113 916 1337 981 oriente,
1361 915 1450 969 lux
1476 915 1603 970 solis
1628 914 1692 969 ad
1709 930 1827 969 eam
1854 914 1978 969 red-

407 1007 583 1060 euntis
618 1006 894 1075 attingere.
937 1005 1072 1061 Hinc
1117 1014 1200 1061 est
1236 1007 1375 1077 quod
1412 1007 1568 1061 etiam
1607 1008 1659 1061 in
1696 1006 1980 1075 Evangelio

406 1111 563 1150 unam
590 1105 747 1166 atque
772 1095 1012 1151 eamdem
1035 1113 1148 1152 rem
1181 1098 1313 1153 alius
1338 1098 1657 1169 evangelista
1686 1098 1814 1152 dicit
1844 1097 1981 1151 dilu-

402 1187 521 1240 culo
549 1187 736 1241 factam
757 1229 773 1254 ,
813 1203 933 1242 eum
977 1188 1150 1243 adhuc
1180 1189 1461 1243 obscurum
1492 1197 1633 1243 esset
1673 1188 1848 1257 (Joan.
1872 1205 1939 1242 xx
1960 1228 1974 1253 ,

401 1280 495 1349 1),
524 1279 660 1333 alius
694 1279 897 1333 oriente
947 1280 1060 1335 sole
1099 1278 1303 1352 (Marc.
1331 1295 1452 1343 xvr,
1497 1277 1585 1351 2);
1623 1278 1743 1349 quia
1772 1288 1826 1333 et
1866 1279 1975 1348 ipsa

399 1369 491 1422 lux
565 1369 1046 1439 quantulacumque
1115 1369 1331 1425 diluculi
1401 1370 1512 1425 sole
1572 1370 1749 1439 utique
1818 1369 1978 1423 fiebat

396 1462 599 1517 oriente
618 1502 633 1528 ,
662 1462 714 1517 id
744 1470 825 1516 est
848 1462 913 1516 ad
939 1472 1111 1516 ortum
1140 1462 1385 1517 veniente
1404 1504 1418 1527 ,
1460 1471 1513 1516 et
1538 1460 1795 1532 fulgorem
1821 1477 1974 1516 suum

396 1551 463 1606 de
483 1567 591 1606 suae
617 1550 910 1621 praesentia:
935 1553 1323 1623 propinquitate
1338 1552 1589 1621 jactante.
1607 1552 1776 1618 Quam
1802 1552 1972 1606 lucem

395 1641 605 1711 quidam
635 1641 811 1696 idiota:
840 1642 968 1697 solis
1006 1657 1111 1698 non
1142 1659 1261 1699 esse
1292 1651 1647 1714 putaverunt,
1694 1642 1787 1697 sed
1827 1641 1970 1697 illam

393 1747 513 1786 esse
538 1747 653 1801 quae
680 1732 920 1802 primitus
944 1733 1153 1788 condita
1178 1742 1293 1800 est,
1315 1742 1596 1804 antequam
1626 1734 1763 1788 Deus
1782 1742 1972 1803 quarto

392 1821 477 1875 die
503 1821 756 1876 conderet
778 1822 967 1877 solem.

468 1913 674 1967 XLVII.
707 1912 805 1986 [lb.
855 1931 914 1981 ι,
946 1912 1021 1987 1.]
1061 1911 1126 1967 Et
1150 1916 1362 1969 surrexit
1400 1927 1511 1985 post
1549 1914 1852 1981 Abimeleclt,
1883 1915 1971 1984 qui

389 2005 585 2061 salvum
621 2006 803 2075 faceret
842 2006 1005 2060 Israel
1050 2006 1213 2061 Thala
1256 2008 1394 2077 ﬁlius
1436 2008 1611 2075 Plrua,
1640 2009 1779 2078 ﬁlius
1806 2009 1965 2078 patris

389 2100 563 2168 fratris
608 2100 735 2169 ejus,
777 2099 851 2151 vir
894 2096 1153 2153 lssachar.
1198 2099 1387 2153 Filium
1435 2100 1609 2170 patrui
1654 2100 1792 2170 ejus,
1835 2100 1967 2155 dixit

390 2194 552 2260 ﬁliuni
582 2192 739 2262 patris
765 2192 940 2263 fratris
979 2192 1107 2263 ejus,
1135 2208 1255 2247 cum
1295 2192 1585 2247 ordinatius
1624 2202 1677 2247 et
1722 2192 1965 2246 usitatius

388 2293 547 2353 atque
593 2283 826 2351 apertius
869 2282 1153 2349 diceretur,
1182 2282 1347 2337 filium
1388 2281 1569 2336 fratris
1614 2283 1778 2352 patris
1808 2281 1959 2351 ejus:

391 2376 528 2430 filius
552 2376 693 2430 enim
723 2384 835 2430 erat
861 2375 1031 2445 patrui
1060 2374 1195 2443 ejus,
1220 2375 1355 2429 sicut
1382 2374 1677 2429 evidentius
1708 2374 1759 2427 in
1787 2388 1850 2428 ea
1877 2373 1957 2427 in-

389 2466 763 2536 terpretatione
789 2481 907 2535 quae
928 2482 991 2519 ex
1014 2465 1228 2519 hebrazo
1255 2474 1357 2531 est,
1384 2463 1669 2519 invenitur.
1698 2463 1814 2517 Non
1835 2478 1961 2533 ergo

388 2557 526 2627 quod
556 2556 753 2611 dictum
784 2564 860 2610 est
896 2555 1052 2627 patris
1085 2555 1279 2624 fratris,
1308 2554 1375 2608 ab
1421 2567 1486 2608 eo
1528 2554 1851 2609 declinatum
1881 2565 1962 2609 est

386 2648 528 2718 quod
554 2656 635 2701 est
674 2647 727 2700 in
768 2646 1090 2700 nominativo
1117 2653 1265 2715 pater
1291 2644 1489 2711 fratris,
1518 2642 1614 2700 sed
1635 2644 1702 2697 ab
1729 2660 1792 2697 eo
1821 2643 1962 2714 quod

387 2749 468 2794 est
494 2740 657 2809 patris
683 2739 864 2803 frater,
900 2738 1001 2793 hoc
1025 2747 1107 2792 est
1126 2737 1265 2791 enim
1296 2746 1533 2805 patruus.
1565 2735 1694 2789 Nam
1722 2736 1833 2790 sive
1864 2750 1958 2805 po-

387 2844 545 2886 natur
588 2833 640 2887 in
685 2831 1030 2897 nominativo,
1058 2830 1143 2883 hic
1182 2838 1330 2899 pater
1368 2828 1565 2895 fratris,
1594 2828 1709 2881 sive
1738 2836 1962 2896 ponatur

386 2922 471 2976 hic
501 2922 662 2991 patris
688 2922 867 2988 frater,
896 2921 1181 2991 genitivum
1218 2920 1343 2974 facit
1388 2918 1543 2987 hujus
1571 2917 1735 2988 patris
1763 2916 1957 2971 fratris.

386 3014 581 3069 Verum
611 3014 772 3067 altera
803 3013 971 3067 oritur
996 3012 1237 3082 quaestio,
1260 3009 1525 3080 quomodo
1551 3007 1709 3063 fuerit
1742 3018 1959 3078 patruus

384 3104 690 3161 Abimelech
712 3104 785 3156 vir
810 3102 1068 3169 Issachar,
1106 3102 1156 3156 id
1196 3110 1278 3156 est
1309 3102 1388 3154 vir
1417 3101 1482 3155 de
1510 3101 1647 3155 tribu
1694 3099 1952 3168 lssacliar,

382 3212 502 3253 eum
532 3195 837 3251 Abimelech
869 3204 1067 3263 patrem
1098 3192 1340 3248 habuerit
1364 3191 1600 3258 Gedeon,
1621 3192 1710 3261 qui
1739 3191 1954 3246 Gedeon

382 3292 448 3346 de
476 3291 611 3361 tribu
642 3289 738 3343 fuit
759 3282 1021 3343 Manasse.
1044 3285 1319 3355 Quomodo
1339 3299 1464 3355 ergo
1491 3284 1635 3339 Phua
1661 3294 1714 3338 et
1738 3283 1954 3339 Gedeon

380 3384 571 3437 fratres
603 3381 831 3447 fuerunt,
862 3389 919 3435 ut
948 3380 1113 3450 possit
1139 3394 1258 3433 esse
1292 3377 1436 3432 Phua
1476 3387 1691 3447 patruus
1734 3377 1952 3432 Abime-

381 3474 519 3540 lech,
542 3472 691 3541 cujus
716 3472 884 3542 patrui
932 3470 1069 3525 (ilius
1111 3469 1277 3524 Thola
1306 3468 1632 3532 succederet,
1663 3468 1953 3523 secundum

381 3566 538 3621 istam
581 3566 962 3633 narrationem,
1007 3564 1105 3635 ipsi
1146 3564 1803 3619 Abimelech?Potuerunt
1826 3578 1955 3634 ergo

380 3656 595 3713 Gedeon
623 3667 678 3713 et
708 3658 850 3712 Phua
878 3672 1033 3711 unam
1062 3656 1257 3710 habere
1282 3666 1528 3723 matrem,
1557 3671 1620 3709 ex
1651 3670 1749 3725 qua
1778 3655 1954 3710 diver-

382 3750 457 3804 sis
492 3749 727 3819 patribus
762 3758 1124 3813 nascerentur,
1155 3757 1209 3803 et
1236 3745 1426 3802 fratres
1447 3753 1629 3802 essent
1657 3748 1809 3800 unius
1836 3762 1951 3799 ma-

382 3843 477 3896 tris
508 3842 621 3909 lilii,
653 3857 755 3897 non
785 3843 941 3896 unius
973 3841 1156 3910 patris.
1187 3840 1439 3895 Solebant
1462 3840 1601 3895 enim
1644 3839 1841 3894 nubere
1871 3838 1951 3893 fe-

380 3934 538 3988 mina:
572 3933 638 3989 de
676 3934 793 3987 aliis
830 3934 1070 3987 tribubus
1111 3932 1161 3986 in
1202 3933 1332 3986 alias
1361 3932 1545 3987 tribus.
1573 3930 1723 3987 Unde
1749 3940 1801 3985 et
1826 3931 1950 3985 Saﬁl

378 4041 500 4080 cum
528 4034 671 4081 esset
699 4025 764 4081 de
796 4025 931 4079 tribu
963 4024 1257 4094 Benjamin,
1284 4024 1428 4079 dedit
1472 4024 1629 4078 ﬁliam
1669 4038 1817 4077 suam
1848 4024 1950 4076 Da-

378 4119 465 4173 vid
494 4119 695 4174 homini
722 4119 787 4173 de
819 4119 953 4173 tribu
979 4118 1112 4172 .Iuda
1136 4115 1185 4189 (l
1207 4118 1331 4186 Reg.
1364 4132 1507 4180 xvttt,
1539 4114 1630 4186 ⁴27)
1656 4133 1669 4169 :
1698 4122 1753 4169 et
1770 4129 1949 4169 sacer-

380 4210 475 4265 dos
504 4210 687 4265 Joiade
706 4211 721 4241 ¹
741 4252 754 4276 ,
790 4211 967 4279 utique
998 4212 1155 4263 homo
1181 4210 1245 4262 de
1278 4208 1413 4261 tribu
1442 4208 1586 4271 Levi,
1616 4208 1763 4262 duxit
1790 4208 1948 4261 filiam

377 4305 554 4360 Joram
594 4306 755 4376 regis,
786 4302 1016 4358 hominis
1066 4302 1131 4357 de
1176 4302 1312 4355 tribu
1343 4301 1471 4355 Juda
1496 4299 1568 4371 (ll
1601 4299 1778 4354 Paral.
1811 4317 1946 4367 χιιι,

380 4397 490 4467 ll).
515 4396 649 4450 Hinc
677 4396 868 4449 factum
896 4403 997 4459 est,
1026 4403 1083 4448 ut
1112 4393 1380 4447 Elizabeth
1418 4402 1471 4447 et
1506 4392 1720 4447 Mariam
1750 4408 1948 4462 cogna-

381 4497 460 4543 tas
488 4489 539 4542 in
570 4487 855 4557 Evangelio
876 4487 1111 4557 legamus
1135 4484 1281 4559 (Luc.
1312 4501 1349 4548 ι,
1379 4482 1493 4553 '56),
1513 4499 1631 4537 eum
1660 4482 1819 4538 fuerit
1839 4483 1951 4538 Eli-

379 4579 563 4634 zabeth
595 4579 660 4634 de
691 4579 895 4633 filiabus
922 4578 1099 4632 Aaron
1125 4594 1137 4629 :
1159 4591 1224 4630 ex
1249 4590 1353 4645 quo
1383 4574 1689 4644 intelligitur
1718 4574 1782 4628 de
1811 4573 1947 4630 tribu

380 4670 503 4725 Levi
545 4678 600 4725 et
632 4668 840 4723 filiabus
879 4670 1053 4722 Aaron
1098 4666 1327 4735 aliquam
1369 4664 1609 4734 nupsisse
1650 4664 1701 4717 in
1754 4664 1945 4718 tribum

377 4763 531 4827 Juda,
560 4762 697 4816 unde
742 4762 811 4815 ita
854 4761 1001 4816 fieret
1050 4760 1186 4814 inter
1229 4758 1410 4812 ambas
1458 4758 1545 4811 illa
1589 4756 1853 4825 COgnalio,
1891 4764 1949 4813 ut

382 4854 584 4908 Domini
613 4868 737 4907 caro
767 4868 870 4907 non
899 4853 1065 4907 solum
1090 4851 1157 4906 de
1178 4851 1343 4922 regia,
1368 4864 1554 4905 verum
1585 4849 1743 4905 etiam
1772 4848 1837 4905 de
1860 4864 1947 4905 sa-

377 4943 631 4998 cerdotali
670 4943 836 5012 stirpe
875 4949 1271 5012 propagaretur.

443 5031 673 5087 XLVIII.
703 5031 801 5105 [lb.
823 5048 897 5095 ιι,
916 5029 1030 5103 ‘24.]
1053 5031 1193 5086 Inter
1211 5038 1401 5085 caetera
1431 5045 1549 5099 qua:
1573 5028 1761 5099 Jephte
1799 5044 1948 5084 man-

376 5123 466 5178 dat
508 5139 601 5193 per
637 5124 848 5177 nuntios
876 5122 986 5192 regi
1016 5122 1241 5177 filiorum
1272 5120 1520 5187 Ammon,
1549 5122 1707 5175 etiam
1733 5120 1833 5175 hoc
1858 5120 1944 5175 di—

375 5214 444 5267 cit
460 5231 472 5265 :
491 5212 675 5267 Nonne
688 5229 1006 5285 quacumque
1020 5212 1324 5267 hwreditavit
1339 5213 1427 5266 tibi
1443 5210 1657 5267 Citamos
1673 5212 1794 5266 deus
1807 5222 1942 5280 tuus,

376 5304 480 5357 [nec
509 5303 864 5382 Inercditabis;
887 5313 934 5356 et
958 5303 1126 5356 omnia
1153 5318 1473 5373 quaecumque
1500 5302 1808 5356 Itwreditavit
1834 5301 1944 5356 Do-

374 5395 537 5446 minus
552 5392 687 5446 Deus
697 5402 861 5447 noster
870 5409 901 5445 a
913 5392 1041 5461 facie
1052 5393 1343 5458 vestra,luec
1354 5392 1643 5447 hereditabi
1648 5394 1782 5448 mus?
1794 5393 1945 5460 Quod

373 5485 584 5554 quidam
611 5485 757 5541 latini
786 5485 863 5539 sic
887 5484 1335 5554 interpretandum
1360 5494 1692 5555 putaverunt,
1715 5493 1770 5538 ut
1797 5485 1947 5540 dice-

375 5586 511 5640 rent,
539 5574 726 5631 Nonne
749 5591 1070 5647 quacumque
1092 5574 1227 5629 dedit
1254 5576 1340 5629 tibi
1365 5575 1416 5630 in
1446 5576 1782 5630 hereditatem
1810 5574 1942 5631 Cha-

376 5678 480 5719 mos
509 5665 631 5719 deus
667 5675 803 5729 tuus,
836 5665 940 5720 hazc
970 5665 1280 5736 possidebis?
1306 5665 1393 5719 ubi
1423 5664 1591 5720 videri
1621 5673 1793 5736 potest
1816 5681 1944 5722 con-

438 5767 454 5797 ¹
481 5771 530 5815 ιιι
551 5772 681 5825 Mss.,
704 5767 865 5825 Judaa,
888 5780 977 5817 seu
998 5768 1141 5816 Jude.
1166 5766 1293 5827 Apud
1318 5772 1442 5826 Lxx,
1471 5764 1627 5815 Indae.

653 5849 878 5911 SANCT.
927 5852 1203 5911 AUGUST.
1238 5850 1343 5909 lll.

1739 348 1936 402 LIBER
1977 347 2326 405 SEPTIMUS.

3553 356 3659 414 810

2093 460 2332 517 firmasse
2376 461 2568 533 Jephte
2605 462 2760 519 deum
2810 464 2984 530 istum,
3020 466 3111 537 qui
3155 475 3373 523 vocatur
3405 468 3656 540 Chamos,

2091 556 2325 624 potuisse
2349 556 2543 628 aliquid
2570 556 2697 612 dare
2732 558 2784 612 in
2820 558 3179 615 haereditatem
3207 561 3496 617 cultoribus
3521 562 3655 617 suis.

2088 645 2311 712 Quidam
2352 663 2478 703 vero
2518 649 2595 704 sic
2624 650 2839 715 habent,
2874 650 3055 705 Nonne
3079 668 3401 722 quwcumque
3435 636 3659 725 possedit

2088 737 2304 793 Chamos
2346 741 2467 794 deus
2509 750 2643 807 tuus,
2672 742 2778 795 haec
2818 741 3130 812 possidebis?
3155 752 3209 797 et
3234 742 3333 798 hoc
3373 744 3443 799 ita
3478 754 3654 812 sonat,

2086 830 2233 897 quasi
2260 830 2455 900 aliquid
2484 831 2712 901 potuerit
2738 831 3026 901 possidere.
3064 834 3144 886 An
3187 834 3322 888 forte
3362 830 3655 890 secundum

2087 918 2189 975 hoc
2235 920 2431 975 dictum
2480 932 2581 987 est,
2624 923 2763 993 quod
2803 924 2902 979 sub
2940 924 3151 994 Angelis
3190 927 3489 983 constitutae
3531 937 3656 986 sunt

2082 1020 2287 1079 gentes,
2315 1012 2462 1081 juxta
2484 1013 2758 1068 Canticum
2779 1012 2945 1085 Moysi
2974 1013 3150 1068 famuli
3174 1015 3267 1071 Dei
3288 1015 3461 1089 (Deut.
3482 1035 3647 1085 χχχιι,

2083 1101 2137 1167 8,
2190 1118 2288 1155 sec.
2329 1101 2530 1174 LXX)?
2558 1104 2944 1175 Numquidnam
2984 1121 3111 1177 ergo
3153 1107 3243 1162 ille
3285 1108 3522 1179 angelus,
3551 1109 3651 1165 sub

2083 1206 2186 1260 quo
2207 1202 2359 1247 erant
2392 1192 2482 1247 filii
2509 1196 2756 1263 Ammon,
2784 1194 3014 1251 Chamos
3051 1198 3344 1267 appellatus
3378 1201 3495 1255 est?
3520 1199 3653 1268 Quis

2084 1283 2184 1339 hoc
2219 1285 2411 1339 audeat
2454 1286 2737 1353 affirmare,
2766 1302 2884 1342 cum
2917 1287 3081 1359 possit
3113 1290 3329 1360 intelligi
3359 1292 3651 1349 secundum

2080 1372 2195 1442 ejus
2219 1374 2519 1443 Opinionem
2545 1376 2761 1441 dictum,
2790 1377 2907 1447 quia
2941 1379 3151 1446 putabat
3172 1378 3328 1433 deum
3360 1395 3511 1436 suum
3547 1381 3652 1437 hoc

2082 1467 2370 1535 possidere,
2390 1468 2471 1521 vel
2495 1468 2545 1521 in
2569 1470 2955 1537 possessionem
2977 1470 3073 1523 sibi
3096 1470 3343 1526 dedisse?
3373 1473 3534 1543 Magis
3557 1489 3651 1528 au-

2080 1565 2184 1609 tem
2214 1556 2312 1611 iste
2332 1572 2520 1612 sensus
2541 1558 2706 1612 elucet
2735 1559 2785 1611 in
2811 1557 2873 1612 iis
2894 1558 3073 1613 verbis
3097 1576 3212 1628 qua:
3239 1576 3443 1631 grzecus
3469 1562 3647 1631 habet,

2076 1646 2263 1701 Nonne
2292 1665 2615 1721 quacumque
2652 1652 2960 1707 htereditavit
2994 1651 3080 1705 tibi
3109 1651 3324 1708 C/tamos
3346 1652 3484 1708 Deus
3510 1664 3648 1721 tuus,

2074 1738 2181 1791 haec
2208 1737 2564 1794 litereditabis?
2590 1748 2646 1795 ut
2674 1741 2726 1794 in
2771 1756 2835 1795 eo
2870 1742 3009 1811 quod
3050 1744 3277 1811 positum
3304 1754 3404 1811 est,
3434 1746 3539 1812 tibi,
3568 1746 3649 1799 in-

2076 1828 2343 1897 telligatur
2371 1831 2440 1883 ita
2471 1830 2699 1895 dictum,
2728 1847 2790 1885 ac
2826 1832 2870 1886 si
2907 1832 3192 1899 diceretur,
3224 1834 3359 1889 sicut
3384 1835 3648 1891 videbitur

2074 1918 2185 1972 tibi.
2216 1919 2331 1973 Tibi
2359 1921 2499 1974 enim
2527 1919 2857 1975 haereditavit
2901 1921 2990 1992 qui
3026 1922 3126 1977 hoc
3167 1933 3337 1993 putas,
3368 1940 3469 1980 non
3500 1927 3644 1997 quod

2071 2007 2158 2061 ille
2192 2008 2387 2077 aliquid
2436 2020 2616 2078 posset
2654 2010 2982 2066 haereditare.
3022 2013 3257 2083 Denique
3295 2014 3347 2068 in
3388 2029 3455 2070 eo
3499 2016 3644 2085 quod

2070 2100 2324 2169 sequitur,
2357 2100 2422 2154 Et
2462 2103 2646 2155 omnia'
2677 2119 2995 2172 quacumque
3041 2104 3348 2157 litereditavit
3396 2104 3645 2162 Dominus

2070 2189 2207 2244 Deus
2232 2200 2419 2257 noster,
2451 2207 2553 2245 non
2580 2192 2728 2257 dixit,
2755 2191 3087 2247 haereditavit
3107 2193 3279 2259 nobis,
3304 2202 3551 2265 tanquam
3570 2195 3645 2250 di-

2068 2290 2229 2347 ceret,
2282 2283 2419 2337 sicut
2459 2283 2611 2338 nobis
2649 2270 2886 2349 videtur;
2926 2283 3043 2351 sed,
3070 2300 3193 2339 vere
3233 2284 3581 2353 luereditavit,
3612 2304 3646 2341 a

2068 2374 2195 2441 facie
2222 2382 2412 2437 vestra;
2441 2374 2690 2443 quoniam
2731 2374 2943 2429 abstulit
2974 2374 3122 2444 ipsis,
3148 2382 3203 2430 et
3228 2375 3311 2431 his
3335 2374 3481 2431 dedit
3502 2395 3514 2431 :
3534 2376 3641 2431 lucc

2067 2462 2257 2532 inquit,
2286 2462 2705 2516 haereditabimus.
3074 2470 3076 2474 ’

2134 2553 2320 2609 XLIX.
2352 2553 2450 2627 [lb.
2485 2553 2582 2626 xu]
2617 2555 2689 2611 De
2721 2554 2823 2609 filia
2853 2555 3043 2623 Jephte
3085 2554 3225 2625 quiod
3260 2572 3375 2611 eam
3408 2566 3556 2628 pater
3582 2560 3635 2615 in

2065 2646 2461 2701 holocaustoma
2492 2632 2681 2701 obtulit
2709 2646 2846 2711 Deo;
2879 2646 3126 2715 quoniam
3156 2647 3205 2699 in
3233 2647 3372 2702 bello
3398 2660 3636 2714 voverat.

2064 2738 2108 2791 si
2138 2737 2368 2804 vicisset,
2396 2753 2515 2792 eum
2544 2752 2601 2791 se
2628 2736 3055 2791 haulocaustoma
3077 2737 3393 2804 oblaturum,
3418 2739 3507 2809 qui
3535 2740 3638 2795 sibi

2064 2829 2131 2885 de
2158 2829 2316 2884 domo
2343 2830 2525 2885 exiens
2554 2829 2900 2895 occurrisset;
2939 2828 3078 2898 quod
3120 2844 3239 2883 cum
3278 2830 3527 2898 vovisset,
3554 2832 3637 2885 vi.

2063 2921 2166 2984 cit;
2191 2931 2244 2975 et
2270 2930 2580 2976 occurrente
2606 2919 2838 2986 sibif‘tlia,
2856 2919 2992 2989 quod
3020 2928 3231 2974 voverat
3251 2920 3479 2976 reddidit
3507 2938 3520 2975 :
3544 2938 3634 2978 so-

2063 3011 2135 3066 let
2154 3027 2272 3067 esse
2291 3027 2475 3081 magna
2497 3021 2550 3066 et
2566 3012 2630 3065 ad
2649 3009 3042 3080 dijudieandum
3066 3011 3371 3066 difficillima
3386 3014 3633 3083 qumstio;

2062 3102 2373 3172 quibusdam
2391 3101 2515 3171 quid
2532 3102 2628 3155 sibi
2657 3100 2758 3154 hoc
2782 3101 2907 3155 velit
2933 3115 3089 3155 nosse
3110 3102 3445 3169 cupientibus
3474 3113 3527 3159 et
3551 3104 3637 3174 pie

2060 3192 2449 3263 qumrentibus;
2477 3190 2790 3261 quibusdam
2821 3206 2947 3246 vero
2975 3192 3063 3261 qui
3089 3190 3376 3262 Scripturis
3404 3193 3485 3249 his
3512 3209 3637 3250 sau-

2059 3285 2161 3341 ctis
2195 3285 2439 3354 imperita
2477 3284 2747 3354 impietate
2785 3282 3147 3347 adversantur,
3180 3284 3281 3339 hoc
3308 3286 3536 3342 maxime
3578 3285 3636 3343 in

2058 3376 2259 3431 crimen
2289 3374 2620 3439 vocantibus,
2653 3373 2793 3443 quod
2822 3374 2974 3443 Legis
2996 3382 3051 3428 et
3078 3373 3461 3443 Pmphetarum
3492 3376 3635 3433 Deus

2057 3468 2217 3522 etiam
2261 3465 2504 3520 humanis
2550 3464 2825 3520 sacrificiis
2860 3464 3017 3518 fuerit
3059 3465 3369 3521 delectatus.
3396 3466 3632 3535 Quorum

2057 3556 2337 3613 calunmiis
2364 3555 2441 3611 sic
2480 3556 2727 3625 primitus
2764 3555 3165 3624 respondemus,
3191 3566 3247 3609 ut
3276 3557 3438 3612 Deum
3476 3557 3633 3629 Legis

2057 3665 2111 3709 et
2150 3654 2555 3723 PrOphetarum,
2582 3662 2740 3722 atque
2785 3659 2840 3705 ut
2890 3652 3194 3719 expressius
3231 3651 3423 3719 dicam,
3463 3654 3630 3709 Deum

2057 3746 2324 3799 Abraham
2352 3754 2404 3799 et
2433 3745 2595 3799 Deum
2634 3742 2778 3797 Isaac
2816 3752 2869 3796 et
2892 3742 3057 3796 Deum
3086 3741 3251 3797 Jacob
3287 3758 3386 3799 nec
3423 3743 3511 3797 illa
3540 3760 3629 3799 sa-

2056 3834 2251 3891 crificia
2279 3834 2677 3899 delectaverint,
2702 3833 2788 3886 ubi
2818 3848 3068 3902 pecorum
3104 3831 3407 3887 holocausta
3436 3832 3630 3889 oll'ere-

2034 3956 2035 3959 η
2060 3928 2282 3993 bantur;
2309 3927 2401 3981 sed
2424 3926 2561 3997 quod
2589 3925 2933 3995 signiticativa
2960 3924 3152 3981 fuerint
3172 3935 3223 3981 et
3245 3924 3485 3996 quaedam
3511 3941 3629 3980 um-

2054 4018 2165 4074 brae
2193 4017 2514 4083 futurorum,
2541 4032 2629 4072 res
2664 4016 2805 4086 ipsas
2830 4015 2980 4072 nobis
3004 4030 3122 4086 quae
3147 4015 3229 4071 his
3259 4015 3531 4072 sacriﬁciis
3556 4017 3629 4072 si-

2054 4109 2456 4180 gnificabantur,
2500 4107 2874 4163 commendare
2921 4106 3150 4162 voluisse
3187 4124 3201 4161 :
3243 4105 3406 4163 fuisse
3448 4116 3627 4163 autem

2055 4201 2214 4254 etiam
2245 4199 2398 4254 istam
2436 4199 2617 4253 utilem
2645 4212 2857 4254 causam
2897 4212 2992 4251 cur
3030 4196 3117 4250 illa
3152 4204 3498 4265 mutarentur,
3528 4214 3627 4254 nec

2055 4290 2216 4347 modo
2253 4289 2585 4360 juberentur,
2616 4290 2721 4343 imo
2750 4288 3153 4358 prohiberentur
3182 4287 3380 4355 offerri,
3410 4303 3477 4343 ne
3499 4304 3627 4346 vere

2054 4382 2342 4437 secundum
2378 4380 2646 4436 carnalem
2683 4379 2929 4435 allectum
2960 4378 3152 4433 talibus
3182 4378 3348 4433 Deum
3372 4378 3625 4437 delectari

2054 4482 2378 4542 putaremus.

2124 4572 2227 4628 Sed
2256 4580 2433 4625 utrum
2460 4570 2617 4624 etiam
2643 4567 2888 4623 humanis
2928 4568 3201 4623 sacrificiis
3237 4568 3516 4638 significari
3542 4568 3624 4626 fu—

2055 4673 2169 4719 tura
2205 4660 2519 4733 oportuerit,
2568 4660 2760 4715 merito
2799 4660 3083 4729 quzrritur:
3108 4675 3213 4716 non
3251 4661 3399 4732 quod
3424 4672 3624 4721 mortes

2054 4756 2326 4812 hominum
2356 4752 2668 4824 quandoque
2694 4751 3072 4807 moriturorum
3118 4752 3169 4807 in
3212 4752 3309 4808 hac
3349 4768 3507 4809 causa
3527 4770 3624 4811 ex-

2055 4848 2366 4902 horrescere
2386 4854 2439 4900 et
2463 4844 2746 4899 formidare
2765 4843 3098 4911 deberemus,
3129 4846 3174 4899 si
3198 4845 3272 4901 illi
3296 4846 3386 4917 qui
3414 4845 3529 4902 huic
3555 4847 3624 4903 de

2052 4958 2111 4997 se
2149 4938 2263 4995 fieri
2304 4945 2575 5008 gratanter
2606 4936 2928 5006 acciperent,
2957 4937 3008 4991 in
3040 4934 3291 4993 aeternam
3317 4954 3623 4995 remunera-

2052 5034 2250 5087 tionem
2268 5028 2766 5085 commendarentur
2784 5028 2924 5083 Deo:
2948 5027 3040 5083 sed
3062 5029 3106 5083 si
3135 5028 3235 5083 hoc
3255 5044 3434 5083 verum
3457 5040 3620 5099 esset,

2054 5124 2156 5178 hoc
2193 5137 2361 5193 genus
2394 5118 2772 5175 sacrificiorum
2799 5115 2908 5174 Deo
2936 5135 3039 5173 non
3068 5120 3403 5191 displiceret;
3434 5120 3623 5191 displi-

2052 5228 2176 5269 cere
2215 5220 2391 5267 autem
2437 5211 2547 5267 Deo
2576 5212 2706 5265 satis
2733 5209 3009 5265 evidenter
3034 5210 3219 5265 eadem
3249 5210 3517 5281 Scriptura
3543 5220 3623 5269 te-

2053 5294 2241 5361 statur.
2278 5303 2410 5358 Nam
2448 5317 2569 5357 cum
2611 5301 2789 5356 omnia
2835 5301 3181 5371 primogenita
3217 5302 3317 5357 sibi
3354 5302 3540 5373 dicari,
3571 5315 3625 5362 et

2053 5410 2147 5450 sua
2181 5408 2298 5449 esse
2324 5392 2551 5445 voluerit
2581 5402 2739 5461 atque
2779 5391 3124 5460 pratceperit;
3160 5390 3347 5446 redimi
3388 5402 3562 5449 tamen
3591 5410 3622 5453 a

2052 5501 2111 5540 se
2126 5483 2293 5540 voluit
2307 5482 2654 5553 primogenita
2673 5481 2943 5536 hominum
2965 5479 3158 5551 (Exod.
3181 5483 3292 5549 xui,
3317 5480 3373 5550 2,
3399 5483 3485 5549 i2,
3510 5486 3621 5557 15),

2054 5591 2121 5632 ne
2150 5572 2503 5630 immolandos
2530 5572 2639 5627 Deo
2664 5571 2943 5627 crederent
2974 5571 3112 5628 filios
3138 5588 3284 5641 suos,
3307 5590 3441 5644 quos
3469 5586 3621 5634 natos

2053 5666 2296 5737 primitus
2310 5664 2684 5735 suscepissent.
2710 5662 2908 5718 Deinde
2922 5665 3021 5719 hoc
3037 5664 3269 5733 apertius
3286 5668 3354 5721 ita
3370 5666 3624 5737 loquitur,

2055 5757 2195 5827 quod
2244 5756 2472 5812 humana
2513 5754 2814 5810 holocausta
2842 5756 2918 5809 sic
2946 5756 3083 5810 Deus
3108 5756 3392 5825 improbet,
3425 5769 3479 5815 ut
3506 5777 3621 5831 pro.

2927 5846 3377 5927 (Viam—six.)
