4068 6360
486 442 686 510 hibeat,
709 432 993 498 detestans'
1014 452 1075 496 ea
1117 436 1170 493 in
1218 435 1337 492 aliis
1371 434 1634 507 gentibus,
1663 440 1719 489 et
1737 430 1934 503 populo
1963 442 2062 485 suo

486 532 799 606 praecipiens
822 545 892 587 ne
916 528 1109 585 audeat
1133 526 1365 583 imitari:
1390 524 1452 581 Si
1473 533 1660 592 autem,
1679 521 1870 594 inquit,
1896 530 2063 576 exter-

484 624 749 682 minaverit
788 622 1033 679 Dominus
1062 620 1198 677 Deus
1231 627 1346 674 tuus
1373 625 1561 691 gentes,
1592 616 1646 671 in
1672 630 1798 686 quas
1826 622 1880 668 tu
1904 612 2065 667 intras

483 717 779 775 hereditare
802 725 983 771 terram
1009 729 1182 770 eorum
1200 728 1232 767 a
1250 719 1519 782 conspectu
1546 718 1653 776 tuo,
1681 716 1729 764 et
1748 705 2065 762 haereditabis

481 816 661 880 eos,'et
687 809 931 866 habitabit
949 808 1003 863 in
1033 816 1165 862 terra
1182 821 1385 872 eorum;
1410 802 1610 858 attende
1633 800 1722 857 tibi
1742 799 1863 872 ipsi,
1889 812 1953 854 ne
1978 813 2066 853 ea:-

470 884 653 975 ‘quiras
699 901 840 973 sequi
882 916 984 963 eos,
1013 906 1277 970 postquam
1316 892 1634 952 exter-minati
1670 893 1858 965 fuerint
1884 907 1917 945 a
1938 889 2067 964 facie

468 979 588 1061 'tua,
624 1009 691 1049 ne
707 992 937 1063 exquiras
961 990 1080 1045 deos
1102 1004 1277 1044 eorum
1300 988 1491 1055 dicens,
1517 983 1951 1053 Quemadmodum
1979 986 2064 1054 {a-

479 1083 619 1139 ciunt
650 1091 818 1156 gentes
843 1080 943 1136 diis
961 1081 1086 1145 suis,
1117 1078 1303 1152 faciam
1330 1086 1378 1132 et
1401 1093 1493 1150 ego
1520 1091 1658 1131 :non
1679 1074 1833 1146 facies
1859 1075 1932 1129 ita
1952 1071 2062 1127 Do-

477 1174 617 1229 mino
648 1172 754 1227 Deo
778 1181 881 1229 tuo.
912 1170 1329 1226 Abomiuamenta
1356 1168 1487 1224 enim
1510 1182 1623 1236 qua:
1646 1164 1897 1220 Dominus
1933 1163 2062 1230 odit,

478 1264 703 1329 fecerunt
732 1261 830 1317 diis
870 1261 1013 1333 suis;
1040 1260 1278 1333 quoniam
1313 1268 1358 1314 et
1392 1258 1525 1329 ﬁlios
1557 1273 1675 1313 suos
1705 1266 1754 1312 et
1783 1256 1922 1326 filias
1947 1264 2071 1311 suas

482 1354 779 1409 comburunt
801 1352 908 1424 igni
927 1351 1026 1406 diis
1045 1352 1151 1405 suis
1172 1349 1349 1423 (Deut.
1373 1364 1471 1414 xu,
1496 1348 1568 1404 29
1597 1345 1711 1419 51).

555 1444 692 1514 Quid
720 1442 1018 1500 evidentius
1038 1440 1245 1498 ostendi
1265 1448 1438 1511 potest
1458 1438 1541 1493 his
1556 1444 1755 1494 sanctae
1775 1435 2065 1506 Scriptura;

484 1534 823 1603 testimoniis,
849 1543 905 1589 ut
921 1533 1025 1588 alia
1040 1530 1406 1602 hujuscemodi
1426 1530 1692 1596 omittam,
1711 1542 1871 1599 quam
1895 1527 2064 1583 Deum

484 1642 515 1684 a
542 1642 649 1700 quo
681 1626 796 1682 hmo
824 1625 1096 1696 Scriptura
1139 1622 1373 1678 humano
1414 1621 1599 1693 generi
1631 1618 1930 1676 contributa
1960 1628 2062 1687 est,

488 1733 593 1773 non
626 1718 799 1773 solum
829 1730 936 1772 non
959 1715 1202 1785 diligere,
1231 1728 1414 1769 verum
1441 1712 1599 1767 etiam
1620 1711 1801 1768 odisse
1828 1710 1951 1765 talia
1981 1724 2067 1764 sa-

486 1809 705 1877 criﬁcia,
737 1809 790 1864 in
815 1808 1007 1879 quibus
1030 1807 1272 1864 homines
1294 1804 1672 1862 immolantur?
1691 1804 1783 1859 Illa
1806 1804 1961 1876 plane
1987 1803 2069 1858 di-

486 1900 663 1972 ligitet
677 1907 916 1968 coronat,
934 1913 1056 1954 cum
1075 1897 1298 1968 quisque
1308 1896 1486 1967 justus
1508 1894 1836 1966 iniquitatem
1858 1894 2067 1965 patiens

488 2006 655 2064 usque
669 1991 736 2047 ad
753 1999 976 2047 mortem
995 2005 1096 2063 pro
1113 1990 1337 2045 veritate
1353 1987 1609 2057 decertat,
1621 1988 1707 2044 vel
1722 1987 1791 2043 ab
1816 1987 2063 2051 inimicis,

486 2098 621 2155 quos
663 2097 759 2154 pro
794 2081 997 2153 justitia
1044 2079 1286 2149 oll‘endit,
1328 2079 1608 2147 occiditur,
1652 2079 1952 2135 retribuens
1988 2079 2070 2135 eis

486 2175 625 2231 bona
668 2189 767 2245 pro
806 2172 981 2242 malis,
1009 2172 1062 2228 id
1103 2180 1186 2228 est
1221 2186 1319 2243 pro
1346 2170 1469 2227 odio
1491 2170 1852 2227 dilectionem.
1881 2169 2066 2226 Talem

490 2267 618 2324 dicit
662 2265 923 2323 Dominus
968 2265 1276 2337 sanguinem
1312 2263 1590 2335 justum,a
1631 2263 1887 2334 sanguine
1933 2263 2070 2320 Abel

489 2371 658 2428 usque
705 2355 774 2411 ad
815 2355 1125 2427 sanguinem
1175 2352 1713 2425 Zachariae‘Ulatth.
1759 2368 1918 2421 χχιιι,
1953 2353 2067 2423 35).

489 2446 764 2518 Praecipue
783 2453 960 2503 autem
982 2444 1124 2517 quod
1146 2445 1456 2516 sanguinem
1485 2442 1616 2499 fudit
1642 2443 1756 2513 ipse
1777 2460 1872 2514 pro
1894 2443 2068 2511 nobis,

491 2549 546 2598 et
568 2540 884 2598 saeriﬁcium
913 2541 1147 2611 seipsum
1167 2539 1358 2595 obtulit
1380 2539 1523 2605 Deo;
1549 2539 1626 2594 sic
1653 2538 1836 2608 utique
1857 2536 2071 2605 obtulit,

493 2640 553 2687 ut
577 2632 646 2688 ab
672 2631 901 2687 inimicis
937 2646 1035 2702 pro
1073 2630 1276 2701 justitia
1314 2627 1844 2685 occideretur:hunc
1871 2627 2074 2682 imitata

495 2731 789 2795 martyrum
821 2722 986 2778 millia
1014 2736 1183 2792 usque
1208 2719 1273 2776 ad
1300 2729 1526 2776 mortem
1552 2733 1648 2790 pro
1663 2718 1887 2775 veritate
1910 2727 2077 2773 certa-

493 2822 641 2882 runt,
667 2812 815 2869 etab
862 2811 1091 2867 inimicis
1130 2810 1471 2867 saevientibus
1513 2810 1780 2864 immolata
1819 2817 1975 2875 sunt;
2005 2807 2075 2863 de

493 2903 686 2975 quibus
705 2903 833 2958 dicit
851 2901 1144 2972 Scriptura,
1166 2900 1432 2972 Tanquam
1446 2917 1626 2955 aurum
1650 2901 1702 2954 in
1725 2900 1933 2970 fornace
1952 2916 2074 2972 pro-

497 2995 627 3048 bavit
647 2993 785 3060 illos,
811 3002 857 3047 et
880 2993 1009 3047 sicut
1029 2991 1310 3046 ltolocausti
1330 2991 1547 3045 hostiam
1567 2991 1758 3061 accepit
1780 2991 1896 3045 illos
1919 2989 2073 3061 (ευρ.

456 3134 463 3141 .
498 3099 576 3155 ut,
604 3084 682 3156 6).
708 3081 861 3140 Unde
881 3090 938 3139 et
960 3082 1246 3152 Apostolus
1273 3081 1420 3149 dicit,
1452 3081 1565 3153 Ego
1596 3082 1727 3137 enim
1757 3083 1872 3154 jam
1897 3083 2077 3136 immo-

498 3175 576 3231 lor
604 3174 670 3250 (Il
700 3173 829 3230 Tim.
859 3189 933 3240 tv,
965 3172 1045 3246 6).

568 3266 675 3324 Sed
703 3280 810 3321 non
840 3265 920 3323 sic
945 3264 1135 3336 Jephte
1162 3262 1231 3320 de
1256 3263 1360 3320 ﬁlia
1390 3261 1515 3320 fecit
1543 3262 1940 3320 holocaustoma
1968 3266 2073 3321 Do-

499 3358 678 3423 mino;
704 3355 797 3413 sed
822 3356 959 3412 sicut
985 3364 1307 3426 praeceptum
1354 3355 1522 3411 fuerat
1564 3371 1755 3426 pecora
1794 3355 1995 3424 oﬁ'erri,
2024 3364 2078 3412 et

497 3446 821 3518 prohibitum
870 3444 1044 3503 fuerat
1086 3445 1331 3502 homines
1364 3445 1647 3502 immolari.
1684 3446 1848 3518 Magis
1873 3447 1975 3505 hoc
2004 3450 2077 3505 illi

499 3539 675 3595 simile
718 3539 928 3595 videtur
969 3537 1109 3610 quod
1151 3537 1277 3595 fecit
1321 3538 1611 3608 Abraham,
1635 3543 1777 3612 quod
1825 3543 2079 3600 Dominus

498 3630 800 3701 specialiter
817 3631 930 3687 ﬁeri
953 3632 1205 3703 przeccpit
1224 3630 1376 3701 (Gen.
1403 3632 1563 3704 un),
1585 3649 1689 3688 non
1706 3635 1939 3704 generali
1963 3635 2079 3707 lege

475 3732 555 3791 ,ιιι
583 3723 705 3778 talia
733 3723 833 3780 sibi
854 3723 1112 3779 sacriﬁcia
1134 3722 1323 3779 ﬁerent
1346 3722 1629 3795 aliquando
1657 3726 1945 3794 mandavit,
1969 3726 2078 3782 imo

499 3814 659 3868 etiam
697 3813 808 3869 ﬁeri
838 3814 1057 3868 omnino
1083 3813 1368 3884 prohibuit.
1401 3815 1569 3870 Distat
1606 3814 1783 3888 itaque
1809 3817 1912 3874 hoc
1936 3818 2079 3888 quod

496 3904 687 3977 Jephte
715 3903 837 3960 fecit
862 3919 890 3958 a
921 3903 1060 3961 facto
1089 3905 1337 3971 Abrahm,
1364 3906 1613 3976 quoniam
1644 3908 1755 3976 ipse
1778 3907 1959 3978 jussus
1983 3907 2080 3964 ob-

497 3996 620 4053 tulit
640 3997 804 4052 ﬁlium
828 4015 840 4050 :
866 3996 964 4053 iste
987 4005 1165 4052 autem
1191 3998 1472 4069 fecitquod
1507 4007 1562 4054 et
1598 3999 1738 4070 Lege
1777 4001 2074 4069 vetabatur,

497 4086 553 4144 e't
591 4086 739 4144 nullo
778 4088 991 4159 speciali
1021 4086 1305 4158 jubebatur
1346 4089 1590 4160 imperio.
1622 4090 1822 4147 Deinde
1850 4108 1955 4163 non
1984 4108 2074 4149 so-

498 4178 608 4232 lum
648 4177 700 4233 in
740 4192 834 4232 sua
874 4177 1013 4249 Lege
1038 4185 1239 4249 postea,
1273 4194 1456 4234 verum
1502 4180 1662 4236 etiam
1708 4190 1831 4237 tunc
1858 4182 1995 4239 Deus
2024 4183 2077 4239 in

499 4269 614 4339 ipso
637 4268 863 4324 Abrahae
891 4267 999 4325 ﬁlio
1020 4268 1211 4326 talibus
1239 4271 1511 4328 sacriﬁciis
1530 4287 1689 4343 quam
1716 4289 1820 4330 non
1841 4275 2076 4332 delecta-

498 4368 650 4415 retur
675 4359 936 4427 ostendit;
961 4375 1084 4417 cum
1108 4369 1312 4432 patrem
1339 4362 1490 4434 cujus
1517 4364 1673 4421 ﬁdem
1691 4366 1926 4437 jubendo
1956 4385 2079 4440 pro-

500 4451 740 4519 baverat,
770 4468 800 4507 a
828 4452 919 4508 ﬁlii
941 4463 1117 4510 tamen
1138 4453 1505 4514 interiectione
1531 4457 1818 4530 prohibuit,
1848 4476 1913 4518 ac
1935 4463 2076 4519 arie-

498 4553 625 4606 tem,
652 4557 757 4613 quo
796 4544 1111 4601 sacriﬁcium
1152 4545 1296 4604 licito
1331 4548 1623 4605 secundum
1665 4561 1904 4609 veterum
1943 4570 2075 4610 cono

496 4636 681 4702 gruam
730 4634 1058 4703 temporibus
1098 4638 1535 4696 consuetudinem
1571 4642 1954 4715 complcretur,
1981 4661 2077 4718 ap-

499 4720 691 4792 posuit.

564 4811 620 4871 Si
647 4822 823 4870 autem
852 4814 955 4872 hoc
982 4833 1300 4890 quemquam
1328 4832 1524 4890 movet,
1555 4826 1823 4895 quomodo
1845 4828 1933 4899 pie
1959 4844 2077 4886 cre—

494 4904 687 4962 diderit
716 4907 983 4964 Abraham
1017 4910 1179 4965 Deum
1208 4913 1480 4971 sacriﬁciis
1509 4915 1701 4974 talibus
1724 4918 1999 4991 delectari,
2030 4923 2074 4979 si

494 4999 608 5055 luce
630 4998 810 5056 illicite
829 4999 1121 5057 oﬁ‘eruntur
1144 5003 1283 5069 Deo;
1319 5013 1375 5067 et
1402 5006 1520 5063 ideo
1547 5019 1691 5079 putat
1726 5022 1872 5067 recte
1894 5012 2072 5069 credi-

493 5088 636 5147 disse
664 5093 825 5148 etiam
862 5092 1053 5166 Jephte
1096 5096 1238 5167 quod
1279 5100 1383 5155 tale
1411 5101 1726 5159 sacriﬁcium
1759 5106 1869 5163 Deo
1896 5118 2075 5178 posset

491 5197 612 5240 esse
637 5193 912 5255 acceptum
938 5203 952 5240 :
976 5186 1150 5258 primo
1173 5189 1475 5247 consideret
1492 5193 1633 5248 aliud
1662 5210 1782 5252 esse
1811 5197 1954 5256 ultro
1981 5216 2074 5255 vo-

493 5289 637 5341 vere,
662 5276 805 5331 aliud
830 5276 1035 5348 jubenti
1064 5278 1456 5352 obtemperare.
1484 5283 1597 5341 Non
1619 5286 1783 5355 enim,
1807 5289 1853 5343 si
1874 5286 2071 5363 aliquid

493 5375 686 5435 praeter
711 5382 911 5423 morem
934 5368 986 5424 in
1011 5369 1171 5427 domo
1194 5387 1225 5428 a
1254 5372 1469 5431 domino
1496 5376 1790 5435 institutum
1812 5395 1967 5438 servo
1985 5384 2072 5455 ju-

493 5456 665 5526 betur,
687 5468 848 5532 atque
872 5458 927 5518 id
954 5461 1204 5520 laudabili
1226 5465 1526 5524 obedientia
1554 5468 1699 5539 facit,
1722 5472 1847 5531 ideo
1866 5490 1971 5532 non
1989 5488 2073 5534 est

554 5589 804 5667 ξδἠιὶαιηε
824 5592 923 5665 θαι)
941 5601 1050 5667 κει
1072 5595 1411 5667 maeniana»
1431 5602 1590 5667 ιαιεηι,
1609 5605 1738 5667 quod
1753 5604 1884 5660 dicat
1905 5611 2071 5663 oms-

488 5660 1065 5774 p‘t’tgtmgzzwtjustmn
1085 5673 1117 5713 a
1131 5672 1265 5727 8mg.
1294 5663 1377 5715 λὺ.
1405 5679 1552 5731 usque
1572 5660 1639 5719 ad
1660 5681 1798 5736 song.
1821 5660 2071 5726 lacuaria:

1306 313 1768 388 QUESTIONUM
1804 314 1862 373 S.
1903 309 2371 383 Αιιςιιετιιιιιιι
2409 311 2967 374 ΙΙΕΡΤΑΤΕΠΕΗΙῘΙ
3034 364 3043 373 .

3650 318 3763 377 εις

2172 426 2504 497 plectendos,
2521 428 2569 485 si
2582 427 2686 484 hoc
2701 425 2879 486 facere
2897 437 3086 499 sponte
3107 429 3533 502 praesumpserit.
3555 429 3760 490 Deinde

2172 516 2405 573 habebat
2439 517 2583 590 quod
2606 516 2852 576 crederet
2875 518 3166 589 Abraham,
3194 527 3256 576 ut
3280 528 3502 593 propter
3522 521 3764 582 divinum

2170 608 2451 679 imperium
2478 623 2584 665 non
2609 618 2854 681 parceret
2880 608 3008 679 ﬁlio,
3031 625 3141 667 non
3170 610 3400 668 credens
3424 612 3596 669 Deum
3621 614 3761 672 tales

2170 689 2413 756 victimas
2440 698 2669 756 libenter
2698 700 2967 773 accipere,
3011 700 3108 758 sed
3156 700 3261 758 hoc
3305 715 3428 758 eum
3472 712 3761 777 propterea

2169 791 2415 863 iussisse,
2441 800 2503 849 ut
2525 792 2867 851 resuscitaret
2891 794 3146 862 occisum,
3174 804 3230 852 et
3257 794 3383 853 hinc
3408 796 3609 869 aliquid
3639 805 3761 854 tan-

2170 898 2329 954 quam
2372 884 2513 942 Deus
2549 886 2764 957 sapiens
2806 885 3217 944 demonstraret.
3243 887 3379 945 Nam
3417 887 3521 946 hoc
3556 888 3627 946 de
3663 890 3761 948 illo

2171 977 2330 1033 etiam
2351 977 2405 1033 in
2422 977 2663 1051 Epistola
2683 979 2895 1051 legitur,
2918 995 3036 1053 qua:
3060 980 3368 1039 inscribitur
3384 983 3450 1038 ad
3472 983 3761 1050 Hebraeos;

2170 1078 2226 1126 ct
2251 1070 2382 1126 ﬁdes
2407 1071 2545 1143 ejus,
2571 1071 2693 1144 quia
2718 1070 2822 1129 hoc
2847 1071 2915 1129 de
2943 1073 3055 1130 Deo
3100 1073 3409 1143 crediderit,
3450 1074 3592 1146 quod
3632 1090 3762 1147 pos-

2169 1171 2254 1218 set
2280 1161 2446 1217 ﬁlium
2477 1164 2593 1234 ejus
2627 1163 2908 1231 suscitare,
2954 1163 3197 1220 laudatur
3233 1164 3416 1237 (Hebr.
3445 1183 3519 1232 xi,
3550 1166 3759 1240 17-19).

2173 1249 2276 1308 Iste
2295 1267 2423 1308 vero
2444 1262 2498 1309 et
2524 1254 2633 1310 Deo
2660 1270 2767 1311 non
2793 1254 3017 1326 jubente
3044 1270 3220 1326 neque
3245 1266 3523 1328 poscente,
3546 1266 3601 1313 et
3624 1271 3761 1313 con-

2169 1353 2251 1400 tra
2272 1345 2563 1417 legitimum
2585 1347 2699 1419 ejus
2717 1357 3062 1419 przeeeptum,
3092 1348 3233 1404 ultro
3258 1348 3577 1404 sacriﬁcium
3607 1350 3757 1405 vovit

2171 1434 2482 1493 humanum.
2504 1437 2593 1495 Sic
2612 1438 2753 1494 enim
2775 1439 3032 1511 scriptum
3059 1450 3143 1496 est
3166 1458 3179 1494 :
3206 1437 3273 1494 Et
3300 1441 3431 1495 vovit
3456 1440 3655 1512 Iephte.
3668 1458 3761 1496 vo-

2171 1535 2275 1582 tum
2297 1527 2535 1596 Domino,
2562 1538 2608 1585 et
2631 1529 2792 1587 dixit:
2815 1530 2878 1587 Si
2889 1531 3158 1588 traditione
3187 1531 3456 1587 tradideris
3482 1533 3607 1587 mihi
3624 1533 3765 1603 ﬁlios

2170 1615 2385 1673 Ammon
2404 1618 2459 1674 in
2478 1636 2633 1674 manu
2656 1637 2789 1689 mea,
2814 1629 2861 1677 et
2880 1622 2972 1679 erit
2991 1623 3288 1694 quicumque
3305 1624 3481 1679 exierit
3506 1623 3570 1678 de
3582 1624 3767 1696 januis

2171 1706 2352 1765 domus
2378 1725 2502 1765 mea:
2530 1710 2584 1766 in
2609 1710 2805 1766 obviam
2829 1713 2973 1779 mihi,
2996 1714 3053 1768 in
3080 1717 3371 1771 revertendo
3394 1732 3473 1770 me
3496 1717 3550 1771 in
3580 1734 3706 1789 pace
3727 1735 3762 1773 α

2172 1798 2293 1868 ﬁliis
2320 1799 2561 1871 Ammon,
2603 1812 2652 1858 et
2697 1804 2813 1873 erit,
2858 1803 3079 1861 Domino
3117 1805 3328 1875 offeram
3365 1824 3479 1863 cum
3512 1808 3760 1865 Italocau—

2175 1900 2358 1948 stoma.

2241 1982 2357 2039 Non
2384 1985 2564 2055 utique
2589 1984 2670 2041 his
2695 1985 2871 2041 verbis
2891 2000 3051 2058 pecus
3069 1988 3285 2059 aliquod
3310 1988 3472 2058 vovit,
3496 1990 3638 2063 quod
3665 2006 3761 2048 se-

2172 2077 2402 2133 cundum
2437 2076 2634 2149 Legem
2665 2078 3061 2136 holocaustoma
3102 2090 3284 2153 posset
3320 2082 3534 2139 ollerre.
3577 2082 3764 2155 Neque

2172 2169 2315 2224 enim
2341 2177 2425 2225 est
2462 2179 2557 2224 aut
2588 2169 2685 2225 fuit
2712 2171 3114 2229 consuetudinis
3133 2214 3148 2241 ,
3175 2183 3234 2230 ut
3258 2174 3606 2231 redeuntibus
3629 2191 3757 2232 cum

2173 2260 2393 2315 victoria
2423 2258 2491 2315 de
2519 2260 2661 2316 bello
2686 2260 2909 2319 ducibus
2953 2277 3145 2332 pecora
3175 2275 3537 2323 occurrerent.
3570 2266 3760 2334 Quan-

2176 2358 2287 2404 tum
2326 2357 2503 2406 autem
2541 2351 2731 2406 attinet
2766 2350 2833 2407 ad
2873 2352 3035 2408 multa
3076 2354 3345 2423 animalia,
3381 2371 3544 2412 canes
3582 2356 3763 2412 solent

2176 2438 2405 2495 dominis
2420 2438 2612 2495 blando
2628 2438 2879 2496 famulatu
2890 2441 3187 2500 alludentes
3202 2460 3421 2506 currere
3437 2447 3490 2502 in
3512 2447 3722 2504 obviam
3741 2466 3763 2505 :

2175 2530 2243 2587 de
2267 2531 2459 2603 quibus
2485 2531 2573 2588 ille
2602 2532 2653 2586 in
2682 2547 2781 2588 suo
2819 2541 2943 2589 voto
2970 2535 3208 2605 cogitare
3234 2551 3340 2592 non
3365 2547 3564 2610 posset,
3593 2555 3662 2596 ne
3706 2541 3762 2595 in

2177 2621 2425 2693 injuriam
2446 2621 2538 2677 Dei
2559 2621 2777 2693 aliquid,
2795 2638 2900 2679 non
2922 2625 3095 2681 solum
3118 2625 3379 2694 illicitum,
3396 2644 3579 2685 verum
3600 2632 3767 2690 etiam

2177 2713 2577 2785 contemptibile
2600 2722 2654 2770 et
2678 2714 2969 2771 secundum
2986 2716 3182 2789 Legem
3201 2718 3529 2776 immundum
3552 2723 3772 2779 vovisse

2177 2803 2467 2861 videretur.
2496 2803 2604 2861 Nec
2631 2805 2725 2873 ait,
2748 2806 3133 2879 Quodcumque
3159 2811 3349 2867 exierit
3377 2813 3444 2868 de
3460 2815 3640 2883 januis
3658 2815 3766 2873 do-

2179 2908 2301 2950 mus
2328 2910 2460 2950 mea:
2480 2895 2533 2950 in
2556 2896 2765 2952 obviam
2783 2898 2935 2967 mihi,
2957 2898 3177 2956 offeram
3195 2901 3326 2958 illud
3345 2903 3770 2973 holocaustoma;

2179 2987 2273 3042 sed
2309 2987 2403 3055 ait,
2440 2988 2738 3060 quicumque
2772 2990 2951 3045 exierit
2988 2989 3202 3059 offeram
3241 3010 3354 3049 eum
3385 3011 3409 3051 :
3449 2996 3536 3052 ubi
3579 3000 3771 3067 procul

2179 3076 2342 3132 dubio
2368 3077 2497 3133 nihil
2530 3078 2672 3133 aliud
2707 3095 2864 3150 quam
2906 3081 3175 3138 hominem
3217 3085 3497 3156 cogitavit;
3543 3103 3652 3143 non
3688 3096 3773 3143 ta-

2180 3184 2302 3224 men
2333 3168 2555 3226 fortasse
2578 3171 2785 3226 unicam
2814 3172 2974 3229 ﬁliam
3003 3192 3017 3228 :
3048 3191 3346 3249 quanquam
3370 3180 3514 3237 illam
3542 3182 3595 3237 in
3620 3191 3772 3239 tanta

2181 3269 2399 3330 paterna
2440 3260 2604 3332 gloria
2647 3263 2765 3333 quis
2807 3276 2988 3335 posset
3025 3267 3251 3337 anteire,
3288 3269 3390 3324 nisi
3429 3269 3568 3328 forte
3597 3272 3774 3328 uxor?

2180 3350 2313 3407 Nam
2333 3351 2472 3423 quod
2501 3368 2606 3408 non
2637 3353 2800 3422 dixit,
2826 3370 3193 3427 qumcumque,
3222 3359 3315 3415 sed
3359 3361 3655 3433 quicumque
3679 3367 3775 3418 ex;

2180 3443 2293 3498 ierit
2321 3443 2573 3515 dejauuis
2592 3445 2772 3501 domus
2796 3462 2938 3514 mere,
2954 3448 3091 3503 solet
3116 3448 3387 3521 Scriptura
3414 3455 3777 3511 masculinum

2182 3550 2349 3607 genus
2376 3549 2472 3605 pro
2498 3536 2732 3605 quolibet
2786 3552 2915 3593 sexu
2959 3552 3197 3608 ponere:
3222 3542 3362 3598 sicut
3397 3542 3466 3598 de
3494 3543 3774 3600 Abraham

2181 3625 2378 3681 dictmn
2407 3636 2510 3694 est,
2553 3626 2779 3699 Surgeus
2820 3646 2852 3683 a
2890 3641 3089 3686 mortuo
3125 3632 3145 3705 (
3164 3631 3291 3689 Gen.
3319 3650 3486 3704 xxur,
3515 3634 3612 3709 5);
3642 3653 3775 3694 cum

2182 3717 2299 3788 ejus
2322 3732 2456 3773 uxor
2483 3726 2690 3774 mortua
2710 3718 2917 3778 fuisset.

2252 3810 2383 3878 Quia
2418 3825 2547 3881 ergo
2593 3811 2659 3867 de
2704 3811 2805 3869 hoc
2843 3823 2968 3871 voto
3010 3824 3171 3887 atque
3215 3817 3354 3874 facto
3382 3820 3515 3877 nihil
3557 3821 3777 3878 videtur

2182 3898 2450 3971 Scriptura
2471 3900 2759 3972 judicasse,
2788 3904 2925 3959 sicut
2948 3905 3016 3962 de
3046 3908 3337 3979 Abraham,
3355 3911 3569 3981 quando
3596 3912 3774 3970 ﬁlium

2177 3993 2357 4064 jussus
2380 3992 2591 4061 obtulit,
2620 3996 3255 4070 apertissimejudicavit;
3280 4003 3374 4059 sed
3397 4007 3776 4063 tantummodo

2181 4083 2435 4154 scriptum
2462 4084 2742 4156 reliquisse
2786 4086 3083 4159 legentibus
3105 4090 3478 4164 judicandum,
3508 4099 3776 4167 quemad-

2182 4173 2396 4229 modum
2422 4174 2489 4231 de
2511 4174 2647 4232 facto
2669 4176 2818 4234 Iudae
2846 4179 2936 4235 ﬁlii
2971 4179 3137 4237 Jaeob
3160 4224 3175 4251 ,
3216 4184 3430 4255 quando
3461 4187 3528 4242 ad
3570 4203 3772 4246 nurum

2180 4265 2391 4337 quidem
2430 4282 2582 4322 suam
2620 4271 2865 4328 nesciens
2908 4273 3153 4340 intravit,
3190 4291 3377 4332 verum
3411 4290 3666 4350 quantum
3711 4282 3773 4338 in

2182 4356 2299 4427 ipso
2326 4356 2495 4413 fuerat
2534 4357 2821 4416 fornicatus
2867 4371 2984 4431 est,
3019 4364 3142 4435 quia
3180 4368 3517 4425 meretricem
3557 4374 3771 4441 putavit

2183 4446 2293 4519 (Id.
2316 4463 2542 4515 xxxviii,
2564 4449 2678 4525 15),
2700 4466 2873 4524 neque
2898 4456 3212 4526 approbavit
3232 4457 3336 4516 hoc
3355 4458 3650 4532 Scriptura,
3669 4481 3773 4522 ne-

2180 4555 2285 4613 que
2304 4541 2628 4612 reprobavit,
2659 4544 2755 4601 sed
2775 4545 2980 4616 justitia
3008 4556 3064 4604 et
3086 4548 3204 4621 lege
3232 4550 3327 4607 Dei
3355 4554 3595 4609 consulta
3621 4559 3771 4612 aesti-

2181 4633 2433 4689 mandum
2476 4636 2910 4708 pensandumque
2950 4639 3192 4696 dimisit:
3222 4643 3347 4713 quia
3385 4659 3515 4717 ergo
3553 4646 3623 4702 de
3653 4648 3765 4704 isto

2179 4723 2370 4796 Jepbte
2397 4724 2537 4782 facto
2561 4727 2617 4783 in
2648 4736 2889 4785 neutram
2919 4739 3122 4800 partem
3152 4735 3469 4790 sententiam
3490 4736 3769 4808 Scriptura

2182 4819 2275 4875 Dei
2295 4821 2551 4891 protulit,
2577 4832 2636 4877 ut
2657 4831 2838 4878 noster
2870 4823 3171 4881 intellectus
3206 4827 3260 4881 in
3296 4827 3584 4897 judicando
3610 4848 3773 4888 exere

2180 4919 2413 4979 ceretur,
2457 4926 2735 4981 possemus
2765 4912 2877 4984 jam
2915 4913 3096 4972 dicere
3135 4915 3247 4972 Deo
3287 4917 3621 4990 displicuisse
3659 4923 3770 4979 tale

2180 5009 2380 5067 votum,
2399 5009 2452 5056 et
2467 5001 2532 5057 ad
2557 5001 2701 5057 illam
2724 5002 3037 5072 perductum
3061 5020 3183 5062 esse
3205 5007 3513 5079 vindictam,
3538 5020 3596 5065 ut
3623 5015 3763 5083 patri

2181 5092 2509 5161 putissimum
2548 5092 2653 5149 ﬁlia
2686 5095 2838 5151 unica
2867 5107 3204 5167 occurreret;
3235 5100 3377 5173 quod
3418 5102 3464 5158 si
3490 5114 3764 5174 sperasset

2178 5190 2335 5253 atque
2376 5182 2692 5253 voluisset‘,
2727 5201 2831 5241 non
2876 5189 3163 5258 continuo,
3194 5200 3253 5247 ut
3291 5208 3410 5249 eam
3449 5194 3612 5264 vidit,
3656 5198 3765 5253 sei-

2176 5270 2342 5328 disset
2384 5274 2698 5331 vestimenta
2745 5291 2877 5346 sua,
2922 5290 2977 5335 et
3018 5280 3279 5352 dixisset,
3324 5283 3442 5340 Heu
3480 5303 3596 5354 me,
3641 5289 3758 5360 ﬁlia

2176 5379 2306 5429 mea,
2328 5364 2583 5435 impediin
2624 5384 2737 5435 me;
2778 5370 2833 5424 in
2860 5369 3222 5439 oﬂ'endiculum
3263 5375 3400 5446 facta
3446 5394 3500 5433 es
3544 5379 3599 5433 in
3637 5397 3762 5435 ocu-

2176 5455 2241 5511 lis
2282 5459 2421 5513 meis.
2478 5459 2677 5517 Deinde
2710 5463 2982 5535 sexaginta
3023 5465 3232 5523 dierum
3276 5476 3384 5524 tam
3428 5469 3585 5543 longa
3622 5472 3759 5528 dila-

2176 5546 2321 5602 tione
2349 5547 2470 5605 data
2511 5550 2633 5608 ﬁliae
2667 5566 2779 5609 suae
2818 5555 3076 5613 Dominus
3112 5557 3182 5615 ab
3222 5559 3391 5615 unica:
3424 5561 3757 5620 charissima:

2176 5656 2305 5696 nece
2328 5657 2447 5697 cum
2473 5658 2593 5698 eum
2624 5660 2730 5701 non
2751 5647 3098 5719 prohibuerit,
3127 5650 3263 5707 sicut
3283 5651 3561 5723 prohibuit
3584 5654 3758 5712 Abra-

2239 5744 2255 5774 ⁸
2282 5743 2416 5801 ΕΔΜ,
2437 5744 2647 5799 vovisset.
2671 5754 2778 5801 Mss.
2802 5749 3014 5803 melici-is
3036 5759 3181 5809 notae.
3206 5752 3444 5809 voluisset.
