4068 6360
326 339 431 397 813

316 455 469 521 bam,
499 451 673 507 donec
703 449 1027 521 perficiendo
1055 449 1198 521 quod
1219 459 1435 506 voverat
1457 450 1694 521 seipsum
1723 466 1909 521 percu-

328 552 461 601 teret
496 542 727 598 orbitate
764 541 1105 613 gravissima,
1137 541 1305 597 Deum
1351 551 1528 597 autem
1572 557 1906 613 nequaquam

327 638 556 696 hominis
585 637 952 693 immolatione
989 637 1222 708 placaret
1255 653 1269 690 :
1303 646 1357 693 et
1384 638 1506 694 ideo
1534 637 1906 709 hujuscemodi

326 731 459 803 patri
495 745 708 800 poenam
754 728 914 785 fuisse
950 729 1295 796 retributam,
1324 744 1394 785 ne
1433 730 1746 801 impunitum
1788 731 1909 786 talis

325 823 429 878 voti
454 822 851 892 relinqueretur
870 822 1193 892 exemplum,
1223 829 1283 877 ut
1310 830 1403 876 aut
1428 837 1676 893 magnum
1708 822 1909 893 aliquid

323 928 380 970 se
409 929 604 969 vovere
626 914 735 967 Deo
756 920 1005 982 putarent
1030 913 1294 979 homines,
1316 928 1436 969 cum
1459 914 1701 969 victimas
1722 913 1910 969 huma-

322 1022 416 1062 nas
446 1015 720 1070 voverent,
756 1012 846 1071 et,
882 1005 1023 1076 quod
1055 1014 1138 1061 est
1162 1005 1488 1074 horribilius,
1517 1005 1779 1073 filiorum;
1817 1014 1908 1061 aut

321 1114 424 1152 non
449 1112 595 1163 vera,
626 1096 719 1152 sed
745 1097 920 1167 potius
935 1096 1182 1151 simulata
1207 1096 1391 1152 eadem
1419 1106 1539 1152 vota
1561 1107 1762 1165 essent,
1783 1112 1902 1153 cum

319 1189 461 1245 velut
480 1188 728 1259 exemplo
755 1188 981 1243 Abrahae
1004 1196 1283 1258 sperarent
1301 1189 1390 1259 qui
1414 1190 1703 1256 vovissent,
1734 1189 1904 1245 Deum

318 1279 710 1349 prohibiturum
739 1280 860 1334 talia
892 1289 1012 1335 vota
1039 1279 1319 1350 compleri.

388 1373 693 1438 Possemus,
716 1372 953 1443 inquam,
972 1372 1086 1428 haec
1101 1371 1298 1438 dicere,
1318 1372 1418 1428 nisi
1435 1372 1502 1429 ab
1522 1373 1622 1429 ista
1642 1374 1904 1429 sententia

316 1463 422 1519 duo
449 1478 547 1517 nos
576 1464 842 1534 praecipue
871 1463 1167 1518 divinarum
1185 1462 1581 1534 Scripturarum
1598 1464 1903 1521 testimonia

316 1554 684 1620 retardarent;
718 1564 775 1610 ut
799 1554 935 1609 hanc
978 1570 1090 1609 rem
1133 1562 1339 1625 gestam
1368 1563 1424 1610 ct
1461 1555 1516 1610 in
1555 1555 1703 1611 libris
1742 1564 1904 1610 tanta:

314 1646 645 1701 auctoritatis
664 1645 936 1700 memoriae
952 1645 1400 1714 commendatam,
1422 1646 1724 1717 diligentius
1743 1662 1903 1718 quan-

316 1746 425 1792 tum
458 1737 717 1793 Dominus
740 1736 975 1807 adjuvat,
1004 1745 1059 1792 et
1074 1736 1284 1792 cautius
1310 1746 1727 1809 perscrutemur,
1750 1753 1818 1794 ne
1846 1738 1900 1793 in

315 1827 471 1881 ullam
485 1836 690 1897 partem
712 1827 964 1897 judicium
979 1828 1317 1884 temerarium
1338 1828 1685 1900 proferamus.
1702 1828 1898 1896 Unum,

313 1918 452 1989 quod
479 1918 532 1973 in
574 1918 809 1988 Epistola
849 1920 919 1974 ad
956 1918 1206 1975 Hebraeos
1236 1919 1335 1975 iste
1362 1918 1554 1991 .Iephte
1590 1920 1730 1976 inter
1769 1920 1902 1975 tales

309 2019 799 2078 commemoratur,
842 2018 899 2065 ut
935 2025 1058 2066 eum
1092 2011 1313 2081 culpare
1346 2025 1647 2077 vereamur,
1689 2010 1783 2066 ubi
1824 2011 1902 2067 sic

308 2102 567 2173 scriptum
598 2112 683 2160 est
711 2120 725 2156 :
756 2102 823 2157 Et
841 2104 963 2173 quid
986 2103 1153 2157 adhuc
1185 2103 1394 2158 dicam?
1430 2102 1619 2174 Deﬁcit
1655 2104 1787 2158 enim
1822 2121 1902 2159 me

309 2206 508 2267 tempus
533 2197 803 2251 enarranda
824 2196 887 2250 de
911 2195 1133 2262 Gedeon,
1162 2195 1347 2262 Barac,
1374 2196 1613 2263 Samson,
1630 2206 1677 2251 et
1695 2195 1899 2267 Jephte,

309 2297 357 2344 et
385 2287 579 2356 Dauid,
605 2298 651 2343 ct
682 2288 923 2357 Samuel,
946 2299 995 2343 et
1028 2287 1298 2359 Prophetis
1314 2305 1334 2355 ;
1362 2290 1449 2359 qui
1476 2306 1566 2361 per
1593 2290 1746 2359 ﬁdem
1772 2291 1902 2345 vice-

306 2389 428 2434 runt
454 2396 634 2451 regna,
658 2390 923 2451 operante:
932 2380 1190 2451 justitiam
1208 2381 1458 2435 consecuti
1473 2391 1587 2436 sunt
1608 2383 1902 2452 promissio-

315 2490 403 2528 nea
432 2472 619 2545 (Hebr.
652 2489 738 2540 XI,
769 2473 882 2545 5‘2).
928 2474 1168 2537 Alterum
1195 2514 1210 2540 ,
1242 2473 1383 2544 quod
1424 2474 1513 2528 ubi
1556 2474 1624 2529 de
1664 2474 1756 2529 illo
1800 2474 1900 2530 ista

310 2574 628 2630 narrantur,
672 2563 813 2634 quod
858 2563 961 2619 tale
999 2564 1204 2620 voverit
1243 2572 1297 2619 et
1338 2564 1640 2635 impleverit
1677 2574 1855 2620 votum
1879 2606 1896 2633 ,

311 2657 578 2727 praemisit
614 2657 889 2727 Scriptura
916 2656 1101 2712 dicens
1119 2699 1134 2726 ,
1159 2655 1227 2710 Et
1252 2659 1418 2728 factus
1441 2668 1515 2712 est
1541 2674 1696 2729 super
1715 2657 1903 2731 Iephte

311 2746 543 2821 Spiritus
586 2748 821 2817 Domini,
871 2758 916 2803 et
956 2750 1173 2821 perrexit
1217 2747 1417 2803 Galaad
1451 2757 1501 2805 et
1546 2748 1804 2817 Manasse,
1855 2761 1901 2805 et

307 2843 511 2896 transiit
536 2841 795 2914 speculam
822 2840 1042 2908 Gataad,
1070 2849 1115 2895 et
1136 2840 1199 2895 de
1218 2840 1424 2913 specula
1448 2839 1648 2895 Galaad
1674 2842 1742 2896 ad
1759 2851 1899 2898 trans

308 2935 446 3004 ﬁlios
469 2933 708 3001 Ammon,
740 2942 786 2987 ct
811 2942 979 2987 votum
1002 2932 1129 2986 vovit
1151 2931 1334 3003 Iephte
1361 2931 1599 2999 Domino,
1630 2941 1684 2989 ct
1708 2942 1901 2991 cmtcra

305 3025 378 3079 ad
393 3024 493 3080 hoc
506 3025 679 3095 ipsum
695 3032 874 3077 votum
892 3022 1230 3093 pertinentia;
1250 3030 1307 3077 ut
1321 3022 1495 3077 omnia
1515 3038 1633 3093 qua:
1650 3022 1901 3095 deinceps

308 3116 447 3172 facta
477 3123 622 3181 sunt,
656 3123 906 3186 tanquam
935 3129 1095 3186 opera
1124 3113 1349 3184 Spiritus
1369 3114 1599 3182 Domini,
1622 3115 1713 3186 qui
1738 3130 1903 3187 super

304 3221 434 3262 cum
467 3204 640 3260 factus
666 3212 783 3271 est,
826 3202 1495 3275 intelligendavideantur.
1522 3205 1623 3260 Ista
1657 3206 1899 3261 testimo-

308 3299 399 3353 nia
444 3313 542 3353 nos
578 3297 906 3368 compellunt
950 3312 1189 3367 quterere
1219 3297 1394 3367 potius
1419 3312 1516 3352 cur
1554 3296 1749 3354 factum
1793 3299 1898 3366 sit,

303 3406 473 3461 quam
502 3389 661 3445 facile
688 3388 992 3459 improbare
1019 3387 1160 3457 quod
1184 3387 1379 3443 factum
1407 3397 1507 3444 est.

382 3482 487 3538 Sed
521 3482 693 3551 primo
719 3480 845 3535 illud
872 3478 1012 3551 quod
1036 3495 1103 3535 ex
1136 3479 1370 3549 Epistola
1396 3494 1515 3550 qua:
1544 3478 1610 3534 ad
1643 3479 1900 3537 Hebrmos

306 3584 426 3640 est,
458 3572 907 3638 commemoravi,
959 3572 1096 3627 inter
1138 3571 1257 3626 illos
1295 3570 1586 3627 laudabiles
1630 3572 1773 3628 viros
1805 3573 1900 3643 qui

308 3666 509 3721 ibidem
562 3665 903 3733 recoluntur,
945 3679 1050 3720 non
1098 3664 1272 3720 solum
1324 3671 1413 3719 est
1445 3663 1675 3736 Iephte,
1715 3681 1899 3721 verum

306 3759 472 3814 etiam
501 3757 741 3821 Gedeon,
769 3757 836 3812 de
869 3772 973 3827 quo
1012 3756 1259 3813 similiter
1286 3756 1556 3827 Scriptura
1582 3759 1736 3826 dicit,
1770 3758 1899 3831 Spi-

304 3852 437 3904 ritus
468 3848 672 3904 Domini
697 3849 997 3919 confortarit
1036 3846 1238 3903 Gedeon
1264 3848 1455 3922 (ludio.
1480 3866 1553 3915 vx,
1578 3848 1667 3924 5i)
1699 3869 1710 3904 :
1743 3861 1796 3907 et
1824 3862 1900 3907 ta-

308 3957 436 3997 men
462 3942 579 4012 ejus
606 3941 828 4007 factum,
859 3940 1000 4010 quod
1030 3940 1095 3996 dc
1130 3940 1219 3996 illo
1244 3956 1374 3995 auro
1420 3941 1615 4012 prmda:
1651 3953 1899 4013 operatus

307 4043 395 4090 est
419 4032 599 4104 ephud
621 4075 635 4099 ,
663 4041 719 4088 et
758 4032 1042 4087 fornicatus
1072 4040 1155 4087 est
1192 4040 1311 4101 post
1345 4032 1472 4087 illud
1501 4034 1675 4088 omnis
1703 4034 1895 4103 Israel,
1920 4042 1923 4043 ⁷

308 4136 366 4184 ει
392 4127 587 4182 factum
617 4133 699 4182 est
735 4124 916 4179 domui
942 4124 1161 4180 cheon
1202 4124 1253 4178 in
1280 4122 1586 4181 scandalum
1623 4124 1746 4196 (Id.
1778 4142 1895 4195 vui,

307 4220 426 4292 27),
455 4236 562 4273 non
590 4219 761 4273 solum
791 4216 1009 4271 laudare
1036 4231 1138 4270 non
1170 4229 1492 4285 possumus;
1517 4232 1698 4271 verum
1735 4218 1895 4273 etiam

307 4313 431 4382 quia
468 4308 747 4379 Scriptura
788 4307 872 4363 hic
916 4306 1251 4375 apertissime
1275 4304 1561 4374 judicavit,
1610 4308 1897 4377 reprobare

308 4403 532 4457 minime
559 4400 863 4455 dubitamus
895 4416 908 4452 :
938 4412 1035 4451 nec
1065 4403 1240 4451 tamen
1270 4411 1334 4451 ex
1354 4395 1457 4453 hoc
1484 4396 1589 4451 ulla
1621 4398 1678 4453 fit
1708 4396 1895 4468 injuria

309 4493 531 4564 Spiritui
582 4491 811 4556 Domini,
850 4489 939 4560 qui
969 4504 1091 4543 eum
1130 4488 1479 4557 confortavit,
1506 4499 1567 4545 ut
1595 4489 1776 4547 hostes
1801 4507 1898 4563 po-

311 4588 418 4659 puli
447 4587 563 4656 ejus
591 4594 734 4640 tanta
767 4583 1015 4637 facilitate
1045 4592 1343 4653 superaret.
1373 4582 1479 4639 Cur
1503 4598 1631 4654 ergo
1660 4584 1801 4641 inter
1829 4587 1895 4641 il-

310 4680 393 4735 los
421 4684 894 4742 commemoratur,
920 4674 1003 4743 qui
1031 4692 1119 4745 per
1148 4674 1300 4743 fidem
1321 4676 1542 4731 uicerunt
1569 4694 1744 4749 regna,
1776 4695 1896 4749 ape-

309 4781 479 4828 rantea
494 4769 785 4842 justitiam;
819 4767 921 4822 nisi
961 4768 1086 4838 quia
1117 4776 1298 4822 sancta
1328 4765 1600 4838 Scriptura
1621 4810 1636 4833 ,
1668 4785 1921 4838 quorum'

311 4866 469 4922 fidem
496 4873 653 4934 atque
676 4861 932 4933 justitiam
970 4860 1232 4916 veraciter
1265 4858 1462 4925 laudat,
1493 4876 1598 4914 non
1628 4859 1751 4916 hinc
1790 4862 1894 4917 im-

308 4957 520 5029 peditur
540 4970 724 5011 eorum
746 4954 906 5009 etiam
933 4960 1169 5022 peccata,
1190 4950 1233 5005 si
1256 4965 1357 5021 qua
1378 4950 1541 5017 novit,
1567 4960 1621 5007 et
1646 4962 1894 5022 oportere

307 5050 528 5124 iudicat,
560 5056 744 5102 notare
768 5043 1051 5099 veraciter?
1076 5041 1209 5097 Nam
1234 5042 1359 5098 etin
1379 5055 1443 5097 eo
1464 5042 1605 5112 quod
1628 5043 1765 5099 idem
1792 5044 1896 5101 Ge-

309 5143 445 5198 deon
479 5140 688 5209 signum
730 5144 933 5206 petens,
964 5134 1101 5189 sicut
1130 5134 1243 5203 ipse
1280 5132 1489 5188 locutus
1527 5143 1638 5201 est,
1677 5137 1897 5193 tentavit

309 5233 361 5287 in
384 5231 585 5287 vellere
614 5227 722 5301 (Id.
752 5242 827 5291 vt,
851 5227 964 5296 59),
992 5225 1173 5281 nescio
1200 5233 1379 5280 utrum
1409 5240 1513 5280 non
1540 5224 1700 5281 fuerit
1720 5236 1894 5284 trans-

308 5336 523 5394 gressus
558 5327 882 5390 prmceptum
911 5315 1052 5387 quod
1089 5316 1343 5385 scriptum
1380 5325 1499 5382 est,
1533 5315 1654 5372 Non
1685 5321 1897 5375 tentabia

309 5413 585 5468 Dominum
623 5410 788 5466 Deum
824 5418 967 5463 tuum
1008 5406 1195 5481 (Deut.
1224 5423 1312 5474 vr,
1354 5405 1455 5478 16)
1485 5425 1497 5460 :
1531 5418 1894 5467 verumtamen

308 5505 467 5560 etiam
500 5505 553 5560 in
592 5502 711 5572 ejus
755 5499 1049 5555 tcntatione
1075 5498 1331 5553 Dominus
1362 5497 1502 5569 quod
1540 5502 1896 5568 praenuntiare

309 5596 523 5653 volebat
550 5591 817 5658 ostendit;
846 5594 900 5645 in
927 5590 1194 5660 compluto
1221 5590 1424 5645 scilicet
1458 5590 1659 5646 vellere
1688 5601 1742 5647 et
1770 5608 1893 5648 area

310 5695 424 5743 tota
463 5687 885 5754 circumquaque
920 5682 1092 5747 sicca,
1124 5680 1352 5752 figurare
1380 5682 1609 5752 primum
1643 5684 1894 5754 populum

310 5779 496 5847 εει-εει,
526 5778 617 5834 ubi
648 5784 802 5833 crant
828 5775 996 5831 sancti
1026 5788 1146 5831 cum
1172 5774 1342 5845 gratia
1376 5774 1579 5832 celesti
1600 5816 1616 5845 ,
1645 5786 1892 5848 tanquam

1666 337 1869 427 LIBER
1907 337 2266 397 SEPTIMUS.

3502 353 3608 411 8M

2017 452 2192 523 pluvia
2227 454 2519 524 spi'rituali;
2553 466 2607 513 et
2635 466 2817 526 postea
2857 462 3124 532 compluta
3157 479 3281 522 area
3309 467 3453 525 sicco
3486 472 3599 527 vel-

2018 544 2149 612 lere,
2168 544 2397 616 ﬁgurare
2410 546 2702 604 Ecclesium
2732 559 2843 608 toto
2864 553 2993 608 orbe
3020 555 3289 626 diffusam,
3313 559 3601 619 habentem

2016 652 2121 692 non
2144 638 2195 693 in
2222 640 2417 695 vellere
2439 650 2687 713 tanquam
2711 645 2761 699 in
2787 646 3068 716 velamine,
3093 650 3186 707 sed
3214 652 3266 707 in
3286 663 3472 724 aperto
3490 671 3600 712 cm-

2016 729 2205 786 iestem
2243 734 2485 801 gratiam,
2534 736 2624 791 illo
2653 738 2830 808 priore
2865 742 3058 811 populo
3094 744 3239 802 velut
3266 747 3334 801 ab
3359 747 3596 819 ejusdem

2013 825 2197 893 gratize
2221 841 2342 881 rore
2372 828 2602 884 alienato
2629 840 2788 902 atque
2808 833 3020 889 siccato.
3048 835 3159 892 Nec
3190 846 3369 895 tamen
3400 839 3597 899 frustra

2014 914 2153 969 inter
2193 914 2377 972 fideles
2415 928 2467 973 et
2504 931 2785 990 operantes
2824 924 3113 996 justitiam,
3142 938 3362 1001 propter
3400 926 3594 989 bonam

2014 1005 2329 1079 fideicmque
2352 1010 2534 1078 vitam,
2561 1013 2614 1068 in
2644 1030 2745 1085 qua
2771 1031 2890 1071 eum
2919 1019 3244 1077 credendum
3269 1033 3351 1079 est
3371 1040 3491 1082 esse
3508 1027 3597 1084 de-

2010 1092 2248 1154 functum
2269 1140 2284 1165 ,
2319 1100 2423 1157 tale
2456 1102 2511 1157 in
2543 1103 2775 1174 Epistola
2811 1105 2877 1161 ad
2917 1108 3169 1168 Hebraeos
3207 1117 3406 1172 meruit
3438 1120 3594 1175 testi-

2010 1199 2267 1242 monium.

2085 1277 2270 1334 Utrum
2299 1288 2477 1337 autem
2508 1284 2629 1353 quia
2654 1294 2995 1359 posteaquam
3024 1291 3221 1350 dictum
3248 1304 3363 1367 est,
3395 1296 3591 1357 Factus

2010 1378 2080 1422 est
2094 1385 2244 1440 super
2263 1370 2448 1443 Iephte
2466 1374 2691 1445 Spiritus
2707 1376 2933 1443 Domini,
2954 1396 3017 1437 ea
3042 1395 3224 1441 secuta
3252 1398 3396 1457 sunt,
3423 1400 3481 1446 ut
3500 1407 3593 1449 vo-

2009 1469 2120 1517 tum
2150 1463 2277 1519 illud
2309 1477 2551 1536 voveret,
2583 1478 2742 1540 atque
2766 1470 2947 1530 hostes
2973 1476 3227 1546 vinceret,
3251 1490 3305 1536 et
3326 1483 3468 1554 quod
3496 1499 3593 1541 vo-

2006 1565 2158 1613 verat
2211 1559 2500 1629 redderet,
2552 1560 2771 1633 Spiritui
2817 1566 3025 1624 Domini
3074 1573 3251 1628 omnia
3290 1574 3592 1645 deputanda

2006 1647 2133 1739 sint,
2164 1658 2221 1703 ut
2242 1650 2461 1730 perinde
2488 1651 2747 1710 habeatur
2768 1664 2824 1712 et
2851 1657 2951 1715 hoc
2973 1662 3314 1728 sacrificium,
3340 1676 3592 1739 tanquam

2006 1738 2059 1793 id
2103 1740 2355 1798 Dominus
2391 1742 2529 1800 sicut
2568 1746 2796 1803 Abraha:
2838 1749 2955 1807 fieri
2996 1752 3254 1823 jusserit,
3286 1774 3393 1813 non
3438 1738 3594 1819 facile

2005 1828 2266 1898 dixerim;
2316 1848 2437 1888 cum
2479 1836 2663 1906 utique
2696 1837 2764 1895 de
2793 1839 3009 1899 Gedeon
3051 1847 3222 1915 possit
3263 1849 3377 1906 lucc
3411 1853 3592 1912 afferri

2005 1920 2321 2013 differentia,
2352 1926 2472 1994 quia
2491 1937 2611 1998 post
2635 1940 2909 1999 peccatum
2935 1937 3075 2005 quod
3098 1938 3242 2008 fecit,
3274 1944 3488 2013 quando
3506 1944 3592 2003 fe-

2005 2012 2077 2067 cit
2097 2012 2271 2084 ephud
2296 2024 2415 2085 post
2445 2018 2585 2088 quod
2611 2019 2891 2078 universus
2919 2027 3144 2097 populus
3172 2012 3463 2092 fornicatus
3483 2044 3589 2105 est,

2005 2105 2149 2160 nulla
2174 2116 2255 2162 est
2282 2107 2397 2178 ejus
2425 2122 2839 2169 commemorata
2865 2121 3224 2189 prosperitas:
3252 2135 3438 2195 postea
3463 2143 3592 2186 vero

2003 2212 2160 2267 quam
2187 2197 2379 2270 Jephte
2402 2210 2584 2257 votum
2614 2204 2783 2274 vovit,
2812 2206 2900 2263 illa
2925 2218 3007 2265 est
3031 2210 3251 2285 insignis
3276 2216 3391 2287 ejus
3421 2221 3592 2277 victo-

2003 2288 2082 2343 ria
2109 2302 2423 2358 consecuta,
2466 2305 2684 2365 pr0pter
2718 2313 2875 2368 quam
2919 2301 3313 2373 adipiscendam
3351 2324 3592 2381 voverat,

2004 2389 2059 2435 et
2084 2398 2185 2452 qua
2214 2384 2404 2454 adepta
2427 2386 2571 2458 quod
2603 2400 2820 2445 voverat
2845 2392 3025 2450 solvit.
3055 2396 3259 2456 Rursus
3294 2402 3436 2458 enim
3466 2419 3595 2461 con-

2005 2473 2346 2567 siderandum
2390 2489 2493 2547 est,
2521 2480 2645 2551 quia
2681 2481 2921 2553 cheon,
2958 2487 3058 2542 etsi
3098 2505 3202 2546 non
3246 2502 3592 2567 posteaquam

2005 2563 2131 2622 fecit
2169 2567 2366 2638 ephud,
2410 2579 2583 2627 tamen
2635 2583 2978 2646 posteaquam
3021 2584 3242 2638 tentavit
3288 2563 3590 2646 Dominum.

2004 2659 2146 2729 quod
2191 2660 2370 2732 utique
2413 2674 2687 2733 peceatum
2731 2676 2851 2736 est,
2900 2686 3087 2743 magna
3132 2685 3312 2748 strage
3352 2680 3597 2742 hostibk

2002 2751 2157 2806 ctesis
2194 2763 2355 2823 atque
2394 2756 2656 2826 superatis
2681 2759 2874 2828 popqu
2908 2764 3192 2833 acquisivit
3228 2769 3473 2826 salutem.
3503 2771 3563 2831 Si

2004 2844 2146 2939 enim
2173 2845 2445 2939 scriptum
2485 2857 2610 2903 est:
2658 2848 2730 2905 Et
2768 2852 2898 2907 dixit
2938 2853 3143 2913 Gedeon
3184 2861 3253 2915 ad
3295 2861 3599 2939 Dominum,

2006 2931 2129 2989 Non
2167 2935 2416 2991 irascatur
2454 2939 2738 3011 indignatio
2779 2951 2866 2997 tua
2902 2945 2956 3001 in
2995 2963 3093 3016 me,
3120 2960 3170 3005 et
3207 2952 3385 3025 loquar
3425 2931 3595 3016 adhuc

2002 3026 2176 3094 semel,
2208 3035 2256 3081 et
2297 3029 2497 3084 tentabo
2542 3031 2710 3086 adhuc
2748 3037 2904 3091 semet
2942 3038 2995 3093 in
3037 3042 3238 3112 aedere,
3278 3055 3334 3103 et
3376 3058 3591 3108 caetera.

2006 3115 2142 3171 Iram
2177 3117 2372 3190 quippe
2398 3120 2491 3176 Dei
2521 3122 2827 3192 metuebat,
2856 3128 2979 3197 quia
3006 3143 3226 3190 noverat
3256 3139 3508 3197 tentando
3534 3156 3596 3200 se

2004 3221 2249 3302 peccare,
2277 3209 2419 3281 quod
2449 3211 2589 3268 Deus
2623 3212 2675 3268 in
2713 3214 2856 3287 Lege
2881 3232 2976 3275 sua
3015 3223 3443 3287 manifestissime
3469 3246 3595 3302 pro-

2006 3300 2171 3397 hibet.
2201 3302 2313 3397 IIoc
2359 3312 2533 3361 tamen
2578 3318 2853 3397 peccatum
2896 3312 3013 3382 ejus
3059 3324 3114 3370 et
3155 3318 3411 3378 mirabilis
3454 3300 3595 3397 signi

2004 3392 2266 3448 evidentia
2296 3402 2350 3448 et
2377 3409 2566 3466 magna
2598 3396 2837 3455 victoriae
2871 3405 3201 3474 prosperitas
3230 3392 3593 3471 Iiberationis-

2003 3497 2107 3552 que
2146 3483 2323 3553 populi
2359 3495 2643 3541 consecuta
2682 3497 2783 3543 est.
2814 3489 2932 3546 Jam
2976 3495 3119 3549 enim
3160 3497 3299 3555 Deus
3335 3510 3593 3564 statuerat

2005 3573 2203 3668 afflicto
2246 3578 2442 3646 popqu
2480 3577 2784 3649 subvenire,
2821 3594 2983 3655 atque
3022 3585 3180 3659 hujus
3218 3590 3390 3663 ducis,
3431 3611 3591 3668 quem

2004 3667 2068 3720 ad
2097 3666 2199 3721 hoc
2229 3684 2361 3738 opus
2389 3684 2768 3742 assumpserat,
2803 3677 3051 3734 utebatur
3073 3682 3253 3740 animo
3280 3701 3385 3744 non
3415 3666 3591 3751 solum

2005 3758 2221 3856 fideliet
2242 3761 2347 3832 pio,
2374 3778 2557 3856 verum
2573 3764 2734 3821 etiam
2755 3768 3135 3831 subdeficiente
3150 3786 3205 3832 et
3224 3777 3587 3856 delinquente,

2003 3859 2058 3948 et
2090 3850 2154 3904 ad
2184 3853 2587 3922 prmnuntianda
2615 3872 2734 3927 qua:
2764 3859 3005 3931 volebat,
3038 3871 3091 3919 et
3129 3850 3441 3940 complenda
3470 3850 3590 3948 quae

2003 3940 2227 3996 dixerat.

2074 4032 2188 4088 Non
2218 4035 2361 4090 enim
2397 4051 2493 4107 per
2528 4038 2657 4094 istos
2690 4049 2889 4097 tantum
2910 4086 2923 4111 ,
2951 4047 3038 4116 qui
3081 4027 3303 4109 etiamsi-
3331 4072 3589 4127 peccave-

2004 4132 2146 4191 runt,
2181 4124 2319 4180 inter
2358 4126 2530 4196 justas
2575 4138 2751 4185 tamen
2801 4144 3104 4206 narrantur,
3150 4142 3245 4198 sed
3289 4124 3447 4205 etiam
3492 4167 3589 4223 per

2005 4216 2179 4287 ipsum
2215 4216 2428 4274 Saiilem
2461 4222 2605 4275 0mm
2637 4224 2795 4278 modo
2837 4228 3174 4297 reprobatum
3196 4275 3211 4298 ,
3250 4238 3418 4294 multa
3447 4216 3587 4301 Deus

2006 4309 2201 4379 popqu
2230 4324 2328 4366 suo
2353 4312 2620 4381 praestitit,
2660 4314 2710 4367 in
2739 4332 2895 4386 quem
2924 4317 3142 4375 insilivit
3170 4325 3327 4381 etiam
3355 4329 3585 4400 Spiritus

2006 4401 2099 4456 Dei
2120 4443 2133 4465 ,
2162 4410 2215 4456 et
2253 4402 2625 4472 prophetarit;
2658 4420 2761 4459 non
2791 4421 2912 4461 cum
2936 4408 3078 4478 juste
3103 4424 3312 4482 ageret,
3342 4420 3436 4475 sed
3461 4437 3583 4484 cum

2004 4495 2056 4581 in
2076 4493 2247 4547 virum
2268 4502 2507 4548 sanctmn
2526 4494 2687 4547 David
2706 4495 3147 4572 innocentemque
3163 4506 3375 4565 saeviret
3392 4510 3435 4584 (I
3457 4513 3582 4587 Reg.

2004 4601 2118 4649 xxx,
2149 4584 2316 4640 20-23
2340 4584 2380 4657 ).
2409 4584 2531 4655 Agit
2558 4586 2698 4640 enim
2726 4585 2954 4658 Spiritus
2986 4593 3191 4652 Domini
3217 4609 3272 4657 et
3298 4618 3394 4673 per
3414 4584 3585 4669 bonos

2001 4684 2057 4732 et
2078 4690 2175 4770 per
2204 4675 2476 4770 malos,_ct
2501 4690 2599 4746 per
2627 4677 2860 4737 scientes
2889 4690 2943 4737 et
2970 4701 3065 4755 per
3089 4691 3414 4765 nescientes,
3441 4702 3583 4770 quod

2000 4765 2261 4860 agendum
2299 4767 2471 4860 novit,
2509 4775 2573 4860 ct
2602 4771 2786 4825 statuit
2824 4792 2838 4828 ;
2878 4777 2965 4844 qui
3004 4778 3161 4834 etiam
3201 4798 3295 4853 per
3326 4765 3582 4860 Caipham

2002 4858 2317 4913 acerrimum
2369 4856 2577 4914 Domini
2620 4874 3037 4935 persecutorem,
3085 4856 3583 4953 nescientem—quid

2002 4949 2770 5043 dixerit,insignemprotulit
2811 4958 3161 5032 prophetiam,
3200 4969 3340 5038 quod
3364 4949 3583 5043 oporte-

2001 5050 2083 5096 ret
2106 5039 2377 5095 Christum
2405 5042 2538 5097 mori
2565 5056 2660 5113 pro
2683 5056 2839 5116 gente
2868 5048 2886 5119 (
2904 5047 3058 5105 Joan.
3091 5068 3168 5122 XI,
3200 5039 3422 5132 49-51):
3452 5064 3585 5132 Qui,

2002 5133 2145 5188 extim
2182 5134 2288 5204 egit
2324 5134 2425 5190 nisi
2460 5133 2685 5205 Spiritus
2724 5138 2966 5207 Domini,
3007 5134 3199 5202 curans
3227 5158 3585 5219 pratnuntiare

2002 5235 2246 5293 vtntura,
2274 5236 2331 5281 ut
2360 5227 2526 5297 judici
2564 5228 2778 5285 chcon
2811 5241 3012 5291 tentare
3043 5238 3240 5297 volenti
3274 5242 3581 5318 Dominum,

2002 5328 2056 5373 et
2094 5333 2198 5372 non
2238 5318 2475 5399 credenti
2515 5318 2654 5389 quod
2684 5322 2733 5376 ei
2776 5322 2942 5379 fuerat
2979 5340 3073 5396 per
3108 5345 3322 5389 manum
3363 5336 3479 5408 ejus
3514 5342 3585 5399 de

2000 5410 2172 5465 salute
2208 5409 2387 5479 populi
2416 5410 2525 5480 jam
2555 5411 2782 5481 locutus,
2816 5414 2916 5469 hoc
2941 5418 3270 5486 potissimum
3296 5424 3365 5483 de
3387 5429 3585 5490 vellere

2002 5502 2147 5572 prius
2170 5500 2462 5571 compluto,
2488 5503 2822 5571 postmodum
2848 5508 3011 5575 sicco,
3035 5520 3087 5566 et
3115 5513 3181 5569 de
3200 5530 3323 5575 area
3350 5522 3581 5591 primum

2002 5596 2163 5661 sicca,
2188 5604 2369 5666 postea
2397 5595 2563 5666 rigata
2589 5598 2793 5652 veniret
2818 5600 2871 5654 in
2900 5608 3176 5662 mentem?
3202 5608 3266 5665 Ut
3293 5614 3431 5683 quod
3456 5618 3586 5672 sub-

2001 5687 2196 5742 defecit
2233 5702 2264 5741 a
2299 5686 2423 5754 fide,
2452 5687 2742 5744 infirmitati
2771 5692 2887 5761 ejus
2927 5694 3224 5769 delictoque
3262 5703 3582 5773 deputetur;

2006 5780 2147 5842 quod
2175 5796 2303 5837 vero
2327 5782 2488 5836 etiam
2519 5781 2607 5836 tali
2647 5782 2762 5846 eius
2790 5787 2968 5846 animo
2997 5790 3061 5846 ad
3094 5794 3192 5850 hoc
3223 5796 3363 5853 ouod
3398 5795 3584 5856 uenari
