  <div class='ocr_page' id='page_1' title='image "/cluster/home/n/w/nwhite01/storage/ocr_20150623/34/hvd.32044015706310/413.png"; bbox 0 0 4136 6464; ppageno 0'>
   <div class='ocr_carea' id='block_1_1' title="bbox 467 350 570 406">
    <p class='ocr_par' dir='ltr' id='par_1_1' title="bbox 467 350 570 406">
     <span class='ocr_line' id='line_1_1' title="bbox 467 350 570 406; baseline 0 0"><span class='ocrx_word' id='word_1_1' title='bbox 467 350 570 406; x_wconf 73' lang='lat' dir='ltr'><strong>8l5</strong></span> 
     </span>
    </p>
   </div>
   <div class='ocr_carea' id='block_1_2' title="bbox 471 435 2038 528">
    <p class='ocr_par' dir='ltr' id='par_1_2' title="bbox 471 435 2038 528">
     <span class='ocr_line' id='line_1_2' title="bbox 471 435 2038 528; baseline -0.019 -10"><span class='ocrx_word' id='word_1_2' title='bbox 471 449 705 518; x_wconf 78' lang='lat' dir='ltr'><strong>humano</strong></span> <span class='ocrx_word' id='word_1_3' title='bbox 747 454 1030 528; x_wconf 87' lang='lat' dir='ltr'><strong>significari</strong></span> <span class='ocrx_word' id='word_1_4' title='bbox 1060 450 1336 522; x_wconf 70' lang='lat' dir='ltr'><strong>Oportebat</strong></span> <span class='ocrx_word' id='word_1_5' title='bbox 1365 461 1490 502; x_wconf 89' lang='lat' dir='ltr'><strong>usus</strong></span> <span class='ocrx_word' id='word_1_6' title='bbox 1517 453 1600 498; x_wconf 88' lang='lat' dir='ltr'><strong>est</strong></span> <span class='ocrx_word' id='word_1_7' title='bbox 1630 442 1767 496; x_wconf 91' lang='lat' dir='ltr'><strong>Deus</strong></span> <span class='ocrx_word' id='word_1_8' title='bbox 1785 481 1800 505; x_wconf 92' lang='lat'><strong>,</strong></span> <span class='ocrx_word' id='word_1_9' title='bbox 1829 436 1894 491; x_wconf 91' lang='lat' dir='ltr'><strong>ad</strong></span> <span class='ocrx_word' id='word_1_10' title='bbox 1924 435 2038 528; x_wconf 90' lang='lat' dir='ltr'><strong>ejus</strong></span> 
     </span>
    </p>
   </div>
   <div class='ocr_carea' id='block_1_3' title="bbox 475 527 2041 623">
    <p class='ocr_par' dir='ltr' id='par_1_3' title="bbox 475 527 2041 623">
     <span class='ocr_line' id='line_1_3' title="bbox 475 527 2041 623; baseline -0.02 -13"><span class='ocrx_word' id='word_1_11' title='bbox 475 543 1233 623; x_wconf 85' lang='lat' dir='ltr'><strong>intelligaturmisericordiam</strong></span> <span class='ocrx_word' id='word_1_12' title='bbox 1263 550 1314 594; x_wconf 90' lang='lat' dir='ltr'><strong>et</strong></span> <span class='ocrx_word' id='word_1_13' title='bbox 1342 535 1632 592; x_wconf 89' lang='lat' dir='ltr'><strong>mirabilem</strong></span> <span class='ocrx_word' id='word_1_14' title='bbox 1661 527 2041 602; x_wconf 77' lang='lat' dir='ltr'><strong>providentiam</strong></span> 
     </span>
    </p>
   </div>
   <div class='ocr_carea' id='block_1_4' title="bbox 681 659 758 698">
    <p class='ocr_par' dir='ltr' id='par_1_4' title="bbox 681 659 758 698">
     <span class='ocr_line' id='line_1_4' title="bbox 681 659 758 698; baseline -0.026 0"><span class='ocrx_word' id='word_1_15' title='bbox 681 659 758 698; x_wconf 92' lang='lat' dir='ltr'><strong>re.</strong></span> 
     </span>
    </p>
   </div>
   <div class='ocr_carea' id='block_1_5' title="bbox 471 655 2046 807">
    <p class='ocr_par' dir='ltr' id='par_1_5' title="bbox 471 655 2046 807">
     <span class='ocr_line' id='line_1_5' title="bbox 596 655 758 698; baseline -0.025 2"><span class='ocrx_word' id='word_1_16' title='bbox 596 655 603 657; x_wconf 82' lang='lat'>&#39;</span> <span class='ocrx_word' id='word_1_17' title='bbox 681 659 758 698; x_wconf 92' lang='lat' dir='ltr'><strong>re.</strong></span> 
     </span>
     <span class='ocr_line' id='line_1_6' title="bbox 471 655 2046 807; baseline -0.02 -11"><span class='ocrx_word' id='word_1_18' title='bbox 471 655 773 807; x_wconf 42' lang='lat' dir='ltr'><strong>pel-Slimiluis</strong></span> <span class='ocrx_word' id='word_1_19' title='bbox 823 741 997 788; x_wconf 90' lang='lat' dir='ltr'><strong>autem</strong></span> <span class='ocrx_word' id='word_1_20' title='bbox 1049 727 1177 783; x_wconf 87' lang='lat' dir='ltr'><strong>dicit</strong></span> <span class='ocrx_word' id='word_1_21' title='bbox 1227 723 1402 778; x_wconf 83' lang='lat' dir='ltr'><strong>omnia</strong></span> <span class='ocrx_word' id='word_1_22' title='bbox 1456 720 1707 775; x_wconf 90' lang='lat' dir='ltr'><strong>scientem</strong></span> <span class='ocrx_word' id='word_1_23' title='bbox 1759 715 1942 769; x_wconf 88' lang='lat' dir='ltr'><strong>fecisse</strong></span> <span class='ocrx_word' id='word_1_24' title='bbox 1990 719 2046 766; x_wconf 88' lang='lat' dir='ltr'><strong>et</strong></span> 
     </span>
    </p>
   </div>
   <div class='ocr_carea' id='block_1_6' title="bbox 473 810 2044 886">
    <p class='ocr_par' dir='ltr' id='par_1_6' title="bbox 473 810 2044 886">
     <span class='ocr_line' id='line_1_7' title="bbox 473 810 2044 886; baseline -0.018 0"><span class='ocrx_word' id='word_1_25' title='bbox 473 831 670 886; x_wconf 77' lang='lat' dir='ltr'><strong>dixisse</strong></span> <span class='ocrx_word' id='word_1_26' title='bbox 697 826 911 884; x_wconf 83' lang='lat' dir='ltr'><strong>Gedeon</strong></span> <span class='ocrx_word' id='word_1_27' title='bbox 935 837 1000 877; x_wconf 79' lang='lat' dir='ltr'><strong>ex</strong></span> <span class='ocrx_word' id='word_1_28' title='bbox 1025 817 1344 874; x_wconf 59' lang='lat' dir='ltr'><strong>rei-elatione</strong></span> <span class='ocrx_word' id='word_1_29' title='bbox 1374 810 1702 884; x_wconf 86' lang='lat' dir='ltr'><strong>prophetica,</strong></span> <span class='ocrx_word' id='word_1_30' title='bbox 1725 818 1780 861; x_wconf 92' lang='lat' dir='ltr'><strong>ut</strong></span> <span class='ocrx_word' id='word_1_31' title='bbox 1806 821 1898 876; x_wconf 91' lang='lat' dir='ltr'><strong>per</strong></span> <span class='ocrx_word' id='word_1_32' title='bbox 1920 817 2044 859; x_wconf 89' lang='lat' dir='ltr'><strong>eum</strong></span> 
     </span>
    </p>
   </div>
   <div class='ocr_carea' id='block_1_7' title="bbox 471 896 2046 992">
    <p class='ocr_par' dir='ltr' id='par_1_7' title="bbox 471 896 2046 992">
     <span class='ocr_line' id='line_1_8' title="bbox 471 896 2046 992; baseline -0.018 -16"><span class='ocrx_word' id='word_1_33' title='bbox 471 923 621 992; x_wconf 81' lang='lat' dir='ltr'><strong>signa</strong></span> <span class='ocrx_word' id='word_1_34' title='bbox 661 917 783 972; x_wconf 90' lang='lat' dir='ltr'><strong>talia</strong></span> <span class='ocrx_word' id='word_1_35' title='bbox 821 915 1279 972; x_wconf 89' lang='lat' dir='ltr'><strong>monstrarentur;</strong></span> <span class='ocrx_word' id='word_1_36' title='bbox 1324 920 1424 958; x_wconf 88' lang='lat' dir='ltr'><strong>nec</strong></span> <span class='ocrx_word' id='word_1_37' title='bbox 1462 900 1773 992; x_wconf 72' lang='lat' dir='ltr'><strong>defecissca</strong></span> <span class='ocrx_word' id='word_1_38' title='bbox 1813 896 1951 962; x_wconf 88' lang='lat' dir='ltr'><strong>fide;</strong></span> <span class='ocrx_word' id='word_1_39' title='bbox 1988 901 2046 992; x_wconf 69' lang='lat' dir='ltr'><strong>et</strong></span> 
     </span>
    </p>
   </div>
   <div class='ocr_carea' id='block_1_8' title="bbox 474 985 2045 1084">
    <p class='ocr_par' dir='ltr' id='par_1_8' title="bbox 474 985 2045 1084">
     <span class='ocr_line' id='line_1_9' title="bbox 474 985 2045 1084; baseline -0.018 -15"><span class='ocrx_word' id='word_1_40' title='bbox 474 985 614 1084; x_wconf 70' lang='lat' dir='ltr'><strong>quod</strong></span> <span class='ocrx_word' id='word_1_41' title='bbox 661 1011 709 1066; x_wconf 92' lang='lat' dir='ltr'><strong>ei</strong></span> <span class='ocrx_word' id='word_1_42' title='bbox 752 1008 860 1079; x_wconf 89' lang='lat' dir='ltr'><strong>jam</strong></span> <span class='ocrx_word' id='word_1_43' title='bbox 909 1002 1221 1074; x_wconf 83' lang='lat' dir='ltr'><strong>promiserat</strong></span> <span class='ocrx_word' id='word_1_44' title='bbox 1270 996 1522 1052; x_wconf 82' lang='lat' dir='ltr'><strong>Dominus</strong></span> <span class='ocrx_word' id='word_1_45' title='bbox 1576 990 1904 1054; x_wconf 83' lang='lat' dir='ltr'><strong>credidisse;</strong></span> <span class='ocrx_word' id='word_1_46' title='bbox 1950 985 2045 1041; x_wconf 90' lang='lat' dir='ltr'><strong>sed</strong></span> 
     </span>
    </p>
   </div>
   <div class='ocr_carea' id='block_1_9' title="bbox 475 1084 2046 1169">
    <p class='ocr_par' dir='ltr' id='par_1_9' title="bbox 475 1084 2046 1169">
     <span class='ocr_line' id='line_1_10' title="bbox 475 1084 2046 1169; baseline -0.018 -13"><span class='ocrx_word' id='word_1_47' title='bbox 475 1104 683 1159; x_wconf 82' lang='lat' dir='ltr'><strong>actione</strong></span> <span class='ocrx_word' id='word_1_48' title='bbox 723 1095 1024 1169; x_wconf 88' lang='lat' dir='ltr'><strong>prophetica</strong></span> <span class='ocrx_word' id='word_1_49' title='bbox 1065 1093 1114 1146; x_wconf 92' lang='lat' dir='ltr'><strong>in</strong></span> <span class='ocrx_word' id='word_1_50' title='bbox 1150 1089 1345 1144; x_wconf 83' lang='lat' dir='ltr'><strong>vellere</strong></span> <span class='ocrx_word' id='word_1_51' title='bbox 1373 1084 1607 1140; x_wconf 90' lang='lat' dir='ltr'><strong>voluisse</strong></span> <span class='ocrx_word' id='word_1_52' title='bbox 1635 1089 1860 1144; x_wconf 86' lang='lat' dir='ltr'><strong>tentare,</strong></span> <span class='ocrx_word' id='word_1_53' title='bbox 1889 1085 2046 1147; x_wconf 89' lang='lat' dir='ltr'><strong>atque</strong></span> 
     </span>
    </p>
   </div>
   <div class='ocr_carea' id='block_1_10' title="bbox 475 1169 2046 1249">
    <p class='ocr_par' dir='ltr' id='par_1_10' title="bbox 475 1169 2046 1249">
     <span class='ocr_line' id='line_1_11' title="bbox 475 1169 2046 1249; baseline -0.018 0"><span class='ocrx_word' id='word_1_54' title='bbox 475 1197 544 1249; x_wconf 89' lang='lat' dir='ltr'><strong>ita</strong></span> <span class='ocrx_word' id='word_1_55' title='bbox 573 1193 710 1247; x_wconf 92' lang='lat' dir='ltr'><strong>illius</strong></span> <span class='ocrx_word' id='word_1_56' title='bbox 738 1185 1081 1242; x_wconf 84' lang='lat' dir='ltr'><strong>tentationcm</strong></span> <span class='ocrx_word' id='word_1_57' title='bbox 1111 1181 1271 1235; x_wconf 90' lang='lat' dir='ltr'><strong>fuisse</strong></span> <span class='ocrx_word' id='word_1_58' title='bbox 1291 1174 1680 1246; x_wconf 90' lang='lat' dir='ltr'><strong>inculpabilem,</strong></span> <span class='ocrx_word' id='word_1_59' title='bbox 1706 1171 1841 1226; x_wconf 88' lang='lat' dir='ltr'><strong>sicut</strong></span> <span class='ocrx_word' id='word_1_60' title='bbox 1863 1169 2046 1224; x_wconf 88' lang='lat' dir='ltr'><strong>dolum</strong></span> 
     </span>
    </p>
   </div>
   <div class='ocr_carea' id='block_1_11' title="bbox 474 1259 2047 1350">
    <p class='ocr_par' dir='ltr' id='par_1_11' title="bbox 474 1259 2047 1350">
     <span class='ocr_line' id='line_1_12' title="bbox 474 1259 2047 1350; baseline -0.017 -12"><span class='ocrx_word' id='word_1_61' title='bbox 474 1282 638 1339; x_wconf 83' lang='lat' dir='ltr'><strong>Jacob</strong></span> <span class='ocrx_word' id='word_1_62' title='bbox 668 1277 833 1350; x_wconf 71' lang='lat' dir='ltr'><strong>(Gen.</strong></span> <span class='ocrx_word' id='word_1_63' title='bbox 875 1290 1050 1339; x_wconf 79' lang='lat' dir='ltr'><strong>xxvu,</strong></span> <span class='ocrx_word' id='word_1_64' title='bbox 1088 1269 1348 1339; x_wconf 71' lang='lat'><strong>15,16);</strong></span> <span class='ocrx_word' id='word_1_65' title='bbox 1389 1276 1442 1322; x_wconf 92' lang='lat' dir='ltr'><strong>et</strong></span> <span class='ocrx_word' id='word_1_66' title='bbox 1476 1263 1600 1319; x_wconf 87' lang='lat' dir='ltr'><strong>illttd</strong></span> <span class='ocrx_word' id='word_1_67' title='bbox 1644 1262 1782 1333; x_wconf 92' lang='lat' dir='ltr'><strong>quod</strong></span> <span class='ocrx_word' id='word_1_68' title='bbox 1825 1259 2047 1350; x_wconf 81' lang='lat' dir='ltr'><strong>Domino</strong></span> 
     </span>
    </p>
   </div>
   <div class='ocr_carea' id='block_1_12' title="bbox 473 1347 2048 1433">
    <p class='ocr_par' dir='ltr' id='par_1_12' title="bbox 473 1347 2048 1433">
     <span class='ocr_line' id='line_1_13' title="bbox 473 1347 2048 1433; baseline -0.017 -5"><span class='ocrx_word' id='word_1_69' title='bbox 473 1373 578 1433; x_wconf 88' lang='lat' dir='ltr'><strong>ait,</strong></span> <span class='ocrx_word' id='word_1_70' title='bbox 630 1347 752 1424; x_wconf 80' lang='lat' dir='ltr'><strong>Non</strong></span> <span class='ocrx_word' id='word_1_71' title='bbox 798 1371 1044 1421; x_wconf 75' lang='lat' dir='ltr'><strong>irascatur</strong></span> <span class='ocrx_word' id='word_1_72' title='bbox 1085 1359 1364 1432; x_wconf 77' lang='lat' dir='ltr'><strong>indignatio</strong></span> <span class='ocrx_word' id='word_1_73' title='bbox 1409 1367 1495 1410; x_wconf 84' lang='lat' dir='ltr'><strong>tua</strong></span> <span class='ocrx_word' id='word_1_74' title='bbox 1537 1356 1589 1408; x_wconf 85' lang='lat' dir='ltr'><strong>in</strong></span> <span class='ocrx_word' id='word_1_75' title='bbox 1634 1369 1730 1415; x_wconf 86' lang='lat' dir='ltr'><strong>me,</strong></span> <span class='ocrx_word' id='word_1_76' title='bbox 1777 1367 1882 1405; x_wconf 92' lang='lat' dir='ltr'><strong>non</strong></span> <span class='ocrx_word' id='word_1_77' title='bbox 1927 1347 2048 1404; x_wconf 88' lang='lat' dir='ltr'><strong>ideo</strong></span> 
     </span>
    </p>
   </div>
   <div class='ocr_carea' id='block_1_13' title="bbox 474 1437 2049 1529">
    <p class='ocr_par' dir='ltr' id='par_1_13' title="bbox 474 1437 2049 1529">
     <span class='ocr_line' id='line_1_14' title="bbox 474 1437 2049 1529; baseline -0.018 -11"><span class='ocrx_word' id='word_1_78' title='bbox 474 1463 672 1518; x_wconf 80' lang='lat' dir='ltr'><strong>dixisse</strong></span> <span class='ocrx_word' id='word_1_79' title='bbox 701 1456 841 1529; x_wconf 90' lang='lat' dir='ltr'><strong>quod</strong></span> <span class='ocrx_word' id='word_1_80' title='bbox 875 1457 1004 1509; x_wconf 89' lang='lat' dir='ltr'><strong>iram</strong></span> <span class='ocrx_word' id='word_1_81' title='bbox 1031 1452 1144 1522; x_wconf 82' lang='lat' dir='ltr'><strong>ejus</strong></span> <span class='ocrx_word' id='word_1_82' title='bbox 1174 1451 1408 1513; x_wconf 91' lang='lat' dir='ltr'><strong>timeret,</strong></span> <span class='ocrx_word' id='word_1_83' title='bbox 1439 1444 1531 1500; x_wconf 88' lang='lat' dir='ltr'><strong>sed</strong></span> <span class='ocrx_word' id='word_1_84' title='bbox 1561 1442 1699 1513; x_wconf 91' lang='lat' dir='ltr'><strong>quod</strong></span> <span class='ocrx_word' id='word_1_85' title='bbox 1728 1456 1849 1496; x_wconf 89' lang='lat' dir='ltr'><strong>eum</strong></span> <span class='ocrx_word' id='word_1_86' title='bbox 1882 1437 2049 1492; x_wconf 89' lang='lat' dir='ltr'><strong>confi-</strong></span> 
     </span>
    </p>
   </div>
   <div class='ocr_carea' id='block_1_14' title="bbox 473 1531 2046 1612">
    <p class='ocr_par' dir='ltr' id='par_1_14' title="bbox 473 1531 2046 1612">
     <span class='ocr_line' id='line_1_15' title="bbox 473 1531 2046 1612; baseline -0.017 -2"><span class='ocrx_word' id='word_1_87' title='bbox 473 1555 625 1610; x_wconf 88' lang='lat' dir='ltr'><strong>deret</strong></span> <span class='ocrx_word' id='word_1_88' title='bbox 652 1566 755 1606; x_wconf 90' lang='lat' dir='ltr'><strong>non</strong></span> <span class='ocrx_word' id='word_1_89' title='bbox 792 1547 970 1612; x_wconf 80' lang='lat' dir='ltr'><strong>irasci,</strong></span> <span class='ocrx_word' id='word_1_90' title='bbox 999 1561 1117 1600; x_wconf 91' lang='lat' dir='ltr'><strong>cum</strong></span> <span class='ocrx_word' id='word_1_91' title='bbox 1146 1557 1209 1598; x_wconf 88' lang='lat' dir='ltr'><strong>ea</strong></span> <span class='ocrx_word' id='word_1_92' title='bbox 1237 1541 1433 1596; x_wconf 88' lang='lat' dir='ltr'><strong>faceret</strong></span> <span class='ocrx_word' id='word_1_93' title='bbox 1457 1552 1574 1608; x_wconf 61' lang='lat' dir='ltr'><strong>quae</strong></span> <span class='ocrx_word' id='word_1_94' title='bbox 1605 1535 1800 1605; x_wconf 86' lang='lat' dir='ltr'><strong>Spiritu</strong></span> <span class='ocrx_word' id='word_1_95' title='bbox 1825 1533 1940 1602; x_wconf 85' lang='lat' dir='ltr'><strong>ejus</strong></span> <span class='ocrx_word' id='word_1_96' title='bbox 1962 1531 2046 1586; x_wconf 91' lang='lat' dir='ltr'><strong>di-</strong></span> 
     </span>
    </p>
   </div>
   <div class='ocr_carea' id='block_1_15' title="bbox 473 1624 2050 1704">
    <p class='ocr_par' dir='ltr' id='par_1_15' title="bbox 473 1624 2050 1704">
     <span class='ocr_line' id='line_1_16' title="bbox 473 1624 2050 1704; baseline -0.015 -4"><span class='ocrx_word' id='word_1_97' title='bbox 473 1652 650 1700; x_wconf 85' lang='lat' dir='ltr'><strong>ctante</strong></span> <span class='ocrx_word' id='word_1_98' title='bbox 675 1639 908 1696; x_wconf 88' lang='lat' dir='ltr'><strong>facienda</strong></span> <span class='ocrx_word' id='word_1_99' title='bbox 929 1651 1049 1692; x_wconf 89' lang='lat' dir='ltr'><strong>esse</strong></span> <span class='ocrx_word' id='word_1_100' title='bbox 1075 1643 1320 1704; x_wconf 77' lang='lat' dir='ltr'><strong>tanquam</strong></span> <span class='ocrx_word' id='word_1_101' title='bbox 1348 1629 1601 1702; x_wconf 83' lang='lat' dir='ltr'><strong>propheta</strong></span> <span class='ocrx_word' id='word_1_102' title='bbox 1623 1627 1880 1683; x_wconf 86' lang='lat' dir='ltr'><strong>sentiret:</strong></span> <span class='ocrx_word' id='word_1_103' title='bbox 1909 1624 2050 1678; x_wconf 89' lang='lat' dir='ltr'><strong>dicat</strong></span> 
     </span>
    </p>
   </div>
   <div class='ocr_carea' id='block_1_16' title="bbox 475 1713 2050 1797">
    <p class='ocr_par' dir='ltr' id='par_1_16' title="bbox 475 1713 2050 1797">
     <span class='ocr_line' id='line_1_17' title="bbox 475 1713 2050 1797; baseline -0.013 -9"><span class='ocrx_word' id='word_1_104' title='bbox 475 1745 533 1790; x_wconf 91' lang='lat' dir='ltr'><strong>ut</strong></span> <span class='ocrx_word' id='word_1_105' title='bbox 579 1733 806 1797; x_wconf 86' lang='lat' dir='ltr'><strong>videtur,</strong></span> <span class='ocrx_word' id='word_1_106' title='bbox 836 1729 958 1784; x_wconf 88' lang='lat' dir='ltr'><strong>dtttn</strong></span> <span class='ocrx_word' id='word_1_107' title='bbox 1009 1725 1166 1780; x_wconf 90' lang='lat' dir='ltr'><strong>modo</strong></span> <span class='ocrx_word' id='word_1_108' title='bbox 1215 1721 1343 1776; x_wconf 93' lang='lat' dir='ltr'><strong>illud</strong></span> <span class='ocrx_word' id='word_1_109' title='bbox 1391 1718 1530 1790; x_wconf 88' lang='lat' dir='ltr'><strong>quod</strong></span> <span class='ocrx_word' id='word_1_110' title='bbox 1574 1718 1642 1773; x_wconf 91' lang='lat' dir='ltr'><strong>de</strong></span> <span class='ocrx_word' id='word_1_111' title='bbox 1689 1716 1828 1774; x_wconf 89' lang='lat' dir='ltr'><strong>facto</strong></span> <span class='ocrx_word' id='word_1_112' title='bbox 1873 1713 2050 1784; x_wconf 84' lang='lat' dir='ltr'><strong>ephud</strong></span> 
     </span>
    </p>
   </div>
   <div class='ocr_carea' id='block_1_17' title="bbox 476 1809 2050 1894">
    <p class='ocr_par' dir='ltr' id='par_1_17' title="bbox 476 1809 2050 1894">
     <span class='ocr_line' id='line_1_18' title="bbox 476 1809 2050 1894; baseline -0.015 -13"><span class='ocrx_word' id='word_1_113' title='bbox 476 1826 744 1894; x_wconf 86' lang='lat' dir='ltr'><strong>Scriptura</strong></span> <span class='ocrx_word' id='word_1_114' title='bbox 771 1822 884 1891; x_wconf 86' lang='lat' dir='ltr'><strong>ipsa</strong></span> <span class='ocrx_word' id='word_1_115' title='bbox 913 1815 1174 1887; x_wconf 90' lang='lat' dir='ltr'><strong>culpavit,</strong></span> <span class='ocrx_word' id='word_1_116' title='bbox 1204 1811 1474 1883; x_wconf 87' lang='lat' dir='ltr'><strong>quodlibet</strong></span> <span class='ocrx_word' id='word_1_117' title='bbox 1497 1809 1756 1880; x_wconf 80' lang='lat' dir='ltr'><strong>significet</strong></span> <span class='ocrx_word' id='word_1_118' title='bbox 1775 1848 1790 1872; x_wconf 91' lang='lat'><strong>,</strong></span> <span class='ocrx_word' id='word_1_119' title='bbox 1822 1820 1928 1860; x_wconf 87' lang='lat' dir='ltr'><strong>non</strong></span> <span class='ocrx_word' id='word_1_120' title='bbox 1957 1820 2050 1859; x_wconf 88' lang='lat' dir='ltr'><strong>au-</strong></span> 
     </span>
    </p>
   </div>
   <div class='ocr_carea' id='block_1_18' title="bbox 475 1897 2050 1978">
    <p class='ocr_par' dir='ltr' id='par_1_18' title="bbox 475 1897 2050 1978">
     <span class='ocr_line' id='line_1_19' title="bbox 475 1897 2050 1978; baseline -0.011 -8"><span class='ocrx_word' id='word_1_121' title='bbox 475 1917 596 1970; x_wconf 87' lang='lat' dir='ltr'><strong>deat</strong></span> <span class='ocrx_word' id='word_1_122' title='bbox 623 1927 876 1968; x_wconf 79' lang='lat' dir='ltr'><strong>cxcusare</strong></span> <span class='ocrx_word' id='word_1_123' title='bbox 905 1925 935 1964; x_wconf 90' lang='lat' dir='ltr'><strong>a</strong></span> <span class='ocrx_word' id='word_1_124' title='bbox 967 1916 1201 1978; x_wconf 89' lang='lat' dir='ltr'><strong>peccato.</strong></span> <span class='ocrx_word' id='word_1_125' title='bbox 1233 1904 1364 1961; x_wconf 82' lang='lat' dir='ltr'><strong>Nam</strong></span> <span class='ocrx_word' id='word_1_126' title='bbox 1392 1911 1443 1957; x_wconf 91' lang='lat' dir='ltr'><strong>et</strong></span> <span class='ocrx_word' id='word_1_127' title='bbox 1485 1900 1612 1956; x_wconf 92' lang='lat' dir='ltr'><strong>illud</strong></span> <span class='ocrx_word' id='word_1_128' title='bbox 1649 1899 1788 1970; x_wconf 91' lang='lat' dir='ltr'><strong>quod</strong></span> <span class='ocrx_word' id='word_1_129' title='bbox 1831 1897 2050 1953; x_wconf 88' lang='lat' dir='ltr'><strong>trecenti</strong></span> 
     </span>
    </p>
   </div>
   <div class='ocr_carea' id='block_1_19' title="bbox 476 1989 2049 2074">
    <p class='ocr_par' dir='ltr' id='par_1_19' title="bbox 476 1989 2049 2074">
     <span class='ocr_line' id='line_1_20' title="bbox 476 1989 2049 2074; baseline -0.013 -12"><span class='ocrx_word' id='word_1_130' title='bbox 476 2009 571 2062; x_wconf 91' lang='lat' dir='ltr'><strong>viri</strong></span> <span class='ocrx_word' id='word_1_131' title='bbox 610 2007 673 2059; x_wconf 89' lang='lat' dir='ltr'><strong>ad</strong></span> <span class='ocrx_word' id='word_1_132' title='bbox 711 2006 918 2074; x_wconf 83' lang='lat' dir='ltr'><strong>signum</strong></span> <span class='ocrx_word' id='word_1_133' title='bbox 953 2000 1125 2056; x_wconf 92' lang='lat' dir='ltr'><strong>erucis</strong></span> <span class='ocrx_word' id='word_1_134' title='bbox 1155 1999 1270 2068; x_wconf 91' lang='lat' dir='ltr'><strong>ipso</strong></span> <span class='ocrx_word' id='word_1_135' title='bbox 1309 2009 1529 2049; x_wconf 90' lang='lat' dir='ltr'><strong>numero</strong></span> <span class='ocrx_word' id='word_1_136' title='bbox 1571 1991 1914 2061; x_wconf 88' lang='lat' dir='ltr'><strong>pertinentes,</strong></span> <span class='ocrx_word' id='word_1_137' title='bbox 1948 1989 2049 2061; x_wconf 84' lang='lat' dir='ltr'><strong>hy-</strong></span> 
     </span>
    </p>
   </div>
   <div class='ocr_carea' id='block_1_20' title="bbox 475 2082 2050 2161">
    <p class='ocr_par' dir='ltr' id='par_1_20' title="bbox 475 2082 2050 2161">
     <span class='ocr_line' id='line_1_21' title="bbox 475 2082 2050 2161; baseline -0.011 -9"><span class='ocrx_word' id='word_1_138' title='bbox 475 2098 614 2152; x_wconf 89' lang='lat' dir='ltr'><strong>drias</strong></span> <span class='ocrx_word' id='word_1_139' title='bbox 645 2096 829 2150; x_wconf 87' lang='lat' dir='ltr'><strong>fictiles</strong></span> <span class='ocrx_word' id='word_1_140' title='bbox 858 2099 1194 2161; x_wconf 85' lang='lat' dir='ltr'><strong>acceperunt,</strong></span> <span class='ocrx_word' id='word_1_141' title='bbox 1230 2089 1411 2158; x_wconf 85' lang='lat' dir='ltr'><strong>eisque</strong></span> <span class='ocrx_word' id='word_1_142' title='bbox 1449 2085 1699 2140; x_wconf 86' lang='lat' dir='ltr'><strong>ardentes</strong></span> <span class='ocrx_word' id='word_1_143' title='bbox 1740 2082 1940 2138; x_wconf 86' lang='lat' dir='ltr'><strong>faculas</strong></span> <span class='ocrx_word' id='word_1_144' title='bbox 1964 2083 2050 2136; x_wconf 81' lang='lat' dir='ltr'><strong>in-</strong></span> 
     </span>
    </p>
   </div>
   <div class='ocr_carea' id='block_1_21' title="bbox 475 2176 2050 2254">
    <p class='ocr_par' dir='ltr' id='par_1_21' title="bbox 475 2176 2050 2254">
     <span class='ocr_line' id='line_1_22' title="bbox 475 2176 2050 2254; baseline -0.008 -13"><span class='ocrx_word' id='word_1_145' title='bbox 475 2190 764 2250; x_wconf 81' lang='lat' dir='ltr'><strong>elaserunt,</strong></span> <span class='ocrx_word' id='word_1_146' title='bbox 801 2185 991 2254; x_wconf 86' lang='lat' dir='ltr'><strong>quibus</strong></span> <span class='ocrx_word' id='word_1_147' title='bbox 1021 2181 1222 2252; x_wconf 81' lang='lat' dir='ltr'><strong>hydriis</strong></span> <span class='ocrx_word' id='word_1_148' title='bbox 1260 2178 1440 2233; x_wconf 89' lang='lat' dir='ltr'><strong>fractis</strong></span> <span class='ocrx_word' id='word_1_149' title='bbox 1474 2184 1697 2247; x_wconf 86' lang='lat' dir='ltr'><strong>repente</strong></span> <span class='ocrx_word' id='word_1_150' title='bbox 1723 2176 1919 2230; x_wconf 90' lang='lat' dir='ltr'><strong>lumina</strong></span> <span class='ocrx_word' id='word_1_151' title='bbox 1951 2191 2050 2230; x_wconf 80' lang='lat' dir='ltr'><strong>nu-</strong></span> 
     </span>
    </p>
   </div>
   <div class='ocr_carea' id='block_1_22' title="bbox 477 2266 2051 2335">
    <p class='ocr_par' dir='ltr' id='par_1_22' title="bbox 477 2266 2051 2335">
     <span class='ocr_line' id='line_1_23' title="bbox 477 2266 2051 2335; baseline -0.009 -1"><span class='ocrx_word' id='word_1_152' title='bbox 477 2294 686 2335; x_wconf 90' lang='lat' dir='ltr'><strong>mcrosc</strong></span> <span class='ocrx_word' id='word_1_153' title='bbox 730 2276 973 2330; x_wconf 85' lang='lat' dir='ltr'><strong>micantia</strong></span> <span class='ocrx_word' id='word_1_154' title='bbox 1012 2283 1210 2326; x_wconf 84' lang='lat' dir='ltr'><strong>tantam</strong></span> <span class='ocrx_word' id='word_1_155' title='bbox 1241 2269 1474 2324; x_wconf 89' lang='lat' dir='ltr'><strong>hostium</strong></span> <span class='ocrx_word' id='word_1_156' title='bbox 1520 2266 1911 2322; x_wconf 85' lang='lat' dir='ltr'><strong>multitudinem</strong></span> <span class='ocrx_word' id='word_1_157' title='bbox 1942 2275 2051 2320; x_wconf 85' lang='lat' dir='ltr'><strong>ter-</strong></span> 
     </span>
    </p>
   </div>
   <div class='ocr_carea' id='block_1_23' title="bbox 474 2357 2054 2439">
    <p class='ocr_par' dir='ltr' id='par_1_23' title="bbox 474 2357 2054 2439">
     <span class='ocr_line' id='line_1_24' title="bbox 474 2357 2054 2439; baseline -0.008 -16"><span class='ocrx_word' id='word_1_158' title='bbox 474 2380 688 2424; x_wconf 77' lang='lat' dir='ltr'><strong>ruerunt</strong></span> <span class='ocrx_word' id='word_1_159' title='bbox 722 2365 916 2439; x_wconf 84' lang='lat' dir='ltr'><strong>(Judic.</strong></span> <span class='ocrx_word' id='word_1_160' title='bbox 951 2380 1045 2428; x_wconf 85' lang='lat' dir='ltr'><strong>vn,</strong></span> <span class='ocrx_word' id='word_1_161' title='bbox 1080 2359 1287 2434; x_wconf 69' lang='lat'><strong>16-22),</strong></span> <span class='ocrx_word' id='word_1_162' title='bbox 1317 2370 1562 2428; x_wconf 85' lang='lat' dir='ltr'><strong>tauquam</strong></span> <span class='ocrx_word' id='word_1_163' title='bbox 1601 2373 1666 2413; x_wconf 78' lang='lat' dir='ltr'><strong>ex</strong></span> <span class='ocrx_word' id='word_1_164' title='bbox 1710 2372 1806 2413; x_wconf 90' lang='lat' dir='ltr'><strong>suo</strong></span> <span class='ocrx_word' id='word_1_165' title='bbox 1835 2357 2054 2412; x_wconf 85' lang='lat' dir='ltr'><strong>arbitrio</strong></span> 
     </span>
    </p>
   </div>
   <div class='ocr_carea' id='block_1_24' title="bbox 474 2448 2056 2519">
    <p class='ocr_par' dir='ltr' id='par_1_24' title="bbox 474 2448 2056 2519">
     <span class='ocr_line' id='line_1_25' title="bbox 474 2448 2056 2519; baseline -0.006 -5"><span class='ocrx_word' id='word_1_166' title='bbox 474 2463 680 2516; x_wconf 75' lang='lat' dir='ltr'><strong>videtur</strong></span> <span class='ocrx_word' id='word_1_167' title='bbox 725 2457 912 2513; x_wconf 79' lang='lat' dir='ltr'><strong>fecisse</strong></span> <span class='ocrx_word' id='word_1_168' title='bbox 964 2455 1220 2518; x_wconf 86' lang='lat' dir='ltr'><strong>Gedeon;</strong></span> <span class='ocrx_word' id='word_1_169' title='bbox 1267 2466 1374 2508; x_wconf 92' lang='lat' dir='ltr'><strong>non</strong></span> <span class='ocrx_word' id='word_1_170' title='bbox 1422 2451 1564 2506; x_wconf 90' lang='lat' dir='ltr'><strong>enim</strong></span> <span class='ocrx_word' id='word_1_171' title='bbox 1611 2450 1879 2519; x_wconf 88' lang='lat' dir='ltr'><strong>Scriptura</strong></span> <span class='ocrx_word' id='word_1_172' title='bbox 1927 2448 2056 2504; x_wconf 87' lang='lat' dir='ltr'><strong>dicit</strong></span> 
     </span>
    </p>
   </div>
   <div class='ocr_carea' id='block_1_25' title="bbox 480 2543 2053 2606">
    <p class='ocr_par' dir='ltr' id='par_1_25' title="bbox 480 2543 2053 2606">
     <span class='ocr_line' id='line_1_26' title="bbox 480 2543 2053 2606; baseline -0.008 0"><span class='ocrx_word' id='word_1_173' title='bbox 480 2551 753 2606; x_wconf 77' lang='lat' dir='ltr'><strong>Dominum</strong></span> <span class='ocrx_word' id='word_1_174' title='bbox 794 2547 1132 2602; x_wconf 89' lang='lat' dir='ltr'><strong>admonuisse</strong></span> <span class='ocrx_word' id='word_1_175' title='bbox 1171 2553 1226 2599; x_wconf 91' lang='lat' dir='ltr'><strong>ut</strong></span> <span class='ocrx_word' id='word_1_176' title='bbox 1253 2544 1355 2598; x_wconf 91' lang='lat' dir='ltr'><strong>hoc</strong></span> <span class='ocrx_word' id='word_1_177' title='bbox 1379 2543 1616 2598; x_wconf 86' lang='lat' dir='ltr'><strong>faceret:</strong></span> <span class='ocrx_word' id='word_1_178' title='bbox 1647 2551 1701 2596; x_wconf 90' lang='lat' dir='ltr'><strong>et</strong></span> <span class='ocrx_word' id='word_1_179' title='bbox 1741 2548 1913 2595; x_wconf 89' lang='lat' dir='ltr'><strong>tamen</strong></span> <span class='ocrx_word' id='word_1_180' title='bbox 1945 2549 2053 2595; x_wconf 87' lang='lat' dir='ltr'><strong>tam</strong></span> 
     </span>
    </p>
   </div>
   <div class='ocr_carea' id='block_1_26' title="bbox 475 2632 2055 2712">
    <p class='ocr_par' dir='ltr' id='par_1_26' title="bbox 475 2632 2055 2712">
     <span class='ocr_line' id='line_1_27' title="bbox 475 2632 2055 2712; baseline -0.005 -18"><span class='ocrx_word' id='word_1_181' title='bbox 475 2641 673 2712; x_wconf 77' lang='lat' dir='ltr'><strong>grande</strong></span> <span class='ocrx_word' id='word_1_182' title='bbox 699 2640 904 2709; x_wconf 72' lang='lat' dir='ltr'><strong>signum</strong></span> <span class='ocrx_word' id='word_1_183' title='bbox 942 2637 1061 2706; x_wconf 83' lang='lat' dir='ltr'><strong>quis</strong></span> <span class='ocrx_word' id='word_1_184' title='bbox 1084 2635 1198 2705; x_wconf 83' lang='lat' dir='ltr'><strong>ejus</strong></span> <span class='ocrx_word' id='word_1_185' title='bbox 1227 2635 1404 2689; x_wconf 92' lang='lat' dir='ltr'><strong>animo</strong></span> <span class='ocrx_word' id='word_1_186' title='bbox 1430 2642 1586 2704; x_wconf 91' lang='lat' dir='ltr'><strong>atque</strong></span> <span class='ocrx_word' id='word_1_187' title='bbox 1611 2633 1833 2688; x_wconf 88' lang='lat' dir='ltr'><strong>consilio</strong></span> <span class='ocrx_word' id='word_1_188' title='bbox 1859 2632 2055 2687; x_wconf 71' lang='lat' dir='ltr'><strong>facien-</strong></span> 
     </span>
    </p>
   </div>
   <div class='ocr_carea' id='block_1_27' title="bbox 475 2725 2056 2795">
    <p class='ocr_par' dir='ltr' id='par_1_27' title="bbox 475 2725 2056 2795">
     <span class='ocr_line' id='line_1_28' title="bbox 475 2725 2056 2795; baseline -0.004 -10"><span class='ocrx_word' id='word_1_189' title='bbox 475 2735 622 2795; x_wconf 88' lang='lat' dir='ltr'><strong>dutn,</strong></span> <span class='ocrx_word' id='word_1_190' title='bbox 653 2731 751 2784; x_wconf 73' lang='lat' dir='ltr'><strong>nisi</strong></span> <span class='ocrx_word' id='word_1_191' title='bbox 782 2729 1053 2792; x_wconf 87' lang='lat' dir='ltr'><strong>Dominus,</strong></span> <span class='ocrx_word' id='word_1_192' title='bbox 1084 2726 1399 2795; x_wconf 84' lang='lat' dir='ltr'><strong>inspiravit?</strong></span> <span class='ocrx_word' id='word_1_193' title='bbox 1425 2725 1523 2791; x_wconf 87' lang='lat' dir='ltr'><strong>Qui</strong></span> <span class='ocrx_word' id='word_1_194' title='bbox 1555 2725 1908 2794; x_wconf 61' lang='lat' dir='ltr'><strong>pne-figuravit</strong></span> <span class='ocrx_word' id='word_1_195' title='bbox 1934 2739 2056 2778; x_wconf 86' lang='lat' dir='ltr'><strong>san-</strong></span> 
     </span>
    </p>
   </div>
   <div class='ocr_carea' id='block_1_28' title="bbox 475 2814 2054 2886">
    <p class='ocr_par' dir='ltr' id='par_1_28' title="bbox 475 2814 2054 2886">
     <span class='ocr_line' id='line_1_29' title="bbox 475 2814 2054 2886; baseline -0.003 -14"><span class='ocrx_word' id='word_1_196' title='bbox 475 2833 590 2875; x_wconf 76' lang='lat' dir='ltr'><strong>ctm</strong></span> <span class='ocrx_word' id='word_1_197' title='bbox 620 2835 747 2876; x_wconf 81' lang='lat' dir='ltr'><strong>suos</strong></span> <span class='ocrx_word' id='word_1_198' title='bbox 777 2819 1080 2873; x_wconf 89' lang='lat' dir='ltr'><strong>thesaurum</strong></span> <span class='ocrx_word' id='word_1_199' title='bbox 1113 2816 1398 2886; x_wconf 79' lang='lat' dir='ltr'><strong>evangelici</strong></span> <span class='ocrx_word' id='word_1_200' title='bbox 1429 2815 1644 2870; x_wconf 90' lang='lat' dir='ltr'><strong>luminis</strong></span> <span class='ocrx_word' id='word_1_201' title='bbox 1674 2815 1724 2868; x_wconf 92' lang='lat' dir='ltr'><strong>iu</strong></span> <span class='ocrx_word' id='word_1_202' title='bbox 1751 2816 1890 2869; x_wconf 89' lang='lat' dir='ltr'><strong>vasis</strong></span> <span class='ocrx_word' id='word_1_203' title='bbox 1917 2814 2054 2868; x_wconf 89' lang='lat' dir='ltr'><strong>ficti-</strong></span> 
     </span>
    </p>
   </div>
   <div class='ocr_carea' id='block_1_29' title="bbox 479 2905 2056 2976">
    <p class='ocr_par' dir='ltr' id='par_1_29' title="bbox 479 2905 2056 2976">
     <span class='ocr_line' id='line_1_30' title="bbox 479 2905 2056 2976; baseline -0.003 -11"><span class='ocrx_word' id='word_1_204' title='bbox 479 2913 613 2965; x_wconf 76' lang='lat' dir='ltr'><strong>libus</strong></span> <span class='ocrx_word' id='word_1_205' title='bbox 641 2911 931 2976; x_wconf 83' lang='lat' dir='ltr'><strong>habituros,</strong></span> <span class='ocrx_word' id='word_1_206' title='bbox 961 2909 1098 2963; x_wconf 89' lang='lat' dir='ltr'><strong>sicut</strong></span> <span class='ocrx_word' id='word_1_207' title='bbox 1123 2907 1405 2976; x_wconf 83' lang='lat' dir='ltr'><strong>Apostolus</strong></span> <span class='ocrx_word' id='word_1_208' title='bbox 1429 2906 1576 2970; x_wconf 87' lang='lat' dir='ltr'><strong>dicit,</strong></span> <span class='ocrx_word' id='word_1_209' title='bbox 1607 2905 1862 2960; x_wconf 85' lang='lat' dir='ltr'><strong>Ilabemus</strong></span> <span class='ocrx_word' id='word_1_210' title='bbox 1887 2917 2056 2960; x_wconf 85' lang='lat' dir='ltr'><strong>autent</strong></span> 
     </span>
    </p>
   </div>
   <div class='ocr_carea' id='block_1_30' title="bbox 479 2995 2054 3070">
    <p class='ocr_par' dir='ltr' id='par_1_30' title="bbox 479 2995 2054 3070">
     <span class='ocr_line' id='line_1_31' title="bbox 479 2995 2054 3070; baseline -0.001 -17"><span class='ocrx_word' id='word_1_211' title='bbox 479 3003 765 3055; x_wconf 77' lang='lat' dir='ltr'><strong>thesaurum</strong></span> <span class='ocrx_word' id='word_1_212' title='bbox 787 3001 941 3054; x_wconf 81' lang='lat' dir='ltr'><strong>istum</strong></span> <span class='ocrx_word' id='word_1_213' title='bbox 969 2999 1022 3052; x_wconf 89' lang='lat' dir='ltr'><strong>in</strong></span> <span class='ocrx_word' id='word_1_214' title='bbox 1048 2999 1178 3052; x_wconf 79' lang='lat' dir='ltr'><strong>vasis</strong></span> <span class='ocrx_word' id='word_1_215' title='bbox 1208 2999 1444 3066; x_wconf 83' lang='lat' dir='ltr'><strong>ﬁctilibus</strong></span> <span class='ocrx_word' id='word_1_216' title='bbox 1477 2997 1541 3070; x_wconf 92' lang='lat' dir='ltr'><strong>(ll</strong></span> <span class='ocrx_word' id='word_1_217' title='bbox 1571 2996 1688 3053; x_wconf 88' lang='lat' dir='ltr'><strong>Cor.</strong></span> <span class='ocrx_word' id='word_1_218' title='bbox 1713 3013 1783 3061; x_wconf 89' lang='lat' dir='ltr'><strong>tv,</strong></span> <span class='ocrx_word' id='word_1_219' title='bbox 1809 2995 1863 3068; x_wconf 85' lang='lat'><strong>7)</strong></span> <span class='ocrx_word' id='word_1_220' title='bbox 1889 3015 1902 3051; x_wconf 92' lang='lat'><strong>:</strong></span> <span class='ocrx_word' id='word_1_221' title='bbox 1937 2997 2054 3066; x_wconf 86' lang='lat' dir='ltr'><strong>qui-</strong></span> 
     </span>
    </p>
   </div>
   <div class='ocr_carea' id='block_1_31' title="bbox 479 3089 2054 3160">
    <p class='ocr_par' dir='ltr' id='par_1_31' title="bbox 479 3089 2054 3160">
     <span class='ocr_line' id='line_1_32' title="bbox 479 3089 2054 3160; baseline -0.002 -15"><span class='ocrx_word' id='word_1_222' title='bbox 479 3095 575 3146; x_wconf 91' lang='lat' dir='ltr'><strong>bus</strong></span> <span class='ocrx_word' id='word_1_223' title='bbox 624 3093 674 3145; x_wconf 91' lang='lat' dir='ltr'><strong>in</strong></span> <span class='ocrx_word' id='word_1_224' title='bbox 722 3091 965 3160; x_wconf 84' lang='lat' dir='ltr'><strong>passione</strong></span> <span class='ocrx_word' id='word_1_225' title='bbox 1013 3089 1250 3160; x_wconf 87' lang='lat' dir='ltr'><strong>martyrii</strong></span> <span class='ocrx_word' id='word_1_226' title='bbox 1297 3098 1544 3159; x_wconf 88' lang='lat' dir='ltr'><strong>tanquam</strong></span> <span class='ocrx_word' id='word_1_227' title='bbox 1590 3089 1814 3142; x_wconf 89' lang='lat' dir='ltr'><strong>vasculis</strong></span> <span class='ocrx_word' id='word_1_228' title='bbox 1855 3089 2054 3155; x_wconf 88' lang='lat' dir='ltr'><strong>fractis,</strong></span> 
     </span>
    </p>
   </div>
   <div class='ocr_carea' id='block_1_32' title="bbox 481 3180 2056 3252">
    <p class='ocr_par' dir='ltr' id='par_1_32' title="bbox 481 3180 2056 3252">
     <span class='ocr_line' id='line_1_33' title="bbox 481 3180 2056 3252; baseline -0.001 -16"><span class='ocrx_word' id='word_1_229' title='bbox 481 3184 649 3252; x_wconf 87' lang='lat' dir='ltr'><strong>major</strong></span> <span class='ocrx_word' id='word_1_230' title='bbox 677 3199 862 3238; x_wconf 89' lang='lat' dir='ltr'><strong>eorum</strong></span> <span class='ocrx_word' id='word_1_231' title='bbox 885 3181 1061 3251; x_wconf 71' lang='lat' dir='ltr'><strong>gloria:</strong></span> <span class='ocrx_word' id='word_1_232' title='bbox 1084 3181 1255 3250; x_wconf 80' lang='lat' dir='ltr'><strong>fulgor</strong></span> <span class='ocrx_word' id='word_1_233' title='bbox 1275 3180 1511 3246; x_wconf 83' lang='lat' dir='ltr'><strong>emicuit,</strong></span> <span class='ocrx_word' id='word_1_234' title='bbox 1536 3196 1653 3251; x_wconf 64' lang='lat' dir='ltr'><strong>qute</strong></span> <span class='ocrx_word' id='word_1_235' title='bbox 1679 3180 1870 3249; x_wconf 89' lang='lat' dir='ltr'><strong>impios</strong></span> <span class='ocrx_word' id='word_1_236' title='bbox 1893 3195 2056 3234; x_wconf 87' lang='lat' dir='ltr'><strong>evan-</strong></span> 
     </span>
    </p>
   </div>
   <div class='ocr_carea' id='block_1_33' title="bbox 479 3270 2056 3344">
    <p class='ocr_par' dir='ltr' id='par_1_33' title="bbox 479 3270 2056 3344">
     <span class='ocr_line' id='line_1_34' title="bbox 479 3270 2056 3344; baseline 0 -19"><span class='ocrx_word' id='word_1_237' title='bbox 479 3273 662 3344; x_wconf 73' lang='lat' dir='ltr'><strong>geliea:</strong></span> <span class='ocrx_word' id='word_1_238' title='bbox 708 3273 1097 3342; x_wconf 64' lang='lat' dir='ltr'><strong>prmdieationis</strong></span> <span class='ocrx_word' id='word_1_239' title='bbox 1132 3270 1376 3326; x_wconf 89' lang='lat' dir='ltr'><strong>inimicos</strong></span> <span class='ocrx_word' id='word_1_240' title='bbox 1418 3271 1685 3341; x_wconf 87' lang='lat' dir='ltr'><strong>inopinata</strong></span> <span class='ocrx_word' id='word_1_241' title='bbox 1729 3270 1831 3325; x_wconf 92' lang='lat' dir='ltr'><strong>illis</strong></span> <span class='ocrx_word' id='word_1_242' title='bbox 1862 3270 2056 3326; x_wconf 86' lang='lat' dir='ltr'><strong>Christi</strong></span> 
     </span>
    </p>
   </div>
   <div class='ocr_carea' id='block_1_34' title="bbox 480 3363 1027 3431">
    <p class='ocr_par' dir='ltr' id='par_1_34' title="bbox 480 3363 1027 3431">
     <span class='ocr_line' id='line_1_35' title="bbox 480 3363 1027 3431; baseline -0.005 -14"><span class='ocrx_word' id='word_1_243' title='bbox 480 3365 717 3418; x_wconf 80' lang='lat' dir='ltr'><strong>claritate</strong></span> <span class='ocrx_word' id='word_1_244' title='bbox 741 3363 1027 3431; x_wconf 77' lang='lat' dir='ltr'><strong>superavit.</strong></span> 
     </span>
    </p>
   </div>
   <div class='ocr_carea' id='block_1_35' title="bbox 549 3452 2060 3526">
    <p class='ocr_par' dir='ltr' id='par_1_35' title="bbox 549 3452 2060 3526">
     <span class='ocr_line' id='line_1_36' title="bbox 549 3452 2060 3526; baseline -0.004 -14"><span class='ocrx_word' id='word_1_245' title='bbox 549 3457 652 3512; x_wconf 89' lang='lat' dir='ltr'><strong>Seu</strong></span> <span class='ocrx_word' id='word_1_246' title='bbox 680 3474 804 3526; x_wconf 75' lang='lat' dir='ltr'><strong>ergo</strong></span> <span class='ocrx_word' id='word_1_247' title='bbox 831 3473 924 3526; x_wconf 90' lang='lat' dir='ltr'><strong>per</strong></span> <span class='ocrx_word' id='word_1_248' title='bbox 953 3457 1199 3520; x_wconf 67' lang='lat' dir='ltr'><strong>scientet,</strong></span> <span class='ocrx_word' id='word_1_249' title='bbox 1229 3470 1322 3510; x_wconf 87' lang='lat' dir='ltr'><strong>seu</strong></span> <span class='ocrx_word' id='word_1_250' title='bbox 1345 3469 1444 3523; x_wconf 84' lang='lat' dir='ltr'><strong>per</strong></span> <span class='ocrx_word' id='word_1_251' title='bbox 1471 3454 1786 3516; x_wconf 90' lang='lat' dir='ltr'><strong>nescientes,</strong></span> <span class='ocrx_word' id='word_1_252' title='bbox 1815 3452 2060 3524; x_wconf 68' lang='lat' dir='ltr'><strong>praefigu-</strong></span> 
     </span>
    </p>
   </div>
   <div class='ocr_carea' id='block_1_36' title="bbox 481 3543 2058 3616">
    <p class='ocr_par' dir='ltr' id='par_1_36' title="bbox 481 3543 2058 3616">
     <span class='ocr_line' id='line_1_37' title="bbox 481 3543 2058 3616; baseline -0.002 -15"><span class='ocrx_word' id='word_1_253' title='bbox 481 3549 736 3602; x_wconf 84' lang='lat' dir='ltr'><strong>rationem</strong></span> <span class='ocrx_word' id='word_1_254' title='bbox 781 3547 1317 3616; x_wconf 79' lang='lat' dir='ltr'><strong>pra-dicationetuque</strong></span> <span class='ocrx_word' id='word_1_255' title='bbox 1357 3544 1647 3600; x_wconf 87' lang='lat' dir='ltr'><strong>futurorum</strong></span> <span class='ocrx_word' id='word_1_256' title='bbox 1690 3543 1918 3613; x_wconf 89' lang='lat' dir='ltr'><strong>Spiritus</strong></span> <span class='ocrx_word' id='word_1_257' title='bbox 1959 3544 2058 3598; x_wconf 82' lang='lat' dir='ltr'><strong>Do-</strong></span> 
     </span>
    </p>
   </div>
   <div class='ocr_carea' id='block_1_37' title="bbox 483 3636 2059 3709">
    <p class='ocr_par' dir='ltr' id='par_1_37' title="bbox 483 3636 2059 3709">
     <span class='ocr_line' id='line_1_38' title="bbox 483 3636 2059 3709; baseline -0.001 -17"><span class='ocrx_word' id='word_1_258' title='bbox 483 3641 604 3694; x_wconf 89' lang='lat' dir='ltr'><strong>mini</strong></span> <span class='ocrx_word' id='word_1_259' title='bbox 649 3639 968 3709; x_wconf 82' lang='lat' dir='ltr'><strong>propheticis</strong></span> <span class='ocrx_word' id='word_1_260' title='bbox 999 3639 1327 3708; x_wconf 84' lang='lat' dir='ltr'><strong>temporibus</strong></span> <span class='ocrx_word' id='word_1_261' title='bbox 1366 3647 1614 3707; x_wconf 86' lang='lat' dir='ltr'><strong>operatus</strong></span> <span class='ocrx_word' id='word_1_262' title='bbox 1653 3647 1733 3692; x_wconf 90' lang='lat' dir='ltr'><strong>est</strong></span> <span class='ocrx_word' id='word_1_263' title='bbox 1763 3655 1776 3690; x_wconf 73' lang='grc' dir='ltr'>ε</span> <span class='ocrx_word' id='word_1_264' title='bbox 1813 3652 1910 3692; x_wconf 91' lang='lat' dir='ltr'><strong>nec</strong></span> <span class='ocrx_word' id='word_1_265' title='bbox 1939 3636 2059 3692; x_wconf 87' lang='lat' dir='ltr'><strong>ideo</strong></span> 
     </span>
    </p>
   </div>
   <div class='ocr_carea' id='block_1_38' title="bbox 482 3729 2058 3800">
    <p class='ocr_par' dir='ltr' id='par_1_38' title="bbox 482 3729 2058 3800">
     <span class='ocr_line' id='line_1_39' title="bbox 482 3729 2058 3800; baseline -0.002 -14"><span class='ocrx_word' id='word_1_266' title='bbox 482 3743 694 3800; x_wconf 85' lang='lat' dir='ltr'><strong>peccata</strong></span> <span class='ocrx_word' id='word_1_267' title='bbox 720 3748 901 3785; x_wconf 85' lang='lat' dir='ltr'><strong>eorum</strong></span> <span class='ocrx_word' id='word_1_268' title='bbox 926 3731 1204 3785; x_wconf 82' lang='lat' dir='ltr'><strong>dicendum</strong></span> <span class='ocrx_word' id='word_1_269' title='bbox 1232 3739 1314 3786; x_wconf 89' lang='lat' dir='ltr'><strong>cst</strong></span> <span class='ocrx_word' id='word_1_270' title='bbox 1341 3745 1442 3784; x_wconf 91' lang='lat' dir='ltr'><strong>non</strong></span> <span class='ocrx_word' id='word_1_271' title='bbox 1475 3731 1635 3784; x_wconf 81' lang='lat' dir='ltr'><strong>fuisse</strong></span> <span class='ocrx_word' id='word_1_272' title='bbox 1656 3738 1905 3800; x_wconf 86' lang='lat' dir='ltr'><strong>peccata;</strong></span> <span class='ocrx_word' id='word_1_273' title='bbox 1935 3729 2058 3799; x_wconf 86' lang='lat' dir='ltr'><strong>quia</strong></span> 
     </span>
    </p>
   </div>
   <div class='ocr_carea' id='block_1_39' title="bbox 480 3823 2057 3894">
    <p class='ocr_par' dir='ltr' id='par_1_39' title="bbox 480 3823 2057 3894">
     <span class='ocr_line' id='line_1_40' title="bbox 480 3823 2057 3894; baseline 0.001 -17"><span class='ocrx_word' id='word_1_274' title='bbox 480 3833 534 3877; x_wconf 80' lang='lat' dir='ltr'><strong>et</strong></span> <span class='ocrx_word' id='word_1_275' title='bbox 564 3825 736 3891; x_wconf 90' lang='lat' dir='ltr'><strong>Deus,</strong></span> <span class='ocrx_word' id='word_1_276' title='bbox 779 3825 865 3894; x_wconf 87' lang='lat' dir='ltr'><strong>qui</strong></span> <span class='ocrx_word' id='word_1_277' title='bbox 911 3833 964 3878; x_wconf 90' lang='lat' dir='ltr'><strong>et</strong></span> <span class='ocrx_word' id='word_1_278' title='bbox 1006 3824 1156 3878; x_wconf 89' lang='lat' dir='ltr'><strong>malis</strong></span> <span class='ocrx_word' id='word_1_279' title='bbox 1183 3823 1379 3878; x_wconf 88' lang='lat' dir='ltr'><strong>nostris</strong></span> <span class='ocrx_word' id='word_1_280' title='bbox 1406 3825 1539 3878; x_wconf 90' lang='lat' dir='ltr'><strong>bene</strong></span> <span class='ocrx_word' id='word_1_281' title='bbox 1568 3823 1641 3878; x_wconf 90' lang='lat' dir='ltr'><strong>uti</strong></span> <span class='ocrx_word' id='word_1_282' title='bbox 1681 3824 1857 3890; x_wconf 87' lang='lat' dir='ltr'><strong>novit,</strong></span> <span class='ocrx_word' id='word_1_283' title='bbox 1899 3824 2057 3879; x_wconf 89' lang='lat' dir='ltr'><strong>etiam</strong></span> 
     </span>
    </p>
   </div>
   <div class='ocr_carea' id='block_1_40' title="bbox 484 3915 2060 3986">
    <p class='ocr_par' dir='ltr' id='par_1_40' title="bbox 484 3915 2060 3986">
     <span class='ocr_line' id='line_1_41' title="bbox 484 3915 2060 3986; baseline 0.002 -18"><span class='ocrx_word' id='word_1_284' title='bbox 484 3918 610 3985; x_wconf 79' lang='lat' dir='ltr'><strong>ipsis</strong></span> <span class='ocrx_word' id='word_1_285' title='bbox 634 3931 818 3970; x_wconf 87' lang='lat' dir='ltr'><strong>eorum</strong></span> <span class='ocrx_word' id='word_1_286' title='bbox 848 3917 1074 3984; x_wconf 89' lang='lat' dir='ltr'><strong>peccatis</strong></span> <span class='ocrx_word' id='word_1_287' title='bbox 1104 3930 1228 3970; x_wconf 87' lang='lat' dir='ltr'><strong>usus</strong></span> <span class='ocrx_word' id='word_1_288' title='bbox 1254 3926 1332 3970; x_wconf 88' lang='lat' dir='ltr'><strong>est</strong></span> <span class='ocrx_word' id='word_1_289' title='bbox 1363 3915 1428 3969; x_wconf 90' lang='lat' dir='ltr'><strong>ad</strong></span> <span class='ocrx_word' id='word_1_290' title='bbox 1456 3916 1795 3985; x_wconf 79' lang='lat' dir='ltr'><strong>significanda</strong></span> <span class='ocrx_word' id='word_1_291' title='bbox 1820 3933 1938 3986; x_wconf 86' lang='lat' dir='ltr'><strong>quae</strong></span> <span class='ocrx_word' id='word_1_292' title='bbox 1968 3933 2060 3971; x_wconf 89' lang='lat' dir='ltr'><strong>vo-</strong></span> 
     </span>
    </p>
   </div>
   <div class='ocr_carea' id='block_1_41' title="bbox 484 4003 2056 4074">
    <p class='ocr_par' dir='ltr' id='par_1_41' title="bbox 484 4003 2056 4074">
     <span class='ocr_line' id='line_1_42' title="bbox 484 4003 2056 4074; baseline 0.001 -16"><span class='ocrx_word' id='word_1_293' title='bbox 484 4009 595 4060; x_wconf 91' lang='lat' dir='ltr'><strong>luit.</strong></span> <span class='ocrx_word' id='word_1_294' title='bbox 625 4005 851 4060; x_wconf 82' lang='lat' dir='ltr'><strong>Proinde</strong></span> <span class='ocrx_word' id='word_1_295' title='bbox 872 4005 916 4058; x_wconf 80' lang='lat' dir='ltr'><strong>si</strong></span> <span class='ocrx_word' id='word_1_296' title='bbox 943 4015 1220 4074; x_wconf 87' lang='lat' dir='ltr'><strong>propterea</strong></span> <span class='ocrx_word' id='word_1_297' title='bbox 1249 4013 1520 4074; x_wconf 87' lang='lat' dir='ltr'><strong>peccatum</strong></span> <span class='ocrx_word' id='word_1_298' title='bbox 1549 4019 1652 4058; x_wconf 91' lang='lat' dir='ltr'><strong>non</strong></span> <span class='ocrx_word' id='word_1_299' title='bbox 1681 4003 1797 4070; x_wconf 88' lang='lat' dir='ltr'><strong>fuit,</strong></span> <span class='ocrx_word' id='word_1_300' title='bbox 1821 4007 1935 4062; x_wconf 85' lang='lat' dir='ltr'><strong>sive</strong></span> <span class='ocrx_word' id='word_1_301' title='bbox 1961 4021 2056 4061; x_wconf 92' lang='lat' dir='ltr'><strong>cu-</strong></span> 
     </span>
    </p>
   </div>
   <div class='ocr_carea' id='block_1_42' title="bbox 481 4095 2060 4165">
    <p class='ocr_par' dir='ltr' id='par_1_42' title="bbox 481 4095 2060 4165">
     <span class='ocr_line' id='line_1_43' title="bbox 481 4095 2060 4165; baseline 0.001 -17"><span class='ocrx_word' id='word_1_302' title='bbox 481 4096 694 4165; x_wconf 88' lang='lat' dir='ltr'><strong>juslibet</strong></span> <span class='ocrx_word' id='word_1_303' title='bbox 733 4095 878 4150; x_wconf 89' lang='lat' dir='ltr'><strong>necis</strong></span> <span class='ocrx_word' id='word_1_304' title='bbox 907 4095 1173 4161; x_wconf 67' lang='lat' dir='ltr'><strong>humanas,</strong></span> <span class='ocrx_word' id='word_1_305' title='bbox 1205 4095 1316 4149; x_wconf 91' lang='lat' dir='ltr'><strong>sive</strong></span> <span class='ocrx_word' id='word_1_306' title='bbox 1341 4095 1498 4148; x_wconf 89' lang='lat' dir='ltr'><strong>etiam</strong></span> <span class='ocrx_word' id='word_1_307' title='bbox 1528 4095 1838 4164; x_wconf 90' lang='lat' dir='ltr'><strong>parricidale</strong></span> <span class='ocrx_word' id='word_1_308' title='bbox 1861 4097 2060 4151; x_wconf 89' lang='lat' dir='ltr'><strong>sacrifi-</strong></span> 
     </span>
    </p>
   </div>
   <div class='ocr_carea' id='block_1_43' title="bbox 480 4184 2058 4256">
    <p class='ocr_par' dir='ltr' id='par_1_43' title="bbox 480 4184 2058 4256">
     <span class='ocr_line' id='line_1_44' title="bbox 480 4184 2058 4256; baseline 0.003 -19"><span class='ocrx_word' id='word_1_309' title='bbox 480 4190 619 4242; x_wconf 79' lang='lat' dir='ltr'><strong>cium</strong></span> <span class='ocrx_word' id='word_1_310' title='bbox 647 4185 731 4241; x_wconf 91' lang='lat' dir='ltr'><strong>vel</strong></span> <span class='ocrx_word' id='word_1_311' title='bbox 763 4201 952 4238; x_wconf 82' lang='lat' dir='ltr'><strong>vovere</strong></span> <span class='ocrx_word' id='word_1_312' title='bbox 973 4227 987 4251; x_wconf 92' lang='lat'><strong>,</strong></span> <span class='ocrx_word' id='word_1_313' title='bbox 1020 4185 1099 4239; x_wconf 89' lang='lat' dir='ltr'><strong>vel</strong></span> <span class='ocrx_word' id='word_1_314' title='bbox 1146 4184 1398 4250; x_wconf 89' lang='lat' dir='ltr'><strong>reddere,</strong></span> <span class='ocrx_word' id='word_1_315' title='bbox 1441 4185 1562 4254; x_wconf 90' lang='lat' dir='ltr'><strong>quia</strong></span> <span class='ocrx_word' id='word_1_316' title='bbox 1589 4200 1834 4256; x_wconf 84' lang='lat' dir='ltr'><strong>magnum</strong></span> <span class='ocrx_word' id='word_1_317' title='bbox 1865 4187 2058 4256; x_wconf 92' lang='lat' dir='ltr'><strong>aliquid</strong></span> 
     </span>
    </p>
   </div>
   <div class='ocr_carea' id='block_1_44' title="bbox 483 4275 2055 4347">
    <p class='ocr_par' dir='ltr' id='par_1_44' title="bbox 483 4275 2055 4347">
     <span class='ocr_line' id='line_1_45' title="bbox 483 4275 2055 4347; baseline 0.003 -19"><span class='ocrx_word' id='word_1_318' title='bbox 483 4287 535 4331; x_wconf 88' lang='lat' dir='ltr'><strong>et</strong></span> <span class='ocrx_word' id='word_1_319' title='bbox 560 4277 830 4346; x_wconf 83' lang='lat' dir='ltr'><strong>Spirituale</strong></span> <span class='ocrx_word' id='word_1_320' title='bbox 857 4275 1202 4346; x_wconf 88' lang='lat' dir='ltr'><strong>significavit;</strong></span> <span class='ocrx_word' id='word_1_321' title='bbox 1235 4275 1426 4330; x_wconf 82' lang='lat' dir='ltr'><strong>frustra</strong></span> <span class='ocrx_word' id='word_1_322' title='bbox 1453 4276 1593 4332; x_wconf 93' lang='lat' dir='ltr'><strong>Deus</strong></span> <span class='ocrx_word' id='word_1_323' title='bbox 1619 4277 1741 4331; x_wconf 91' lang='lat' dir='ltr'><strong>talia</strong></span> <span class='ocrx_word' id='word_1_324' title='bbox 1769 4277 2055 4347; x_wconf 87' lang='lat' dir='ltr'><strong>prohibuit,</strong></span> 
     </span>
    </p>
   </div>
   <div class='ocr_carea' id='block_1_45' title="bbox 480 4367 2060 4438">
    <p class='ocr_par' dir='ltr' id='par_1_45' title="bbox 480 4367 2060 4438">
     <span class='ocr_line' id='line_1_46' title="bbox 480 4367 2060 4438; baseline 0.003 -20"><span class='ocrx_word' id='word_1_325' title='bbox 480 4376 531 4421; x_wconf 79' lang='lat' dir='ltr'><strong>et</strong></span> <span class='ocrx_word' id='word_1_326' title='bbox 573 4382 631 4421; x_wconf 91' lang='lat' dir='ltr'><strong>se</strong></span> <span class='ocrx_word' id='word_1_327' title='bbox 673 4367 849 4420; x_wconf 81' lang='lat' dir='ltr'><strong>odisse</strong></span> <span class='ocrx_word' id='word_1_328' title='bbox 883 4373 1101 4420; x_wconf 88' lang='lat' dir='ltr'><strong>testatus</strong></span> <span class='ocrx_word' id='word_1_329' title='bbox 1144 4375 1254 4432; x_wconf 88' lang='lat' dir='ltr'><strong>est;</strong></span> <span class='ocrx_word' id='word_1_330' title='bbox 1297 4367 1545 4436; x_wconf 90' lang='lat' dir='ltr'><strong>quoniam</strong></span> <span class='ocrx_word' id='word_1_331' title='bbox 1571 4376 1625 4421; x_wconf 90' lang='lat' dir='ltr'><strong>et</strong></span> <span class='ocrx_word' id='word_1_332' title='bbox 1670 4367 1758 4421; x_wconf 90' lang='lat' dir='ltr'><strong>illa</strong></span> <span class='ocrx_word' id='word_1_333' title='bbox 1799 4383 1916 4438; x_wconf 75' lang='lat' dir='ltr'><strong>qua:</strong></span> <span class='ocrx_word' id='word_1_334' title='bbox 1946 4369 2060 4424; x_wconf 89' lang='lat' dir='ltr'><strong>fieri</strong></span> 
     </span>
    </p>
   </div>
   <div class='ocr_carea' id='block_1_46' title="bbox 480 4456 2059 4530">
    <p class='ocr_par' dir='ltr' id='par_1_46' title="bbox 480 4456 2059 4530">
     <span class='ocr_line' id='line_1_47' title="bbox 480 4456 2059 4530; baseline 0.004 -21"><span class='ocrx_word' id='word_1_335' title='bbox 480 4457 652 4524; x_wconf 87' lang='lat' dir='ltr'><strong>jussit,</strong></span> <span class='ocrx_word' id='word_1_336' title='bbox 682 4458 861 4527; x_wconf 79' lang='lat' dir='ltr'><strong>utique</strong></span> <span class='ocrx_word' id='word_1_337' title='bbox 891 4456 955 4510; x_wconf 93' lang='lat' dir='ltr'><strong>ad</strong></span> <span class='ocrx_word' id='word_1_338' title='bbox 981 4457 1211 4527; x_wconf 88' lang='lat' dir='ltr'><strong>aliquam</strong></span> <span class='ocrx_word' id='word_1_339' title='bbox 1236 4457 1674 4528; x_wconf 82' lang='lat' dir='ltr'><strong>significationem</strong></span> <span class='ocrx_word' id='word_1_340' title='bbox 1699 4475 1877 4514; x_wconf 90' lang='lat' dir='ltr'><strong>rerum</strong></span> <span class='ocrx_word' id='word_1_341' title='bbox 1900 4461 2059 4530; x_wconf 82' lang='lat' dir='ltr'><strong>Spiri-</strong></span> 
     </span>
    </p>
   </div>
   <div class='ocr_carea' id='block_1_47' title="bbox 485 4547 2059 4623">
    <p class='ocr_par' dir='ltr' id='par_1_47' title="bbox 485 4547 2059 4623">
     <span class='ocr_line' id='line_1_48' title="bbox 485 4547 2059 4623; baseline 0.005 -23"><span class='ocrx_word' id='word_1_342' title='bbox 485 4549 703 4601; x_wconf 86' lang='lat' dir='ltr'><strong>tualium</strong></span> <span class='ocrx_word' id='word_1_343' title='bbox 732 4563 1146 4618; x_wconf 85' lang='lat' dir='ltr'><strong>magnarumque</strong></span> <span class='ocrx_word' id='word_1_344' title='bbox 1185 4547 1505 4604; x_wconf 85' lang='lat' dir='ltr'><strong>referuntur.</strong></span> <span class='ocrx_word' id='word_1_345' title='bbox 1534 4551 1640 4607; x_wconf 87' lang='lat' dir='ltr'><strong>Cur</strong></span> <span class='ocrx_word' id='word_1_346' title='bbox 1665 4565 1790 4622; x_wconf 92' lang='lat' dir='ltr'><strong>ergo</strong></span> <span class='ocrx_word' id='word_1_347' title='bbox 1818 4550 1906 4606; x_wconf 87' lang='lat' dir='ltr'><strong>illa</strong></span> <span class='ocrx_word' id='word_1_348' title='bbox 1935 4568 2059 4623; x_wconf 86' lang='lat' dir='ltr'><strong>pro-</strong></span> 
     </span>
    </p>
   </div>
   <div class='ocr_carea' id='block_1_48' title="bbox 487 4638 2059 4711">
    <p class='ocr_par' dir='ltr' id='par_1_48' title="bbox 487 4638 2059 4711">
     <span class='ocr_line' id='line_1_49' title="bbox 487 4638 2059 4711; baseline 0.007 -22"><span class='ocrx_word' id='word_1_349' title='bbox 487 4638 710 4703; x_wconf 78' lang='lat' dir='ltr'><strong>biberet,</strong></span> <span class='ocrx_word' id='word_1_350' title='bbox 738 4638 1161 4708; x_wconf 86' lang='lat' dir='ltr'><strong>quandoquidem</strong></span> <span class='ocrx_word' id='word_1_351' title='bbox 1187 4648 1431 4710; x_wconf 88' lang='lat' dir='ltr'><strong>poterant</strong></span> <span class='ocrx_word' id='word_1_352' title='bbox 1469 4649 1684 4711; x_wconf 90' lang='lat' dir='ltr'><strong>propter</strong></span> <span class='ocrx_word' id='word_1_353' title='bbox 1707 4642 1949 4698; x_wconf 85' lang='lat' dir='ltr'><strong>eamdem</strong></span> <span class='ocrx_word' id='word_1_354' title='bbox 1975 4659 2059 4700; x_wconf 91' lang='lat' dir='ltr'><strong>re-</strong></span> 
     </span>
    </p>
   </div>
   <div class='ocr_carea' id='block_1_49' title="bbox 485 4726 2058 4802">
    <p class='ocr_par' dir='ltr' id='par_1_49' title="bbox 485 4726 2058 4802">
     <span class='ocr_line' id='line_1_50' title="bbox 485 4726 2058 4802; baseline 0.006 -23"><span class='ocrx_word' id='word_1_355' title='bbox 485 4742 600 4779; x_wconf 88' lang='lat' dir='ltr'><strong>rum</strong></span> <span class='ocrx_word' id='word_1_356' title='bbox 627 4726 934 4781; x_wconf 89' lang='lat' dir='ltr'><strong>earumdem</strong></span> <span class='ocrx_word' id='word_1_357' title='bbox 962 4728 1396 4797; x_wconf 87' lang='lat' dir='ltr'><strong>significationem</strong></span> <span class='ocrx_word' id='word_1_358' title='bbox 1417 4770 1432 4795; x_wconf 90' lang='lat'><strong>,</strong></span> <span class='ocrx_word' id='word_1_359' title='bbox 1463 4740 1678 4800; x_wconf 89' lang='lat' dir='ltr'><strong>propter</strong></span> <span class='ocrx_word' id='word_1_360' title='bbox 1702 4747 1857 4802; x_wconf 91' lang='lat' dir='ltr'><strong>quam</strong></span> <span class='ocrx_word' id='word_1_361' title='bbox 1884 4742 1936 4788; x_wconf 93' lang='lat' dir='ltr'><strong>et</strong></span> <span class='ocrx_word' id='word_1_362' title='bbox 1961 4733 2058 4788; x_wconf 89' lang='lat' dir='ltr'><strong>ista</strong></span> 
     </span>
    </p>
   </div>
   <div class='ocr_carea' id='block_1_50' title="bbox 484 4816 2058 4895">
    <p class='ocr_par' dir='ltr' id='par_1_50' title="bbox 484 4816 2058 4895">
     <span class='ocr_line' id='line_1_51' title="bbox 484 4816 2058 4895; baseline 0.008 -26"><span class='ocrx_word' id='word_1_363' title='bbox 484 4816 624 4871; x_wconf 87' lang='lat' dir='ltr'><strong>licite</strong></span> <span class='ocrx_word' id='word_1_364' title='bbox 656 4817 886 4884; x_wconf 90' lang='lat' dir='ltr'><strong>fiebant,</strong></span> <span class='ocrx_word' id='word_1_365' title='bbox 934 4817 1274 4874; x_wconf 87' lang='lat' dir='ltr'><strong>nihilominus</strong></span> <span class='ocrx_word' id='word_1_366' title='bbox 1304 4820 1446 4877; x_wconf 91' lang='lat' dir='ltr'><strong>licite</strong></span> <span class='ocrx_word' id='word_1_367' title='bbox 1493 4822 1639 4889; x_wconf 89' lang='lat' dir='ltr'><strong>fieri;</strong></span> <span class='ocrx_word' id='word_1_368' title='bbox 1671 4824 1773 4879; x_wconf 87' lang='lat' dir='ltr'><strong>nisi</strong></span> <span class='ocrx_word' id='word_1_369' title='bbox 1812 4826 1932 4895; x_wconf 89' lang='lat' dir='ltr'><strong>quia</strong></span> <span class='ocrx_word' id='word_1_370' title='bbox 1961 4841 2058 4882; x_wconf 88' lang='lat' dir='ltr'><strong>nec</strong></span> 
     </span>
    </p>
   </div>
   <div class='ocr_carea' id='block_1_51' title="bbox 486 4907 2060 4984">
    <p class='ocr_par' dir='ltr' id='par_1_51' title="bbox 486 4907 2060 4984">
     <span class='ocr_line' id='line_1_52' title="bbox 486 4907 2060 4984; baseline 0.008 -24"><span class='ocrx_word' id='word_1_371' title='bbox 486 4907 590 4962; x_wconf 85' lang='lat' dir='ltr'><strong>tale</strong></span> <span class='ocrx_word' id='word_1_372' title='bbox 617 4909 812 4978; x_wconf 91' lang='lat' dir='ltr'><strong>aliquid</strong></span> <span class='ocrx_word' id='word_1_373' title='bbox 857 4909 1205 4980; x_wconf 83' lang='lat' dir='ltr'><strong>significantia</strong></span> <span class='ocrx_word' id='word_1_374' title='bbox 1248 4913 1404 4982; x_wconf 88' lang='lat' dir='ltr'><strong>quale</strong></span> <span class='ocrx_word' id='word_1_375' title='bbox 1431 4915 1646 4984; x_wconf 81' lang='lat' dir='ltr'><strong>expedit</strong></span> <span class='ocrx_word' id='word_1_376' title='bbox 1684 4916 1933 4983; x_wconf 88' lang='lat' dir='ltr'><strong>credere,</strong></span> <span class='ocrx_word' id='word_1_377' title='bbox 1963 4918 2060 4972; x_wconf 85' lang='lat' dir='ltr'><strong>ltu-</strong></span> 
     </span>
    </p>
   </div>
   <div class='ocr_carea' id='block_1_52' title="bbox 484 5000 2057 5078">
    <p class='ocr_par' dir='ltr' id='par_1_52' title="bbox 484 5000 2057 5078">
     <span class='ocr_line' id='line_1_53' title="bbox 484 5000 2057 5078; baseline 0.007 -26"><span class='ocrx_word' id='word_1_378' title='bbox 484 5013 641 5054; x_wconf 89' lang='lat' dir='ltr'><strong>mana</strong></span> <span class='ocrx_word' id='word_1_379' title='bbox 673 5000 782 5054; x_wconf 94' lang='lat' dir='ltr'><strong>Deo</strong></span> <span class='ocrx_word' id='word_1_380' title='bbox 811 5000 1068 5055; x_wconf 88' lang='lat' dir='ltr'><strong>sacrificia</strong></span> <span class='ocrx_word' id='word_1_381' title='bbox 1095 5002 1436 5071; x_wconf 87' lang='lat' dir='ltr'><strong>placuerunt,</strong></span> <span class='ocrx_word' id='word_1_382' title='bbox 1482 5005 1695 5076; x_wconf 88' lang='lat' dir='ltr'><strong>quando</strong></span> <span class='ocrx_word' id='word_1_383' title='bbox 1720 5023 1823 5062; x_wconf 91' lang='lat' dir='ltr'><strong>non</strong></span> <span class='ocrx_word' id='word_1_384' title='bbox 1852 5023 1946 5077; x_wconf 93' lang='lat' dir='ltr'><strong>pro</strong></span> <span class='ocrx_word' id='word_1_385' title='bbox 1969 5008 2057 5078; x_wconf 88' lang='lat' dir='ltr'><strong>ju-</strong></span> 
     </span>
    </p>
   </div>
   <div class='ocr_carea' id='block_1_53' title="bbox 483 5089 2058 5162">
    <p class='ocr_par' dir='ltr' id='par_1_53' title="bbox 483 5089 2058 5162">
     <span class='ocr_line' id='line_1_54' title="bbox 483 5089 2058 5162; baseline 0.007 -21"><span class='ocrx_word' id='word_1_386' title='bbox 483 5089 621 5144; x_wconf 86' lang='lat' dir='ltr'><strong>stitia</strong></span> <span class='ocrx_word' id='word_1_387' title='bbox 650 5090 870 5160; x_wconf 89' lang='lat' dir='ltr'><strong>quisque</strong></span> <span class='ocrx_word' id='word_1_388' title='bbox 897 5091 964 5146; x_wconf 90' lang='lat' dir='ltr'><strong>ab</strong></span> <span class='ocrx_word' id='word_1_389' title='bbox 989 5092 1232 5158; x_wconf 89' lang='lat' dir='ltr'><strong>inimicis,</strong></span> <span class='ocrx_word' id='word_1_390' title='bbox 1256 5093 1375 5162; x_wconf 89' lang='lat' dir='ltr'><strong>quia</strong></span> <span class='ocrx_word' id='word_1_391' title='bbox 1401 5105 1546 5150; x_wconf 90' lang='lat' dir='ltr'><strong>recte</strong></span> <span class='ocrx_word' id='word_1_392' title='bbox 1575 5097 1753 5152; x_wconf 89' lang='lat' dir='ltr'><strong>vivere</strong></span> <span class='ocrx_word' id='word_1_393' title='bbox 1784 5098 1943 5152; x_wconf 88' lang='lat' dir='ltr'><strong>voluit</strong></span> <span class='ocrx_word' id='word_1_394' title='bbox 1969 5108 2058 5152; x_wconf 90' lang='lat' dir='ltr'><strong>aut</strong></span> 
     </span>
    </p>
   </div>
   <div class='ocr_carea' id='block_1_54' title="bbox 481 5183 2060 5252">
    <p class='ocr_par' dir='ltr' id='par_1_54' title="bbox 481 5183 2060 5252">
     <span class='ocr_line' id='line_1_55' title="bbox 481 5183 2060 5252; baseline 0.006 -17"><span class='ocrx_word' id='word_1_395' title='bbox 481 5196 702 5250; x_wconf 88' lang='lat' dir='ltr'><strong>peccare</strong></span> <span class='ocrx_word' id='word_1_396' title='bbox 729 5183 913 5246; x_wconf 90' lang='lat' dir='ltr'><strong>noluit,</strong></span> <span class='ocrx_word' id='word_1_397' title='bbox 947 5185 1284 5252; x_wconf 88' lang='lat' dir='ltr'><strong>interimitur,</strong></span> <span class='ocrx_word' id='word_1_398' title='bbox 1309 5187 1401 5242; x_wconf 90' lang='lat' dir='ltr'><strong>sed</strong></span> <span class='ocrx_word' id='word_1_399' title='bbox 1429 5187 1588 5242; x_wconf 90' lang='lat' dir='ltr'><strong>homo</strong></span> <span class='ocrx_word' id='word_1_400' title='bbox 1617 5189 1683 5243; x_wconf 87' lang='lat' dir='ltr'><strong>ab</strong></span> <span class='ocrx_word' id='word_1_401' title='bbox 1707 5188 1920 5245; x_wconf 87' lang='lat' dir='ltr'><strong>homine</strong></span> <span class='ocrx_word' id='word_1_402' title='bbox 1945 5199 2060 5245; x_wconf 88' lang='lat' dir='ltr'><strong>tan-</strong></span> 
     </span>
    </p>
   </div>
   <div class='ocr_carea' id='block_1_55' title="bbox 481 5272 1802 5346">
    <p class='ocr_par' dir='ltr' id='par_1_55' title="bbox 481 5272 1802 5346">
     <span class='ocr_line' id='line_1_56' title="bbox 481 5272 1802 5346; baseline 0.005 -21"><span class='ocrx_word' id='word_1_403' title='bbox 481 5287 640 5342; x_wconf 88' lang='lat' dir='ltr'><strong>quam</strong></span> <span class='ocrx_word' id='word_1_404' title='bbox 661 5272 829 5328; x_wconf 89' lang='lat' dir='ltr'><strong>electa</strong></span> <span class='ocrx_word' id='word_1_405' title='bbox 858 5273 1030 5329; x_wconf 89' lang='lat' dir='ltr'><strong>hostia</strong></span> <span class='ocrx_word' id='word_1_406' title='bbox 1063 5290 1208 5330; x_wconf 87' lang='lat' dir='ltr'><strong>more</strong></span> <span class='ocrx_word' id='word_1_407' title='bbox 1233 5277 1440 5346; x_wconf 90' lang='lat' dir='ltr'><strong>pecoris</strong></span> <span class='ocrx_word' id='word_1_408' title='bbox 1470 5277 1802 5334; x_wconf 87' lang='lat' dir='ltr'><strong>immolatur?</strong></span> 
     </span>
    </p>
   </div>
   <div class='ocr_carea' id='block_1_56' title="bbox 549 5363 2055 5440">
    <p class='ocr_par' dir='ltr' id='par_1_56' title="bbox 549 5363 2055 5440">
     <span class='ocr_line' id='line_1_57' title="bbox 549 5363 2055 5440; baseline 0.003 -21"><span class='ocrx_word' id='word_1_409' title='bbox 549 5363 686 5432; x_wconf 86' lang='lat' dir='ltr'><strong>Quid</strong></span> <span class='ocrx_word' id='word_1_410' title='bbox 715 5364 779 5429; x_wconf 90' lang='lat' dir='ltr'><strong>si,</strong></span> <span class='ocrx_word' id='word_1_411' title='bbox 806 5365 881 5419; x_wconf 90' lang='lat' dir='ltr'><strong>ait</strong></span> <span class='ocrx_word' id='word_1_412' title='bbox 902 5365 1114 5436; x_wconf 88' lang='lat' dir='ltr'><strong>aliquis,</strong></span> <span class='ocrx_word' id='word_1_413' title='bbox 1138 5367 1387 5436; x_wconf 90' lang='lat' dir='ltr'><strong>quoniam</strong></span> <span class='ocrx_word' id='word_1_414' title='bbox 1427 5383 1676 5438; x_wconf 91' lang='lat' dir='ltr'><strong>pecorum</strong></span> <span class='ocrx_word' id='word_1_415' title='bbox 1699 5370 1926 5424; x_wconf 74' lang='lat' dir='ltr'><strong>victima:</strong></span> <span class='ocrx_word' id='word_1_416' title='bbox 1946 5371 2055 5440; x_wconf 87' lang='lat' dir='ltr'><strong>jam</strong></span> 
     </span>
    </p>
   </div>
   <div class='ocr_carea' id='block_1_57' title="bbox 482 5458 2060 5531">
    <p class='ocr_par' dir='ltr' id='par_1_57' title="bbox 482 5458 2060 5531">
     <span class='ocr_line' id='line_1_58' title="bbox 482 5458 2060 5531; baseline 0.003 -17"><span class='ocrx_word' id='word_1_417' title='bbox 482 5473 548 5514; x_wconf 76' lang='lat' dir='ltr'><strong>eo</strong></span> <span class='ocrx_word' id='word_1_418' title='bbox 575 5459 693 5528; x_wconf 91' lang='lat' dir='ltr'><strong>ipso</strong></span> <span class='ocrx_word' id='word_1_419' title='bbox 721 5473 826 5529; x_wconf 92' lang='lat' dir='ltr'><strong>quo</strong></span> <span class='ocrx_word' id='word_1_420' title='bbox 855 5458 1064 5514; x_wconf 88' lang='lat' dir='ltr'><strong>fuerant</strong></span> <span class='ocrx_word' id='word_1_421' title='bbox 1086 5459 1312 5523; x_wconf 72' lang='lat' dir='ltr'><strong>usitatm,</strong></span> <span class='ocrx_word' id='word_1_422' title='bbox 1345 5461 1586 5530; x_wconf 88' lang='lat' dir='ltr'><strong>quamvis</strong></span> <span class='ocrx_word' id='word_1_423' title='bbox 1623 5471 1677 5516; x_wconf 88' lang='lat' dir='ltr'><strong>et</strong></span> <span class='ocrx_word' id='word_1_424' title='bbox 1703 5463 1830 5531; x_wconf 78' lang='lat' dir='ltr'><strong>ipsa:</strong></span> <span class='ocrx_word' id='word_1_425' title='bbox 1857 5478 1886 5516; x_wconf 90' lang='lat' dir='ltr'><strong>a</strong></span> <span class='ocrx_word' id='word_1_426' title='bbox 1919 5472 2060 5519; x_wconf 92' lang='lat' dir='ltr'><strong>recte</strong></span> 
     </span>
    </p>
   </div>
   <div class='ocr_carea' id='block_1_58' title="bbox 487 5549 2059 5623">
    <p class='ocr_par' dir='ltr' id='par_1_58' title="bbox 487 5549 2059 5623">
     <span class='ocr_line' id='line_1_59' title="bbox 487 5549 2059 5623; baseline 0.003 -19"><span class='ocrx_word' id='word_1_427' title='bbox 487 5549 901 5620; x_wconf 81' lang='lat' dir='ltr'><strong>intelligentibus</strong></span> <span class='ocrx_word' id='word_1_428' title='bbox 929 5549 993 5604; x_wconf 91' lang='lat' dir='ltr'><strong>ad</strong></span> <span class='ocrx_word' id='word_1_429' title='bbox 1024 5550 1463 5620; x_wconf 81' lang='lat' dir='ltr'><strong>significationem</strong></span> <span class='ocrx_word' id='word_1_430' title='bbox 1510 5553 1857 5623; x_wconf 79' lang='lat' dir='ltr'><strong>Spiritualiutu</strong></span> <span class='ocrx_word' id='word_1_431' title='bbox 1888 5555 2059 5610; x_wconf 89' lang='lat' dir='ltr'><strong>refer-</strong></span> 
     </span>
    </p>
   </div>
   <div class='ocr_carea' id='block_1_59' title="bbox 475 5641 2056 5718">
    <p class='ocr_par' dir='ltr' id='par_1_59' title="bbox 475 5641 2056 5718">
     <span class='ocr_line' id='line_1_60' title="bbox 475 5641 2056 5718; baseline 0.003 -22"><span class='ocrx_word' id='word_1_432' title='bbox 475 5652 689 5706; x_wconf 75' lang='lat' dir='ltr'><strong>rentur,</strong></span> <span class='ocrx_word' id='word_1_433' title='bbox 737 5642 914 5696; x_wconf 88' lang='lat' dir='ltr'><strong>minus</strong></span> <span class='ocrx_word' id='word_1_434' title='bbox 942 5651 1118 5698; x_wconf 87' lang='lat' dir='ltr'><strong>tamen</strong></span> <span class='ocrx_word' id='word_1_435' title='bbox 1166 5641 1426 5697; x_wconf 85' lang='lat' dir='ltr'><strong>faciebant</strong></span> <span class='ocrx_word' id='word_1_436' title='bbox 1456 5644 1685 5700; x_wconf 91' lang='lat' dir='ltr'><strong>intentos</strong></span> <span class='ocrx_word' id='word_1_437' title='bbox 1707 5645 1780 5700; x_wconf 86' lang='lat' dir='ltr'><strong>ad</strong></span> <span class='ocrx_word' id='word_1_438' title='bbox 1814 5661 2056 5718; x_wconf 80' lang='lat' dir='ltr'><strong>maguum</strong></span> 
     </span>
    </p>
   </div>
   <div class='ocr_carea' id='block_1_60' title="bbox 478 5733 2056 5812">
    <p class='ocr_par' dir='ltr' id='par_1_60' title="bbox 478 5733 2056 5812">
     <span class='ocr_line' id='line_1_61' title="bbox 478 5733 2056 5812; baseline 0.008 -27"><span class='ocrx_word' id='word_1_439' title='bbox 478 5749 535 5786; x_wconf 76' lang='lat' dir='ltr'><strong>sa</strong></span> <span class='ocrx_word' id='word_1_440' title='bbox 550 5741 877 5788; x_wconf 90' lang='lat' dir='ltr'><strong>cramentum</strong></span> <span class='ocrx_word' id='word_1_441' title='bbox 909 5733 1100 5790; x_wconf 76' lang='lat' dir='ltr'><strong>Christi</strong></span> <span class='ocrx_word' id='word_1_442' title='bbox 1129 5743 1183 5790; x_wconf 93' lang='lat' dir='ltr'><strong>et</strong></span> <span class='ocrx_word' id='word_1_443' title='bbox 1224 5735 1472 5791; x_wconf 72' lang='lat' dir='ltr'><strong>Ecclesia:</strong></span> <span class='ocrx_word' id='word_1_444' title='bbox 1504 5739 1903 5808; x_wconf 85' lang='lat' dir='ltr'><strong>requirendum;</strong></span> <span class='ocrx_word' id='word_1_445' title='bbox 1935 5758 2056 5812; x_wconf 85' lang='lat' dir='ltr'><strong>pro-</strong></span> 
     </span>
    </p>
   </div>
   <div class='ocr_carea' id='block_1_61' title="bbox 1279 323 2925 404">
    <p class='ocr_par' dir='ltr' id='par_1_61' title="bbox 1279 323 2925 404">
     <span class='ocr_line' id='line_1_62' title="bbox 1279 323 2925 404; baseline -0.009 -10"><span class='ocrx_word' id='word_1_446' title='bbox 1279 329 1729 404; x_wconf 66' lang='lat' dir='ltr'><strong>QUIESTIONUM</strong></span> <span class='ocrx_word' id='word_1_447' title='bbox 1769 327 1823 381; x_wconf 89' lang='lat' dir='ltr'><strong>S.</strong></span> <span class='ocrx_word' id='word_1_448' title='bbox 1867 323 2225 381; x_wconf 78' lang='lat' dir='ltr'><strong>AUGUSTINI</strong></span> <span class='ocrx_word' id='word_1_449' title='bbox 2268 323 2331 380; x_wconf 82' lang='lat' dir='ltr'><strong>IN</strong></span> <span class='ocrx_word' id='word_1_450' title='bbox 2374 324 2925 382; x_wconf 81' lang='lat' dir='ltr'><strong>llEP&#39;l‘ATEUCllUM</strong></span> 
     </span>
    </p>
   </div>
   <div class='ocr_carea' id='block_1_62' title="bbox 3614 322 3720 380">
    <p class='ocr_par' dir='ltr' id='par_1_62' title="bbox 3614 322 3720 380">
     <span class='ocr_line' id='line_1_63' title="bbox 3614 322 3720 380; baseline 0.019 -2"><span class='ocrx_word' id='word_1_451' title='bbox 3614 322 3720 380; x_wconf 70' lang='lat' dir='ltr'><strong>8H5</strong></span> 
     </span>
    </p>
   </div>
   <div class='ocr_carea' id='block_1_63' title="bbox 2147 435 3718 508">
    <p class='ocr_par' dir='ltr' id='par_1_63' title="bbox 2147 435 3718 508">
     <span class='ocr_line' id='line_1_64' title="bbox 2147 435 3718 508; baseline 0.001 -18"><span class='ocrx_word' id='word_1_452' title='bbox 2147 445 2324 506; x_wconf 90' lang='lat' dir='ltr'><strong>pterea</strong></span> <span class='ocrx_word' id='word_1_453' title='bbox 2355 438 2493 493; x_wconf 89' lang='lat' dir='ltr'><strong>Deus</strong></span> <span class='ocrx_word' id='word_1_454' title='bbox 2524 455 2581 493; x_wconf 90' lang='lat' dir='ltr'><strong>re</strong></span> <span class='ocrx_word' id='word_1_455' title='bbox 2612 438 2802 508; x_wconf 84' lang='lat' dir='ltr'><strong>insigni</strong></span> <span class='ocrx_word' id='word_1_456' title='bbox 2827 445 2882 492; x_wconf 91' lang='lat' dir='ltr'><strong>et</strong></span> <span class='ocrx_word' id='word_1_457' title='bbox 2908 435 3174 506; x_wconf 89' lang='lat' dir='ltr'><strong>inopinata</strong></span> <span class='ocrx_word' id='word_1_458' title='bbox 3203 435 3390 491; x_wconf 90' lang='lat' dir='ltr'><strong>volens</strong></span> <span class='ocrx_word' id='word_1_459' title='bbox 3413 435 3564 506; x_wconf 86' lang='lat' dir='ltr'><strong>quasi</strong></span> <span class='ocrx_word' id='word_1_460' title='bbox 3588 435 3718 492; x_wconf 89' lang='lat' dir='ltr'><strong>dor-</strong></span> 
     </span>
    </p>
   </div>
   <div class='ocr_carea' id='block_1_64' title="bbox 2147 527 3719 598">
    <p class='ocr_par' dir='ltr' id='par_1_64' title="bbox 2147 527 3719 598">
     <span class='ocr_line' id='line_1_65' title="bbox 2147 527 3719 598; baseline 0.001 -18"><span class='ocrx_word' id='word_1_461' title='bbox 2147 529 2370 583; x_wconf 90' lang='lat' dir='ltr'><strong>mientes</strong></span> <span class='ocrx_word' id='word_1_462' title='bbox 2398 529 2669 584; x_wconf 87' lang='lat' dir='ltr'><strong>hominum</strong></span> <span class='ocrx_word' id='word_1_463' title='bbox 2689 529 2894 582; x_wconf 89' lang='lat' dir='ltr'><strong>animos</strong></span> <span class='ocrx_word' id='word_1_464' title='bbox 2915 528 3166 595; x_wconf 82' lang='lat' dir='ltr'><strong>excitare,</strong></span> <span class='ocrx_word' id='word_1_465' title='bbox 3194 542 3259 583; x_wconf 90' lang='lat' dir='ltr'><strong>eo</strong></span> <span class='ocrx_word' id='word_1_466' title='bbox 3278 527 3445 598; x_wconf 87' lang='lat' dir='ltr'><strong>magis</strong></span> <span class='ocrx_word' id='word_1_467' title='bbox 3469 541 3576 597; x_wconf 91' lang='lat' dir='ltr'><strong>quo</strong></span> <span class='ocrx_word' id='word_1_468' title='bbox 3596 528 3719 583; x_wconf 87' lang='lat' dir='ltr'><strong>talia</strong></span> 
     </span>
    </p>
   </div>
   <div class='ocr_carea' id='block_1_65' title="bbox 2146 620 3720 690">
    <p class='ocr_par' dir='ltr' id='par_1_65' title="bbox 2146 620 3720 690">
     <span class='ocr_line' id='line_1_66' title="bbox 2146 620 3720 690; baseline 0.001 -16"><span class='ocrx_word' id='word_1_469' title='bbox 2146 621 2244 675; x_wconf 90' lang='lat' dir='ltr'><strong>sibi</strong></span> <span class='ocrx_word' id='word_1_470' title='bbox 2273 621 2531 676; x_wconf 88' lang='lat' dir='ltr'><strong>sacrificia</strong></span> <span class='ocrx_word' id='word_1_471' title='bbox 2559 621 2740 676; x_wconf 74' lang='lat' dir='ltr'><strong>offerri</strong></span> <span class='ocrx_word' id='word_1_472' title='bbox 2771 629 3040 688; x_wconf 88' lang='lat' dir='ltr'><strong>vetuerat,</strong></span> <span class='ocrx_word' id='word_1_473' title='bbox 3085 623 3288 676; x_wconf 89' lang='lat' dir='ltr'><strong>curavit</strong></span> <span class='ocrx_word' id='word_1_474' title='bbox 3329 621 3430 676; x_wconf 82' lang='lat' dir='ltr'><strong>sibi</strong></span> <span class='ocrx_word' id='word_1_475' title='bbox 3458 620 3720 690; x_wconf 89' lang='lat' dir='ltr'><strong>ejusmodi</strong></span> 
     </span>
    </p>
   </div>
   <div class='ocr_carea' id='block_1_66' title="bbox 2147 711 3721 783">
    <p class='ocr_par' dir='ltr' id='par_1_66' title="bbox 2147 711 3721 783">
     <span class='ocr_line' id='line_1_67' title="bbox 2147 711 3721 783; baseline 0.003 -19"><span class='ocrx_word' id='word_1_476' title='bbox 2147 711 2344 782; x_wconf 89' lang='lat' dir='ltr'><strong>aliquid</strong></span> <span class='ocrx_word' id='word_1_477' title='bbox 2365 711 2714 780; x_wconf 82' lang='lat' dir='ltr'><strong>offerendum,</strong></span> <span class='ocrx_word' id='word_1_478' title='bbox 2742 723 2796 767; x_wconf 92' lang='lat' dir='ltr'><strong>ut</strong></span> <span class='ocrx_word' id='word_1_479' title='bbox 2821 713 2932 781; x_wconf 89' lang='lat' dir='ltr'><strong>ipsa</strong></span> <span class='ocrx_word' id='word_1_480' title='bbox 2960 711 3240 766; x_wconf 89' lang='lat' dir='ltr'><strong>admiratio</strong></span> <span class='ocrx_word' id='word_1_481' title='bbox 3264 727 3506 782; x_wconf 84' lang='lat' dir='ltr'><strong>magnam</strong></span> <span class='ocrx_word' id='word_1_482' title='bbox 3530 711 3721 783; x_wconf 82' lang='lat' dir='ltr'><strong>gigne-</strong></span> 
     </span>
    </p>
   </div>
   <div class='ocr_carea' id='block_1_67' title="bbox 2148 803 3722 874">
    <p class='ocr_par' dir='ltr' id='par_1_67' title="bbox 2148 803 3722 874">
     <span class='ocr_line' id='line_1_68' title="bbox 2148 803 3722 874; baseline 0.002 -17"><span class='ocrx_word' id='word_1_483' title='bbox 2148 811 2229 858; x_wconf 89' lang='lat' dir='ltr'><strong>ret</strong></span> <span class='ocrx_word' id='word_1_484' title='bbox 2251 803 2616 874; x_wconf 77' lang='lat' dir='ltr'><strong>quzestionem,</strong></span> <span class='ocrx_word' id='word_1_485' title='bbox 2643 812 2697 859; x_wconf 91' lang='lat' dir='ltr'><strong>et</strong></span> <span class='ocrx_word' id='word_1_486' title='bbox 2723 811 2912 874; x_wconf 87' lang='lat' dir='ltr'><strong>magna</strong></span> <span class='ocrx_word' id='word_1_487' title='bbox 2948 804 3169 874; x_wconf 63' lang='lat' dir='ltr'><strong>quaestio</strong></span> <span class='ocrx_word' id='word_1_488' title='bbox 3193 803 3259 857; x_wconf 94' lang='lat' dir='ltr'><strong>ad</strong></span> <span class='ocrx_word' id='word_1_489' title='bbox 3287 803 3722 873; x_wconf 87' lang='lat' dir='ltr'><strong>perscrutandum</strong></span> 
     </span>
    </p>
   </div>
   <div class='ocr_carea' id='block_1_68' title="bbox 2149 895 3724 967">
    <p class='ocr_par' dir='ltr' id='par_1_68' title="bbox 2149 895 3724 967">
     <span class='ocr_line' id='line_1_69' title="bbox 2149 895 3724 967; baseline 0.002 -19"><span class='ocrx_word' id='word_1_490' title='bbox 2149 910 2396 966; x_wconf 83' lang='lat' dir='ltr'><strong>magnum</strong></span> <span class='ocrx_word' id='word_1_491' title='bbox 2427 897 2737 967; x_wconf 85' lang='lat' dir='ltr'><strong>mysterium</strong></span> <span class='ocrx_word' id='word_1_492' title='bbox 2761 895 2993 951; x_wconf 91' lang='lat' dir='ltr'><strong>studium</strong></span> <span class='ocrx_word' id='word_1_493' title='bbox 3018 896 3118 966; x_wconf 64' lang='lat' dir='ltr'><strong>piat</strong></span> <span class='ocrx_word' id='word_1_494' title='bbox 3146 897 3338 951; x_wconf 90' lang='lat' dir='ltr'><strong>mentis</strong></span> <span class='ocrx_word' id='word_1_495' title='bbox 3359 895 3608 966; x_wconf 86' lang='lat' dir='ltr'><strong>erigeret,</strong></span> <span class='ocrx_word' id='word_1_496' title='bbox 3638 898 3724 966; x_wconf 86' lang='lat' dir='ltr'><strong>pie</strong></span> 
     </span>
    </p>
   </div>
   <div class='ocr_carea' id='block_1_69' title="bbox 2151 985 3724 1057">
    <p class='ocr_par' dir='ltr' id='par_1_69' title="bbox 2151 985 3724 1057">
     <span class='ocr_line' id='line_1_70' title="bbox 2151 985 3724 1057; baseline 0.003 -19"><span class='ocrx_word' id='word_1_497' title='bbox 2151 1001 2277 1040; x_wconf 90' lang='lat' dir='ltr'><strong>vero</strong></span> <span class='ocrx_word' id='word_1_498' title='bbox 2301 997 2542 1042; x_wconf 76' lang='lat' dir='ltr'><strong>scrutans</strong></span> <span class='ocrx_word' id='word_1_499' title='bbox 2583 1002 2736 1044; x_wconf 85' lang='lat' dir='ltr'><strong>mens</strong></span> <span class='ocrx_word' id='word_1_500' title='bbox 2773 987 3001 1041; x_wconf 86' lang='lat' dir='ltr'><strong>hominis</strong></span> <span class='ocrx_word' id='word_1_501' title='bbox 3037 985 3366 1042; x_wconf 85' lang='lat' dir='ltr'><strong>altitudinem</strong></span> <span class='ocrx_word' id='word_1_502' title='bbox 3393 987 3724 1057; x_wconf 69' lang='lat' dir='ltr'><strong>prophetiae,</strong></span> 
     </span>
    </p>
   </div>
   <div class='ocr_carea' id='block_1_70' title="bbox 2151 1077 3727 1149">
    <p class='ocr_par' dir='ltr' id='par_1_70' title="bbox 2151 1077 3727 1149">
     <span class='ocr_line' id='line_1_71' title="bbox 2151 1077 3727 1149; baseline 0.003 -19"><span class='ocrx_word' id='word_1_503' title='bbox 2151 1079 2291 1132; x_wconf 91' lang='lat' dir='ltr'><strong>velut</strong></span> <span class='ocrx_word' id='word_1_504' title='bbox 2332 1077 2487 1132; x_wconf 87' lang='lat' dir='ltr'><strong>hamo</strong></span> <span class='ocrx_word' id='word_1_505' title='bbox 2531 1079 2730 1148; x_wconf 84' lang='lat' dir='ltr'><strong>piscem</strong></span> <span class='ocrx_word' id='word_1_506' title='bbox 2760 1079 3041 1134; x_wconf 90' lang='lat' dir='ltr'><strong>Dominum</strong></span> <span class='ocrx_word' id='word_1_507' title='bbox 3070 1078 3336 1134; x_wconf 85' lang='lat' dir='ltr'><strong>Christum</strong></span> <span class='ocrx_word' id='word_1_508' title='bbox 3367 1079 3436 1135; x_wconf 89' lang='lat' dir='ltr'><strong>de</strong></span> <span class='ocrx_word' id='word_1_509' title='bbox 3465 1078 3727 1149; x_wconf 87' lang='lat' dir='ltr'><strong>profundo</strong></span> 
     </span>
    </p>
   </div>
   <div class='ocr_carea' id='block_1_71' title="bbox 2152 1170 3728 1240">
    <p class='ocr_par' dir='ltr' id='par_1_71' title="bbox 2152 1170 3728 1240">
     <span class='ocr_line' id='line_1_72' title="bbox 2152 1170 3728 1240; baseline 0.001 -16"><span class='ocrx_word' id='word_1_510' title='bbox 2152 1170 2542 1240; x_wconf 85' lang='lat' dir='ltr'><strong>Seripturarum</strong></span> <span class='ocrx_word' id='word_1_511' title='bbox 2571 1171 2808 1227; x_wconf 82' lang='lat' dir='ltr'><strong>levaret?</strong></span> <span class='ocrx_word' id='word_1_512' title='bbox 2834 1170 2966 1226; x_wconf 91' lang='lat' dir='ltr'><strong>lluic</strong></span> <span class='ocrx_word' id='word_1_513' title='bbox 2991 1186 3087 1226; x_wconf 87' lang='lat' dir='ltr'><strong>nos</strong></span> <span class='ocrx_word' id='word_1_514' title='bbox 3114 1171 3301 1226; x_wconf 90' lang='lat' dir='ltr'><strong>rationi</strong></span> <span class='ocrx_word' id='word_1_515' title='bbox 3331 1182 3385 1227; x_wconf 88' lang='lat' dir='ltr'><strong>et</strong></span> <span class='ocrx_word' id='word_1_516' title='bbox 3417 1171 3728 1228; x_wconf 85' lang='lat' dir='ltr'><strong>considera-</strong></span> 
     </span>
    </p>
   </div>
   <div class='ocr_carea' id='block_1_72' title="bbox 2153 1261 3728 1333">
    <p class='ocr_par' dir='ltr' id='par_1_72' title="bbox 2153 1261 3728 1333">
     <span class='ocr_line' id='line_1_73' title="bbox 2153 1261 3728 1333; baseline 0.003 -17"><span class='ocrx_word' id='word_1_517' title='bbox 2153 1261 2280 1316; x_wconf 83' lang='lat' dir='ltr'><strong>tioni</strong></span> <span class='ocrx_word' id='word_1_518' title='bbox 2324 1277 2428 1316; x_wconf 90' lang='lat' dir='ltr'><strong>non</strong></span> <span class='ocrx_word' id='word_1_519' title='bbox 2457 1261 2782 1318; x_wconf 66' lang='lat' dir='ltr'><strong>obsistimus.</strong></span> <span class='ocrx_word' id='word_1_520' title='bbox 2813 1263 2917 1318; x_wconf 86' lang='lat' dir='ltr'><strong>Sed</strong></span> <span class='ocrx_word' id='word_1_521' title='bbox 2957 1263 3060 1316; x_wconf 89' lang='lat' dir='ltr'><strong>alia</strong></span> <span class='ocrx_word' id='word_1_522' title='bbox 3101 1263 3322 1333; x_wconf 68' lang='lat' dir='ltr'><strong>qumstio</strong></span> <span class='ocrx_word' id='word_1_523' title='bbox 3347 1274 3428 1318; x_wconf 91' lang='lat' dir='ltr'><strong>est</strong></span> <span class='ocrx_word' id='word_1_524' title='bbox 3452 1263 3521 1320; x_wconf 92' lang='lat' dir='ltr'><strong>de</strong></span> <span class='ocrx_word' id='word_1_525' title='bbox 3547 1265 3728 1320; x_wconf 88' lang='lat' dir='ltr'><strong>animo</strong></span> 
     </span>
    </p>
   </div>
   <div class='ocr_carea' id='block_1_73' title="bbox 2152 1352 3728 1425">
    <p class='ocr_par' dir='ltr' id='par_1_73' title="bbox 2152 1352 3728 1425">
     <span class='ocr_line' id='line_1_74' title="bbox 2152 1352 3728 1425; baseline 0.004 -20"><span class='ocrx_word' id='word_1_526' title='bbox 2152 1353 2421 1419; x_wconf 83' lang='lat' dir='ltr'><strong>voveatis,</strong></span> <span class='ocrx_word' id='word_1_527' title='bbox 2450 1352 2550 1406; x_wconf 88' lang='lat' dir='ltr'><strong>alia</strong></span> <span class='ocrx_word' id='word_1_528' title='bbox 2581 1353 2648 1408; x_wconf 91' lang='lat' dir='ltr'><strong>de</strong></span> <span class='ocrx_word' id='word_1_529' title='bbox 2674 1353 3002 1423; x_wconf 87' lang='lat' dir='ltr'><strong>providentia</strong></span> <span class='ocrx_word' id='word_1_530' title='bbox 3033 1355 3124 1409; x_wconf 89' lang='lat' dir='ltr'><strong>Dei</strong></span> <span class='ocrx_word' id='word_1_531' title='bbox 3153 1355 3523 1425; x_wconf 89' lang='lat' dir='ltr'><strong>qualicumque</strong></span> <span class='ocrx_word' id='word_1_532' title='bbox 3546 1355 3728 1411; x_wconf 89' lang='lat' dir='ltr'><strong>animo</strong></span> 
     </span>
    </p>
   </div>
   <div class='ocr_carea' id='block_1_74' title="bbox 2151 1446 3730 1518">
    <p class='ocr_par' dir='ltr' id='par_1_74' title="bbox 2151 1446 3730 1518">
     <span class='ocr_line' id='line_1_75' title="bbox 2151 1446 3730 1518; baseline 0.004 -19"><span class='ocrx_word' id='word_1_533' title='bbox 2151 1446 2266 1514; x_wconf 93' lang='lat' dir='ltr'><strong>ejus</strong></span> <span class='ocrx_word' id='word_1_534' title='bbox 2296 1448 2494 1516; x_wconf 86' lang='lat' dir='ltr'><strong>optime</strong></span> <span class='ocrx_word' id='word_1_535' title='bbox 2533 1449 2746 1504; x_wconf 88' lang='lat' dir='ltr'><strong>utentis.</strong></span> <span class='ocrx_word' id='word_1_536' title='bbox 2788 1447 3142 1516; x_wconf 81' lang='lat' dir='ltr'><strong>Quamobrem</strong></span> <span class='ocrx_word' id='word_1_537' title='bbox 3179 1451 3222 1503; x_wconf 90' lang='lat' dir='ltr'><strong>si</strong></span> <span class='ocrx_word' id='word_1_538' title='bbox 3262 1449 3492 1518; x_wconf 91' lang='lat' dir='ltr'><strong>Spiritus</strong></span> <span class='ocrx_word' id='word_1_539' title='bbox 3520 1448 3730 1506; x_wconf 85' lang='lat' dir='ltr'><strong>Domini</strong></span> 
     </span>
    </p>
   </div>
   <div class='ocr_carea' id='block_1_75' title="bbox 2152 1539 3732 1610">
    <p class='ocr_par' dir='ltr' id='par_1_75' title="bbox 2152 1539 3732 1610">
     <span class='ocr_line' id='line_1_76' title="bbox 2152 1539 3732 1610; baseline 0.004 -20"><span class='ocrx_word' id='word_1_540' title='bbox 2152 1539 2240 1606; x_wconf 88' lang='lat' dir='ltr'><strong>qui</strong></span> <span class='ocrx_word' id='word_1_541' title='bbox 2273 1540 2439 1593; x_wconf 88' lang='lat' dir='ltr'><strong>factus</strong></span> <span class='ocrx_word' id='word_1_542' title='bbox 2466 1549 2547 1593; x_wconf 89' lang='lat' dir='ltr'><strong>est</strong></span> <span class='ocrx_word' id='word_1_543' title='bbox 2583 1553 2743 1609; x_wconf 87' lang='lat' dir='ltr'><strong>super</strong></span> <span class='ocrx_word' id='word_1_544' title='bbox 2768 1539 2986 1610; x_wconf 83' lang='lat' dir='ltr'><strong>Jephte,</strong></span> <span class='ocrx_word' id='word_1_545' title='bbox 3029 1549 3088 1594; x_wconf 89' lang='lat' dir='ltr'><strong>ut</strong></span> <span class='ocrx_word' id='word_1_546' title='bbox 3131 1540 3233 1594; x_wconf 91' lang='lat' dir='ltr'><strong>hoc</strong></span> <span class='ocrx_word' id='word_1_547' title='bbox 3261 1549 3476 1595; x_wconf 87' lang='lat' dir='ltr'><strong>voveret</strong></span> <span class='ocrx_word' id='word_1_548' title='bbox 3512 1541 3732 1596; x_wconf 90' lang='lat' dir='ltr'><strong>omnino</strong></span> 
     </span>
    </p>
   </div>
   <div class='ocr_carea' id='block_1_76' title="bbox 2155 1631 3730 1701">
    <p class='ocr_par' dir='ltr' id='par_1_76' title="bbox 2155 1631 3730 1701">
     <span class='ocr_line' id='line_1_77' title="bbox 2155 1631 3730 1701; baseline 0.004 -19"><span class='ocrx_word' id='word_1_549' title='bbox 2155 1631 2425 1700; x_wconf 75' lang='lat' dir='ltr'><strong>prtecepit,</strong></span> <span class='ocrx_word' id='word_1_550' title='bbox 2449 1631 2586 1700; x_wconf 92' lang='lat' dir='ltr'><strong>quod</strong></span> <span class='ocrx_word' id='word_1_551' title='bbox 2612 1631 2825 1701; x_wconf 90' lang='lat' dir='ltr'><strong>quidem</strong></span> <span class='ocrx_word' id='word_1_552' title='bbox 2853 1631 3121 1701; x_wconf 89' lang='lat' dir='ltr'><strong>Scriptura</strong></span> <span class='ocrx_word' id='word_1_553' title='bbox 3144 1647 3250 1686; x_wconf 88' lang='lat' dir='ltr'><strong>non</strong></span> <span class='ocrx_word' id='word_1_554' title='bbox 3276 1632 3516 1701; x_wconf 88' lang='lat' dir='ltr'><strong>aperuit;</strong></span> <span class='ocrx_word' id='word_1_555' title='bbox 3550 1641 3730 1688; x_wconf 87' lang='lat' dir='ltr'><strong>tamen</strong></span> 
     </span>
    </p>
   </div>
   <div class='ocr_carea' id='block_1_77' title="bbox 2153 1721 3727 1793">
    <p class='ocr_par' dir='ltr' id='par_1_77' title="bbox 2153 1721 3727 1793">
     <span class='ocr_line' id='line_1_78' title="bbox 2153 1721 3727 1793; baseline 0.003 -18"><span class='ocrx_word' id='word_1_556' title='bbox 2153 1722 2196 1775; x_wconf 91' lang='lat' dir='ltr'><strong>si</strong></span> <span class='ocrx_word' id='word_1_557' title='bbox 2227 1721 2330 1776; x_wconf 90' lang='lat' dir='ltr'><strong>hoc</strong></span> <span class='ocrx_word' id='word_1_558' title='bbox 2358 1721 2446 1777; x_wconf 92' lang='lat' dir='ltr'><strong>ille</strong></span> <span class='ocrx_word' id='word_1_559' title='bbox 2469 1726 2733 1791; x_wconf 69' lang='lat' dir='ltr'><strong>prmcepit,</strong></span> <span class='ocrx_word' id='word_1_560' title='bbox 2755 1723 2905 1793; x_wconf 90' lang='lat' dir='ltr'><strong>cujus</strong></span> <span class='ocrx_word' id='word_1_561' title='bbox 2925 1738 3028 1778; x_wconf 92' lang='lat' dir='ltr'><strong>non</strong></span> <span class='ocrx_word' id='word_1_562' title='bbox 3053 1723 3334 1792; x_wconf 87' lang='lat' dir='ltr'><strong>licetjussa</strong></span> <span class='ocrx_word' id='word_1_563' title='bbox 3361 1731 3727 1790; x_wconf 88' lang='lat' dir='ltr'><strong>contemnere,</strong></span> 
     </span>
    </p>
   </div>
   <div class='ocr_carea' id='block_1_78' title="bbox 2155 1812 3730 1883">
    <p class='ocr_par' dir='ltr' id='par_1_78' title="bbox 2155 1812 3730 1883">
     <span class='ocr_line' id='line_1_79' title="bbox 2155 1812 3730 1883; baseline 0.003 -19"><span class='ocrx_word' id='word_1_564' title='bbox 2155 1828 2258 1865; x_wconf 91' lang='lat' dir='ltr'><strong>non</strong></span> <span class='ocrx_word' id='word_1_565' title='bbox 2286 1812 2456 1866; x_wconf 91' lang='lat' dir='ltr'><strong>solum</strong></span> <span class='ocrx_word' id='word_1_566' title='bbox 2488 1813 2785 1883; x_wconf 89' lang='lat' dir='ltr'><strong>insipientia</strong></span> <span class='ocrx_word' id='word_1_567' title='bbox 2814 1813 3073 1883; x_wconf 89' lang='lat' dir='ltr'><strong>culpanda</strong></span> <span class='ocrx_word' id='word_1_568' title='bbox 3101 1829 3204 1868; x_wconf 92' lang='lat' dir='ltr'><strong>non</strong></span> <span class='ocrx_word' id='word_1_569' title='bbox 3231 1823 3332 1879; x_wconf 89' lang='lat' dir='ltr'><strong>cst,</strong></span> <span class='ocrx_word' id='word_1_570' title='bbox 3362 1829 3546 1868; x_wconf 87' lang='lat' dir='ltr'><strong>verum</strong></span> <span class='ocrx_word' id='word_1_571' title='bbox 3569 1813 3730 1869; x_wconf 89' lang='lat' dir='ltr'><strong>etiam</strong></span> 
     </span>
    </p>
   </div>
   <div class='ocr_carea' id='block_1_79' title="bbox 2156 1903 3733 1970">
    <p class='ocr_par' dir='ltr' id='par_1_79' title="bbox 2156 1903 3733 1970">
     <span class='ocr_line' id='line_1_80' title="bbox 2156 1903 3733 1970; baseline 0.001 -14"><span class='ocrx_word' id='word_1_572' title='bbox 2156 1903 2414 1957; x_wconf 88' lang='lat' dir='ltr'><strong>laudanda</strong></span> <span class='ocrx_word' id='word_1_573' title='bbox 2442 1903 2743 1958; x_wconf 88' lang='lat' dir='ltr'><strong>obedientia</strong></span> <span class='ocrx_word' id='word_1_574' title='bbox 2770 1913 2874 1959; x_wconf 89' lang='lat' dir='ltr'><strong>est.</strong></span> <span class='ocrx_word' id='word_1_575' title='bbox 2919 1904 3030 1959; x_wconf 84' lang='lat' dir='ltr'><strong>iloc</strong></span> <span class='ocrx_word' id='word_1_576' title='bbox 3053 1906 3216 1970; x_wconf 89' lang='lat' dir='ltr'><strong>enim,</strong></span> <span class='ocrx_word' id='word_1_577' title='bbox 3249 1905 3455 1959; x_wconf 90' lang='lat' dir='ltr'><strong>etiamsi</strong></span> <span class='ocrx_word' id='word_1_578' title='bbox 3485 1918 3542 1959; x_wconf 91' lang='lat' dir='ltr'><strong>se</strong></span> <span class='ocrx_word' id='word_1_579' title='bbox 3569 1904 3733 1959; x_wconf 90' lang='lat' dir='ltr'><strong>homo</strong></span> 
     </span>
    </p>
   </div>
   <div class='ocr_carea' id='block_1_80' title="bbox 2157 1993 3736 2066">
    <p class='ocr_par' dir='ltr' id='par_1_80' title="bbox 2157 1993 3736 2066">
     <span class='ocr_line' id='line_1_81' title="bbox 2157 1993 3736 2066; baseline 0.002 -19"><span class='ocrx_word' id='word_1_580' title='bbox 2157 1993 2270 2063; x_wconf 86' lang='lat' dir='ltr'><strong>ipse</strong></span> <span class='ocrx_word' id='word_1_581' title='bbox 2294 1995 2587 2060; x_wconf 89' lang='lat' dir='ltr'><strong>interimat,</strong></span> <span class='ocrx_word' id='word_1_582' title='bbox 2619 1995 2760 2065; x_wconf 91' lang='lat' dir='ltr'><strong>quod</strong></span> <span class='ocrx_word' id='word_1_583' title='bbox 2789 1996 2968 2065; x_wconf 90' lang='lat' dir='ltr'><strong>utique</strong></span> <span class='ocrx_word' id='word_1_584' title='bbox 3004 1995 3232 2049; x_wconf 89' lang='lat' dir='ltr'><strong>httmana</strong></span> <span class='ocrx_word' id='word_1_585' title='bbox 3269 1996 3538 2051; x_wconf 88' lang='lat' dir='ltr'><strong>voluntate</strong></span> <span class='ocrx_word' id='word_1_586' title='bbox 3574 2004 3736 2066; x_wconf 84' lang='lat' dir='ltr'><strong>atque</strong></span> 
     </span>
    </p>
   </div>
   <div class='ocr_carea' id='block_1_81' title="bbox 2155 2084 3738 2157">
    <p class='ocr_par' dir='ltr' id='par_1_81' title="bbox 2155 2084 3738 2157">
     <span class='ocr_line' id='line_1_82' title="bbox 2155 2084 3738 2157; baseline 0.002 -19"><span class='ocrx_word' id='word_1_587' title='bbox 2155 2085 2375 2139; x_wconf 89' lang='lat' dir='ltr'><strong>consilio</strong></span> <span class='ocrx_word' id='word_1_588' title='bbox 2403 2084 2576 2141; x_wconf 86' lang='lat' dir='ltr'><strong>facere</strong></span> <span class='ocrx_word' id='word_1_589' title='bbox 2614 2085 2762 2141; x_wconf 82' lang='lat' dir='ltr'><strong>nefas</strong></span> <span class='ocrx_word' id='word_1_590' title='bbox 2805 2095 2916 2153; x_wconf 83' lang='lat' dir='ltr'><strong>est,</strong></span> <span class='ocrx_word' id='word_1_591' title='bbox 2961 2086 3197 2156; x_wconf 85' lang='lat' dir='ltr'><strong>profecto</strong></span> <span class='ocrx_word' id='word_1_592' title='bbox 3228 2087 3623 2157; x_wconf 80' lang='lat' dir='ltr'><strong>intelligendum</strong></span> <span class='ocrx_word' id='word_1_593' title='bbox 3651 2097 3738 2142; x_wconf 90' lang='lat' dir='ltr'><strong>est</strong></span> 
     </span>
    </p>
   </div>
   <div class='ocr_carea' id='block_1_82' title="bbox 2155 2178 3736 2250">
    <p class='ocr_par' dir='ltr' id='par_1_82' title="bbox 2155 2178 3736 2250">
     <span class='ocr_line' id='line_1_83' title="bbox 2155 2178 3736 2250; baseline 0 -18"><span class='ocrx_word' id='word_1_594' title='bbox 2155 2178 2463 2233; x_wconf 89' lang='lat' dir='ltr'><strong>obcdicnter</strong></span> <span class='ocrx_word' id='word_1_595' title='bbox 2490 2180 2601 2232; x_wconf 87' lang='lat' dir='ltr'><strong>fieri</strong></span> <span class='ocrx_word' id='word_1_596' title='bbox 2625 2179 2797 2248; x_wconf 92' lang='lat' dir='ltr'><strong>potius</strong></span> <span class='ocrx_word' id='word_1_597' title='bbox 2816 2194 2972 2248; x_wconf 91' lang='lat' dir='ltr'><strong>quam</strong></span> <span class='ocrx_word' id='word_1_598' title='bbox 3003 2179 3246 2242; x_wconf 85' lang='lat' dir='ltr'><strong>sceleste,</strong></span> <span class='ocrx_word' id='word_1_599' title='bbox 3277 2179 3320 2234; x_wconf 91' lang='lat' dir='ltr'><strong>si</strong></span> <span class='ocrx_word' id='word_1_600' title='bbox 3346 2179 3598 2232; x_wconf 89' lang='lat' dir='ltr'><strong>divinitus</strong></span> <span class='ocrx_word' id='word_1_601' title='bbox 3622 2179 3736 2250; x_wconf 92' lang='lat' dir='ltr'><strong>jus-</strong></span> 
     </span>
    </p>
   </div>
   <div class='ocr_carea' id='block_1_83' title="bbox 2157 2269 3740 2340">
    <p class='ocr_par' dir='ltr' id='par_1_83' title="bbox 2157 2269 3740 2340">
     <span class='ocr_line' id='line_1_84' title="bbox 2157 2269 3740 2340; baseline 0 -15"><span class='ocrx_word' id='word_1_602' title='bbox 2157 2285 2274 2325; x_wconf 86' lang='lat' dir='ltr'><strong>sunt</strong></span> <span class='ocrx_word' id='word_1_603' title='bbox 2301 2279 2419 2325; x_wconf 90' lang='lat' dir='ltr'><strong>est:</strong></span> <span class='ocrx_word' id='word_1_604' title='bbox 2460 2269 2527 2324; x_wconf 90' lang='lat' dir='ltr'><strong>de</strong></span> <span class='ocrx_word' id='word_1_605' title='bbox 2554 2285 2658 2340; x_wconf 89' lang='lat' dir='ltr'><strong>qua</strong></span> <span class='ocrx_word' id='word_1_606' title='bbox 2705 2271 2999 2340; x_wconf 73' lang='lat' dir='ltr'><strong>qumstione</strong></span> <span class='ocrx_word' id='word_1_607' title='bbox 3043 2271 3170 2324; x_wconf 91' lang='lat' dir='ltr'><strong>satis</strong></span> <span class='ocrx_word' id='word_1_608' title='bbox 3207 2271 3259 2324; x_wconf 89' lang='lat' dir='ltr'><strong>in</strong></span> <span class='ocrx_word' id='word_1_609' title='bbox 3305 2270 3476 2338; x_wconf 91' lang='lat' dir='ltr'><strong>primo</strong></span> <span class='ocrx_word' id='word_1_610' title='bbox 3506 2270 3639 2325; x_wconf 92' lang='lat' dir='ltr'><strong>libro</strong></span> <span class='ocrx_word' id='word_1_611' title='bbox 3669 2270 3740 2325; x_wconf 91' lang='lat' dir='ltr'><strong>de</strong></span> 
     </span>
    </p>
   </div>
   <div class='ocr_carea' id='block_1_84' title="bbox 2157 2359 3736 2432">
    <p class='ocr_par' dir='ltr' id='par_1_84' title="bbox 2157 2359 3736 2432">
     <span class='ocr_line' id='line_1_85' title="bbox 2157 2359 3736 2432; baseline 0.001 -18"><span class='ocrx_word' id='word_1_612' title='bbox 2157 2360 2382 2414; x_wconf 85' lang='lat' dir='ltr'><strong>Civitate</strong></span> <span class='ocrx_word' id='word_1_613' title='bbox 2412 2361 2499 2414; x_wconf 84' lang='lat' dir='ltr'><strong>Dei</strong></span> <span class='ocrx_word' id='word_1_614' title='bbox 2528 2361 2912 2430; x_wconf 90' lang='lat' dir='ltr'><strong>disputavimus</strong></span> <span class='ocrx_word' id='word_1_615' title='bbox 2933 2361 3034 2430; x_wconf 85' lang='lat' dir='ltr'><strong>(De</strong></span> <span class='ocrx_word' id='word_1_616' title='bbox 3052 2359 3197 2416; x_wconf 80' lang='lat' dir='ltr'><strong>Civil.</strong></span> <span class='ocrx_word' id='word_1_617' title='bbox 3221 2360 3338 2427; x_wconf 86' lang='lat' dir='ltr'><strong>Dei,</strong></span> <span class='ocrx_word' id='word_1_618' title='bbox 3358 2363 3444 2414; x_wconf 89' lang='lat' dir='ltr'><strong>lib.</strong></span> <span class='ocrx_word' id='word_1_619' title='bbox 3472 2363 3523 2428; x_wconf 81' lang='lat' dir='ltr'><strong>l,</strong></span> <span class='ocrx_word' id='word_1_620' title='bbox 3551 2378 3596 2414; x_wconf 84' lang='lat' dir='ltr'><strong>c.</strong></span> <span class='ocrx_word' id='word_1_621' title='bbox 3619 2359 3736 2432; x_wconf 71' lang='lat'><strong>21).</strong></span> 
     </span>
    </p>
   </div>
   <div class='ocr_carea' id='block_1_85' title="bbox 2157 2449 3743 2520">
    <p class='ocr_par' dir='ltr' id='par_1_85' title="bbox 2157 2449 3743 2520">
     <span class='ocr_line' id='line_1_86' title="bbox 2157 2449 3743 2520; baseline 0.001 -14"><span class='ocrx_word' id='word_1_622' title='bbox 2157 2449 2209 2506; x_wconf 90' lang='lat' dir='ltr'><strong>Si</strong></span> <span class='ocrx_word' id='word_1_623' title='bbox 2237 2460 2412 2505; x_wconf 90' lang='lat' dir='ltr'><strong>autem</strong></span> <span class='ocrx_word' id='word_1_624' title='bbox 2443 2451 2634 2520; x_wconf 83' lang='lat' dir='ltr'><strong>Jephte</strong></span> <span class='ocrx_word' id='word_1_625' title='bbox 2675 2452 2962 2506; x_wconf 87' lang='lat' dir='ltr'><strong>humanum</strong></span> <span class='ocrx_word' id='word_1_626' title='bbox 2995 2465 3208 2507; x_wconf 85' lang='lat' dir='ltr'><strong>secutus</strong></span> <span class='ocrx_word' id='word_1_627' title='bbox 3248 2468 3518 2520; x_wconf 89' lang='lat' dir='ltr'><strong>errorem,</strong></span> <span class='ocrx_word' id='word_1_628' title='bbox 3550 2451 3743 2518; x_wconf 53' lang='lat' dir='ltr'><strong>humas</strong></span> 
     </span>
    </p>
   </div>
   <div class='ocr_carea' id='block_1_86' title="bbox 2160 2541 3740 2614">
    <p class='ocr_par' dir='ltr' id='par_1_86' title="bbox 2160 2541 3740 2614">
     <span class='ocr_line' id='line_1_87' title="bbox 2160 2541 3740 2614; baseline 0.004 -20"><span class='ocrx_word' id='word_1_629' title='bbox 2160 2555 2286 2594; x_wconf 90' lang='lat' dir='ltr'><strong>num</strong></span> <span class='ocrx_word' id='word_1_630' title='bbox 2311 2541 2624 2596; x_wconf 89' lang='lat' dir='ltr'><strong>sacrificium</strong></span> <span class='ocrx_word' id='word_1_631' title='bbox 2655 2543 2952 2597; x_wconf 89' lang='lat' dir='ltr'><strong>vovendum</strong></span> <span class='ocrx_word' id='word_1_632' title='bbox 2982 2543 3212 2612; x_wconf 91' lang='lat' dir='ltr'><strong>putavit,</strong></span> <span class='ocrx_word' id='word_1_633' title='bbox 3239 2542 3354 2612; x_wconf 90' lang='lat' dir='ltr'><strong>ejus</strong></span> <span class='ocrx_word' id='word_1_634' title='bbox 3378 2543 3590 2612; x_wconf 90' lang='lat' dir='ltr'><strong>quidem</strong></span> <span class='ocrx_word' id='word_1_635' title='bbox 3615 2559 3740 2614; x_wconf 83' lang='lat' dir='ltr'><strong>pec-</strong></span> 
     </span>
    </p>
   </div>
   <div class='ocr_carea' id='block_1_87' title="bbox 2159 2631 3740 2705">
    <p class='ocr_par' dir='ltr' id='par_1_87' title="bbox 2159 2631 3740 2705">
     <span class='ocr_line' id='line_1_88' title="bbox 2159 2631 3740 2705; baseline 0.003 -19"><span class='ocrx_word' id='word_1_636' title='bbox 2159 2640 2334 2686; x_wconf 88' lang='lat' dir='ltr'><strong>catum</strong></span> <span class='ocrx_word' id='word_1_637' title='bbox 2361 2631 2428 2687; x_wconf 89' lang='lat' dir='ltr'><strong>de</strong></span> <span class='ocrx_word' id='word_1_638' title='bbox 2449 2631 2598 2686; x_wconf 87' lang='lat' dir='ltr'><strong>unica</strong></span> <span class='ocrx_word' id='word_1_639' title='bbox 2624 2632 2727 2686; x_wconf 80' lang='lat' dir='ltr'><strong>filia</strong></span> <span class='ocrx_word' id='word_1_640' title='bbox 2747 2634 2867 2702; x_wconf 93' lang='lat' dir='ltr'><strong>jure</strong></span> <span class='ocrx_word' id='word_1_641' title='bbox 2888 2634 3124 2703; x_wconf 91' lang='lat' dir='ltr'><strong>punitum</strong></span> <span class='ocrx_word' id='word_1_642' title='bbox 3150 2643 3251 2699; x_wconf 89' lang='lat' dir='ltr'><strong>est,</strong></span> <span class='ocrx_word' id='word_1_643' title='bbox 3280 2634 3420 2704; x_wconf 90' lang='lat' dir='ltr'><strong>quod</strong></span> <span class='ocrx_word' id='word_1_644' title='bbox 3443 2635 3602 2690; x_wconf 90' lang='lat' dir='ltr'><strong>etiam</strong></span> <span class='ocrx_word' id='word_1_645' title='bbox 3626 2636 3740 2705; x_wconf 80' lang='lat' dir='ltr'><strong>ipso</strong></span> 
     </span>
    </p>
   </div>
   <div class='ocr_carea' id='block_1_88' title="bbox 2160 2721 3738 2790">
    <p class='ocr_par' dir='ltr' id='par_1_88' title="bbox 2160 2721 3738 2790">
     <span class='ocr_line' id='line_1_89' title="bbox 2160 2721 3738 2790; baseline 0.003 -15"><span class='ocrx_word' id='word_1_646' title='bbox 2160 2721 2334 2776; x_wconf 80' lang='lat' dir='ltr'><strong>verbis</strong></span> <span class='ocrx_word' id='word_1_647' title='bbox 2361 2722 2471 2776; x_wconf 88' lang='lat' dir='ltr'><strong>suis</strong></span> <span class='ocrx_word' id='word_1_648' title='bbox 2500 2723 2629 2776; x_wconf 90' lang='lat' dir='ltr'><strong>satis</strong></span> <span class='ocrx_word' id='word_1_649' title='bbox 2667 2724 2874 2779; x_wconf 87' lang='lat' dir='ltr'><strong>videtur</strong></span> <span class='ocrx_word' id='word_1_650' title='bbox 2903 2723 3213 2790; x_wconf 86' lang='lat' dir='ltr'><strong>ostendere,</strong></span> <span class='ocrx_word' id='word_1_651' title='bbox 3244 2724 3332 2778; x_wconf 89' lang='lat' dir='ltr'><strong>ubi</strong></span> <span class='ocrx_word' id='word_1_652' title='bbox 3362 2726 3464 2790; x_wconf 86' lang='lat' dir='ltr'><strong>ait,</strong></span> <span class='ocrx_word' id='word_1_653' title='bbox 3501 2724 3612 2778; x_wconf 81' lang='lat' dir='ltr'><strong>Heu</strong></span> <span class='ocrx_word' id='word_1_654' title='bbox 3638 2741 3738 2789; x_wconf 85' lang='lat' dir='ltr'><strong>me,</strong></span> 
     </span>
    </p>
   </div>
   <div class='ocr_carea' id='block_1_89' title="bbox 2161 2813 3742 2886">
    <p class='ocr_par' dir='ltr' id='par_1_89' title="bbox 2161 2813 3742 2886">
     <span class='ocr_line' id='line_1_90' title="bbox 2161 2813 3742 2886; baseline 0.004 -22"><span class='ocrx_word' id='word_1_655' title='bbox 2161 2814 2268 2880; x_wconf 76' lang='lat' dir='ltr'><strong>ﬁlia</strong></span> <span class='ocrx_word' id='word_1_656' title='bbox 2297 2828 2422 2878; x_wconf 81' lang='lat' dir='ltr'><strong>mea,</strong></span> <span class='ocrx_word' id='word_1_657' title='bbox 2448 2813 2700 2882; x_wconf 79' lang='lat' dir='ltr'><strong>impediin</strong></span> <span class='ocrx_word' id='word_1_658' title='bbox 2723 2831 2830 2878; x_wconf 85' lang='lat' dir='ltr'><strong>me;</strong></span> <span class='ocrx_word' id='word_1_659' title='bbox 2858 2815 2910 2867; x_wconf 86' lang='lat' dir='ltr'><strong>in</strong></span> <span class='ocrx_word' id='word_1_660' title='bbox 2931 2813 3294 2881; x_wconf 74' lang='lat' dir='ltr'><strong>o/fendiculum</strong></span> <span class='ocrx_word' id='word_1_661' title='bbox 3320 2820 3454 2886; x_wconf 80' lang='lat' dir='ltr'><strong>facta</strong></span> <span class='ocrx_word' id='word_1_662' title='bbox 3474 2833 3525 2870; x_wconf 84' lang='lat' dir='ltr'><strong>es</strong></span> <span class='ocrx_word' id='word_1_663' title='bbox 3546 2817 3598 2870; x_wconf 83' lang='lat' dir='ltr'><strong>in</strong></span> <span class='ocrx_word' id='word_1_664' title='bbox 3619 2833 3742 2870; x_wconf 81' lang='lat' dir='ltr'><strong>ocu-</strong></span> 
     </span>
    </p>
   </div>
   <div class='ocr_carea' id='block_1_90' title="bbox 2161 2904 3741 2968">
    <p class='ocr_par' dir='ltr' id='par_1_90' title="bbox 2161 2904 3741 2968">
     <span class='ocr_line' id='line_1_91' title="bbox 2161 2904 3741 2968; baseline 0.003 -12"><span class='ocrx_word' id='word_1_665' title='bbox 2161 2905 2222 2957; x_wconf 89' lang='lat' dir='ltr'><strong>lis</strong></span> <span class='ocrx_word' id='word_1_666' title='bbox 2253 2905 2409 2968; x_wconf 85' lang='lat' dir='ltr'><strong>meis;</strong></span> <span class='ocrx_word' id='word_1_667' title='bbox 2453 2904 2688 2959; x_wconf 90' lang='lat' dir='ltr'><strong>discissis</strong></span> <span class='ocrx_word' id='word_1_668' title='bbox 2729 2905 2888 2960; x_wconf 88' lang='lat' dir='ltr'><strong>etiam</strong></span> <span class='ocrx_word' id='word_1_669' title='bbox 2916 2907 3248 2962; x_wconf 89' lang='lat' dir='ltr'><strong>vestimentis</strong></span> <span class='ocrx_word' id='word_1_670' title='bbox 3284 2908 3416 2962; x_wconf 90' lang='lat' dir='ltr'><strong>suis.</strong></span> <span class='ocrx_word' id='word_1_671' title='bbox 3459 2907 3741 2964; x_wconf 85' lang='lat' dir='ltr'><strong>Verumta-</strong></span> 
     </span>
    </p>
   </div>
   <div class='ocr_carea' id='block_1_91' title="bbox 2163 2995 3738 3068">
    <p class='ocr_par' dir='ltr' id='par_1_91' title="bbox 2163 2995 3738 3068">
     <span class='ocr_line' id='line_1_92' title="bbox 2163 2995 3738 3068; baseline 0.003 -19"><span class='ocrx_word' id='word_1_672' title='bbox 2163 3011 2281 3050; x_wconf 90' lang='lat' dir='ltr'><strong>men</strong></span> <span class='ocrx_word' id='word_1_673' title='bbox 2307 2997 2462 3050; x_wconf 89' lang='lat' dir='ltr'><strong>etiam</strong></span> <span class='ocrx_word' id='word_1_674' title='bbox 2493 2995 2578 3050; x_wconf 91' lang='lat' dir='ltr'><strong>hic</strong></span> <span class='ocrx_word' id='word_1_675' title='bbox 2605 2996 2718 3066; x_wconf 89' lang='lat' dir='ltr'><strong>ejus</strong></span> <span class='ocrx_word' id='word_1_676' title='bbox 2742 3012 2892 3051; x_wconf 90' lang='lat' dir='ltr'><strong>error</strong></span> <span class='ocrx_word' id='word_1_677' title='bbox 2917 2998 3077 3053; x_wconf 90' lang='lat' dir='ltr'><strong>habet</strong></span> <span class='ocrx_word' id='word_1_678' title='bbox 3102 2999 3330 3068; x_wconf 87' lang='lat' dir='ltr'><strong>aliquam</strong></span> <span class='ocrx_word' id='word_1_679' title='bbox 3357 2998 3564 3054; x_wconf 89' lang='lat' dir='ltr'><strong>laudem</strong></span> <span class='ocrx_word' id='word_1_680' title='bbox 3593 2998 3738 3066; x_wconf 85' lang='lat' dir='ltr'><strong>fidei,</strong></span> 
     </span>
    </p>
   </div>
   <div class='ocr_carea' id='block_1_92' title="bbox 2159 3088 3744 3160">
    <p class='ocr_par' dir='ltr' id='par_1_92' title="bbox 2159 3088 3744 3160">
     <span class='ocr_line' id='line_1_93' title="bbox 2159 3088 3744 3160; baseline 0.003 -20"><span class='ocrx_word' id='word_1_681' title='bbox 2159 3103 2260 3158; x_wconf 86' lang='lat' dir='ltr'><strong>qua</strong></span> <span class='ocrx_word' id='word_1_682' title='bbox 2295 3088 2457 3142; x_wconf 89' lang='lat' dir='ltr'><strong>Deum</strong></span> <span class='ocrx_word' id='word_1_683' title='bbox 2489 3089 2692 3155; x_wconf 89' lang='lat' dir='ltr'><strong>timuit,</strong></span> <span class='ocrx_word' id='word_1_684' title='bbox 2725 3098 2780 3143; x_wconf 91' lang='lat' dir='ltr'><strong>ut</strong></span> <span class='ocrx_word' id='word_1_685' title='bbox 2817 3089 2959 3160; x_wconf 88' lang='lat' dir='ltr'><strong>quod</strong></span> <span class='ocrx_word' id='word_1_686' title='bbox 2985 3098 3202 3144; x_wconf 90' lang='lat' dir='ltr'><strong>voverat</strong></span> <span class='ocrx_word' id='word_1_687' title='bbox 3226 3089 3505 3156; x_wconf 87' lang='lat' dir='ltr'><strong>redderet,</strong></span> <span class='ocrx_word' id='word_1_688' title='bbox 3539 3104 3637 3144; x_wconf 91' lang='lat' dir='ltr'><strong>nec</strong></span> <span class='ocrx_word' id='word_1_689' title='bbox 3661 3090 3744 3144; x_wconf 87' lang='lat' dir='ltr'><strong>di-</strong></span> 
     </span>
    </p>
   </div>
   <div class='ocr_carea' id='block_1_93' title="bbox 2164 3177 3743 3250">
    <p class='ocr_par' dir='ltr' id='par_1_93' title="bbox 2164 3177 3743 3250">
     <span class='ocr_line' id='line_1_94' title="bbox 2164 3177 3743 3250; baseline 0.003 -21"><span class='ocrx_word' id='word_1_690' title='bbox 2164 3177 2268 3232; x_wconf 84' lang='lat' dir='ltr'><strong>\iui</strong></span> <span class='ocrx_word' id='word_1_691' title='bbox 2299 3178 2349 3231; x_wconf 94' lang='lat' dir='ltr'><strong>in</strong></span> <span class='ocrx_word' id='word_1_692' title='bbox 2387 3192 2446 3232; x_wconf 92' lang='lat' dir='ltr'><strong>se</strong></span> <span class='ocrx_word' id='word_1_693' title='bbox 2467 3178 2650 3249; x_wconf 88' lang='lat' dir='ltr'><strong>judicii</strong></span> <span class='ocrx_word' id='word_1_694' title='bbox 2679 3181 2995 3235; x_wconf 87' lang='lat' dir='ltr'><strong>sententiam</strong></span> <span class='ocrx_word' id='word_1_695' title='bbox 3023 3179 3334 3246; x_wconf 90' lang='lat' dir='ltr'><strong>declinavit;</strong></span> <span class='ocrx_word' id='word_1_696' title='bbox 3380 3181 3492 3236; x_wconf 89' lang='lat' dir='ltr'><strong>sive</strong></span> <span class='ocrx_word' id='word_1_697' title='bbox 3520 3195 3743 3250; x_wconf 87' lang='lat' dir='ltr'><strong>sperans</strong></span> 
     </span>
    </p>
   </div>
   <div class='ocr_carea' id='block_1_94' title="bbox 2164 3270 3742 3344">
    <p class='ocr_par' dir='ltr' id='par_1_94' title="bbox 2164 3270 3742 3344">
     <span class='ocr_line' id='line_1_95' title="bbox 2164 3270 3742 3344; baseline 0.003 -21"><span class='ocrx_word' id='word_1_698' title='bbox 2164 3270 2327 3325; x_wconf 91' lang='lat' dir='ltr'><strong>Deum</strong></span> <span class='ocrx_word' id='word_1_699' title='bbox 2351 3271 2757 3340; x_wconf 86' lang='lat' dir='ltr'><strong>prohibiturum,</strong></span> <span class='ocrx_word' id='word_1_700' title='bbox 2787 3273 2921 3327; x_wconf 90' lang='lat' dir='ltr'><strong>sicut</strong></span> <span class='ocrx_word' id='word_1_701' title='bbox 2949 3272 3072 3328; x_wconf 89' lang='lat' dir='ltr'><strong>fecit</strong></span> <span class='ocrx_word' id='word_1_702' title='bbox 3097 3272 3344 3340; x_wconf 65' lang='lat' dir='ltr'><strong>Abrahae,</strong></span> <span class='ocrx_word' id='word_1_703' title='bbox 3375 3274 3486 3329; x_wconf 89' lang='lat' dir='ltr'><strong>sive</strong></span> <span class='ocrx_word' id='word_1_704' title='bbox 3511 3274 3628 3344; x_wconf 90' lang='lat' dir='ltr'><strong>ejus</strong></span> <span class='ocrx_word' id='word_1_705' title='bbox 3651 3288 3742 3328; x_wconf 83' lang='lat' dir='ltr'><strong>vo-</strong></span> 
     </span>
    </p>
   </div>
   <div class='ocr_carea' id='block_1_95' title="bbox 2163 3361 3743 3437">
    <p class='ocr_par' dir='ltr' id='par_1_95' title="bbox 2163 3361 3743 3437">
     <span class='ocr_line' id='line_1_96' title="bbox 2163 3361 3743 3437; baseline 0.005 -23"><span class='ocrx_word' id='word_1_706' title='bbox 2163 3361 2416 3416; x_wconf 87' lang='lat' dir='ltr'><strong>luntatem</strong></span> <span class='ocrx_word' id='word_1_707' title='bbox 2446 3363 2605 3417; x_wconf 90' lang='lat' dir='ltr'><strong>etiam</strong></span> <span class='ocrx_word' id='word_1_708' title='bbox 2629 3379 2734 3418; x_wconf 93' lang='lat' dir='ltr'><strong>non</strong></span> <span class='ocrx_word' id='word_1_709' title='bbox 2755 3363 3086 3434; x_wconf 91' lang='lat' dir='ltr'><strong>prohibentis</strong></span> <span class='ocrx_word' id='word_1_710' title='bbox 3104 3364 3426 3421; x_wconf 87' lang='lat' dir='ltr'><strong>intellectam</strong></span> <span class='ocrx_word' id='word_1_711' title='bbox 3447 3366 3622 3422; x_wconf 88' lang='lat' dir='ltr'><strong>facere</strong></span> <span class='ocrx_word' id='word_1_712' title='bbox 3646 3380 3743 3437; x_wconf 83' lang='lat' dir='ltr'><strong>po—</strong></span> 
     </span>
    </p>
   </div>
   <div class='ocr_carea' id='block_1_96' title="bbox 2165 3454 3103 3522">
    <p class='ocr_par' dir='ltr' id='par_1_96' title="bbox 2165 3454 3103 3522">
     <span class='ocr_line' id='line_1_97' title="bbox 2165 3454 3103 3522; baseline 0.002 -15"><span class='ocrx_word' id='word_1_713' title='bbox 2165 3454 2268 3507; x_wconf 92' lang='lat' dir='ltr'><strong>tius</strong></span> <span class='ocrx_word' id='word_1_714' title='bbox 2293 3468 2449 3522; x_wconf 90' lang='lat' dir='ltr'><strong>quam</strong></span> <span class='ocrx_word' id='word_1_715' title='bbox 2477 3466 2818 3509; x_wconf 90' lang='lat' dir='ltr'><strong>contemnere</strong></span> <span class='ocrx_word' id='word_1_716' title='bbox 2843 3463 3103 3510; x_wconf 91' lang='lat' dir='ltr'><strong>statuens.</strong></span> 
     </span>
    </p>
   </div>
   <div class='ocr_carea' id='block_1_97' title="bbox 2233 3545 3744 3619">
    <p class='ocr_par' dir='ltr' id='par_1_97' title="bbox 2233 3545 3744 3619">
     <span class='ocr_line' id='line_1_98' title="bbox 2233 3545 3744 3619; baseline 0.003 -20"><span class='ocrx_word' id='word_1_717' title='bbox 2233 3546 2540 3615; x_wconf 89' lang='lat' dir='ltr'><strong>Quanquam</strong></span> <span class='ocrx_word' id='word_1_718' title='bbox 2584 3555 2637 3600; x_wconf 92' lang='lat' dir='ltr'><strong>et</strong></span> <span class='ocrx_word' id='word_1_719' title='bbox 2679 3545 2766 3601; x_wconf 89' lang='lat' dir='ltr'><strong>hic</strong></span> <span class='ocrx_word' id='word_1_720' title='bbox 2807 3547 2999 3602; x_wconf 90' lang='lat' dir='ltr'><strong>merito</strong></span> <span class='ocrx_word' id='word_1_721' title='bbox 3038 3548 3202 3618; x_wconf 66' lang='lat' dir='ltr'><strong>quaeri</strong></span> <span class='ocrx_word' id='word_1_722' title='bbox 3250 3557 3423 3619; x_wconf 89' lang='lat' dir='ltr'><strong>potest</strong></span> <span class='ocrx_word' id='word_1_723' title='bbox 3449 3557 3623 3604; x_wconf 93' lang='lat' dir='ltr'><strong>utrum</strong></span> <span class='ocrx_word' id='word_1_724' title='bbox 3652 3563 3744 3604; x_wconf 83' lang='lat' dir='ltr'><strong>ve-</strong></span> 
     </span>
    </p>
   </div>
   <div class='ocr_carea' id='block_1_98' title="bbox 2165 3636 3744 3711">
    <p class='ocr_par' dir='ltr' id='par_1_98' title="bbox 2165 3636 3744 3711">
     <span class='ocr_line' id='line_1_99' title="bbox 2165 3636 3744 3711; baseline 0.003 -21"><span class='ocrx_word' id='word_1_725' title='bbox 2165 3636 2274 3691; x_wconf 89' lang='lat' dir='ltr'><strong>rius</strong></span> <span class='ocrx_word' id='word_1_726' title='bbox 2318 3636 2628 3706; x_wconf 83' lang='lat' dir='ltr'><strong>intelligitur</strong></span> <span class='ocrx_word' id='word_1_727' title='bbox 2657 3637 2756 3692; x_wconf 89' lang='lat' dir='ltr'><strong>hoc</strong></span> <span class='ocrx_word' id='word_1_728' title='bbox 2784 3638 2950 3692; x_wconf 91' lang='lat' dir='ltr'><strong>Deum</strong></span> <span class='ocrx_word' id='word_1_729' title='bbox 2995 3639 3134 3694; x_wconf 92' lang='lat' dir='ltr'><strong>nolle</strong></span> <span class='ocrx_word' id='word_1_730' title='bbox 3160 3640 3308 3708; x_wconf 90' lang='lat' dir='ltr'><strong>fieri,</strong></span> <span class='ocrx_word' id='word_1_731' title='bbox 3358 3649 3410 3695; x_wconf 92' lang='lat' dir='ltr'><strong>et</strong></span> <span class='ocrx_word' id='word_1_732' title='bbox 3450 3641 3599 3695; x_wconf 91' lang='lat' dir='ltr'><strong>ineo</strong></span> <span class='ocrx_word' id='word_1_733' title='bbox 3641 3655 3744 3711; x_wconf 90' lang='lat' dir='ltr'><strong>po-</strong></span> 
     </span>
    </p>
   </div>
   <div class='ocr_carea' id='block_1_99' title="bbox 2167 3728 3744 3802">
    <p class='ocr_par' dir='ltr' id='par_1_99' title="bbox 2167 3728 3744 3802">
     <span class='ocr_line' id='line_1_100' title="bbox 2167 3728 3744 3802; baseline 0.004 -21"><span class='ocrx_word' id='word_1_734' title='bbox 2167 3729 2268 3782; x_wconf 92' lang='lat' dir='ltr'><strong>tius</strong></span> <span class='ocrx_word' id='word_1_735' title='bbox 2311 3728 2452 3794; x_wconf 90' lang='lat' dir='ltr'><strong>Deo,</strong></span> <span class='ocrx_word' id='word_1_736' title='bbox 2500 3729 2544 3783; x_wconf 89' lang='lat' dir='ltr'><strong>si</strong></span> <span class='ocrx_word' id='word_1_737' title='bbox 2593 3745 2700 3783; x_wconf 90' lang='lat' dir='ltr'><strong>non</strong></span> <span class='ocrx_word' id='word_1_738' title='bbox 2743 3729 2931 3796; x_wconf 88' lang='lat' dir='ltr'><strong>fieret,</strong></span> <span class='ocrx_word' id='word_1_739' title='bbox 2987 3729 3312 3797; x_wconf 90' lang='lat' dir='ltr'><strong>obediretur,</strong></span> <span class='ocrx_word' id='word_1_740' title='bbox 3361 3733 3608 3802; x_wconf 89' lang='lat' dir='ltr'><strong>quoniam</strong></span> <span class='ocrx_word' id='word_1_741' title='bbox 3641 3733 3744 3788; x_wconf 91' lang='lat' dir='ltr'><strong>hoc</strong></span> 
     </span>
    </p>
   </div>
   <div class='ocr_carea' id='block_1_100' title="bbox 2165 3819 3742 3894">
    <p class='ocr_par' dir='ltr' id='par_1_100' title="bbox 2165 3819 3742 3894">
     <span class='ocr_line' id='line_1_101' title="bbox 2165 3819 3742 3894; baseline 0.005 -23"><span class='ocrx_word' id='word_1_742' title='bbox 2165 3833 2222 3873; x_wconf 91' lang='lat' dir='ltr'><strong>se</strong></span> <span class='ocrx_word' id='word_1_743' title='bbox 2269 3819 2406 3873; x_wconf 91' lang='lat' dir='ltr'><strong>nolle</strong></span> <span class='ocrx_word' id='word_1_744' title='bbox 2434 3827 2489 3874; x_wconf 92' lang='lat' dir='ltr'><strong>et</strong></span> <span class='ocrx_word' id='word_1_745' title='bbox 2533 3819 2586 3874; x_wconf 92' lang='lat' dir='ltr'><strong>in</strong></span> <span class='ocrx_word' id='word_1_746' title='bbox 2616 3819 2845 3875; x_wconf 73' lang='lat' dir='ltr'><strong>Abrahre</strong></span> <span class='ocrx_word' id='word_1_747' title='bbox 2887 3821 2996 3876; x_wconf 85' lang='lat' dir='ltr'><strong>filio</strong></span> <span class='ocrx_word' id='word_1_748' title='bbox 3035 3830 3089 3877; x_wconf 91' lang='lat' dir='ltr'><strong>et</strong></span> <span class='ocrx_word' id='word_1_749' title='bbox 3139 3823 3188 3876; x_wconf 91' lang='lat' dir='ltr'><strong>in</strong></span> <span class='ocrx_word' id='word_1_750' title='bbox 3232 3823 3463 3894; x_wconf 89' lang='lat' dir='ltr'><strong>legitima</strong></span> <span class='ocrx_word' id='word_1_751' title='bbox 3505 3823 3742 3893; x_wconf 89' lang='lat' dir='ltr'><strong>prohibi-</strong></span> 
     </span>
    </p>
   </div>
   <div class='ocr_carea' id='block_1_101' title="bbox 2167 3912 3746 3986">
    <p class='ocr_par' dir='ltr' id='par_1_101' title="bbox 2167 3912 3746 3986">
     <span class='ocr_line' id='line_1_102' title="bbox 2167 3912 3746 3986; baseline 0.004 -22"><span class='ocrx_word' id='word_1_752' title='bbox 2167 3912 2306 3965; x_wconf 91' lang='lat' dir='ltr'><strong>tione</strong></span> <span class='ocrx_word' id='word_1_753' title='bbox 2332 3919 2734 3966; x_wconf 84' lang='lat' dir='ltr'><strong>monstraverat.</strong></span> <span class='ocrx_word' id='word_1_754' title='bbox 2771 3913 3144 3970; x_wconf 83' lang='lat' dir='ltr'><strong>Verumtamen</strong></span> <span class='ocrx_word' id='word_1_755' title='bbox 3171 3916 3212 3970; x_wconf 91' lang='lat' dir='ltr'><strong>si</strong></span> <span class='ocrx_word' id='word_1_756' title='bbox 3241 3925 3524 3986; x_wconf 89' lang='lat' dir='ltr'><strong>propterea</strong></span> <span class='ocrx_word' id='word_1_757' title='bbox 3552 3915 3746 3986; x_wconf 87' lang='lat' dir='ltr'><strong>Jephte</strong></span> 
     </span>
    </p>
   </div>
   <div class='ocr_carea' id='block_1_102' title="bbox 2166 4001 3745 4078">
    <p class='ocr_par' dir='ltr' id='par_1_102' title="bbox 2166 4001 3745 4078">
     <span class='ocr_line' id='line_1_103' title="bbox 2166 4001 3745 4078; baseline 0.004 -24"><span class='ocrx_word' id='word_1_758' title='bbox 2166 4017 2270 4056; x_wconf 93' lang='lat' dir='ltr'><strong>non</strong></span> <span class='ocrx_word' id='word_1_759' title='bbox 2300 4001 2516 4070; x_wconf 85' lang='lat' dir='ltr'><strong>faceret,</strong></span> <span class='ocrx_word' id='word_1_760' title='bbox 2544 4003 2641 4057; x_wconf 90' lang='lat' dir='ltr'><strong>sibi</strong></span> <span class='ocrx_word' id='word_1_761' title='bbox 2665 4005 2838 4074; x_wconf 90' lang='lat' dir='ltr'><strong>potius</strong></span> <span class='ocrx_word' id='word_1_762' title='bbox 2863 4007 2914 4060; x_wconf 91' lang='lat' dir='ltr'><strong>in</strong></span> <span class='ocrx_word' id='word_1_763' title='bbox 2939 4007 3091 4060; x_wconf 90' lang='lat' dir='ltr'><strong>unica</strong></span> <span class='ocrx_word' id='word_1_764' title='bbox 3121 4008 3438 4078; x_wconf 81' lang='lat' dir='ltr'><strong>pepercisse,</strong></span> <span class='ocrx_word' id='word_1_765' title='bbox 3462 4023 3618 4078; x_wconf 90' lang='lat' dir='ltr'><strong>quam</strong></span> <span class='ocrx_word' id='word_1_766' title='bbox 3649 4009 3745 4062; x_wconf 89' lang='lat' dir='ltr'><strong>Dei</strong></span> 
     </span>
    </p>
   </div>
   <div class='ocr_carea' id='block_1_103' title="bbox 2166 4093 3744 4169">
    <p class='ocr_par' dir='ltr' id='par_1_103' title="bbox 2166 4093 3744 4169">
     <span class='ocr_line' id='line_1_104' title="bbox 2166 4093 3744 4169; baseline 0.004 -23"><span class='ocrx_word' id='word_1_767' title='bbox 2166 4093 2486 4148; x_wconf 89' lang='lat' dir='ltr'><strong>voluntatem</strong></span> <span class='ocrx_word' id='word_1_768' title='bbox 2517 4105 2730 4150; x_wconf 89' lang='lat' dir='ltr'><strong>secutus</strong></span> <span class='ocrx_word' id='word_1_769' title='bbox 2759 4111 2878 4152; x_wconf 92' lang='lat' dir='ltr'><strong>esse</strong></span> <span class='ocrx_word' id='word_1_770' title='bbox 2904 4096 3190 4152; x_wconf 88' lang='lat' dir='ltr'><strong>videretur.</strong></span> <span class='ocrx_word' id='word_1_771' title='bbox 3229 4097 3391 4168; x_wconf 81' lang='lat' dir='ltr'><strong>Magis</strong></span> <span class='ocrx_word' id='word_1_772' title='bbox 3425 4113 3552 4169; x_wconf 83' lang='lat' dir='ltr'><strong>ergo</strong></span> <span class='ocrx_word' id='word_1_773' title='bbox 3583 4097 3744 4152; x_wconf 90' lang='lat' dir='ltr'><strong>intel-</strong></span> 
     </span>
    </p>
   </div>
   <div class='ocr_carea' id='block_1_104' title="bbox 2166 4185 3742 4262">
    <p class='ocr_par' dir='ltr' id='par_1_104' title="bbox 2166 4185 3742 4262">
     <span class='ocr_line' id='line_1_105' title="bbox 2166 4185 3742 4262; baseline 0.006 -24"><span class='ocrx_word' id='word_1_774' title='bbox 2166 4185 2292 4240; x_wconf 81' lang='lat' dir='ltr'><strong>lexit</strong></span> <span class='ocrx_word' id='word_1_775' title='bbox 2319 4187 2371 4240; x_wconf 93' lang='lat' dir='ltr'><strong>in</strong></span> <span class='ocrx_word' id='word_1_776' title='bbox 2397 4202 2462 4242; x_wconf 92' lang='lat' dir='ltr'><strong>eo</strong></span> <span class='ocrx_word' id='word_1_777' title='bbox 2491 4187 2631 4258; x_wconf 90' lang='lat' dir='ltr'><strong>quod</strong></span> <span class='ocrx_word' id='word_1_778' title='bbox 2655 4188 2706 4244; x_wconf 90' lang='lat' dir='ltr'><strong>ei</strong></span> <span class='ocrx_word' id='word_1_779' title='bbox 2737 4189 2840 4244; x_wconf 91' lang='lat' dir='ltr'><strong>filia</strong></span> <span class='ocrx_word' id='word_1_780' title='bbox 2867 4190 3120 4253; x_wconf 91' lang='lat' dir='ltr'><strong>occurrit,</strong></span> <span class='ocrx_word' id='word_1_781' title='bbox 3172 4190 3395 4246; x_wconf 92' lang='lat' dir='ltr'><strong>ultorem</strong></span> <span class='ocrx_word' id='word_1_782' title='bbox 3426 4192 3624 4258; x_wconf 92' lang='lat' dir='ltr'><strong>Deum,</strong></span> <span class='ocrx_word' id='word_1_783' title='bbox 3651 4192 3742 4262; x_wconf 74' lang='lat' dir='ltr'><strong>ju~</strong></span> 
     </span>
    </p>
   </div>
   <div class='ocr_carea' id='block_1_105' title="bbox 2163 4282 3745 4350">
    <p class='ocr_par' dir='ltr' id='par_1_105' title="bbox 2163 4282 3745 4350">
     <span class='ocr_line' id='line_1_106' title="bbox 2163 4282 3745 4350; baseline 0.003 -14"><span class='ocrx_word' id='word_1_784' title='bbox 2163 4288 2366 4350; x_wconf 72' lang='lat' dir='ltr'><strong>stmque</strong></span> <span class='ocrx_word' id='word_1_785' title='bbox 2393 4295 2564 4350; x_wconf 67' lang='lat' dir='ltr'><strong>pinnae</strong></span> <span class='ocrx_word' id='word_1_786' title='bbox 2591 4297 2650 4337; x_wconf 88' lang='lat' dir='ltr'><strong>se</strong></span> <span class='ocrx_word' id='word_1_787' title='bbox 2678 4282 2902 4337; x_wconf 84' lang='lat' dir='ltr'><strong>fideliter</strong></span> <span class='ocrx_word' id='word_1_788' title='bbox 2925 4283 3183 4348; x_wconf 90' lang='lat' dir='ltr'><strong>subdidit,</strong></span> <span class='ocrx_word' id='word_1_789' title='bbox 3231 4284 3422 4338; x_wconf 85' lang='lat' dir='ltr'><strong>timens</strong></span> <span class='ocrx_word' id='word_1_790' title='bbox 3465 4285 3745 4340; x_wconf 65' lang='lat' dir='ltr'><strong>suaviorem</strong></span> 
     </span>
    </p>
   </div>
   <div class='ocr_carea' id='block_1_106' title="bbox 2166 4373 3745 4444">
    <p class='ocr_par' dir='ltr' id='par_1_106' title="bbox 2166 4373 3745 4444">
     <span class='ocr_line' id='line_1_107' title="bbox 2166 4373 3745 4444; baseline 0.004 -18"><span class='ocrx_word' id='word_1_791' title='bbox 2166 4381 2412 4444; x_wconf 83' lang='lat' dir='ltr'><strong>tanquam</strong></span> <span class='ocrx_word' id='word_1_792' title='bbox 2441 4373 2509 4428; x_wconf 92' lang='lat' dir='ltr'><strong>de</strong></span> <span class='ocrx_word' id='word_1_793' title='bbox 2535 4375 2967 4444; x_wconf 76' lang='lat' dir='ltr'><strong>tergiversatione</strong></span> <span class='ocrx_word' id='word_1_794' title='bbox 2988 4376 3293 4432; x_wconf 88' lang='lat' dir='ltr'><strong>vindictam.</strong></span> <span class='ocrx_word' id='word_1_795' title='bbox 3316 4377 3582 4433; x_wconf 89' lang='lat' dir='ltr'><strong>Credebat</strong></span> <span class='ocrx_word' id='word_1_796' title='bbox 3600 4378 3745 4434; x_wconf 89' lang='lat' dir='ltr'><strong>enim</strong></span> 
     </span>
    </p>
   </div>
   <div class='ocr_carea' id='block_1_107' title="bbox 2163 4463 3745 4539">
    <p class='ocr_par' dir='ltr' id='par_1_107' title="bbox 2163 4463 3745 4539">
     <span class='ocr_line' id='line_1_108' title="bbox 2163 4463 3745 4539; baseline 0.004 -22"><span class='ocrx_word' id='word_1_797' title='bbox 2163 4463 2322 4518; x_wconf 91' lang='lat' dir='ltr'><strong>etiam</strong></span> <span class='ocrx_word' id='word_1_798' title='bbox 2352 4464 2506 4519; x_wconf 80' lang='lat' dir='ltr'><strong>bona:</strong></span> <span class='ocrx_word' id='word_1_799' title='bbox 2526 4475 2578 4521; x_wconf 90' lang='lat' dir='ltr'><strong>et</strong></span> <span class='ocrx_word' id='word_1_800' title='bbox 2603 4467 2820 4536; x_wconf 81' lang='lat' dir='ltr'><strong>virginis</strong></span> <span class='ocrx_word' id='word_1_801' title='bbox 2843 4468 3070 4521; x_wconf 86' lang='lat' dir='ltr'><strong>animam</strong></span> <span class='ocrx_word' id='word_1_802' title='bbox 3093 4467 3210 4522; x_wconf 62' lang='lat' dir='ltr'><strong>filiae</strong></span> <span class='ocrx_word' id='word_1_803' title='bbox 3235 4468 3372 4523; x_wconf 88' lang='lat' dir='ltr'><strong>bene</strong></span> <span class='ocrx_word' id='word_1_804' title='bbox 3392 4469 3577 4539; x_wconf 89' lang='lat' dir='ltr'><strong>recipi,</strong></span> <span class='ocrx_word' id='word_1_805' title='bbox 3602 4469 3745 4539; x_wconf 92' lang='lat' dir='ltr'><strong>quod</strong></span> 
     </span>
    </p>
   </div>
   <div class='ocr_carea' id='block_1_108' title="bbox 2167 4558 3743 4628">
    <p class='ocr_par' dir='ltr' id='par_1_108' title="bbox 2167 4558 3743 4628">
     <span class='ocr_line' id='line_1_109' title="bbox 2167 4558 3743 4628; baseline 0.002 -17"><span class='ocrx_word' id='word_1_806' title='bbox 2167 4572 2269 4612; x_wconf 92' lang='lat' dir='ltr'><strong>non</strong></span> <span class='ocrx_word' id='word_1_807' title='bbox 2299 4558 2471 4628; x_wconf 89' lang='lat' dir='ltr'><strong>seipsa</strong></span> <span class='ocrx_word' id='word_1_808' title='bbox 2500 4567 2720 4614; x_wconf 88' lang='lat' dir='ltr'><strong>voverat</strong></span> <span class='ocrx_word' id='word_1_809' title='bbox 2762 4559 3166 4626; x_wconf 78' lang='lat' dir='ltr'><strong>immolandum,</strong></span> <span class='ocrx_word' id='word_1_810' title='bbox 3195 4559 3290 4615; x_wconf 87' lang='lat' dir='ltr'><strong>sed</strong></span> <span class='ocrx_word' id='word_1_811' title='bbox 3321 4569 3444 4615; x_wconf 90' lang='lat' dir='ltr'><strong>voto</strong></span> <span class='ocrx_word' id='word_1_812' title='bbox 3468 4568 3522 4615; x_wconf 92' lang='lat' dir='ltr'><strong>et</strong></span> <span class='ocrx_word' id='word_1_813' title='bbox 3548 4561 3743 4616; x_wconf 83' lang='lat' dir='ltr'><strong>volun-</strong></span> 
     </span>
    </p>
   </div>
   <div class='ocr_carea' id='block_1_109' title="bbox 2168 4649 3744 4721">
    <p class='ocr_par' dir='ltr' id='par_1_109' title="bbox 2168 4649 3744 4721">
     <span class='ocr_line' id='line_1_110' title="bbox 2168 4649 3744 4721; baseline 0.002 -18"><span class='ocrx_word' id='word_1_814' title='bbox 2168 4649 2259 4703; x_wconf 90' lang='lat' dir='ltr'><strong>tati</strong></span> <span class='ocrx_word' id='word_1_815' title='bbox 2291 4664 2392 4703; x_wconf 90' lang='lat' dir='ltr'><strong>non</strong></span> <span class='ocrx_word' id='word_1_816' title='bbox 2433 4649 2697 4704; x_wconf 85' lang='lat' dir='ltr'><strong>restiterat</strong></span> <span class='ocrx_word' id='word_1_817' title='bbox 2725 4649 2922 4719; x_wconf 89' lang='lat' dir='ltr'><strong>patris,</strong></span> <span class='ocrx_word' id='word_1_818' title='bbox 2955 4659 3008 4705; x_wconf 90' lang='lat' dir='ltr'><strong>et</strong></span> <span class='ocrx_word' id='word_1_819' title='bbox 3051 4650 3141 4705; x_wconf 90' lang='lat' dir='ltr'><strong>Dei</strong></span> <span class='ocrx_word' id='word_1_820' title='bbox 3182 4651 3350 4705; x_wconf 87' lang='lat' dir='ltr'><strong>fuerat</strong></span> <span class='ocrx_word' id='word_1_821' title='bbox 3377 4660 3558 4706; x_wconf 91' lang='lat' dir='ltr'><strong>secuta</strong></span> <span class='ocrx_word' id='word_1_822' title='bbox 3596 4650 3744 4721; x_wconf 86' lang='lat' dir='ltr'><strong>judi-</strong></span> 
     </span>
    </p>
   </div>
   <div class='ocr_carea' id='block_1_110' title="bbox 2165 4738 3742 4811">
    <p class='ocr_par' dir='ltr' id='par_1_110' title="bbox 2165 4738 3742 4811">
     <span class='ocr_line' id='line_1_111' title="bbox 2165 4738 3742 4811; baseline 0.002 -19"><span class='ocrx_word' id='word_1_823' title='bbox 2165 4739 2325 4792; x_wconf 91' lang='lat' dir='ltr'><strong>cium.</strong></span> <span class='ocrx_word' id='word_1_824' title='bbox 2356 4738 2497 4793; x_wconf 86' lang='lat' dir='ltr'><strong>Mors</strong></span> <span class='ocrx_word' id='word_1_825' title='bbox 2523 4739 2665 4794; x_wconf 91' lang='lat' dir='ltr'><strong>enim</strong></span> <span class='ocrx_word' id='word_1_826' title='bbox 2695 4740 2830 4794; x_wconf 82' lang='lat' dir='ltr'><strong>sicut</strong></span> <span class='ocrx_word' id='word_1_827' title='bbox 2873 4755 2970 4795; x_wconf 92' lang='lat' dir='ltr'><strong>nec</strong></span> <span class='ocrx_word' id='word_1_828' title='bbox 3011 4741 3111 4795; x_wconf 92' lang='lat' dir='ltr'><strong>sibi</strong></span> <span class='ocrx_word' id='word_1_829' title='bbox 3152 4755 3181 4793; x_wconf 91' lang='lat' dir='ltr'><strong>a</strong></span> <span class='ocrx_word' id='word_1_830' title='bbox 3211 4755 3477 4810; x_wconf 87' lang='lat' dir='ltr'><strong>quoquam</strong></span> <span class='ocrx_word' id='word_1_831' title='bbox 3519 4748 3742 4811; x_wconf 90' lang='lat' dir='ltr'><strong>sponte-</strong></span> 
     </span>
    </p>
   </div>
   <div class='ocr_carea' id='block_1_111' title="bbox 2166 4828 3748 4900">
    <p class='ocr_par' dir='ltr' id='par_1_111' title="bbox 2166 4828 3748 4900">
     <span class='ocr_line' id='line_1_112' title="bbox 2166 4828 3748 4900; baseline 0.004 -19"><span class='ocrx_word' id='word_1_832' title='bbox 2166 4843 2264 4883; x_wconf 90' lang='lat' dir='ltr'><strong>nec</strong></span> <span class='ocrx_word' id='word_1_833' title='bbox 2290 4828 2535 4898; x_wconf 88' lang='lat' dir='ltr'><strong>cuiquam</strong></span> <span class='ocrx_word' id='word_1_834' title='bbox 2577 4838 2766 4900; x_wconf 89' lang='lat' dir='ltr'><strong>sponte</strong></span> <span class='ocrx_word' id='word_1_835' title='bbox 2804 4829 3076 4884; x_wconf 89' lang='lat' dir='ltr'><strong>inferenda</strong></span> <span class='ocrx_word' id='word_1_836' title='bbox 3113 4841 3227 4897; x_wconf 89' lang='lat' dir='ltr'><strong>est;</strong></span> <span class='ocrx_word' id='word_1_837' title='bbox 3259 4830 3331 4884; x_wconf 90' lang='lat' dir='ltr'><strong>ita</strong></span> <span class='ocrx_word' id='word_1_838' title='bbox 3375 4831 3484 4885; x_wconf 88' lang='lat' dir='ltr'><strong>Deo</strong></span> <span class='ocrx_word' id='word_1_839' title='bbox 3525 4830 3748 4900; x_wconf 84' lang='lat' dir='ltr'><strong>jubente</strong></span> 
     </span>
    </p>
   </div>
   <div class='ocr_carea' id='block_1_112' title="bbox 2167 4919 3749 4992">
    <p class='ocr_par' dir='ltr' id='par_1_112' title="bbox 2167 4919 3749 4992">
     <span class='ocr_line' id='line_1_113' title="bbox 2167 4919 3749 4992; baseline 0.002 -19"><span class='ocrx_word' id='word_1_840' title='bbox 2167 4919 2454 4974; x_wconf 90' lang='lat' dir='ltr'><strong>recusanda</strong></span> <span class='ocrx_word' id='word_1_841' title='bbox 2500 4937 2606 4976; x_wconf 92' lang='lat' dir='ltr'><strong>non</strong></span> <span class='ocrx_word' id='word_1_842' title='bbox 2645 4930 2760 4988; x_wconf 90' lang='lat' dir='ltr'><strong>est,</strong></span> <span class='ocrx_word' id='word_1_843' title='bbox 2802 4923 2953 4991; x_wconf 92' lang='lat' dir='ltr'><strong>cujus</strong></span> <span class='ocrx_word' id='word_1_844' title='bbox 2995 4921 3372 4977; x_wconf 86' lang='lat' dir='ltr'><strong>constitutione</strong></span> <span class='ocrx_word' id='word_1_845' title='bbox 3412 4937 3749 4992; x_wconf 85' lang='lat' dir='ltr'><strong>quocumque</strong></span> 
     </span>
    </p>
   </div>
   <div class='ocr_carea' id='block_1_113' title="bbox 2167 5009 3748 5082">
    <p class='ocr_par' dir='ltr' id='par_1_113' title="bbox 2167 5009 3748 5082">
     <span class='ocr_line' id='line_1_114' title="bbox 2167 5009 3748 5082; baseline 0.003 -21"><span class='ocrx_word' id='word_1_846' title='bbox 2167 5009 2420 5077; x_wconf 89' lang='lat' dir='ltr'><strong>temporis</strong></span> <span class='ocrx_word' id='word_1_847' title='bbox 2442 5009 2687 5065; x_wconf 89' lang='lat' dir='ltr'><strong>obeunda</strong></span> <span class='ocrx_word' id='word_1_848' title='bbox 2715 5019 2794 5065; x_wconf 92' lang='lat' dir='ltr'><strong>est</strong></span> <span class='ocrx_word' id='word_1_849' title='bbox 2817 5030 2830 5065; x_wconf 90' lang='lat'><strong>:</strong></span> <span class='ocrx_word' id='word_1_850' title='bbox 2862 5025 2959 5066; x_wconf 89' lang='lat' dir='ltr'><strong>nec</strong></span> <span class='ocrx_word' id='word_1_851' title='bbox 2983 5011 3260 5082; x_wconf 91' lang='lat' dir='ltr'><strong>quisquam</strong></span> <span class='ocrx_word' id='word_1_852' title='bbox 3283 5012 3370 5080; x_wconf 90' lang='lat' dir='ltr'><strong>qui</strong></span> <span class='ocrx_word' id='word_1_853' title='bbox 3395 5027 3513 5066; x_wconf 91' lang='lat' dir='ltr'><strong>eam</strong></span> <span class='ocrx_word' id='word_1_854' title='bbox 3542 5010 3748 5081; x_wconf 89' lang='lat' dir='ltr'><strong>perpeti</strong></span> 
     </span>
    </p>
   </div>
   <div class='ocr_carea' id='block_1_114' title="bbox 2165 5099 3747 5170">
    <p class='ocr_par' dir='ltr' id='par_1_114' title="bbox 2165 5099 3747 5170">
     <span class='ocr_line' id='line_1_115' title="bbox 2165 5099 3747 5170; baseline 0.003 -16"><span class='ocrx_word' id='word_1_855' title='bbox 2165 5099 2441 5166; x_wconf 89' lang='lat' dir='ltr'><strong>detrectat,</strong></span> <span class='ocrx_word' id='word_1_856' title='bbox 2475 5109 2534 5156; x_wconf 93' lang='lat' dir='ltr'><strong>ut</strong></span> <span class='ocrx_word' id='word_1_857' title='bbox 2558 5103 2778 5156; x_wconf 91' lang='lat' dir='ltr'><strong>omnino</strong></span> <span class='ocrx_word' id='word_1_858' title='bbox 2797 5103 3045 5170; x_wconf 91' lang='lat' dir='ltr'><strong>evitetur,</strong></span> <span class='ocrx_word' id='word_1_859' title='bbox 3069 5103 3161 5159; x_wconf 92' lang='lat' dir='ltr'><strong>sed</strong></span> <span class='ocrx_word' id='word_1_860' title='bbox 3186 5103 3551 5160; x_wconf 89' lang='lat' dir='ltr'><strong>tantummodo</strong></span> <span class='ocrx_word' id='word_1_861' title='bbox 3563 5113 3628 5158; x_wconf 86' lang='lat' dir='ltr'><strong>ut</strong></span> <span class='ocrx_word' id='word_1_862' title='bbox 3648 5105 3747 5160; x_wconf 85' lang='lat' dir='ltr'><strong>dif-</strong></span> 
     </span>
    </p>
   </div>
   <div class='ocr_carea' id='block_1_115' title="bbox 2166 5191 3749 5262">
    <p class='ocr_par' dir='ltr' id='par_1_115' title="bbox 2166 5191 3749 5262">
     <span class='ocr_line' id='line_1_116' title="bbox 2166 5191 3749 5262; baseline 0.006 -19"><span class='ocrx_word' id='word_1_863' title='bbox 2166 5191 2384 5262; x_wconf 87' lang='lat' dir='ltr'><strong>feratur,</strong></span> <span class='ocrx_word' id='word_1_864' title='bbox 2413 5191 2618 5248; x_wconf 89' lang='lat' dir='ltr'><strong>laborat</strong></span> <span class='ocrx_word' id='word_1_865' title='bbox 2647 5195 2686 5247; x_wconf 75' lang='grc' dir='ltr'><strong>ί.</strong></span> <span class='ocrx_word' id='word_1_866' title='bbox 2734 5195 2859 5250; x_wconf 71' lang='lat' dir='ltr'><strong>[hec</strong></span> <span class='ocrx_word' id='word_1_867' title='bbox 2885 5203 3061 5250; x_wconf 90' lang='lat' dir='ltr'><strong>autem</strong></span> <span class='ocrx_word' id='word_1_868' title='bbox 3090 5195 3461 5252; x_wconf 88' lang='lat' dir='ltr'><strong>festinantibus</strong></span> <span class='ocrx_word' id='word_1_869' title='bbox 3501 5197 3654 5252; x_wconf 89' lang='lat' dir='ltr'><strong>nobis</strong></span> <span class='ocrx_word' id='word_1_870' title='bbox 3679 5196 3749 5253; x_wconf 85' lang='lat' dir='ltr'><strong>de</strong></span> 
     </span>
    </p>
   </div>
   <div class='ocr_carea' id='block_1_116' title="bbox 2167 5283 3748 5361">
    <p class='ocr_par' dir='ltr' id='par_1_116' title="bbox 2167 5283 3748 5361">
     <span class='ocr_line' id='line_1_117' title="bbox 2167 5283 3748 5361; baseline 0.006 -25"><span class='ocrx_word' id='word_1_871' title='bbox 2167 5283 2416 5353; x_wconf 67' lang='lat' dir='ltr'><strong>praedicta</strong></span> <span class='ocrx_word' id='word_1_872' title='bbox 2441 5286 2735 5356; x_wconf 82' lang='lat' dir='ltr'><strong>quaestione</strong></span> <span class='ocrx_word' id='word_1_873' title='bbox 2772 5288 2901 5343; x_wconf 89' lang='lat' dir='ltr'><strong>satis</strong></span> <span class='ocrx_word' id='word_1_874' title='bbox 2928 5303 3046 5344; x_wconf 89' lang='lat' dir='ltr'><strong>esse</strong></span> <span class='ocrx_word' id='word_1_875' title='bbox 3075 5297 3358 5360; x_wconf 86' lang='lat' dir='ltr'><strong>utcumque</strong></span> <span class='ocrx_word' id='word_1_876' title='bbox 3379 5290 3619 5346; x_wconf 89' lang='lat' dir='ltr'><strong>discussa</strong></span> <span class='ocrx_word' id='word_1_877' title='bbox 3647 5305 3748 5361; x_wconf 89' lang='lat' dir='ltr'><strong>pro</strong></span> 
     </span>
    </p>
   </div>
   <div class='ocr_carea' id='block_1_117' title="bbox 2169 5375 2986 5453">
    <p class='ocr_par' dir='ltr' id='par_1_117' title="bbox 2169 5375 2986 5453">
     <span class='ocr_line' id='line_1_118' title="bbox 2169 5375 2986 5453; baseline 0.007 -25"><span class='ocrx_word' id='word_1_878' title='bbox 2169 5375 2266 5430; x_wconf 90' lang='lat' dir='ltr'><strong>hac</strong></span> <span class='ocrx_word' id='word_1_879' title='bbox 2289 5376 2501 5446; x_wconf 91' lang='lat' dir='ltr'><strong>quidem</strong></span> <span class='ocrx_word' id='word_1_880' title='bbox 2523 5387 2672 5448; x_wconf 89' lang='lat' dir='ltr'><strong>parte</strong></span> <span class='ocrx_word' id='word_1_881' title='bbox 2701 5379 2813 5434; x_wconf 88' lang='lat' dir='ltr'><strong>visa</strong></span> <span class='ocrx_word' id='word_1_882' title='bbox 2830 5389 2986 5453; x_wconf 86' lang='lat' dir='ltr'><strong>sunt.</strong></span> 
     </span>
    </p>
   </div>
   <div class='ocr_carea' id='block_1_118' title="bbox 2237 5464 3816 5547">
    <p class='ocr_par' dir='ltr' id='par_1_118' title="bbox 2237 5464 3816 5547">
     <span class='ocr_line' id='line_1_119' title="bbox 2237 5464 3816 5547; baseline 0.008 -28"><span class='ocrx_word' id='word_1_883' title='bbox 2237 5464 2387 5522; x_wconf 90' lang='lat' dir='ltr'><strong>Nunc</strong></span> <span class='ocrx_word' id='word_1_884' title='bbox 2405 5466 2514 5536; x_wconf 87' lang='lat' dir='ltr'><strong>jam</strong></span> <span class='ocrx_word' id='word_1_885' title='bbox 2542 5469 2667 5538; x_wconf 89' lang='lat' dir='ltr'><strong>quid</strong></span> <span class='ocrx_word' id='word_1_886' title='bbox 2697 5468 2926 5539; x_wconf 87' lang='lat' dir='ltr'><strong>Spiritus</strong></span> <span class='ocrx_word' id='word_1_887' title='bbox 2955 5471 3191 5537; x_wconf 90' lang='lat' dir='ltr'><strong>Domini,</strong></span> <span class='ocrx_word' id='word_1_888' title='bbox 3219 5475 3331 5530; x_wconf 88' lang='lat' dir='ltr'><strong>sive</strong></span> <span class='ocrx_word' id='word_1_889' title='bbox 3373 5491 3468 5544; x_wconf 89' lang='lat' dir='ltr'><strong>per</strong></span> <span class='ocrx_word' id='word_1_890' title='bbox 3501 5477 3747 5531; x_wconf 87' lang='lat' dir='ltr'><strong>nescien-</strong></span> <span class='ocrx_word' id='word_1_891' title='bbox 3807 5542 3816 5547; x_wconf 19' lang='lat' dir='ltr'><strong>ﬁ</strong></span> 
     </span>
    </p>
   </div>
   <div class='ocr_carea' id='block_1_119' title="bbox 2169 5555 3720 5635">
    <p class='ocr_par' dir='ltr' id='par_1_119' title="bbox 2169 5555 3720 5635">
     <span class='ocr_line' id='line_1_120' title="bbox 2169 5555 3720 5635; baseline 0.008 -27"><span class='ocrx_word' id='word_1_892' title='bbox 2169 5565 2275 5608; x_wconf 92' lang='lat' dir='ltr'><strong>tem</strong></span> <span class='ocrx_word' id='word_1_893' title='bbox 2306 5555 2496 5627; x_wconf 85' lang='lat' dir='ltr'><strong>Jepltte</strong></span> <span class='ocrx_word' id='word_1_894' title='bbox 2537 5559 2646 5614; x_wconf 88' lang='lat' dir='ltr'><strong>sive</strong></span> <span class='ocrx_word' id='word_1_895' title='bbox 2675 5576 2769 5630; x_wconf 90' lang='lat' dir='ltr'><strong>per</strong></span> <span class='ocrx_word' id='word_1_896' title='bbox 2793 5562 3082 5628; x_wconf 89' lang='lat' dir='ltr'><strong>scientem,</strong></span> <span class='ocrx_word' id='word_1_897' title='bbox 3133 5565 3244 5619; x_wconf 83' lang='lat' dir='ltr'><strong>sive</strong></span> <span class='ocrx_word' id='word_1_898' title='bbox 3278 5581 3369 5634; x_wconf 88' lang='lat' dir='ltr'><strong>per</strong></span> <span class='ocrx_word' id='word_1_899' title='bbox 3394 5567 3510 5634; x_wconf 87' lang='lat' dir='ltr'><strong>ejus</strong></span> <span class='ocrx_word' id='word_1_900' title='bbox 3551 5569 3720 5635; x_wconf 84' lang='lat' dir='ltr'><strong>impru</strong></span> 
     </span>
    </p>
   </div>
   <div class='ocr_carea' id='block_1_120' title="bbox 2231 5695 3748 5763">
    <p class='ocr_par' dir='ltr' id='par_1_120' title="bbox 2231 5695 3748 5763">
     <span class='ocr_line' id='line_1_121' title="bbox 2231 5695 3748 5763; baseline 0.007 -22"><span class='ocrx_word' id='word_1_901' title='bbox 2231 5695 2247 5724; x_wconf 79' lang='grc'>¹</span> <span class='ocrx_word' id='word_1_902' title='bbox 2274 5700 2384 5749; x_wconf 72' lang='lat' dir='ltr'><strong>Quae</strong></span> <span class='ocrx_word' id='word_1_903' title='bbox 2400 5702 2691 5763; x_wconf 78' lang='lat' dir='ltr'><strong>sequuntur,</strong></span> <span class='ocrx_word' id='word_1_904' title='bbox 2720 5696 2930 5763; x_wconf 79' lang='lat' dir='ltr'><strong>scilicet,</strong></span> <span class='ocrx_word' id='word_1_905' title='bbox 2967 5696 3070 5748; x_wconf 68' lang='lat' dir='ltr'><strong>hare</strong></span> <span class='ocrx_word' id='word_1_906' title='bbox 3093 5706 3248 5748; x_wconf 70' lang='lat' dir='ltr'><strong>mrtem</strong></span> <span class='ocrx_word' id='word_1_907' title='bbox 3266 5700 3608 5761; x_wconf 75' lang='lat' dir='ltr'><strong>festinantibus,</strong></span> <span class='ocrx_word' id='word_1_908' title='bbox 3631 5709 3748 5763; x_wconf 59' lang='lat' dir='ltr'><strong>etc,</strong></span> 
     </span>
    </p>
   </div>
   <div class='ocr_carea' id='block_1_121' title="bbox 2171 5755 3668 5818">
    <p class='ocr_par' dir='ltr' id='par_1_121' title="bbox 2171 5755 3668 5818">
     <span class='ocr_line' id='line_1_122' title="bbox 2171 5755 3668 5818; baseline 0.007 -16"><span class='ocrx_word' id='word_1_909' title='bbox 2171 5766 2326 5816; x_wconf 84' lang='lat' dir='ltr'><strong>usque</strong></span> <span class='ocrx_word' id='word_1_910' title='bbox 2355 5755 2412 5804; x_wconf 87' lang='lat' dir='ltr'><strong>ad</strong></span> <span class='ocrx_word' id='word_1_911' title='bbox 2437 5755 2698 5818; x_wconf 66' lang='lat' dir='ltr'><strong>nimcjtnn,</strong></span> <span class='ocrx_word' id='word_1_912' title='bbox 2723 5760 2896 5810; x_wconf 43' lang='lat' dir='ltr'><strong>absunt</strong></span> <span class='ocrx_word' id='word_1_913' title='bbox 2919 5774 2945 5809; x_wconf 86' lang='lat' dir='ltr'><strong>a</strong></span> <span class='ocrx_word' id='word_1_914' title='bbox 2964 5767 3068 5809; x_wconf 76' lang='lat' dir='ltr'><strong>Mss.</strong></span> <span class='ocrx_word' id='word_1_915' title='bbox 3098 5755 3327 5812; x_wconf 55' lang='lat' dir='ltr'><strong>Vaticanis</strong></span> <span class='ocrx_word' id='word_1_916' title='bbox 3353 5771 3399 5812; x_wconf 87' lang='lat' dir='ltr'><strong>et</strong></span> <span class='ocrx_word' id='word_1_917' title='bbox 3423 5765 3668 5813; x_wconf 66' lang='lat' dir='ltr'><strong>mutemus</strong></span> 
     </span>
    </p>
   </div>
  </div>
