4136 6462
412 423 517 480 817

414 538 649 594 dentiam
688 536 802 592 sive
836 550 932 606 per
955 531 1341 597 obedientiam,
1369 533 1482 587 sive
1526 545 1619 601 per
1648 530 1991 586 offensionem

414 631 528 686 sive
554 644 649 699 per
676 627 852 693 ﬁdem,
882 630 932 681 in
965 627 1065 681 hac
1082 640 1141 681 re
1163 634 1311 696 gesta
1341 622 1787 694 praaﬁguraverit,
1825 636 1991 691 quan-

416 730 528 775 tum
552 721 690 773 Deus
702 718 940 788 adjuvat,
963 717 1314 787 requiramus,
1333 715 1669 784 breviterque
1682 712 1990 782 pendamus.

416 810 684 867 Admonet
705 808 845 864 enim
872 822 970 862 nos
994 817 1046 861 et
1064 816 1217 876 urget
1240 805 1469 876 quodam
1489 803 1649 859 modo
1671 804 1769 858 iste
1788 812 1996 858 sancta-

414 916 534 956 rum
562 900 967 969 Scripturarum
984 898 1130 953 locus
1156 897 1390 966 cogitare
1413 894 1694 966 quemdam
1724 902 1992 964 potentem

415 994 629 1047 virtute.
653 991 797 1046 Talis
821 990 966 1045 enim
993 989 1188 1044 dicitur
1211 987 1422 1058 Jephte,
1452 986 1591 1057 quod
1617 1001 1809 1041 nomen
1841 985 1997 1039 inter-

416 1094 653 1157 pretatur
678 1084 950 1154 Aperiens.
988 1082 1243 1136 Dominus
1271 1089 1447 1136 autem
1472 1079 1734 1147 Christus,
1763 1080 1897 1133 sicut
1922 1080 1995 1132 in-

414 1176 557 1231 dicat
578 1173 920 1243 Evangelium
945 1171 1214 1241 discipulis
1235 1172 1345 1227 suis
1364 1170 1562 1240 aperuit
1588 1182 1806 1235 sensum,
1837 1177 1891 1222 ut
1919 1169 1995 1222 in-

416 1265 691 1336 telligerent
714 1264 1004 1335 Scripturas
1026 1260 1173 1335 (Luc.
1202 1276 1350 1327 xxiv,
1379 1260 1467 1325 45,
1496 1259 1611 1328 27).
1636 1260 1787 1314 Hunc
1807 1259 1996 1328 Jephte

418 1357 607 1411 fratres
633 1356 747 1425 ejus
772 1353 1210 1423 reprobaverunt,
1239 1360 1294 1407 et
1316 1351 1383 1407 de
1407 1359 1625 1421 paterna
1650 1350 1808 1404 domo
1832 1364 1998 1419 expu-

418 1449 627 1513 lerunt,
673 1446 986 1516 objicientes
1025 1451 1072 1499 ei
1115 1442 1258 1514 quod
1296 1450 1437 1498 esset
1481 1442 1621 1497 ﬁlius
1664 1440 1990 1507 fornicarize,

417 1550 668 1608 tanquam
700 1537 799 1608 ipsi
825 1545 1002 1592 essent
1019 1536 1086 1590 de
1105 1550 1271 1590 uxore
1291 1534 1525 1604 legitima
1547 1534 1678 1588 nati.
1702 1534 1813 1588 Hoc
1836 1533 1995 1588 etiam

417 1610 639 1699 egerunt
665 1628 921 1683 adversus
959 1628 1239 1681 Dominum
1286 1625 1553 1696 principes
1580 1624 1916 1681 sacerdotum
1945 1632 1998 1680 et.

416 1720 620 1776 Scriba:
644 1729 702 1775 et
726 1718 1007 1785 Pharisaei,
1050 1717 1141 1788 qui
1184 1717 1250 1772 de
1290 1716 1444 1787 Legis
1481 1715 1848 1771 observatione
1876 1714 1995 1785 glo-

417 1815 542 1868 riari
568 1812 904 1879 videbantur,
925 1819 1175 1881 tanquam
1200 1809 1287 1864 ille
1310 1810 1539 1864 solveret
1562 1809 1777 1879 Legem,
1803 1816 1856 1863 et
1877 1808 1997 1863 ideo

418 1904 576 1960 veluti
620 1918 727 1957 non
776 1909 918 1955 esset
959 1900 1225 1970 legitimus
1272 1898 1427 1953 ﬁlius.
1477 1898 1544 1952 Et
1586 1912 1884 1968 quanquam
1929 1896 1997 1953 de

417 2002 601 2048 sancta
649 1991 859 2061 quidem
906 1990 1123 2061 Virgine
1173 2004 1364 2059 corpus
1406 1996 1801 2059 assumpserat,
1856 1988 1997 2059 quod

419 2086 664 2141 ﬁdelibus
694 2097 876 2139 notum
918 2093 1032 2150 est;
1067 2092 1240 2138 tamen
1282 2084 1396 2152 eius
1430 2094 1619 2151 mater,
1648 2093 1901 2153 quantum
1930 2084 1997 2138 ad

418 2186 631 2248 gentem
659 2176 905 2246 pertinet,
934 2176 1092 2231 etiam
1122 2176 1211 2230 illa
1239 2174 1456 2230 Iudaica
1481 2190 1748 2246 synagoga
1778 2176 1881 2231 dici
1902 2192 1997 2246 po-

419 2278 544 2324 test.
574 2268 828 2322 Revolvat
855 2267 945 2337 qui
972 2266 1196 2322 voluerit
1225 2267 1562 2337 propheticus
1590 2267 1800 2335 Libros,
1833 2278 1888 2325 et
1917 2271 1997 2325 vi-

418 2361 541 2414 deat
568 2359 773 2430 quoties
796 2366 851 2413 et
876 2367 1068 2429 quanta
1096 2358 1239 2412 verbi
1270 2359 1551 2414 severitate
1572 2367 1731 2430 atque
1760 2361 1998 2431 indigna-

419 2452 565 2506 tione
594 2449 823 2514 Domini,
854 2449 943 2504 illa
971 2464 1102 2519 gens
1128 2449 1273 2503 velut
1297 2449 1558 2518 impudica
1589 2451 1779 2505 mulier
1797 2451 1863 2506 de
1890 2452 1998 2507 suis

418 2540 855 2597 fornicationibus
882 2549 1149 2609 arguatur.
1183 2539 1331 2595 Unde
1360 2549 1441 2593 est
1465 2540 1623 2594 etiam
1655 2541 1781 2595 illud
1814 2541 1866 2595 in
1898 2541 1999 2596 hoc

419 2632 554 2687 libro
582 2631 1037 2696 recentissimum,
1068 2631 1149 2685 vel
1193 2646 1312 2685 eum
1344 2640 1463 2700 post
1489 2630 1663 2701 ephud
1708 2631 1849 2702 quod
1875 2630 1999 2688 fecit

421 2723 673 2788 Gedeon,
722 2722 894 2776 omnis
935 2721 1095 2777 Israel
1126 2721 1317 2793 legitur
1358 2722 1678 2789 fornicatus,
1730 2723 1808 2779 vel
1854 2724 1995 2793 quod

419 2814 660 2869 abierunt
687 2823 808 2885 post
842 2813 973 2870 deos
1002 2814 1235 2884 gentium
1267 2814 1458 2884 quibus
1487 2824 1638 2869 erant
1663 2816 1993 2871 circumdati.

420 2905 572 2960 Unde
589 2905 642 2960 in
673 2906 791 2960 illos
811 2906 984 2961 divina
1009 2907 1085 2960 ira
1108 2914 1375 2961 commota
1396 2916 1496 2973 est,
1522 2916 1575 2961 ut
1599 2922 1694 2977 per
1710 2922 1879 2962 annos
1903 2908 1997 2963 de-

417 3013 533 3052 cem
561 3007 614 3052 et
637 3009 757 3053 octo
782 3008 1185 3054 contererentur
1209 3015 1238 3053 a
1265 2998 1383 3053 ﬁliis
1408 3001 1633 3053 Ammon
1658 3001 1855 3071 (Judic.
1883 3017 1996 3069 vni,

418 3090 507 3157 27,
537 3100 581 3143 et
612 3106 671 3156 ι,
704 3091 736 3145 6
765 3089 843 3161 8).
893 3090 998 3145 Sed
1040 3090 1295 3160 numquid
1342 3107 1447 3144 non
1496 3107 1560 3145 ex
1603 3092 1789 3146 eadem
1840 3103 2000 3163 gente

418 3182 579 3236 Israel
609 3183 767 3238 etiam
798 3182 871 3237 illi
912 3182 1021 3237 nati
1060 3192 1213 3237 erant
1240 3182 1572 3248 sacerdotes,
1602 3193 1657 3239 et
1687 3183 1917 3252 Scriba),
1949 3194 2001 3240 et

418 3274 692 3339 Pharisaei,
721 3289 857 3343 quos
882 3274 933 3327 in
962 3273 1038 3328 eis
1059 3273 1290 3328 diximus
1316 3272 1480 3328 fuisse
1502 3274 1881 3343 przeﬁguratos,
1912 3275 1999 3344 qui

418 3364 630 3435 Jephte,
676 3375 922 3435 tanquam
954 3365 1040 3420 isti
1071 3366 1350 3419 Dominum
1377 3362 1675 3433 Christum,
1704 3366 1864 3419 veluti
1896 3382 1998 3419 non

420 3456 711 3526 legitimum
746 3457 910 3511 lilium
940 3456 1204 3526 persecuti
1234 3455 1589 3524 expulerunt?
1619 3455 1723 3509 Sed
1755 3456 1806 3508 in
1833 3470 1897 3509 eo
1926 3456 1999 3508 si-

420 3549 662 3604 militudo
686 3548 996 3604 adumbrata
1023 3557 1125 3614 est,
1158 3547 1298 3618 quod
1330 3547 1436 3614 isti,
1466 3556 1523 3602 ut
1550 3547 1679 3614 dixi,
1712 3548 1871 3602 veluti
1900 3548 1998 3602 Le-

418 3642 500 3712 gis
524 3641 893 3697 observatores
912 3683 927 3708 ,
960 3656 1082 3696 eum
1122 3641 1210 3710 qui
1240 3648 1424 3695 contra
1450 3648 1712 3710 praecepta
1742 3640 1894 3709 Legis
1924 3639 2001 3694 la-

420 3750 542 3790 cere
570 3735 866 3801 videbatur,
896 3744 1143 3805 tanquam
1166 3735 1382 3803 legitimi
1411 3749 1516 3789 non
1538 3734 1854 3804 legitimum,
1880 3735 2002 3803 jure

420 3824 521 3879 sibi
550 3826 647 3879 visi
677 3834 801 3880 sunt
829 3825 1070 3894 ejecisse.
1100 3824 1400 3879 Secundum
1432 3823 1534 3879 hoc
1557 3825 1699 3879 enim
1739 3824 1888 3894 plebs
1918 3825 2002 3879 illa

420 3917 559 3972 dicta
589 3927 672 3973 est
700 3918 967 3982 fornicari,
996 3916 1137 3987 quod
1163 3916 1320 3987 Legis
1346 3926 1607 3987 praecepta
1631 3931 1734 3971 non
1760 3931 1999 3981 servans,

422 4017 672 4078 tanquam
703 4008 817 4062 viro
846 4022 951 4062 non
976 4006 1262 4061 exhibebat
1292 4006 1469 4061 ﬁdem.

490 4099 580 4154 Sic
607 4109 783 4152 autem
810 4099 1064 4167 scriptum
1095 4097 1265 4152 estde
1292 4097 1502 4167 Jepbte,
1534 4096 1598 4150 Et
1626 4106 1882 4151 creverunt
1912 4096 2006 4166 ﬁlii

421 4190 613 4255 uxoris,
642 4198 688 4243 et
717 4189 971 4259 ejecerunt
998 4187 1201 4257 Jephte.
1230 4186 1462 4243 Verbum
1483 4187 1622 4256 quod
1650 4188 1878 4257 positum
1900 4200 2003 4254 est,

419 4292 706 4346 creverunt,
736 4280 999 4351 signiﬁcat
1019 4280 1074 4335 in
1097 4280 1286 4351 ﬁgura,
1317 4280 1747 4351 przevaluerunt:
1779 4280 1920 4350 quod
1951 4280 2003 4335 in

419 4373 619 4427 Judmis
660 4373 935 4442 impletum
978 4381 1093 4439 est,
1139 4372 1228 4441 qui
1278 4373 1667 4441 prtevaluerunt
1714 4373 2003 4427 inlirmitati

420 4464 651 4529 Christi,
681 4465 803 4533 quia
830 4463 901 4518 ita
926 4463 1109 4529 voluit,
1142 4472 1199 4518 ut
1226 4464 1293 4519 ab
1321 4465 1401 4519 eis
1424 4481 1542 4535 qua:
1568 4465 1848 4534 oportebat
1882 4480 2003 4534 pas-

420 4558 569 4612 sione
595 4557 883 4627 perferret;
912 4558 1049 4612 sicut
1076 4557 1178 4612 hoc
1198 4558 1337 4613 idem
1357 4558 1662 4628 signiﬁcans
1686 4559 1850 4614 Jaeob
1872 4575 2007 4628 prato

420 4648 583 4702 valuit
605 4648 815 4718 angelo,
848 4664 968 4702 cum
995 4664 1099 4718 quo
1126 4659 1182 4702 ut
1209 4648 1434 4717 idipsum
1466 4648 1808 4717 portenderet
1839 4649 2005 4703 lucta-

420 4740 575 4794 batur
601 4740 751 4810 (Gen.
784 4756 965 4805 xxxii,
1013 4738 1216 4813 2&28).
1252 4741 1507 4794 Dixerunt
1532 4756 1659 4810 ergo
1686 4740 1751 4794 ad
1781 4740 2003 4812 Jephte,

424 4827 543 4883 Non
568 4829 884 4884 hazreditabis
922 4832 975 4884 in
1003 4830 1152 4884 domo
1180 4830 1338 4899 patris
1367 4831 1551 4891 nostri,
1592 4832 1827 4900 quoniam
1868 4831 2004 4899 ﬁlius

421 4922 647 4976 mulieris
677 4924 963 4991 fornicaria:
999 4932 1069 4975 tu.
1102 4922 1374 4991 Tanquam
1406 4921 1644 4979 dicerent
1664 4922 1803 4991 quod
1829 4922 2006 4977 Evan-

418 5010 616 5081 gelium
649 5014 898 5083 loquitur,
934 5013 1057 5067 Non
1077 5023 1147 5067 est
1171 5014 1261 5067 iste
1284 5013 1431 5067 homo
1451 5030 1483 5066 a
1505 5011 1633 5079 Deo,
1657 5015 1743 5084 qui
1773 5015 1844 5067 sic
1863 5016 2007 5068 solvit

420 5106 682 5158 sabbatum
713 5104 887 5176 (Joan.
921 5121 999 5171 Ix,
1032 5106 1123 5176 16)
1149 5124 1162 5159 :
1195 5120 1253 5159 se
1275 5114 1453 5159 autem
1481 5106 1622 5159 velut
1646 5105 1905 5175 jactantes
1930 5106 2008 5161 le-

418 5195 635 5265 gitimos
678 5195 814 5250 ﬁlios
846 5197 1070 5251 Domino
1097 5196 1379 5261 dixerunt,
1425 5195 1537 5251 Nos
1584 5213 1647 5251 ea:
1678 5198 2006 5266 fornicatione

422 5303 523 5339 non
545 5304 716 5342 sumus
741 5289 844 5341 nati
864 5304 882 5353 ;
914 5305 1066 5343 unum
1094 5298 1285 5360 patrem
1311 5290 1549 5344 habemus
1574 5288 1734 5342 Deum
1760 5289 1869 5360 (Id.
1892 5306 2004 5356 vm,

421 5379 536 5449 41).
567 5378 630 5433 Et
661 5383 791 5452 fugit
814 5379 999 5451 Iephte
1023 5398 1054 5433 a
1080 5382 1212 5453 facie
1234 5385 1452 5445 fratrum
1479 5397 1704 5446 suorum,
1733 5391 1779 5434 et
1808 5382 2007 5436 habita—

420 5472 488 5525 rit
520 5472 571 5523 in
601 5482 735 5525 terra
762 5471 889 5527 Tob.
921 5472 1095 5543 Fugit,
1113 5473 1361 5543 quoniam
1388 5488 1447 5529 se
1468 5482 1696 5543 quantus
1716 5485 1860 5529 esset
1888 5476 2009 5531 abs-

420 5563 632 5628 condit;
668 5564 818 5634 fugit,
845 5566 1095 5636 quoniam
1125 5579 1222 5620 eos
1267 5565 1545 5619 saevientes
1576 5565 1724 5620 latuit
1753 5584 1765 5618 :
1797 5567 1858 5621 Si
1876 5569 2006 5621 enim

421 5656 786 5723 cognovissent,
819 5673 1079 5722 nunquam
1121 5656 1393 5712 Dominum
1431 5656 1607 5726 gloria:
1646 5658 2009 5726 cruci/inissent

424 5746 465 5816 (l
496 5745 612 5798 Cor.
642 5762 707 5813 ιι,
740 5746 816 5819 8).
852 5748 1023 5819 Fugit,
1054 5747 1301 5818 quoniam
1345 5746 1619 5802 morientis
1648 5748 2006 5805 inﬁrmitatem

423 5835 696 5903 viderunt,
751 5840 996 5894 virtutem
1023 5848 1200 5896 autem
1239 5839 1565 5909 resurgentis
1590 5854 1695 5896 non
1740 5840 2002 5900 viderunt.

1652 448 1655 451 »
1751 413 1947 471 LIBER
1988 413 1999 467 ε

2109 413 2336 473 ’TIMUS.
3580 419 3681 475 818

2108 529 2371 585 llahitavit
2399 538 2574 587 autem
2608 531 2658 585 in
2693 541 2831 587 terra
2858 532 3014 597 bona,
3050 532 3157 599 vel,
3192 541 3247 587 ut
3274 533 3575 603 expressius
3605 534 3684 588 di-

2104 634 2318 685 camus,
2351 621 2547 692 Opima.
2595 622 2746 689 Quod
2775 624 2915 678 enim
2946 639 3117 694 grarce
3144 626 3342 690 ἀγαθὸν,
3394 624 3495 679 hoc
3524 622 3686 680 latine

2103 712 2338 782 Opimum
2383 713 2616 767 dicitur:
2667 714 2716 769 id
2760 724 2936 769 autem
2978 714 3353 784 interpretatur
3399 715 3533 769 Tob.
3584 713 3682 769 Ubi

2105 805 2232 859 mihi
2263 805 2471 861 videtur
2511 806 2850 876 intelligenda
2884 807 2997 876 ejus
3033 823 3062 860 a
3092 807 3314 863 mortuis
3345 807 3681 862 resurrectio.

2104 896 2235 951 Nam
2274 913 2393 967 qua:
2429 907 2568 953 terra
2598 900 2766 969 magis
2811 900 3018 968 opima,
3055 915 3213 970 quam
3256 908 3526 954 terrenum
3564 912 3682 954 cor-

2106 1002 2203 1057 pus
2242 988 2554 1044 excellentia
2598 990 3007 1045 immortalitatis
3052 1000 3103 1045 et
3150 989 3561 1060 incorruptionis
3604 988 3683 1042 in-

2105 1079 2287 1133 dutum
2305 1080 2331 1133 ?

2174 1169 2326 1236 Quod
2342 1178 2516 1225 autem
2547 1171 2737 1226 dicitur
2756 1172 2823 1226 de
2847 1171 3052 1243 Jephte,
3084 1173 3203 1242 quia
3232 1181 3573 1243 posteaquam
3598 1172 3677 1226 fn-

2105 1259 2253 1329 giens
2279 1276 2309 1314 a
2340 1260 2472 1315 facie
2502 1260 2723 1316 fratrum
2765 1278 2980 1316 suorum
3014 1262 3267 1315 habitavit
3296 1263 3346 1316 in
3380 1270 3519 1316 terra
3547 1262 3681 1321 Tob.

2104 1350 2489 1420 colligebantur
2528 1352 2592 1406 ad
2620 1368 2741 1407 eum
2768 1353 2864 1407 viri
2890 1354 3142 1420 latrones,
3180 1362 3233 1411 et
3277 1354 3685 1409 obambulabant

2104 1456 2223 1497 cum
2271 1444 2425 1513 ipso;
2473 1460 2772 1514 quanquam
2817 1455 2869 1500 et
2911 1456 3033 1501 ante
3075 1446 3373 1514 passionem
3417 1446 3682 1515 objectum

2105 1532 2259 1588 fuerit
2290 1535 2533 1603 Domino,
2564 1536 2704 1606 quod
2735 1551 2854 1590 cum
2898 1537 3190 1606 publicanis
3232 1546 3285 1591 et
3325 1536 3685 1606 peccatoribus

2104 1625 2466 1691 manducaret,
2496 1626 2706 1696 quando
2734 1626 3023 1697 respondit,
3058 1644 3160 1680 non
3183 1642 3301 1683 esse
3326 1627 3681 1683 necessarium

2104 1716 2245 1770 sanis
2272 1715 2559 1779 medicum,
2591 1717 2682 1772 sed
2729 1718 2939 1787 {egrotis
2980 1716 3192 1786 (Matth.
3238 1733 3312 1785 ιιι,
3359 1716 3686 1787 II,12);et

2104 1805 2243 1860 inter
2271 1806 2479 1876 iniquos
2518 1807 2800 1877 deputatus
2844 1817 2925 1863 est
2969 1807 3122 1878 (lsai.
3158 1823 3267 1869 ι.ιιι.
3316 1808 3429 1879 12),
3474 1808 3686 1877 quando

2106 1898 2242 1953 inter
2267 1900 2499 1955 latrones
2524 1899 2807 1954 cruciﬁxus
2836 1909 2937 1965 est,
2978 1909 3031 1954 et
3058 1917 3216 1955 unum
3244 1916 3306 1954 ex
3333 1900 3411 1955 eis
3436 1899 3500 1955 de
3529 1913 3687 1954 cruce

2104 1989 2157 2042 in
2189 1990 2488 2058 paradisum
2521 1991 2785 2045 transtulit
2831 1991 2979 2060 (Luc.
3022 2007 3175 2056 χχιιι,
3208 1992 3296 2057 55,
3343 1990 3432 2060 45)
3467 2008 3477 2041 :
3510 2000 3684 2044 tamen

2106 2087 2448 2150 posteaquam
2495 2082 2802 2145 resurrexit,
2852 2091 3051 2136 etesse
3093 2082 3271 2150 ctrpit,
3316 2080 3603 2136 secundum
3634 2078 3684 2133 id

2104 2170 2243 2239 quod
2288 2185 2448 2241 supra
2486 2173 2849 2241 exposuimus,
2896 2172 2946 2225 in
2980 2180 3118 2226 terra
3148 2171 3281 2237 Tob,
3329 2170 3536 2226 collecti
3566 2179 3689 2225 sunt

2105 2263 2170 2319 ad
2193 2264 2338 2318 illum
2368 2264 2608 2321 scelerati
2638 2265 2879 2320 homines
2908 2275 3123 2335 propter
3153 2264 3519 2320 remissionem
3559 2279 3684 2333 pce-

2104 2364 2383 2421 catorum;
2432 2356 2519 2426 qui
2554 2372 2673 2411 cum
2704 2357 2793 2411 illo
2836 2357 3195 2421 ambulabant,
3245 2356 3365 2425 quia
3396 2354 3684 2411 secundum

2105 2448 2220 2517 ejus
2244 2457 2506 2519 prmecpta
2533 2449 2783 2505 vivebant
2835 2449 3016 2519 Neque
3041 2449 3141 2503 hoc
3164 2450 3271 2503 ﬁeri
3300 2449 3493 2504 desinit
3521 2464 3689 2519 usque

2106 2556 2266 2606 nunc,
2295 2550 2349 2595 et
2372 2540 2644 2610 deinceps,
2673 2557 2945 2611 quousque
2967 2542 3030 2596 ad
3061 2557 3181 2596 eum
3204 2540 3512 2611 confugiunt
3541 2541 3685 2605 mali,

2106 2642 2162 2687 ut
2204 2632 2462 2701 justilieet
2501 2632 2689 2701 impios
2733 2632 2819 2703 qui
2849 2634 2917 2686 ad
2947 2648 3066 2685 cum
3097 2639 3498 2699 convertuntur,
3531 2639 3584 2686 et
3608 2631 3689 2687 di-

2106 2733 2255 2777 scant
2280 2723 2443 2792 iniqui
2473 2723 2582 2777 vias
2608 2723 2724 2791 ejus
2755 2722 2923 2794 (Psal.
2943 2739 2990 2786 ι,
3019 2723 3123 2793 I5).

2176 2816 2291 2870 Jam
2311 2815 2459 2877 illud,
2482 2816 2621 2885 quod
2642 2815 2693 2869 hi
2721 2815 2807 2885 qui
2838 2815 3137 2884 abjecerant
3167 2804 3355 2885 Jephte
3385 2813 3521 2886 (erat
3545 2813 3684 2870 enim

2107 2906 2455 2978 Galaadites),
2497 2907 2736 2962 conversi
2786 2915 2909 2961 sunt
2938 2906 3001 2959 ad
3048 2921 3189 2972 eum,
3240 2916 3293 2959 et
3335 2906 3689 2975 qua‘sivcrunt

2106 3016 2245 3065 cum,
2281 3016 2374 3070 per
2401 3016 2558 3070 quem
2599 2999 2949 3054 liberarentur
2993 2997 3059 3051 ab
3086 2997 3312 3051 inimicis
3341 2997 3484 3061 suis;
3532 3012 3688 3066 quam

2106 3094 2247 3147 clara
2277 3093 2699 3163 prmﬁguratione
2724 3092 3005 3161 signiﬁciit,
3030 3089 3169 3160 quod
3192 3089 3242 3143 bi
3266 3088 3353 3158 qui
3382 3087 3687 3157 abjecerunt

2106 3185 2395 3251 Christum,
2429 3185 2493 3239 ad
2532 3198 2653 3239 eum
2686 3198 2870 3238 rursus
2900 3182 3162 3247 conversi,
3207 3182 3257 3235 in
3289 3180 3379 3235 illo
3419 3180 3691 3251 reperiunt

2106 3277 2329 3332 salutem
2355 3278 2369 3331 ι
2402 3276 2519 3332 sive
2550 3276 2625 3330 illi
2655 3276 3014 3345 intelligantur
3044 3290 3177 3341 quos
3208 3273 3395 3327 Petrus
3420 3271 3690 3341 apostolus

2108 3386 2227 3424 cum
2256 3369 2321 3423 de
2348 3369 2463 3438 ipso
2492 3367 2695 3423 scelere
2734 3368 3016 3437 arguisset,
3047 3365 3185 3419 sicut
3215 3365 3265 3418 in
3296 3364 3511 3419 Actibus
3551 3364 3691 3431 Apo-

2108 3462 2366 3515 stolorum
2393 3460 2602 3529 legitur,
2633 3470 2686 3513 et
2712 3458 2954 3513 hortatus
2980 3467 3119 3513 esset
3145 3466 3199 3510 ut
3224 3455 3289 3509 ad
3317 3471 3440 3510 eum
3472 3469 3691 3510 conver-

2111 3559 2379 3614 terentur,
2425 3566 2581 3620 quem
2638 3550 2844 3605 fuerant
2894 3548 3177 3618 persecuti,
3228 3547 3527 3616 compuncti
3571 3558 3695 3601 sunt

2109 3643 2290 3709 corde,
2320 3652 2373 3697 et
2400 3643 2466 3697 ab
2498 3643 2586 3696 illo
2611 3658 2765 3712 quem
2794 3658 2821 3695 a
2860 3656 2921 3696 se
2945 3642 3323 3705 alienaveraut,
3356 3640 3693 3696 desiderave-

2110 3744 2233 3788 runt
2261 3734 2484 3788 salutem
2509 3732 2657 3806 (quid
2684 3741 2763 3788 est
2783 3742 2961 3787 autem
2982 3732 3194 3787 liberari
3221 3732 3288 3786 ab
3313 3731 3562 3798 inimicis,
3593 3731 3692 3785 nisi

2110 3842 2137 3879 a
2152 3826 2421 3896 peccatis?
2442 3829 2517 3880 sic
2530 3826 2670 3880 enim
2686 3825 2788 3881 illis
2805 3826 2895 3889 ait,
2918 3826 3055 3897 Agite
3076 3825 3434 3891 nmnitentiant,
3452 3833 3499 3879 et
3523 3823 3691 3893 bapti-

2110 3931 2250 3975 zetur
2265 3937 2329 3974 un
2339 3920 2601 3990 usquisquc
2613 3920 2892 3974 vestrumin
2911 3920 3109 3973 nomine
3136 3917 3337 3972 Domini
3350 3916 3473 3971 Iesu
3489 3916 3697 3979 Christi;

2111 4024 2158 4067 et
2186 4014 2498 4067 remittemur
2518 4012 2654 4066 vobis
2676 4022 2877 4082 peccata
2898 4021 3058 4065 vestra
3080 4010 3211 4083 (Art.
3241 4026 3297 4076 ll,
3321 4008 3518 4074 22-58)
3544 4028 3555 4061 :
3584 4011 3697 4063 sive

2113 4105 2201 4159 illa
2244 4104 2418 4173 potius
2449 4103 2795 4174 signiﬁcetur.
2842 4120 2959 4173 qtae
2987 4104 3037 4156 in
3073 4104 3176 4157 ﬁne
3218 4111 3460 4171 Speralur
3490 4104 3696 4155 vocatiu

2111 4196 2283 4267 gentis
2308 4196 2486 4250 Israel.
2536 4194 2699 4266 Magis
2730 4195 2922 4265 quippe
2953 4192 3063 4262 ipsa
3110 4193 3318 4265 videtur
3362 4204 3618 4260 apparere
3647 4194 3696 4245 in

2111 4304 2177 4343 eo
2205 4287 2343 4358 quod
2372 4287 2583 4352 dicitur,
2615 4287 2678 4340 Et
2708 4290 2897 4358 factum
2927 4294 2996 4339 est
3026 4294 3135 4352 post
3163 4285 3267 4337 dies
3301 4299 3319 4336 :
3343 4283 3481 4352 quod
3513 4282 3694 4351 utique.

2114 4387 2233 4447 post
2260 4387 2468 4447 tempus
2494 4376 2789 4446 signiﬁcat;
2819 4385 2871 4430 et
2914 4391 3007 4443 per
3031 4374 3131 4427 hoc
3180 4375 3409 4427 insinuat
3434 4388 3537 4427 non
3568 4374 3692 4427 illud

2113 4468 2514 4538 intelligendum
2551 4466 2693 4537 quod
2722 4466 2921 4521 recenti
2960 4464 3167 4519 Domini
3197 4465 3441 4534 passione
3465 4472 3566 4528 est,
3599 4466 3691 4518 sed

2111 4560 2252 4630 quod
2281 4568 2461 4630 postea
2492 4558 2723 4611 futurum
2756 4566 2855 4611 est.
2885 4557 3001 4625 Quo
3027 4555 3234 4610 videtur
3262 4556 3421 4611 etiam
3455 4555 3504 4609 id
3535 4557 3693 4625 perti-

2113 4669 2264 4720 nere,
2281 4652 2419 4723 quod
2441 4651 2681 4707 seniores
2703 4648 2901 4706 Galaad
2928 4658 3184 4705 venerunt
3205 4648 3269 4703 ad
3288 4648 3498 4718 Jephte.
3526 4658 3583 4702 ut
3607 4664 3698 4717 per

2114 4753 2324 4800 aetatem
2357 4743 2577 4798 senilem
2622 4741 2916 4811 posteriora
2944 4750 2999 4796 et
3023 4741 3307 4795 novissima
3340 4748 3576 4810 tempora
3603 4755 3693 4795 ac-

2114 4835 2354 4906 eipienda
2395 4835 2520 4890 sint.
2551 4833 2930 4902 Interpretatur
2953 4842 3129 4887 autem
3161 4831 3358 4887 Galaad
3391 4832 3657 4900 Abjicicns
3680 4872 3693 4896 ,

2114 4930 2227 4985 sive
2256 4928 2548 4985 Revelatio.
2596 4928 2831 4994 Quorum
2864 4934 3147 4996 utrumque
3174 4926 3302 4980 satis
3323 4933 3445 4994 apte
3471 4924 3594 4978 huic
3620 4926 3695 4979 rei

2114 5021 2391 5092 congruit;
2422 5020 2542 5091 quia
2567 5020 2738 5089 primo
2765 5018 3046 5073 Dominum
3073 5017 3337 5071 Christum
3365 5014 3697 5085 abjecerunt,

2116 5115 2297 5184 eisque
2330 5123 2510 5183 postea
2541 5113 2879 5169 revelabitur.

2186 5206 2337 5274 Quod
2378 5221 2507 5261 vero
2549 5215 2731 5261 contra
2783 5205 2919 5258 ﬁlios
2964 5205 3190 5256 Ammon
3232 5202 3336 5255 dux
3368 5200 3701 5270 qumrebatnr

2115 5296 2323 5369 Jephte,
2352 5297 2542 5368 quibus
2575 5297 2726 5351 victis
2751 5296 3122 5356 liberarentur,
3150 5293 3235 5362 qui
3263 5307 3327 5347 eo
3353 5293 3487 5347 duce
3512 5290 3701 5345 adver-

2115 5404 2208 5445 sus
2255 5390 2374 5445 illos
2425 5389 2623 5444 beliare
2671 5388 2973 5457 cupiebant,
3022 5386 3269 5455 quoniam
3324 5384 3702 5454 interpretatur

2117 5484 2343 5536 Ammon
2392 5481 2556 5536 Filius
2604 5479 2781 5549 populi
2813 5478 2937 5545 mei,
2990 5477 3100 5531 sive
3134 5476 3366 5545 Populus
3411 5473 3697 5541 mmroris;

2120 5570 2357 5642 profecto
2381 5581 2468 5626 aut
2491 5570 2567 5625 illi
2589 5569 2952 5639 signiﬁcantur
2972 5567 3192 5631 inimici,
3215 5567 3303 5637 qui
3325 5583 3387 5622 ex
3416 5567 3525 5636 ipsa
3544 5575 3700 5633 gente

2118 5673 2521 5733 perseverantes
2538 5665 2588 5717 in
2612 5662 2921 5718 inﬁdelitate
2943 5660 3179 5731 praedicti
3205 5667 3354 5723 sunt;
3378 5668 3467 5712 aut
3482 5657 3701 5713 omnino

2117 5772 2304 5811 omnes
2334 5758 2589 5827 gebenna:
2636 5754 3013 5826 praedestinati,
3059 5754 3146 5808 ubi
3196 5753 3296 5807 erit
3338 5753 3416 5807 eis
3456 5750 3610 5806 fletus
3648 5759 3703 5805 et

2119 5848 2315 5905 stridor
2357 5849 2590 5909 dentium
2640 5847 2849 5907 (Matth.
2893 5862 3020 5909 xxv,
3068 5847 3182 5911 '50),
3233 5842 3701 5915 tanquampopulo
