  <div class='ocr_page' id='page_1' title='image "/cluster/home/n/w/nwhite01/storage/ocr_20150623/34/hvd.32044015706310/415.png"; bbox 0 0 4136 6476; ppageno 0'>
   <div class='ocr_carea' id='block_1_1' title="bbox 495 388 600 443">
    <p class='ocr_par' dir='ltr' id='par_1_1' title="bbox 495 388 600 443">
     <span class='ocr_line' id='line_1_1' title="bbox 495 388 600 443; baseline 0 0"><span class='ocrx_word' id='word_1_1' title='bbox 495 388 600 443; x_wconf 82' lang='grc'><strong>819</strong></span> 
     </span>
    </p>
   </div>
   <div class='ocr_carea' id='block_1_2' title="bbox 493 502 2070 577">
    <p class='ocr_par' dir='ltr' id='par_1_2' title="bbox 493 502 2070 577">
     <span class='ocr_line' id='line_1_2' title="bbox 493 502 2070 577; baseline 0.003 -20"><span class='ocrx_word' id='word_1_2' title='bbox 493 502 758 558; x_wconf 55' lang='lat' dir='ltr'><strong>maeroris.</strong></span> <span class='ocrx_word' id='word_1_3' title='bbox 787 503 1098 577; x_wconf 84' lang='lat' dir='ltr'><strong>Quanquam</strong></span> <span class='ocrx_word' id='word_1_4' title='bbox 1120 505 1342 576; x_wconf 86' lang='lat' dir='ltr'><strong>populus</strong></span> <span class='ocrx_word' id='word_1_5' title='bbox 1363 507 1626 574; x_wconf 75' lang='lat' dir='ltr'><strong>maeroris,</strong></span> <span class='ocrx_word' id='word_1_6' title='bbox 1647 506 1805 563; x_wconf 90' lang='lat' dir='ltr'><strong>etiam</strong></span> <span class='ocrx_word' id='word_1_7' title='bbox 1826 505 2070 562; x_wconf 78' lang='lat' dir='ltr'><strong>diabolus</strong></span> 
     </span>
    </p>
   </div>
   <div class='ocr_carea' id='block_1_3' title="bbox 492 593 2070 667">
    <p class='ocr_par' dir='ltr' id='par_1_3' title="bbox 492 593 2070 667">
     <span class='ocr_line' id='line_1_3' title="bbox 492 593 2070 667; baseline 0.003 -20"><span class='ocrx_word' id='word_1_8' title='bbox 492 601 548 647; x_wconf 81' lang='lat' dir='ltr'><strong>et</strong></span> <span class='ocrx_word' id='word_1_9' title='bbox 572 593 756 664; x_wconf 78' lang='lat' dir='ltr'><strong>angeli</strong></span> <span class='ocrx_word' id='word_1_10' title='bbox 787 595 910 664; x_wconf 84' lang='lat' dir='ltr'><strong>ejus</strong></span> <span class='ocrx_word' id='word_1_11' title='bbox 929 610 1033 650; x_wconf 92' lang='lat' dir='ltr'><strong>non</strong></span> <span class='ocrx_word' id='word_1_12' title='bbox 1063 595 1495 650; x_wconf 89' lang='lat' dir='ltr'><strong>inconvenienter</strong></span> <span class='ocrx_word' id='word_1_13' title='bbox 1522 595 1926 667; x_wconf 82' lang='lat' dir='ltr'><strong>intelliguntur;</strong></span> <span class='ocrx_word' id='word_1_14' title='bbox 1957 596 2070 651; x_wconf 84' lang='lat' dir='ltr'><strong>sive</strong></span> 
     </span>
    </p>
   </div>
   <div class='ocr_carea' id='block_1_4' title="bbox 493 682 2066 757">
    <p class='ocr_par' dir='ltr' id='par_1_4' title="bbox 493 682 2066 757">
     <span class='ocr_line' id='line_1_4' title="bbox 493 682 2066 757; baseline 0.002 -20"><span class='ocrx_word' id='word_1_15' title='bbox 493 682 617 752; x_wconf 76' lang='lat' dir='ltr'><strong>quia</strong></span> <span class='ocrx_word' id='word_1_16' title='bbox 639 691 893 738; x_wconf 67' lang='lat' dir='ltr'><strong>mternam</strong></span> <span class='ocrx_word' id='word_1_17' title='bbox 915 685 1179 739; x_wconf 89' lang='lat' dir='ltr'><strong>miseriam</strong></span> <span class='ocrx_word' id='word_1_18' title='bbox 1202 684 1280 738; x_wconf 91' lang='lat' dir='ltr'><strong>eis</strong></span> <span class='ocrx_word' id='word_1_19' title='bbox 1301 699 1435 754; x_wconf 91' lang='lat' dir='ltr'><strong>quos</strong></span> <span class='ocrx_word' id='word_1_20' title='bbox 1456 685 1724 755; x_wconf 87' lang='lat' dir='ltr'><strong>decipiunt</strong></span> <span class='ocrx_word' id='word_1_21' title='bbox 1746 687 2066 757; x_wconf 81' lang='lat' dir='ltr'><strong>acquirunt;</strong></span> 
     </span>
    </p>
   </div>
   <div class='ocr_carea' id='block_1_5' title="bbox 494 775 1889 848">
    <p class='ocr_par' dir='ltr' id='par_1_5' title="bbox 494 775 1889 848">
     <span class='ocr_line' id='line_1_5' title="bbox 494 775 1889 848; baseline 0.001 -16"><span class='ocrx_word' id='word_1_22' title='bbox 494 775 606 832; x_wconf 77' lang='lat' dir='ltr'><strong>sive</strong></span> <span class='ocrx_word' id='word_1_23' title='bbox 633 775 753 846; x_wconf 89' lang='lat' dir='ltr'><strong>quia</strong></span> <span class='ocrx_word' id='word_1_24' title='bbox 783 784 836 831; x_wconf 92' lang='lat' dir='ltr'><strong>et</strong></span> <span class='ocrx_word' id='word_1_25' title='bbox 863 775 961 846; x_wconf 87' lang='lat' dir='ltr'><strong>ipsi</strong></span> <span class='ocrx_word' id='word_1_26' title='bbox 988 785 1199 830; x_wconf 63' lang='lat' dir='ltr'><strong>aeterna:</strong></span> <span class='ocrx_word' id='word_1_27' title='bbox 1226 776 1452 832; x_wconf 71' lang='lat' dir='ltr'><strong>miseria:</strong></span> <span class='ocrx_word' id='word_1_28' title='bbox 1481 778 1717 848; x_wconf 90' lang='lat' dir='ltr'><strong>deputati</strong></span> <span class='ocrx_word' id='word_1_29' title='bbox 1745 789 1889 835; x_wconf 88' lang='lat' dir='ltr'><strong>sunt.</strong></span> 
     </span>
    </p>
   </div>
   <div class='ocr_carea' id='block_1_6' title="bbox 563 864 2068 936">
    <p class='ocr_par' dir='ltr' id='par_1_6' title="bbox 563 864 2068 936">
     <span class='ocr_line' id='line_1_6' title="bbox 563 864 2068 936; baseline 0.005 -18"><span class='ocrx_word' id='word_1_30' title='bbox 563 865 844 936; x_wconf 70' lang='lat' dir='ltr'><strong>Eleganter</strong></span> <span class='ocrx_word' id='word_1_31' title='bbox 869 878 1016 930; x_wconf 89' lang='lat' dir='ltr'><strong>sane,</strong></span> <span class='ocrx_word' id='word_1_32' title='bbox 1055 864 1122 919; x_wconf 91' lang='lat' dir='ltr'><strong>ad</strong></span> <span class='ocrx_word' id='word_1_33' title='bbox 1150 866 1546 935; x_wconf 79' lang='lat' dir='ltr'><strong>exprimendam</strong></span> <span class='ocrx_word' id='word_1_34' title='bbox 1575 868 1744 925; x_wconf 87' lang='lat' dir='ltr'><strong>multo</strong></span> <span class='ocrx_word' id='word_1_35' title='bbox 1771 869 2068 925; x_wconf 79' lang='lat' dir='ltr'><strong>evidentius</strong></span> 
     </span>
    </p>
   </div>
   <div class='ocr_carea' id='block_1_7' title="bbox 496 953 2062 1026">
    <p class='ocr_par' dir='ltr' id='par_1_7' title="bbox 496 953 2062 1026">
     <span class='ocr_line' id='line_1_7' title="bbox 496 953 2062 1026; baseline 0.004 -19"><span class='ocrx_word' id='word_1_36' title='bbox 496 955 856 1025; x_wconf 76' lang='lat' dir='ltr'><strong>prophetiam,</strong></span> <span class='ocrx_word' id='word_1_37' title='bbox 905 953 1095 1025; x_wconf 85' lang='lat' dir='ltr'><strong>Jephte</strong></span> <span class='ocrx_word' id='word_1_38' title='bbox 1141 957 1414 1026; x_wconf 89' lang='lat' dir='ltr'><strong>respondit</strong></span> <span class='ocrx_word' id='word_1_39' title='bbox 1464 959 1762 1016; x_wconf 87' lang='lat' dir='ltr'><strong>senioribus</strong></span> <span class='ocrx_word' id='word_1_40' title='bbox 1809 960 2007 1016; x_wconf 89' lang='lat' dir='ltr'><strong>Galaad</strong></span> <span class='ocrx_word' id='word_1_41' title='bbox 2047 977 2062 1015; x_wconf 89' lang='lat'><strong>:</strong></span> 
     </span>
    </p>
   </div>
   <div class='ocr_carea' id='block_1_8' title="bbox 493 1043 2066 1119">
    <p class='ocr_par' dir='ltr' id='par_1_8' title="bbox 493 1043 2066 1119">
     <span class='ocr_line' id='line_1_8' title="bbox 493 1043 2066 1119; baseline 0.006 -22"><span class='ocrx_word' id='word_1_42' title='bbox 493 1043 678 1098; x_wconf 86' lang='lat' dir='ltr'><strong>Nonne</strong></span> <span class='ocrx_word' id='word_1_43' title='bbox 703 1061 786 1098; x_wconf 84' lang='lat' dir='ltr'><strong>uos</strong></span> <span class='ocrx_word' id='word_1_44' title='bbox 814 1044 928 1098; x_wconf 86' lang='lat' dir='ltr'><strong>odio</strong></span> <span class='ocrx_word' id='word_1_45' title='bbox 978 1045 1220 1101; x_wconf 83' lang='lat' dir='ltr'><strong>habuistis</strong></span> <span class='ocrx_word' id='word_1_46' title='bbox 1247 1063 1348 1114; x_wconf 86' lang='lat' dir='ltr'><strong>me,</strong></span> <span class='ocrx_word' id='word_1_47' title='bbox 1377 1056 1424 1101; x_wconf 86' lang='lat' dir='ltr'><strong>et</strong></span> <span class='ocrx_word' id='word_1_48' title='bbox 1453 1049 1666 1119; x_wconf 86' lang='lat' dir='ltr'><strong>ejecistis</strong></span> <span class='ocrx_word' id='word_1_49' title='bbox 1691 1066 1771 1104; x_wconf 80' lang='lat' dir='ltr'><strong>ms</strong></span> <span class='ocrx_word' id='word_1_50' title='bbox 1813 1052 1876 1105; x_wconf 85' lang='lat' dir='ltr'><strong>de</strong></span> <span class='ocrx_word' id='word_1_51' title='bbox 1918 1051 2066 1106; x_wconf 74' lang='lat' dir='ltr'><strong>donto</strong></span> 
     </span>
    </p>
   </div>
   <div class='ocr_carea' id='block_1_9' title="bbox 489 1135 2062 1212">
    <p class='ocr_par' dir='ltr' id='par_1_9' title="bbox 489 1135 2062 1212">
     <span class='ocr_line' id='line_1_9' title="bbox 489 1135 2062 1212; baseline 0.007 -26"><span class='ocrx_word' id='word_1_52' title='bbox 489 1135 648 1204; x_wconf 86' lang='lat' dir='ltr'><strong>patris</strong></span> <span class='ocrx_word' id='word_1_53' title='bbox 675 1135 790 1202; x_wconf 88' lang='lat' dir='ltr'><strong>mei,</strong></span> <span class='ocrx_word' id='word_1_54' title='bbox 818 1144 866 1189; x_wconf 89' lang='lat' dir='ltr'><strong>et</strong></span> <span class='ocrx_word' id='word_1_55' title='bbox 893 1136 1124 1190; x_wconf 71' lang='lat' dir='ltr'><strong>emisistis</strong></span> <span class='ocrx_word' id='word_1_56' title='bbox 1153 1154 1233 1192; x_wconf 87' lang='lat' dir='ltr'><strong>me</strong></span> <span class='ocrx_word' id='word_1_57' title='bbox 1256 1154 1287 1192; x_wconf 91' lang='lat' dir='ltr'><strong>a</strong></span> <span class='ocrx_word' id='word_1_58' title='bbox 1310 1139 1483 1194; x_wconf 80' lang='lat' dir='ltr'><strong>vobis?</strong></span> <span class='ocrx_word' id='word_1_59' title='bbox 1506 1148 1556 1195; x_wconf 85' lang='lat' dir='ltr'><strong>et</strong></span> <span class='ocrx_word' id='word_1_60' title='bbox 1576 1141 1698 1209; x_wconf 81' lang='lat' dir='ltr'><strong>quid</strong></span> <span class='ocrx_word' id='word_1_61' title='bbox 1724 1152 1798 1197; x_wconf 82' lang='lat' dir='ltr'><strong>est</strong></span> <span class='ocrx_word' id='word_1_62' title='bbox 1821 1143 1958 1212; x_wconf 77' lang='lat' dir='ltr'><strong>quod</strong></span> <span class='ocrx_word' id='word_1_63' title='bbox 1981 1160 2062 1197; x_wconf 75' lang='lat' dir='ltr'><strong>ve-</strong></span> 
     </span>
    </p>
   </div>
   <div class='ocr_carea' id='block_1_10' title="bbox 488 1225 2065 1303">
    <p class='ocr_par' dir='ltr' id='par_1_10' title="bbox 488 1225 2065 1303">
     <span class='ocr_line' id='line_1_10' title="bbox 488 1225 2065 1303; baseline 0.007 -25"><span class='ocrx_word' id='word_1_64' title='bbox 488 1225 651 1292; x_wconf 84' lang='lat' dir='ltr'><strong>nistis,</strong></span> <span class='ocrx_word' id='word_1_65' title='bbox 695 1226 897 1295; x_wconf 72' lang='lat' dir='ltr'><strong>quando</strong></span> <span class='ocrx_word' id='word_1_66' title='bbox 933 1227 1159 1281; x_wconf 87' lang='lat' dir='ltr'><strong>tributati</strong></span> <span class='ocrx_word' id='word_1_67' title='bbox 1193 1229 1352 1284; x_wconf 85' lang='lat' dir='ltr'><strong>estis?</strong></span> <span class='ocrx_word' id='word_1_68' title='bbox 1387 1229 1513 1286; x_wconf 88' lang='lat' dir='ltr'><strong>Tale</strong></span> <span class='ocrx_word' id='word_1_69' title='bbox 1540 1231 1739 1302; x_wconf 84' lang='lat' dir='ltr'><strong>aliquid</strong></span> <span class='ocrx_word' id='word_1_70' title='bbox 1783 1232 2065 1303; x_wconf 88' lang='lat' dir='ltr'><strong>ﬁguratum</strong></span> 
     </span>
    </p>
   </div>
   <div class='ocr_carea' id='block_1_11' title="bbox 487 1315 2066 1395">
    <p class='ocr_par' dir='ltr' id='par_1_11' title="bbox 487 1315 2066 1395">
     <span class='ocr_line' id='line_1_11' title="bbox 487 1315 2066 1395; baseline 0.007 -26"><span class='ocrx_word' id='word_1_71' title='bbox 487 1325 568 1370; x_wconf 88' lang='lat' dir='ltr'><strong>est</strong></span> <span class='ocrx_word' id='word_1_72' title='bbox 619 1316 672 1370; x_wconf 92' lang='lat' dir='ltr'><strong>in</strong></span> <span class='ocrx_word' id='word_1_73' title='bbox 718 1315 935 1386; x_wconf 72' lang='lat' dir='ltr'><strong>Ioseph,</strong></span> <span class='ocrx_word' id='word_1_74' title='bbox 989 1333 1145 1386; x_wconf 90' lang='lat' dir='ltr'><strong>quem</strong></span> <span class='ocrx_word' id='word_1_75' title='bbox 1179 1320 1367 1375; x_wconf 80' lang='lat' dir='ltr'><strong>fratres</strong></span> <span class='ocrx_word' id='word_1_76' title='bbox 1413 1321 1706 1380; x_wconf 83' lang='lat' dir='ltr'><strong>vendentes</strong></span> <span class='ocrx_word' id='word_1_77' title='bbox 1754 1324 2066 1395; x_wconf 88' lang='lat' dir='ltr'><strong>abjecernnt</strong></span> 
     </span>
    </p>
   </div>
   <div class='ocr_carea' id='block_1_12' title="bbox 487 1405 2065 1486">
    <p class='ocr_par' dir='ltr' id='par_1_12' title="bbox 487 1405 2065 1486">
     <span class='ocr_line' id='line_1_12' title="bbox 487 1405 2065 1486; baseline 0.006 -24"><span class='ocrx_word' id='word_1_78' title='bbox 487 1405 640 1478; x_wconf 77' lang='lat' dir='ltr'><strong>(Gen.</strong></span> <span class='ocrx_word' id='word_1_79' title='bbox 663 1423 869 1475; x_wconf 80' lang='lat' dir='ltr'><strong>xxxvu,</strong></span> <span class='ocrx_word' id='word_1_80' title='bbox 900 1410 994 1481; x_wconf 71' lang='lat'><strong>28)</strong></span> <span class='ocrx_word' id='word_1_81' title='bbox 1017 1426 1033 1476; x_wconf 91' lang='lat'><strong>;</strong></span> <span class='ocrx_word' id='word_1_82' title='bbox 1058 1420 1113 1466; x_wconf 91' lang='lat' dir='ltr'><strong>et</strong></span> <span class='ocrx_word' id='word_1_83' title='bbox 1131 1419 1250 1467; x_wconf 85' lang='lat' dir='ltr'><strong>eum</strong></span> <span class='ocrx_word' id='word_1_84' title='bbox 1277 1412 1414 1468; x_wconf 83' lang='lat' dir='ltr'><strong>fame</strong></span> <span class='ocrx_word' id='word_1_85' title='bbox 1440 1414 1834 1484; x_wconf 88' lang='lat' dir='ltr'><strong>tribularentur,</strong></span> <span class='ocrx_word' id='word_1_86' title='bbox 1861 1416 1928 1470; x_wconf 91' lang='lat' dir='ltr'><strong>ad</strong></span> <span class='ocrx_word' id='word_1_87' title='bbox 1949 1417 2065 1486; x_wconf 86' lang='lat' dir='ltr'><strong>ejus</strong></span> 
     </span>
    </p>
   </div>
   <div class='ocr_carea' id='block_1_13' title="bbox 486 1499 2060 1578">
    <p class='ocr_par' dir='ltr' id='par_1_13' title="bbox 486 1499 2060 1578">
     <span class='ocr_line' id='line_1_13' title="bbox 486 1499 2060 1578; baseline 0.004 -26"><span class='ocrx_word' id='word_1_88' title='bbox 486 1512 642 1568; x_wconf 84' lang='lat' dir='ltr'><strong>opem</strong></span> <span class='ocrx_word' id='word_1_89' title='bbox 668 1499 1190 1572; x_wconf 81' lang='lat' dir='ltr'><strong>misericordiamque</strong></span> <span class='ocrx_word' id='word_1_90' title='bbox 1213 1505 1455 1558; x_wconf 88' lang='lat' dir='ltr'><strong>conversi</strong></span> <span class='ocrx_word' id='word_1_91' title='bbox 1479 1512 1602 1560; x_wconf 90' lang='lat' dir='ltr'><strong>sunt</strong></span> <span class='ocrx_word' id='word_1_92' title='bbox 1628 1503 1736 1578; x_wconf 83' lang='lat' dir='ltr'><strong>(Id.</strong></span> <span class='ocrx_word' id='word_1_93' title='bbox 1766 1504 2060 1577; x_wconf 73' lang='lat' dir='ltr'><strong>XLII-XLIV).</strong></span> 
     </span>
    </p>
   </div>
   <div class='ocr_carea' id='block_1_14' title="bbox 487 1590 2060 1664">
    <p class='ocr_par' dir='ltr' id='par_1_14' title="bbox 487 1590 2060 1664">
     <span class='ocr_line' id='line_1_14' title="bbox 487 1590 2060 1664; baseline 0.004 -20"><span class='ocrx_word' id='word_1_94' title='bbox 487 1590 585 1646; x_wconf 81' lang='lat' dir='ltr'><strong>Hic</strong></span> <span class='ocrx_word' id='word_1_95' title='bbox 606 1606 734 1647; x_wconf 82' lang='lat' dir='ltr'><strong>vero</strong></span> <span class='ocrx_word' id='word_1_96' title='bbox 758 1591 926 1647; x_wconf 87' lang='lat' dir='ltr'><strong>multo</strong></span> <span class='ocrx_word' id='word_1_97' title='bbox 950 1594 1177 1663; x_wconf 84' lang='lat' dir='ltr'><strong>amplius</strong></span> <span class='ocrx_word' id='word_1_98' title='bbox 1197 1595 1370 1651; x_wconf 88' lang='lat' dir='ltr'><strong>elucet</strong></span> <span class='ocrx_word' id='word_1_99' title='bbox 1398 1594 1714 1664; x_wconf 88' lang='lat' dir='ltr'><strong>signiﬁcatio</strong></span> <span class='ocrx_word' id='word_1_100' title='bbox 1742 1596 2060 1663; x_wconf 79' lang='lat' dir='ltr'><strong>futurorum,</strong></span> 
     </span>
    </p>
   </div>
   <div class='ocr_carea' id='block_1_15' title="bbox 482 1681 2059 1758">
    <p class='ocr_par' dir='ltr' id='par_1_15' title="bbox 482 1681 2059 1758">
     <span class='ocr_line' id='line_1_15' title="bbox 482 1681 2059 1758; baseline 0.004 -23"><span class='ocrx_word' id='word_1_101' title='bbox 482 1681 625 1752; x_wconf 85' lang='lat' dir='ltr'><strong>quod</strong></span> <span class='ocrx_word' id='word_1_102' title='bbox 653 1697 757 1737; x_wconf 87' lang='lat' dir='ltr'><strong>non</strong></span> <span class='ocrx_word' id='word_1_103' title='bbox 789 1683 888 1754; x_wconf 86' lang='lat' dir='ltr'><strong>ipsi</strong></span> <span class='ocrx_word' id='word_1_104' title='bbox 921 1699 1138 1754; x_wconf 90' lang='lat' dir='ltr'><strong>prorsus</strong></span> <span class='ocrx_word' id='word_1_105' title='bbox 1183 1683 1374 1742; x_wconf 76' lang='lat' dir='ltr'><strong>fratres</strong></span> <span class='ocrx_word' id='word_1_106' title='bbox 1402 1689 1492 1758; x_wconf 90' lang='lat' dir='ltr'><strong>qui</strong></span> <span class='ocrx_word' id='word_1_107' title='bbox 1521 1687 1794 1756; x_wconf 89' lang='lat' dir='ltr'><strong>ejecerunt</strong></span> <span class='ocrx_word' id='word_1_108' title='bbox 1833 1687 2059 1758; x_wconf 87' lang='lat' dir='ltr'><strong>Jephte,</strong></span> 
     </span>
    </p>
   </div>
   <div class='ocr_carea' id='block_1_16' title="bbox 482 1773 2065 1850">
    <p class='ocr_par' dir='ltr' id='par_1_16' title="bbox 482 1773 2065 1850">
     <span class='ocr_line' id='line_1_16' title="bbox 482 1773 2065 1850; baseline 0.007 -24"><span class='ocrx_word' id='word_1_109' title='bbox 482 1773 549 1828; x_wconf 85' lang='lat' dir='ltr'><strong>ad</strong></span> <span class='ocrx_word' id='word_1_110' title='bbox 579 1788 700 1830; x_wconf 88' lang='lat' dir='ltr'><strong>eum</strong></span> <span class='ocrx_word' id='word_1_111' title='bbox 731 1786 1026 1844; x_wconf 78' lang='lat' dir='ltr'><strong>venerunt;</strong></span> <span class='ocrx_word' id='word_1_112' title='bbox 1069 1777 1164 1834; x_wconf 85' lang='lat' dir='ltr'><strong>sed</strong></span> <span class='ocrx_word' id='word_1_113' title='bbox 1189 1777 1386 1835; x_wconf 88' lang='lat' dir='ltr'><strong>Galaad</strong></span> <span class='ocrx_word' id='word_1_114' title='bbox 1414 1780 1652 1834; x_wconf 85' lang='lat' dir='ltr'><strong>seniores</strong></span> <span class='ocrx_word' id='word_1_115' title='bbox 1694 1795 1796 1850; x_wconf 89' lang='lat' dir='ltr'><strong>pro</strong></span> <span class='ocrx_word' id='word_1_116' title='bbox 1816 1781 2065 1837; x_wconf 82' lang='lat' dir='ltr'><strong>universo</strong></span> 
     </span>
    </p>
   </div>
   <div class='ocr_carea' id='block_1_17' title="bbox 482 1867 2060 1945">
    <p class='ocr_par' dir='ltr' id='par_1_17' title="bbox 482 1867 2060 1945">
     <span class='ocr_line' id='line_1_17' title="bbox 482 1867 2060 1945; baseline 0.006 -26"><span class='ocrx_word' id='word_1_117' title='bbox 482 1867 574 1920; x_wconf 88' lang='lat' dir='ltr'><strong>illo</strong></span> <span class='ocrx_word' id='word_1_118' title='bbox 601 1867 797 1936; x_wconf 87' lang='lat' dir='ltr'><strong>populo</strong></span> <span class='ocrx_word' id='word_1_119' title='bbox 826 1867 999 1925; x_wconf 90' lang='lat' dir='ltr'><strong>eidem</strong></span> <span class='ocrx_word' id='word_1_120' title='bbox 1027 1871 1407 1941; x_wconf 79' lang='lat' dir='ltr'><strong>supplicantes.</strong></span> <span class='ocrx_word' id='word_1_121' title='bbox 1436 1872 1584 1929; x_wconf 81' lang='lat' dir='ltr'><strong>Sicut</strong></span> <span class='ocrx_word' id='word_1_122' title='bbox 1609 1873 1793 1930; x_wconf 89' lang='lat' dir='ltr'><strong>eadem</strong></span> <span class='ocrx_word' id='word_1_123' title='bbox 1822 1888 1952 1945; x_wconf 91' lang='lat' dir='ltr'><strong>gens</strong></span> <span class='ocrx_word' id='word_1_124' title='bbox 1976 1874 2060 1928; x_wconf 92' lang='lat' dir='ltr'><strong>di-</strong></span> 
     </span>
    </p>
   </div>
   <div class='ocr_carea' id='block_1_18' title="bbox 482 1959 2062 2036">
    <p class='ocr_par' dir='ltr' id='par_1_18' title="bbox 482 1959 2062 2036">
     <span class='ocr_line' id='line_1_18' title="bbox 482 1959 2062 2036; baseline 0.005 -23"><span class='ocrx_word' id='word_1_125' title='bbox 482 1959 620 2013; x_wconf 86' lang='lat' dir='ltr'><strong>citur</strong></span> <span class='ocrx_word' id='word_1_126' title='bbox 643 1959 822 2026; x_wconf 90' lang='lat' dir='ltr'><strong>Israel,</strong></span> <span class='ocrx_word' id='word_1_127' title='bbox 852 1960 965 2016; x_wconf 91' lang='lat' dir='ltr'><strong>sive</strong></span> <span class='ocrx_word' id='word_1_128' title='bbox 981 1961 1033 2016; x_wconf 90' lang='lat' dir='ltr'><strong>in</strong></span> <span class='ocrx_word' id='word_1_129' title='bbox 1055 1962 1132 2017; x_wconf 89' lang='lat' dir='ltr'><strong>eis</strong></span> <span class='ocrx_word' id='word_1_130' title='bbox 1158 1964 1246 2034; x_wconf 88' lang='lat' dir='ltr'><strong>qui</strong></span> <span class='ocrx_word' id='word_1_131' title='bbox 1278 1972 1401 2018; x_wconf 89' lang='lat' dir='ltr'><strong>tunc</strong></span> <span class='ocrx_word' id='word_1_132' title='bbox 1431 1963 1660 2031; x_wconf 65' lang='lat' dir='ltr'><strong>fuerunt,</strong></span> <span class='ocrx_word' id='word_1_133' title='bbox 1691 1965 2062 2036; x_wconf 86' lang='lat' dir='ltr'><strong>Christumque</strong></span> 
     </span>
    </p>
   </div>
   <div class='ocr_carea' id='block_1_19' title="bbox 481 2051 2063 2128">
    <p class='ocr_par' dir='ltr' id='par_1_19' title="bbox 481 2051 2063 2128">
     <span class='ocr_line' id='line_1_19' title="bbox 481 2051 2063 2128; baseline 0.006 -24"><span class='ocrx_word' id='word_1_134' title='bbox 481 2051 922 2121; x_wconf 74' lang='lat' dir='ltr'><strong>reprobo-verunt,</strong></span> <span class='ocrx_word' id='word_1_135' title='bbox 965 2055 1078 2111; x_wconf 89' lang='lat' dir='ltr'><strong>sive</strong></span> <span class='ocrx_word' id='word_1_136' title='bbox 1117 2056 1173 2110; x_wconf 77' lang='lat' dir='ltr'><strong>in.</strong></span> <span class='ocrx_word' id='word_1_137' title='bbox 1200 2056 1277 2112; x_wconf 90' lang='lat' dir='ltr'><strong>eis</strong></span> <span class='ocrx_word' id='word_1_138' title='bbox 1315 2055 1403 2127; x_wconf 91' lang='lat' dir='ltr'><strong>qui</strong></span> <span class='ocrx_word' id='word_1_139' title='bbox 1441 2057 1506 2110; x_wconf 89' lang='lat' dir='ltr'><strong>ad</strong></span> <span class='ocrx_word' id='word_1_140' title='bbox 1535 2057 1653 2123; x_wconf 89' lang='lat' dir='ltr'><strong>ejus</strong></span> <span class='ocrx_word' id='word_1_141' title='bbox 1681 2071 1834 2128; x_wconf 81' lang='lat' dir='ltr'><strong>Opem</strong></span> <span class='ocrx_word' id='word_1_142' title='bbox 1878 2066 2063 2128; x_wconf 89' lang='lat' dir='ltr'><strong>postea</strong></span> 
     </span>
    </p>
   </div>
   <div class='ocr_carea' id='block_1_20' title="bbox 483 2137 2060 2216">
    <p class='ocr_par' dir='ltr' id='par_1_20' title="bbox 483 2137 2060 2216">
     <span class='ocr_line' id='line_1_20' title="bbox 483 2137 2060 2216; baseline 0.004 -20"><span class='ocrx_word' id='word_1_143' title='bbox 483 2144 683 2197; x_wconf 81' lang='lat' dir='ltr'><strong>reversi</strong></span> <span class='ocrx_word' id='word_1_144' title='bbox 714 2152 857 2199; x_wconf 83' lang='lat' dir='ltr'><strong>sunt.</strong></span> <span class='ocrx_word' id='word_1_145' title='bbox 902 2146 1112 2216; x_wconf 84' lang='lat' dir='ltr'><strong>Populo</strong></span> <span class='ocrx_word' id='word_1_146' title='bbox 1151 2147 1293 2202; x_wconf 87' lang='lat' dir='ltr'><strong>enim</strong></span> <span class='ocrx_word' id='word_1_147' title='bbox 1340 2137 1532 2203; x_wconf 86' lang='lat' dir='ltr'><strong>dicitur</strong></span> <span class='ocrx_word' id='word_1_148' title='bbox 1576 2147 1812 2212; x_wconf 85' lang='lat' dir='ltr'><strong>inimico,</strong></span> <span class='ocrx_word' id='word_1_149' title='bbox 1855 2149 1966 2204; x_wconf 88' lang='lat' dir='ltr'><strong>sive</strong></span> <span class='ocrx_word' id='word_1_150' title='bbox 2007 2148 2060 2203; x_wconf 92' lang='lat' dir='ltr'><strong>in</strong></span> 
     </span>
    </p>
   </div>
   <div class='ocr_carea' id='block_1_21' title="bbox 481 2235 2060 2310">
    <p class='ocr_par' dir='ltr' id='par_1_21' title="bbox 481 2235 2060 2310">
     <span class='ocr_line' id='line_1_21' title="bbox 481 2235 2060 2310; baseline 0.004 -21"><span class='ocrx_word' id='word_1_151' title='bbox 481 2235 771 2305; x_wconf 88' lang='lat' dir='ltr'><strong>majoribus</strong></span> <span class='ocrx_word' id='word_1_152' title='bbox 813 2237 926 2294; x_wconf 87' lang='lat' dir='ltr'><strong>sive</strong></span> <span class='ocrx_word' id='word_1_153' title='bbox 970 2239 1022 2292; x_wconf 92' lang='lat' dir='ltr'><strong>in</strong></span> <span class='ocrx_word' id='word_1_154' title='bbox 1067 2240 1292 2308; x_wconf 88' lang='lat' dir='ltr'><strong>posteris</strong></span> <span class='ocrx_word' id='word_1_155' title='bbox 1331 2240 1443 2294; x_wconf 83' lang='lat' dir='ltr'><strong>suis</strong></span> <span class='ocrx_word' id='word_1_156' title='bbox 1484 2239 1638 2310; x_wconf 87' lang='lat' dir='ltr'><strong>longa</strong></span> <span class='ocrx_word' id='word_1_157' title='bbox 1677 2240 1798 2296; x_wconf 91' lang='lat' dir='ltr'><strong>odia</strong></span> <span class='ocrx_word' id='word_1_158' title='bbox 1829 2240 2060 2296; x_wconf 86' lang='lat' dir='ltr'><strong>trahenti</strong></span> 
     </span>
    </p>
   </div>
   <div class='ocr_carea' id='block_1_22' title="bbox 479 2329 2062 2403">
    <p class='ocr_par' dir='ltr' id='par_1_22' title="bbox 479 2329 2062 2403">
     <span class='ocr_line' id='line_1_22' title="bbox 479 2329 2062 2403; baseline 0.006 -24"><span class='ocrx_word' id='word_1_159' title='bbox 479 2335 639 2396; x_wconf 88' lang='lat' dir='ltr'><strong>atque</strong></span> <span class='ocrx_word' id='word_1_160' title='bbox 666 2329 926 2396; x_wconf 89' lang='lat' dir='ltr'><strong>servanti,</strong></span> <span class='ocrx_word' id='word_1_161' title='bbox 967 2329 1286 2401; x_wconf 88' lang='lat' dir='ltr'><strong>tandemque</strong></span> <span class='ocrx_word' id='word_1_162' title='bbox 1326 2345 1587 2387; x_wconf 89' lang='lat' dir='ltr'><strong>converso</strong></span> <span class='ocrx_word' id='word_1_163' title='bbox 1616 2332 1669 2386; x_wconf 91' lang='lat' dir='ltr'><strong>in</strong></span> <span class='ocrx_word' id='word_1_164' title='bbox 1699 2333 1777 2388; x_wconf 91' lang='lat' dir='ltr'><strong>eis</strong></span> <span class='ocrx_word' id='word_1_165' title='bbox 1804 2333 1894 2403; x_wconf 89' lang='lat' dir='ltr'><strong>qui</strong></span> <span class='ocrx_word' id='word_1_166' title='bbox 1938 2341 2062 2388; x_wconf 88' lang='lat' dir='ltr'><strong>tunc</strong></span> 
     </span>
    </p>
   </div>
   <div class='ocr_carea' id='block_1_23' title="bbox 479 2420 2058 2496">
    <p class='ocr_par' dir='ltr' id='par_1_23' title="bbox 479 2420 2058 2496">
     <span class='ocr_line' id='line_1_23' title="bbox 479 2420 2058 2496; baseline 0.004 -23"><span class='ocrx_word' id='word_1_167' title='bbox 479 2420 825 2476; x_wconf 81' lang='lat' dir='ltr'><strong>convertendi</strong></span> <span class='ocrx_word' id='word_1_168' title='bbox 851 2430 994 2486; x_wconf 89' lang='lat' dir='ltr'><strong>sunt,</strong></span> <span class='ocrx_word' id='word_1_169' title='bbox 1028 2421 1214 2477; x_wconf 85' lang='lat' dir='ltr'><strong>Nonne</strong></span> <span class='ocrx_word' id='word_1_170' title='bbox 1233 2439 1317 2478; x_wconf 86' lang='lat' dir='ltr'><strong>vos</strong></span> <span class='ocrx_word' id='word_1_171' title='bbox 1341 2424 1457 2478; x_wconf 86' lang='lat' dir='ltr'><strong>odio</strong></span> <span class='ocrx_word' id='word_1_172' title='bbox 1484 2424 1728 2479; x_wconf 86' lang='lat' dir='ltr'><strong>habuistis</strong></span> <span class='ocrx_word' id='word_1_173' title='bbox 1753 2441 1850 2492; x_wconf 88' lang='lat' dir='ltr'><strong>me,</strong></span> <span class='ocrx_word' id='word_1_174' title='bbox 1879 2435 1928 2481; x_wconf 89' lang='lat' dir='ltr'><strong>et</strong></span> <span class='ocrx_word' id='word_1_175' title='bbox 1956 2426 2058 2496; x_wconf 83' lang='lat' dir='ltr'><strong>eje-</strong></span> 
     </span>
    </p>
   </div>
   <div class='ocr_carea' id='block_1_24' title="bbox 480 2510 2062 2584">
    <p class='ocr_par' dir='ltr' id='par_1_24' title="bbox 480 2510 2062 2584">
     <span class='ocr_line' id='line_1_24' title="bbox 480 2510 2062 2584; baseline 0.007 -21"><span class='ocrx_word' id='word_1_176' title='bbox 480 2510 621 2566; x_wconf 26' lang='lat' dir='ltr'><strong>cistis.</strong></span> <span class='ocrx_word' id='word_1_177' title='bbox 651 2527 728 2566; x_wconf 86' lang='lat' dir='ltr'><strong>me</strong></span> <span class='ocrx_word' id='word_1_178' title='bbox 753 2511 817 2566; x_wconf 87' lang='lat' dir='ltr'><strong>de</strong></span> <span class='ocrx_word' id='word_1_179' title='bbox 839 2513 990 2567; x_wconf 83' lang='lat' dir='ltr'><strong>domo</strong></span> <span class='ocrx_word' id='word_1_180' title='bbox 1017 2514 1178 2584; x_wconf 84' lang='lat' dir='ltr'><strong>patris</strong></span> <span class='ocrx_word' id='word_1_181' title='bbox 1199 2515 1335 2570; x_wconf 86' lang='lat' dir='ltr'><strong>mei?</strong></span> <span class='ocrx_word' id='word_1_182' title='bbox 1359 2515 1471 2571; x_wconf 79' lang='lat' dir='ltr'><strong>Hoc</strong></span> <span class='ocrx_word' id='word_1_183' title='bbox 1496 2517 1638 2575; x_wconf 84' lang='lat' dir='ltr'><strong>enim</strong></span> <span class='ocrx_word' id='word_1_184' title='bbox 1667 2517 1746 2572; x_wconf 89' lang='lat' dir='ltr'><strong>eis</strong></span> <span class='ocrx_word' id='word_1_185' title='bbox 1775 2517 1942 2572; x_wconf 85' lang='lat' dir='ltr'><strong>visum</strong></span> <span class='ocrx_word' id='word_1_186' title='bbox 1979 2527 2062 2574; x_wconf 85' lang='grc' dir='ltr'><strong>εει</strong></span> 
     </span>
    </p>
   </div>
   <div class='ocr_carea' id='block_1_25' title="bbox 479 2601 2060 2677">
    <p class='ocr_par' dir='ltr' id='par_1_25' title="bbox 479 2601 2060 2677">
     <span class='ocr_line' id='line_1_25' title="bbox 479 2601 2060 2677; baseline 0.008 -22"><span class='ocrx_word' id='word_1_187' title='bbox 479 2601 569 2672; x_wconf 87' lang='lat' dir='ltr'><strong>qni</strong></span> <span class='ocrx_word' id='word_1_188' title='bbox 595 2605 855 2673; x_wconf 87' lang='lat' dir='ltr'><strong>persecuti</strong></span> <span class='ocrx_word' id='word_1_189' title='bbox 884 2613 1030 2673; x_wconf 82' lang='lat' dir='ltr'><strong>sunt,</strong></span> <span class='ocrx_word' id='word_1_190' title='bbox 1060 2606 1202 2676; x_wconf 86' lang='lat' dir='ltr'><strong>quod</strong></span> <span class='ocrx_word' id='word_1_191' title='bbox 1223 2608 1492 2677; x_wconf 88' lang='lat' dir='ltr'><strong>ejecerunt</strong></span> <span class='ocrx_word' id='word_1_192' title='bbox 1512 2609 1781 2664; x_wconf 83' lang='lat' dir='ltr'><strong>Christum</strong></span> <span class='ocrx_word' id='word_1_193' title='bbox 1807 2611 1873 2667; x_wconf 89' lang='lat' dir='ltr'><strong>de</strong></span> <span class='ocrx_word' id='word_1_194' title='bbox 1899 2611 2060 2668; x_wconf 91' lang='lat' dir='ltr'><strong>domo</strong></span> 
     </span>
    </p>
   </div>
   <div class='ocr_carea' id='block_1_26' title="bbox 478 2693 1986 2773">
    <p class='ocr_par' dir='ltr' id='par_1_26' title="bbox 478 2693 1986 2773">
     <span class='ocr_line' id='line_1_26' title="bbox 478 2693 1986 2773; baseline 0.003 -24"><span class='ocrx_word' id='word_1_195' title='bbox 478 2693 668 2762; x_wconf 81' lang='lat' dir='ltr'><strong>David,</strong></span> <span class='ocrx_word' id='word_1_196' title='bbox 696 2695 748 2750; x_wconf 92' lang='lat' dir='ltr'><strong>in</strong></span> <span class='ocrx_word' id='word_1_197' title='bbox 779 2712 880 2766; x_wconf 91' lang='lat' dir='ltr'><strong>qua</strong></span> <span class='ocrx_word' id='word_1_198' title='bbox 903 2698 1049 2768; x_wconf 82' lang='lat' dir='ltr'><strong>regni</strong></span> <span class='ocrx_word' id='word_1_199' title='bbox 1081 2697 1195 2767; x_wconf 82' lang='lat' dir='ltr'><strong>ejus</strong></span> <span class='ocrx_word' id='word_1_200' title='bbox 1224 2713 1333 2754; x_wconf 87' lang='lat' dir='ltr'><strong>non</strong></span> <span class='ocrx_word' id='word_1_201' title='bbox 1354 2699 1456 2754; x_wconf 91' lang='lat' dir='ltr'><strong>erit</strong></span> <span class='ocrx_word' id='word_1_202' title='bbox 1482 2699 1601 2755; x_wconf 89' lang='lat' dir='ltr'><strong>ﬁnis</strong></span> <span class='ocrx_word' id='word_1_203' title='bbox 1629 2700 1777 2772; x_wconf 87' lang='lat' dir='ltr'><strong>(Luc.</strong></span> <span class='ocrx_word' id='word_1_204' title='bbox 1808 2718 1852 2771; x_wconf 86' lang='lat' dir='ltr'><strong>t,</strong></span> <span class='ocrx_word' id='word_1_205' title='bbox 1875 2701 1986 2773; x_wconf 79' lang='grc'><strong>55).</strong></span> 
     </span>
    </p>
   </div>
   <div class='ocr_carea' id='block_1_27' title="bbox 550 2785 2059 2861">
    <p class='ocr_par' dir='ltr' id='par_1_27' title="bbox 550 2785 2059 2861">
     <span class='ocr_line' id='line_1_27' title="bbox 550 2785 2059 2861; baseline 0.004 -21"><span class='ocrx_word' id='word_1_206' title='bbox 550 2785 619 2840; x_wconf 91' lang='lat' dir='ltr'><strong>Et</strong></span> <span class='ocrx_word' id='word_1_207' title='bbox 635 2785 869 2842; x_wconf 79' lang='lat' dir='ltr'><strong>dixerunt</strong></span> <span class='ocrx_word' id='word_1_208' title='bbox 884 2790 1103 2844; x_wconf 83' lang='lat' dir='ltr'><strong>seniores</strong></span> <span class='ocrx_word' id='word_1_209' title='bbox 1127 2788 1327 2843; x_wconf 80' lang='lat' dir='ltr'><strong>Galaad</strong></span> <span class='ocrx_word' id='word_1_210' title='bbox 1350 2790 1418 2843; x_wconf 80' lang='lat' dir='ltr'><strong>ad</strong></span> <span class='ocrx_word' id='word_1_211' title='bbox 1435 2790 1619 2861; x_wconf 76' lang='lat' dir='ltr'><strong>Iephte</strong></span> <span class='ocrx_word' id='word_1_212' title='bbox 1643 2808 1662 2846; x_wconf 90' lang='lat'><strong><em>:</em></strong></span> <span class='ocrx_word' id='word_1_213' title='bbox 1687 2791 1806 2848; x_wconf 89' lang='lat' dir='ltr'><strong>Non</strong></span> <span class='ocrx_word' id='word_1_214' title='bbox 1823 2794 1895 2847; x_wconf 86' lang='lat' dir='ltr'><strong>sic</strong></span> <span class='ocrx_word' id='word_1_215' title='bbox 1911 2793 2059 2847; x_wconf 87' lang='lat' dir='ltr'><strong>modo</strong></span> 
     </span>
    </p>
   </div>
   <div class='ocr_carea' id='block_1_28' title="bbox 477 2875 2060 2949">
    <p class='ocr_par' dir='ltr' id='par_1_28' title="bbox 477 2875 2060 2949">
     <span class='ocr_line' id='line_1_28' title="bbox 477 2875 2060 2949; baseline 0.006 -19"><span class='ocrx_word' id='word_1_216' title='bbox 477 2875 701 2932; x_wconf 67' lang='lat' dir='ltr'><strong>venimus</strong></span> <span class='ocrx_word' id='word_1_217' title='bbox 725 2878 794 2931; x_wconf 84' lang='lat' dir='ltr'><strong>ad</strong></span> <span class='ocrx_word' id='word_1_218' title='bbox 829 2887 894 2932; x_wconf 85' lang='lat' dir='ltr'><strong>te.</strong></span> <span class='ocrx_word' id='word_1_219' title='bbox 941 2878 1210 2949; x_wconf 83' lang='lat' dir='ltr'><strong>Tanquam</strong></span> <span class='ocrx_word' id='word_1_220' title='bbox 1255 2879 1495 2937; x_wconf 85' lang='lat' dir='ltr'><strong>dicerent</strong></span> <span class='ocrx_word' id='word_1_221' title='bbox 1519 2881 1685 2938; x_wconf 76' lang='lat' dir='ltr'><strong>Judaei</strong></span> <span class='ocrx_word' id='word_1_222' title='bbox 1712 2885 1953 2940; x_wconf 82' lang='lat' dir='ltr'><strong>conversi</strong></span> <span class='ocrx_word' id='word_1_223' title='bbox 1991 2884 2060 2939; x_wconf 85' lang='lat' dir='ltr'><strong>ad</strong></span> 
     </span>
    </p>
   </div>
   <div class='ocr_carea' id='block_1_29' title="bbox 477 2965 2059 3044">
    <p class='ocr_par' dir='ltr' id='par_1_29' title="bbox 477 2965 2059 3044">
     <span class='ocr_line' id='line_1_29' title="bbox 477 2965 2059 3044; baseline 0.007 -23"><span class='ocrx_word' id='word_1_224' title='bbox 477 2965 790 3022; x_wconf 86' lang='lat' dir='ltr'><strong>Christum:</strong></span> <span class='ocrx_word' id='word_1_225' title='bbox 821 2968 972 3024; x_wconf 81' lang='lat' dir='ltr'><strong>Tune</strong></span> <span class='ocrx_word' id='word_1_226' title='bbox 1015 2971 1257 3026; x_wconf 86' lang='lat' dir='ltr'><strong>venimus</strong></span> <span class='ocrx_word' id='word_1_227' title='bbox 1297 2980 1355 3026; x_wconf 92' lang='lat' dir='ltr'><strong>ut</strong></span> <span class='ocrx_word' id='word_1_228' title='bbox 1394 2988 1855 3044; x_wconf 88' lang='lat' dir='ltr'><strong>persequeremur,</strong></span> <span class='ocrx_word' id='word_1_229' title='bbox 1899 2977 2059 3032; x_wconf 91' lang='lat' dir='ltr'><strong>modo</strong></span> 
     </span>
    </p>
   </div>
   <div class='ocr_carea' id='block_1_30' title="bbox 478 3058 2058 3131">
    <p class='ocr_par' dir='ltr' id='par_1_30' title="bbox 478 3058 2058 3131">
     <span class='ocr_line' id='line_1_30' title="bbox 478 3058 2058 3131; baseline 0.008 -22"><span class='ocrx_word' id='word_1_230' title='bbox 478 3058 724 3114; x_wconf 84' lang='lat' dir='ltr'><strong>venimus</strong></span> <span class='ocrx_word' id='word_1_231' title='bbox 773 3070 829 3114; x_wconf 88' lang='lat' dir='ltr'><strong>ut</strong></span> <span class='ocrx_word' id='word_1_232' title='bbox 875 3075 1177 3131; x_wconf 86' lang='lat' dir='ltr'><strong>sequamur.</strong></span> <span class='ocrx_word' id='word_1_233' title='bbox 1228 3063 1549 3120; x_wconf 85' lang='lat' dir='ltr'><strong>Proﬁtentur</strong></span> <span class='ocrx_word' id='word_1_234' title='bbox 1598 3066 1757 3121; x_wconf 84' lang='lat' dir='ltr'><strong>etiam</strong></span> <span class='ocrx_word' id='word_1_235' title='bbox 1803 3066 2058 3122; x_wconf 90' lang='lat' dir='ltr'><strong>adversus</strong></span> 
     </span>
    </p>
   </div>
   <div class='ocr_carea' id='block_1_31' title="bbox 478 3152 2060 3228">
    <p class='ocr_par' dir='ltr' id='par_1_31' title="bbox 478 3152 2060 3228">
     <span class='ocr_line' id='line_1_31' title="bbox 478 3152 2060 3228; baseline 0.006 -22"><span class='ocrx_word' id='word_1_236' title='bbox 478 3152 724 3208; x_wconf 80' lang='lat' dir='ltr'><strong>inimicos</strong></span> <span class='ocrx_word' id='word_1_237' title='bbox 739 3167 859 3209; x_wconf 90' lang='lat' dir='ltr'><strong>eum</strong></span> <span class='ocrx_word' id='word_1_238' title='bbox 878 3153 1106 3210; x_wconf 82' lang='lat' dir='ltr'><strong>futurum</strong></span> <span class='ocrx_word' id='word_1_239' title='bbox 1136 3155 1233 3211; x_wconf 86' lang='lat' dir='ltr'><strong>sibi</strong></span> <span class='ocrx_word' id='word_1_240' title='bbox 1250 3166 1429 3228; x_wconf 86' lang='lat' dir='ltr'><strong>caput.</strong></span> <span class='ocrx_word' id='word_1_241' title='bbox 1456 3157 1760 3227; x_wconf 78' lang='lat' dir='ltr'><strong>ReSpondet</strong></span> <span class='ocrx_word' id='word_1_242' title='bbox 1785 3159 1891 3224; x_wconf 90' lang='lat' dir='ltr'><strong>ille,</strong></span> <span class='ocrx_word' id='word_1_243' title='bbox 1909 3160 1952 3214; x_wconf 91' lang='lat' dir='ltr'><strong>si</strong></span> <span class='ocrx_word' id='word_1_244' title='bbox 1975 3174 2060 3215; x_wconf 92' lang='lat' dir='ltr'><strong>eo-</strong></span> 
     </span>
    </p>
   </div>
   <div class='ocr_carea' id='block_1_32' title="bbox 477 3245 2058 3320">
    <p class='ocr_par' dir='ltr' id='par_1_32' title="bbox 477 3245 2058 3320">
     <span class='ocr_line' id='line_1_32' title="bbox 477 3245 2058 3320; baseline 0.003 -19"><span class='ocrx_word' id='word_1_245' title='bbox 477 3262 597 3301; x_wconf 82' lang='lat' dir='ltr'><strong>rum</strong></span> <span class='ocrx_word' id='word_1_246' title='bbox 617 3245 803 3301; x_wconf 90' lang='lat' dir='ltr'><strong>vicerit</strong></span> <span class='ocrx_word' id='word_1_247' title='bbox 827 3247 1091 3315; x_wconf 87' lang='lat' dir='ltr'><strong>inimicos,</strong></span> <span class='ocrx_word' id='word_1_248' title='bbox 1113 3247 1256 3318; x_wconf 89' lang='lat' dir='ltr'><strong>quod</strong></span> <span class='ocrx_word' id='word_1_249' title='bbox 1280 3249 1383 3304; x_wconf 90' lang='lat' dir='ltr'><strong>erit</strong></span> <span class='ocrx_word' id='word_1_250' title='bbox 1410 3249 1488 3304; x_wconf 90' lang='lat' dir='ltr'><strong>eis</strong></span> <span class='ocrx_word' id='word_1_251' title='bbox 1506 3250 1557 3302; x_wconf 91' lang='lat' dir='ltr'><strong>in</strong></span> <span class='ocrx_word' id='word_1_252' title='bbox 1581 3250 1872 3320; x_wconf 88' lang='lat' dir='ltr'><strong>principem</strong></span> <span class='ocrx_word' id='word_1_253' title='bbox 1889 3268 1902 3304; x_wconf 91' lang='lat'>:</span> <span class='ocrx_word' id='word_1_254' title='bbox 1918 3251 2058 3319; x_wconf 94' lang='lat' dir='ltr'><strong>quod</strong></span> 
     </span>
    </p>
   </div>
   <div class='ocr_carea' id='block_1_33' title="bbox 478 3339 2059 3413">
    <p class='ocr_par' dir='ltr' id='par_1_33' title="bbox 478 3339 2059 3413">
     <span class='ocr_line' id='line_1_33' title="bbox 478 3339 2059 3413; baseline 0 -15"><span class='ocrx_word' id='word_1_255' title='bbox 478 3339 694 3398; x_wconf 83' lang='lat' dir='ltr'><strong>Gedeon</strong></span> <span class='ocrx_word' id='word_1_256' title='bbox 714 3340 900 3405; x_wconf 88' lang='lat' dir='ltr'><strong>noluit,</strong></span> <span class='ocrx_word' id='word_1_257' title='bbox 929 3355 1051 3397; x_wconf 88' lang='lat' dir='ltr'><strong>cum</strong></span> <span class='ocrx_word' id='word_1_258' title='bbox 1076 3340 1131 3396; x_wconf 88' lang='lat' dir='ltr'><strong>id</strong></span> <span class='ocrx_word' id='word_1_259' title='bbox 1155 3340 1407 3396; x_wconf 66' lang='lat' dir='ltr'><strong>lsraelitze</strong></span> <span class='ocrx_word' id='word_1_260' title='bbox 1426 3341 1736 3396; x_wconf 88' lang='lat' dir='ltr'><strong>voluissent.</strong></span> <span class='ocrx_word' id='word_1_261' title='bbox 1767 3342 2059 3413; x_wconf 79' lang='lat' dir='ltr'><strong>ReSpondit</strong></span> 
     </span>
    </p>
   </div>
   <div class='ocr_carea' id='block_1_34' title="bbox 476 3433 2053 3506">
    <p class='ocr_par' dir='ltr' id='par_1_34' title="bbox 476 3433 2053 3506">
     <span class='ocr_line' id='line_1_34' title="bbox 476 3433 2053 3506; baseline 0.001 -16"><span class='ocrx_word' id='word_1_262' title='bbox 476 3435 676 3506; x_wconf 76' lang='lat' dir='ltr'><strong>quippe</strong></span> <span class='ocrx_word' id='word_1_263' title='bbox 705 3435 809 3491; x_wconf 82' lang='lat' dir='ltr'><strong>illis</strong></span> <span class='ocrx_word' id='word_1_264' title='bbox 837 3454 849 3490; x_wconf 95' lang='lat'><strong>:</strong></span> <span class='ocrx_word' id='word_1_265' title='bbox 883 3433 1128 3506; x_wconf 83' lang='lat' dir='ltr'><strong>Princeps</strong></span> <span class='ocrx_word' id='word_1_266' title='bbox 1153 3443 1310 3490; x_wconf 84' lang='lat' dir='ltr'><strong>vester</strong></span> <span class='ocrx_word' id='word_1_267' title='bbox 1324 3433 1574 3489; x_wconf 84' lang='lat' dir='ltr'><strong>Dominus</strong></span> <span class='ocrx_word' id='word_1_268' title='bbox 1599 3436 1691 3488; x_wconf 84' lang='lat' dir='ltr'><strong>erit</strong></span> <span class='ocrx_word' id='word_1_269' title='bbox 1719 3434 1914 3506; x_wconf 84' lang='lat' dir='ltr'><strong>(Judic.</strong></span> <span class='ocrx_word' id='word_1_270' title='bbox 1941 3453 2053 3500; x_wconf 85' lang='lat' dir='ltr'><strong>vm,</strong></span> 
     </span>
    </p>
   </div>
   <div class='ocr_carea' id='block_1_35' title="bbox 476 3527 2058 3601">
    <p class='ocr_par' dir='ltr' id='par_1_35' title="bbox 476 3527 2058 3601">
     <span class='ocr_line' id='line_1_35' title="bbox 476 3527 2058 3601; baseline 0 -17"><span class='ocrx_word' id='word_1_271' title='bbox 476 3529 569 3597; x_wconf 68' lang='lat'><strong>22,</strong></span> <span class='ocrx_word' id='word_1_272' title='bbox 585 3527 700 3601; x_wconf 72' lang='lat'><strong>25).</strong></span> <span class='ocrx_word' id='word_1_273' title='bbox 724 3528 837 3584; x_wconf 80' lang='lat' dir='ltr'><strong>Rex</strong></span> <span class='ocrx_word' id='word_1_274' title='bbox 866 3528 1008 3585; x_wconf 88' lang='lat' dir='ltr'><strong>enim</strong></span> <span class='ocrx_word' id='word_1_275' title='bbox 1027 3529 1245 3584; x_wconf 79' lang='lat' dir='ltr'><strong>nomine</strong></span> <span class='ocrx_word' id='word_1_276' title='bbox 1267 3528 1520 3599; x_wconf 77' lang='lat' dir='ltr'><strong>principis</strong></span> <span class='ocrx_word' id='word_1_277' title='bbox 1547 3529 1899 3599; x_wconf 83' lang='lat' dir='ltr'><strong>signiﬁcatur:</strong></span> <span class='ocrx_word' id='word_1_278' title='bbox 1915 3529 2058 3600; x_wconf 86' lang='lat' dir='ltr'><strong>quod</strong></span> 
     </span>
    </p>
   </div>
   <div class='ocr_carea' id='block_1_36' title="bbox 475 3619 2060 3690">
    <p class='ocr_par' dir='ltr' id='par_1_36' title="bbox 475 3619 2060 3690">
     <span class='ocr_line' id='line_1_36' title="bbox 475 3619 2060 3690; baseline 0 -15"><span class='ocrx_word' id='word_1_279' title='bbox 475 3620 712 3676; x_wconf 88' lang='lat' dir='ltr'><strong>nondum</strong></span> <span class='ocrx_word' id='word_1_280' title='bbox 732 3619 960 3675; x_wconf 89' lang='lat' dir='ltr'><strong>habebat</strong></span> <span class='ocrx_word' id='word_1_281' title='bbox 974 3634 1104 3689; x_wconf 86' lang='lat' dir='ltr'><strong>gens</strong></span> <span class='ocrx_word' id='word_1_282' title='bbox 1125 3619 1210 3674; x_wconf 90' lang='lat' dir='ltr'><strong>illa</strong></span> <span class='ocrx_word' id='word_1_283' title='bbox 1233 3619 1744 3690; x_wconf 74' lang='lat' dir='ltr'><strong>temporeludicnm.</strong></span> <span class='ocrx_word' id='word_1_284' title='bbox 1766 3619 2060 3690; x_wconf 80' lang='lat' dir='ltr'><strong>Coeperunt</strong></span> 
     </span>
    </p>
   </div>
   <div class='ocr_carea' id='block_1_37' title="bbox 473 3710 2055 3782">
    <p class='ocr_par' dir='ltr' id='par_1_37' title="bbox 473 3710 2055 3782">
     <span class='ocr_line' id='line_1_37' title="bbox 473 3710 2055 3782; baseline 0.002 -18"><span class='ocrx_word' id='word_1_285' title='bbox 473 3720 654 3772; x_wconf 85' lang='lat' dir='ltr'><strong>autem</strong></span> <span class='ocrx_word' id='word_1_286' title='bbox 671 3711 867 3768; x_wconf 84' lang='lat' dir='ltr'><strong>habere</strong></span> <span class='ocrx_word' id='word_1_287' title='bbox 883 3711 1096 3768; x_wconf 76' lang='lat' dir='ltr'><strong>Saulein</strong></span> <span class='ocrx_word' id='word_1_288' title='bbox 1115 3711 1155 3781; x_wconf 89' lang='grc' dir='ltr'>(Ι</span> <span class='ocrx_word' id='word_1_289' title='bbox 1171 3710 1297 3782; x_wconf 85' lang='lat' dir='ltr'><strong>Reg.</strong></span> <span class='ocrx_word' id='word_1_290' title='bbox 1314 3727 1368 3778; x_wconf 84' lang='lat' dir='ltr'><strong>x,</strong></span> <span class='ocrx_word' id='word_1_291' title='bbox 1389 3712 1444 3782; x_wconf 90' lang='grc'><strong>1)</strong></span> <span class='ocrx_word' id='word_1_292' title='bbox 1461 3721 1512 3765; x_wconf 85' lang='grc' dir='ltr'><strong>ει</strong></span> <span class='ocrx_word' id='word_1_293' title='bbox 1527 3711 1777 3782; x_wconf 88' lang='lat' dir='ltr'><strong>deinceps</strong></span> <span class='ocrx_word' id='word_1_294' title='bbox 1788 3727 2055 3770; x_wconf 89' lang='lat' dir='ltr'><strong>successo-</strong></span> 
     </span>
    </p>
   </div>
   <div class='ocr_carea' id='block_1_38' title="bbox 476 3802 2054 3873">
    <p class='ocr_par' dir='ltr' id='par_1_38' title="bbox 476 3802 2054 3873">
     <span class='ocr_line' id='line_1_38' title="bbox 476 3802 2054 3873; baseline 0.002 -17"><span class='ocrx_word' id='word_1_295' title='bbox 476 3817 566 3856; x_wconf 83' lang='lat' dir='ltr'><strong>res</strong></span> <span class='ocrx_word' id='word_1_296' title='bbox 577 3802 692 3872; x_wconf 85' lang='lat' dir='ltr'><strong>ejus</strong></span> <span class='ocrx_word' id='word_1_297' title='bbox 711 3802 864 3867; x_wconf 88' lang='lat' dir='ltr'><strong>alios,</strong></span> <span class='ocrx_word' id='word_1_298' title='bbox 883 3802 972 3873; x_wconf 86' lang='lat' dir='ltr'><strong>qui</strong></span> <span class='ocrx_word' id='word_1_299' title='bbox 999 3802 1051 3856; x_wconf 92' lang='lat' dir='ltr'><strong>in</strong></span> <span class='ocrx_word' id='word_1_300' title='bbox 1070 3802 1218 3857; x_wconf 86' lang='lat' dir='ltr'><strong>libris</strong></span> <span class='ocrx_word' id='word_1_301' title='bbox 1235 3803 1536 3872; x_wconf 77' lang='lat' dir='ltr'><strong>Regnorum</strong></span> <span class='ocrx_word' id='word_1_302' title='bbox 1550 3804 1812 3873; x_wconf 88' lang='lat' dir='ltr'><strong>leguntur.</strong></span> <span class='ocrx_word' id='word_1_303' title='bbox 1839 3803 1973 3859; x_wconf 90' lang='lat' dir='ltr'><strong>Nam</strong></span> <span class='ocrx_word' id='word_1_304' title='bbox 2001 3805 2054 3860; x_wconf 92' lang='lat' dir='ltr'><strong>in</strong></span> 
     </span>
    </p>
   </div>
   <div class='ocr_carea' id='block_1_39' title="bbox 479 3894 2056 3966">
    <p class='ocr_par' dir='ltr' id='par_1_39' title="bbox 479 3894 2056 3966">
     <span class='ocr_line' id='line_1_39' title="bbox 479 3894 2056 3966; baseline 0.004 -18"><span class='ocrx_word' id='word_1_305' title='bbox 479 3894 891 3951; x_wconf 88' lang='lat' dir='ltr'><strong>Deutcronomio</strong></span> <span class='ocrx_word' id='word_1_306' title='bbox 906 3909 1024 3949; x_wconf 92' lang='lat' dir='ltr'><strong>cum</strong></span> <span class='ocrx_word' id='word_1_307' title='bbox 1043 3894 1118 3948; x_wconf 89' lang='lat' dir='ltr'><strong>eis</strong></span> <span class='ocrx_word' id='word_1_308' title='bbox 1131 3895 1432 3964; x_wconf 60' lang='lat' dir='ltr'><strong>praecipitur</strong></span> <span class='ocrx_word' id='word_1_309' title='bbox 1447 3896 1652 3966; x_wconf 86' lang='lat' dir='ltr'><strong>qualem</strong></span> <span class='ocrx_word' id='word_1_310' title='bbox 1667 3895 1892 3952; x_wconf 87' lang='lat' dir='ltr'><strong>debeant</strong></span> <span class='ocrx_word' id='word_1_311' title='bbox 1906 3897 2056 3954; x_wconf 90' lang='lat' dir='ltr'><strong>habe-</strong></span> 
     </span>
    </p>
   </div>
   <div class='ocr_carea' id='block_1_40' title="bbox 474 3984 2052 4058">
    <p class='ocr_par' dir='ltr' id='par_1_40' title="bbox 474 3984 2052 4058">
     <span class='ocr_line' id='line_1_40' title="bbox 474 3984 2052 4058; baseline 0.003 -19"><span class='ocrx_word' id='word_1_312' title='bbox 474 3999 534 4039; x_wconf 86' lang='lat' dir='ltr'><strong>re</strong></span> <span class='ocrx_word' id='word_1_313' title='bbox 547 3985 795 4054; x_wconf 88' lang='lat' dir='ltr'><strong>regem,si</strong></span> <span class='ocrx_word' id='word_1_314' title='bbox 807 3984 909 4040; x_wconf 87' lang='lat' dir='ltr'><strong>hoc</strong></span> <span class='ocrx_word' id='word_1_315' title='bbox 918 3984 994 4040; x_wconf 91' lang='lat' dir='ltr'><strong>eis</strong></span> <span class='ocrx_word' id='word_1_316' title='bbox 1005 3984 1438 4056; x_wconf 87' lang='lat' dir='ltr'><strong>placuerit(Deut.</strong></span> <span class='ocrx_word' id='word_1_317' title='bbox 1457 4001 1593 4049; x_wconf 87' lang='lat' dir='ltr'><strong>xvn,</strong></span> <span class='ocrx_word' id='word_1_318' title='bbox 1609 3985 1718 4058; x_wconf 86' lang='grc'><strong>11),</strong></span> <span class='ocrx_word' id='word_1_319' title='bbox 1739 4002 1842 4042; x_wconf 91' lang='lat' dir='ltr'><strong>non</strong></span> <span class='ocrx_word' id='word_1_320' title='bbox 1857 3988 1926 4043; x_wconf 89' lang='lat' dir='ltr'><strong>ibi</strong></span> <span class='ocrx_word' id='word_1_321' title='bbox 1940 4004 2052 4056; x_wconf 90' lang='lat' dir='ltr'><strong>rex,</strong></span> 
     </span>
    </p>
   </div>
   <div class='ocr_carea' id='block_1_41' title="bbox 477 4075 2058 4149">
    <p class='ocr_par' dir='ltr' id='par_1_41' title="bbox 477 4075 2058 4149">
     <span class='ocr_line' id='line_1_41' title="bbox 477 4075 2058 4149; baseline 0.001 -18"><span class='ocrx_word' id='word_1_322' title='bbox 477 4075 573 4131; x_wconf 86' lang='lat' dir='ltr'><strong>sed</strong></span> <span class='ocrx_word' id='word_1_323' title='bbox 591 4075 836 4146; x_wconf 88' lang='lat' dir='ltr'><strong>princeps</strong></span> <span class='ocrx_word' id='word_1_324' title='bbox 848 4075 1158 4146; x_wconf 85' lang='lat' dir='ltr'><strong>appellatur.</strong></span> <span class='ocrx_word' id='word_1_325' title='bbox 1183 4075 1287 4132; x_wconf 87' lang='lat' dir='ltr'><strong>Sed</strong></span> <span class='ocrx_word' id='word_1_326' title='bbox 1305 4077 1426 4147; x_wconf 88' lang='lat' dir='ltr'><strong>quia</strong></span> <span class='ocrx_word' id='word_1_327' title='bbox 1455 4077 1552 4132; x_wconf 91' lang='lat' dir='ltr'><strong>iste</strong></span> <span class='ocrx_word' id='word_1_328' title='bbox 1565 4077 1754 4147; x_wconf 85' lang='lat' dir='ltr'><strong>Jephte</strong></span> <span class='ocrx_word' id='word_1_329' title='bbox 1767 4077 1915 4132; x_wconf 92' lang='lat' dir='ltr'><strong>illum</strong></span> <span class='ocrx_word' id='word_1_330' title='bbox 1935 4081 2058 4149; x_wconf 84' lang='lat' dir='ltr'><strong>ligu-</strong></span> 
     </span>
    </p>
   </div>
   <div class='ocr_carea' id='block_1_42' title="bbox 476 4166 2054 4239">
    <p class='ocr_par' dir='ltr' id='par_1_42' title="bbox 476 4166 2054 4239">
     <span class='ocr_line' id='line_1_42' title="bbox 476 4166 2054 4239; baseline 0.003 -19"><span class='ocrx_word' id='word_1_331' title='bbox 476 4166 656 4232; x_wconf 80' lang='lat' dir='ltr'><strong>rabal,</strong></span> <span class='ocrx_word' id='word_1_332' title='bbox 672 4166 762 4236; x_wconf 92' lang='lat' dir='ltr'><strong>qui</strong></span> <span class='ocrx_word' id='word_1_333' title='bbox 790 4181 946 4222; x_wconf 81' lang='lat' dir='ltr'><strong>verus</strong></span> <span class='ocrx_word' id='word_1_334' title='bbox 971 4175 1053 4220; x_wconf 90' lang='lat' dir='ltr'><strong>est</strong></span> <span class='ocrx_word' id='word_1_335' title='bbox 1069 4182 1183 4233; x_wconf 89' lang='lat' dir='ltr'><strong>rex,</strong></span> <span class='ocrx_word' id='word_1_336' title='bbox 1201 4167 1340 4237; x_wconf 88' lang='lat' dir='ltr'><strong>quod</strong></span> <span class='ocrx_word' id='word_1_337' title='bbox 1362 4168 1519 4222; x_wconf 85' lang='lat' dir='ltr'><strong>etiam</strong></span> <span class='ocrx_word' id='word_1_338' title='bbox 1550 4168 1600 4221; x_wconf 93' lang='lat' dir='ltr'><strong>in</strong></span> <span class='ocrx_word' id='word_1_339' title='bbox 1631 4169 1782 4223; x_wconf 84' lang='lat' dir='ltr'><strong>titulo</strong></span> <span class='ocrx_word' id='word_1_340' title='bbox 1797 4169 2054 4239; x_wconf 89' lang='lat' dir='ltr'><strong>scriptum</strong></span> 
     </span>
    </p>
   </div>
   <div class='ocr_carea' id='block_1_43' title="bbox 475 4257 2051 4330">
    <p class='ocr_par' dir='ltr' id='par_1_43' title="bbox 475 4257 2051 4330">
     <span class='ocr_line' id='line_1_43' title="bbox 475 4257 2051 4330; baseline 0.004 -18"><span class='ocrx_word' id='word_1_341' title='bbox 475 4258 598 4325; x_wconf 81' lang='lat' dir='ltr'><strong>fuit,</strong></span> <span class='ocrx_word' id='word_1_342' title='bbox 623 4258 713 4328; x_wconf 92' lang='lat' dir='ltr'><strong>qui</strong></span> <span class='ocrx_word' id='word_1_343' title='bbox 738 4258 882 4313; x_wconf 86' lang='lat' dir='ltr'><strong>cruci</strong></span> <span class='ocrx_word' id='word_1_344' title='bbox 898 4259 1012 4328; x_wconf 91' lang='lat' dir='ltr'><strong>ejus</strong></span> <span class='ocrx_word' id='word_1_345' title='bbox 1033 4257 1229 4314; x_wconf 80' lang='lat' dir='ltr'><strong>afﬁxus</strong></span> <span class='ocrx_word' id='word_1_346' title='bbox 1250 4267 1352 4327; x_wconf 89' lang='lat' dir='ltr'><strong>est,</strong></span> <span class='ocrx_word' id='word_1_347' title='bbox 1376 4275 1534 4330; x_wconf 91' lang='lat' dir='ltr'><strong>quem</strong></span> <span class='ocrx_word' id='word_1_348' title='bbox 1553 4260 1750 4316; x_wconf 87' lang='lat' dir='ltr'><strong>Pilatus</strong></span> <span class='ocrx_word' id='word_1_349' title='bbox 1771 4261 1951 4318; x_wconf 87' lang='lat' dir='ltr'><strong>delere</strong></span> <span class='ocrx_word' id='word_1_350' title='bbox 1973 4264 2051 4319; x_wconf 85' lang='lat' dir='ltr'><strong>vel</strong></span> 
     </span>
    </p>
   </div>
   <div class='ocr_carea' id='block_1_44' title="bbox 473 4351 2056 4424">
    <p class='ocr_par' dir='ltr' id='par_1_44' title="bbox 473 4351 2056 4424">
     <span class='ocr_line' id='line_1_44' title="bbox 473 4351 2056 4424; baseline 0.006 -19"><span class='ocrx_word' id='word_1_351' title='bbox 473 4351 762 4407; x_wconf 87' lang='lat' dir='ltr'><strong>emendare</strong></span> <span class='ocrx_word' id='word_1_352' title='bbox 785 4367 890 4408; x_wconf 87' lang='lat' dir='ltr'><strong>non</strong></span> <span class='ocrx_word' id='word_1_353' title='bbox 911 4367 1072 4408; x_wconf 91' lang='lat' dir='ltr'><strong>ausus</strong></span> <span class='ocrx_word' id='word_1_354' title='bbox 1095 4362 1178 4408; x_wconf 89' lang='lat' dir='ltr'><strong>est</strong></span> <span class='ocrx_word' id='word_1_355' title='bbox 1204 4353 1380 4424; x_wconf 83' lang='lat' dir='ltr'><strong>(Jcon.</strong></span> <span class='ocrx_word' id='word_1_356' title='bbox 1403 4370 1517 4419; x_wconf 81' lang='lat' dir='ltr'><strong>xix,</strong></span> <span class='ocrx_word' id='word_1_357' title='bbox 1549 4354 1740 4419; x_wconf 68' lang='lat'><strong>19-22)</strong></span> <span class='ocrx_word' id='word_1_358' title='bbox 1764 4373 1778 4420; x_wconf 91' lang='lat'>;</span> <span class='ocrx_word' id='word_1_359' title='bbox 1803 4355 1922 4412; x_wconf 89' lang='lat' dir='ltr'><strong>ideo</strong></span> <span class='ocrx_word' id='word_1_360' title='bbox 1938 4373 2056 4414; x_wconf 92' lang='lat' dir='ltr'><strong>cre-</strong></span> 
     </span>
    </p>
   </div>
   <div class='ocr_carea' id='block_1_45' title="bbox 472 4442 2054 4516">
    <p class='ocr_par' dir='ltr' id='par_1_45' title="bbox 472 4442 2054 4516">
     <span class='ocr_line' id='line_1_45' title="bbox 472 4442 2054 4516; baseline 0.005 -20"><span class='ocrx_word' id='word_1_361' title='bbox 472 4442 705 4497; x_wconf 88' lang='lat' dir='ltr'><strong>dendum</strong></span> <span class='ocrx_word' id='word_1_362' title='bbox 732 4451 955 4498; x_wconf 87' lang='lat' dir='ltr'><strong>estesse</strong></span> <span class='ocrx_word' id='word_1_363' title='bbox 978 4443 1197 4510; x_wconf 85' lang='lat' dir='ltr'><strong>dictum,</strong></span> <span class='ocrx_word' id='word_1_364' title='bbox 1230 4443 1334 4498; x_wconf 79' lang='lat' dir='ltr'><strong>Ero</strong></span> <span class='ocrx_word' id='word_1_365' title='bbox 1363 4445 1498 4498; x_wconf 73' lang='lat' dir='ltr'><strong>vobis</strong></span> <span class='ocrx_word' id='word_1_366' title='bbox 1537 4446 1588 4499; x_wconf 91' lang='lat' dir='ltr'><strong>in</strong></span> <span class='ocrx_word' id='word_1_367' title='bbox 1629 4447 1924 4516; x_wconf 83' lang='lat' dir='ltr'><strong>principem.</strong></span> <span class='ocrx_word' id='word_1_368' title='bbox 1974 4449 2054 4504; x_wconf 86' lang='lat' dir='ltr'><strong>Illi</strong></span> 
     </span>
    </p>
   </div>
   <div class='ocr_carea' id='block_1_46' title="bbox 471 4533 2054 4609">
    <p class='ocr_par' dir='ltr' id='par_1_46' title="bbox 471 4533 2054 4609">
     <span class='ocr_line' id='line_1_46' title="bbox 471 4533 2054 4609; baseline 0.004 -22"><span class='ocrx_word' id='word_1_369' title='bbox 471 4543 650 4588; x_wconf 83' lang='lat' dir='ltr'><strong>autem</strong></span> <span class='ocrx_word' id='word_1_370' title='bbox 676 4533 939 4600; x_wconf 79' lang='lat' dir='ltr'><strong>dixerant,</strong></span> <span class='ocrx_word' id='word_1_371' title='bbox 986 4533 1104 4588; x_wconf 85' lang='lat' dir='ltr'><strong>Eris</strong></span> <span class='ocrx_word' id='word_1_372' title='bbox 1140 4535 1279 4588; x_wconf 87' lang='lat' dir='ltr'><strong>nobis</strong></span> <span class='ocrx_word' id='word_1_373' title='bbox 1318 4535 1372 4589; x_wconf 80' lang='lat' dir='ltr'><strong>in</strong></span> <span class='ocrx_word' id='word_1_374' title='bbox 1395 4545 1547 4605; x_wconf 87' lang='lat' dir='ltr'><strong>caput</strong></span> <span class='ocrx_word' id='word_1_375' title='bbox 1572 4553 1592 4591; x_wconf 83' lang='lat'><strong>.&#39;</strong></span> <span class='ocrx_word' id='word_1_376' title='bbox 1621 4538 1870 4606; x_wconf 88' lang='lat' dir='ltr'><strong>quoniam</strong></span> <span class='ocrx_word' id='word_1_377' title='bbox 1896 4549 2054 4609; x_wconf 85' lang='lat' dir='ltr'><strong>caput</strong></span> 
     </span>
    </p>
   </div>
   <div class='ocr_carea' id='block_1_47' title="bbox 471 4623 2056 4698">
    <p class='ocr_par' dir='ltr' id='par_1_47' title="bbox 471 4623 2056 4698">
     <span class='ocr_line' id='line_1_47' title="bbox 471 4623 2056 4698; baseline 0.006 -23"><span class='ocrx_word' id='word_1_378' title='bbox 471 4624 570 4678; x_wconf 85' lang='lat' dir='ltr'><strong>viri</strong></span> <span class='ocrx_word' id='word_1_379' title='bbox 618 4623 859 4679; x_wconf 87' lang='lat' dir='ltr'><strong>Christus</strong></span> <span class='ocrx_word' id='word_1_380' title='bbox 891 4624 943 4695; x_wconf 93' lang='grc' dir='ltr'>(Ι</span> <span class='ocrx_word' id='word_1_381' title='bbox 973 4623 1090 4680; x_wconf 85' lang='lat' dir='ltr'><strong>Cor.</strong></span> <span class='ocrx_word' id='word_1_382' title='bbox 1123 4642 1199 4692; x_wconf 81' lang='lat' dir='ltr'><strong>xi,</strong></span> <span class='ocrx_word' id='word_1_383' title='bbox 1244 4627 1278 4681; x_wconf 75' lang='grc' dir='ltr'>ὅ</span> <span class='ocrx_word' id='word_1_384' title='bbox 1299 4626 1340 4696; x_wconf 92' lang='grc'><strong>),</strong></span> <span class='ocrx_word' id='word_1_385' title='bbox 1369 4635 1425 4682; x_wconf 85' lang='grc' dir='ltr'><strong>ει</strong></span> <span class='ocrx_word' id='word_1_386' title='bbox 1467 4627 1580 4696; x_wconf 84' lang='lat' dir='ltr'><strong>ipse</strong></span> <span class='ocrx_word' id='word_1_387' title='bbox 1612 4636 1694 4682; x_wconf 90' lang='lat' dir='ltr'><strong>est</strong></span> <span class='ocrx_word' id='word_1_388' title='bbox 1739 4638 1896 4698; x_wconf 87' lang='lat' dir='ltr'><strong>caput</strong></span> <span class='ocrx_word' id='word_1_389' title='bbox 1935 4644 2056 4684; x_wconf 88' lang='lat' dir='ltr'><strong>cor-</strong></span> 
     </span>
    </p>
   </div>
   <div class='ocr_carea' id='block_1_48' title="bbox 469 4713 2054 4788">
    <p class='ocr_par' dir='ltr' id='par_1_48' title="bbox 469 4713 2054 4788">
     <span class='ocr_line' id='line_1_48' title="bbox 469 4713 2054 4788; baseline 0.005 -22"><span class='ocrx_word' id='word_1_390' title='bbox 469 4714 618 4784; x_wconf 84' lang='lat' dir='ltr'><strong>poris</strong></span> <span class='ocrx_word' id='word_1_391' title='bbox 669 4713 917 4769; x_wconf 73' lang='lat' dir='ltr'><strong>Ecelesia:</strong></span> <span class='ocrx_word' id='word_1_392' title='bbox 964 4714 1192 4785; x_wconf 78' lang='lat' dir='ltr'><strong>(Ep/tes.</strong></span> <span class='ocrx_word' id='word_1_393' title='bbox 1253 4731 1320 4781; x_wconf 81' lang='grc' dir='ltr'><strong>γ,</strong></span> <span class='ocrx_word' id='word_1_394' title='bbox 1362 4717 1486 4787; x_wconf 77' lang='lat'><strong>23).</strong></span> <span class='ocrx_word' id='word_1_395' title='bbox 1551 4717 1786 4787; x_wconf 85' lang='lat' dir='ltr'><strong>Denique</strong></span> <span class='ocrx_word' id='word_1_396' title='bbox 1844 4730 2054 4788; x_wconf 84' lang='lat' dir='ltr'><strong>postea-</strong></span> 
     </span>
    </p>
   </div>
   <div class='ocr_carea' id='block_1_49' title="bbox 470 4805 2052 4878">
    <p class='ocr_par' dir='ltr' id='par_1_49' title="bbox 470 4805 2052 4878">
     <span class='ocr_line' id='line_1_49' title="bbox 470 4805 2052 4878; baseline 0.006 -20"><span class='ocrx_word' id='word_1_397' title='bbox 470 4821 630 4873; x_wconf 86' lang='lat' dir='ltr'><strong>quam</strong></span> <span class='ocrx_word' id='word_1_398' title='bbox 685 4820 778 4860; x_wconf 90' lang='lat' dir='ltr'><strong>eos</strong></span> <span class='ocrx_word' id='word_1_399' title='bbox 833 4805 1073 4861; x_wconf 89' lang='lat' dir='ltr'><strong>liberavit</strong></span> <span class='ocrx_word' id='word_1_400' title='bbox 1099 4807 1288 4876; x_wconf 84' lang='lat' dir='ltr'><strong>Jepbte</strong></span> <span class='ocrx_word' id='word_1_401' title='bbox 1312 4808 1378 4862; x_wconf 91' lang='lat' dir='ltr'><strong>ab</strong></span> <span class='ocrx_word' id='word_1_402' title='bbox 1403 4808 1650 4864; x_wconf 87' lang='lat' dir='ltr'><strong>omnibus</strong></span> <span class='ocrx_word' id='word_1_403' title='bbox 1671 4811 1921 4878; x_wconf 87' lang='lat' dir='ltr'><strong>inimicis,</strong></span> <span class='ocrx_word' id='word_1_404' title='bbox 1947 4828 2052 4868; x_wconf 92' lang='lat' dir='ltr'><strong>non</strong></span> 
     </span>
    </p>
   </div>
   <div class='ocr_carea' id='block_1_50' title="bbox 468 4897 2052 4974">
    <p class='ocr_par' dir='ltr' id='par_1_50' title="bbox 468 4897 2052 4974">
     <span class='ocr_line' id='line_1_50' title="bbox 468 4897 2052 4974; baseline 0.005 -24"><span class='ocrx_word' id='word_1_405' title='bbox 468 4899 549 4953; x_wconf 72' lang='lat' dir='ltr'><strong>ris</strong></span> <span class='ocrx_word' id='word_1_406' title='bbox 583 4897 751 4954; x_wconf 80' lang='lat' dir='ltr'><strong>factus</strong></span> <span class='ocrx_word' id='word_1_407' title='bbox 778 4906 862 4953; x_wconf 85' lang='lat' dir='ltr'><strong>est</strong></span> <span class='ocrx_word' id='word_1_408' title='bbox 901 4913 1014 4966; x_wconf 89' lang='lat' dir='ltr'><strong>rex,</strong></span> <span class='ocrx_word' id='word_1_409' title='bbox 1045 4907 1101 4953; x_wconf 91' lang='lat' dir='ltr'><strong>ut</strong></span> <span class='ocrx_word' id='word_1_410' title='bbox 1143 4899 1572 4970; x_wconf 71' lang='lat' dir='ltr'><strong>intelliget-emus,</strong></span> <span class='ocrx_word' id='word_1_411' title='bbox 1611 4902 1738 4957; x_wconf 90' lang='lat' dir='ltr'><strong>illud</strong></span> <span class='ocrx_word' id='word_1_412' title='bbox 1777 4904 1919 4974; x_wconf 90' lang='lat' dir='ltr'><strong>quod</strong></span> <span class='ocrx_word' id='word_1_413' title='bbox 1965 4904 2052 4968; x_wconf 48' lang='lat' dir='ltr'><strong>die</strong></span> 
     </span>
    </p>
   </div>
   <div class='ocr_carea' id='block_1_51' title="bbox 468 4989 2052 5066">
    <p class='ocr_par' dir='ltr' id='par_1_51' title="bbox 468 4989 2052 5066">
     <span class='ocr_line' id='line_1_51' title="bbox 468 4989 2052 5066; baseline 0.005 -22"><span class='ocrx_word' id='word_1_414' title='bbox 468 5000 614 5045; x_wconf 82' lang='lat' dir='ltr'><strong>ctum</strong></span> <span class='ocrx_word' id='word_1_415' title='bbox 636 4999 736 5056; x_wconf 91' lang='lat' dir='ltr'><strong>est,</strong></span> <span class='ocrx_word' id='word_1_416' title='bbox 759 4991 823 5045; x_wconf 90' lang='lat' dir='ltr'><strong>ad</strong></span> <span class='ocrx_word' id='word_1_417' title='bbox 845 4989 1174 5062; x_wconf 81' lang='lat' dir='ltr'><strong>prophetiam</strong></span> <span class='ocrx_word' id='word_1_418' title='bbox 1200 4992 1372 5060; x_wconf 90' lang='lat' dir='ltr'><strong>potius</strong></span> <span class='ocrx_word' id='word_1_419' title='bbox 1391 4993 1708 5062; x_wconf 88' lang='lat' dir='ltr'><strong>pertinuisse</strong></span> <span class='ocrx_word' id='word_1_420' title='bbox 1728 4995 1794 5050; x_wconf 91' lang='lat' dir='ltr'><strong>de</strong></span> <span class='ocrx_word' id='word_1_421' title='bbox 1815 4995 2052 5066; x_wconf 90' lang='lat' dir='ltr'><strong>Christo,</strong></span> 
     </span>
    </p>
   </div>
   <div class='ocr_carea' id='block_1_52' title="bbox 466 5081 2049 5156">
    <p class='ocr_par' dir='ltr' id='par_1_52' title="bbox 466 5081 2049 5156">
     <span class='ocr_line' id='line_1_52' title="bbox 466 5081 2049 5156; baseline 0.005 -21"><span class='ocrx_word' id='word_1_422' title='bbox 466 5097 625 5150; x_wconf 85' lang='lat' dir='ltr'><strong>quam</strong></span> <span class='ocrx_word' id='word_1_423' title='bbox 653 5081 718 5136; x_wconf 89' lang='lat' dir='ltr'><strong>ad</strong></span> <span class='ocrx_word' id='word_1_424' title='bbox 745 5082 914 5152; x_wconf 89' lang='lat' dir='ltr'><strong>ipsum</strong></span> <span class='ocrx_word' id='word_1_425' title='bbox 937 5083 1148 5152; x_wconf 91' lang='lat' dir='ltr'><strong>pr0prie</strong></span> <span class='ocrx_word' id='word_1_426' title='bbox 1171 5083 1379 5153; x_wconf 84' lang='lat' dir='ltr'><strong>Jephte,</strong></span> <span class='ocrx_word' id='word_1_427' title='bbox 1406 5082 1474 5139; x_wconf 85' lang='lat' dir='ltr'><strong>de</strong></span> <span class='ocrx_word' id='word_1_428' title='bbox 1497 5099 1604 5154; x_wconf 92' lang='lat' dir='ltr'><strong>quo</strong></span> <span class='ocrx_word' id='word_1_429' title='bbox 1628 5085 1903 5156; x_wconf 85' lang='lat' dir='ltr'><strong>Scriptura</strong></span> <span class='ocrx_word' id='word_1_430' title='bbox 1925 5104 2049 5144; x_wconf 77' lang='lat' dir='ltr'><strong>nar-</strong></span> 
     </span>
    </p>
   </div>
   <div class='ocr_carea' id='block_1_53' title="bbox 368 5172 2055 5253">
    <p class='ocr_par' dir='ltr' id='par_1_53' title="bbox 368 5172 2055 5253">
     <span class='ocr_line' id='line_1_53' title="bbox 368 5172 2055 5253; baseline 0.004 -25"><span class='ocrx_word' id='word_1_431' title='bbox 368 5248 372 5253; x_wconf 27' lang='grc'><strong><em>1</em></strong></span> <span class='ocrx_word' id='word_1_432' title='bbox 467 5175 732 5229; x_wconf 83' lang='lat' dir='ltr'><strong>rationem</strong></span> <span class='ocrx_word' id='word_1_433' title='bbox 760 5172 828 5228; x_wconf 89' lang='lat' dir='ltr'><strong>ita</strong></span> <span class='ocrx_word' id='word_1_434' title='bbox 857 5173 1124 5237; x_wconf 87' lang='lat' dir='ltr'><strong>concludit</strong></span> <span class='ocrx_word' id='word_1_435' title='bbox 1148 5191 1160 5226; x_wconf 91' lang='lat'><strong>:</strong></span> <span class='ocrx_word' id='word_1_436' title='bbox 1187 5172 1256 5227; x_wconf 85' lang='lat' dir='ltr'><strong>Et</strong></span> <span class='ocrx_word' id='word_1_437' title='bbox 1283 5173 1530 5246; x_wconf 76' lang='lat' dir='ltr'><strong>judicavit</strong></span> <span class='ocrx_word' id='word_1_438' title='bbox 1555 5173 1741 5247; x_wconf 82' lang='lat' dir='ltr'><strong>Jephte</strong></span> <span class='ocrx_word' id='word_1_439' title='bbox 1771 5177 1940 5232; x_wconf 88' lang='lat' dir='ltr'><strong>Israel</strong></span> <span class='ocrx_word' id='word_1_440' title='bbox 1965 5196 2055 5234; x_wconf 77' lang='lat' dir='ltr'><strong>sea:</strong></span> 
     </span>
    </p>
   </div>
   <div class='ocr_carea' id='block_1_54' title="bbox 467 5264 2054 5340">
    <p class='ocr_par' dir='ltr' id='par_1_54' title="bbox 467 5264 2054 5340">
     <span class='ocr_line' id='line_1_54' title="bbox 467 5264 2054 5340; baseline 0.004 -21"><span class='ocrx_word' id='word_1_441' title='bbox 467 5267 637 5332; x_wconf 79' lang='lat' dir='ltr'><strong>annis,</strong></span> <span class='ocrx_word' id='word_1_442' title='bbox 668 5275 714 5320; x_wconf 87' lang='lat' dir='ltr'><strong>et</strong></span> <span class='ocrx_word' id='word_1_443' title='bbox 744 5275 972 5321; x_wconf 80' lang='lat' dir='ltr'><strong>mortuus</strong></span> <span class='ocrx_word' id='word_1_444' title='bbox 1000 5275 1071 5320; x_wconf 90' lang='lat' dir='ltr'><strong>est</strong></span> <span class='ocrx_word' id='word_1_445' title='bbox 1095 5265 1278 5333; x_wconf 80' lang='lat' dir='ltr'><strong>Jephte</strong></span> <span class='ocrx_word' id='word_1_446' title='bbox 1303 5264 1614 5334; x_wconf 82' lang='lat' dir='ltr'><strong>Galaadites,</strong></span> <span class='ocrx_word' id='word_1_447' title='bbox 1645 5277 1691 5322; x_wconf 91' lang='lat' dir='ltr'><strong>et</strong></span> <span class='ocrx_word' id='word_1_448' title='bbox 1715 5270 1940 5340; x_wconf 81' lang='lat' dir='ltr'><strong>sepultus</strong></span> <span class='ocrx_word' id='word_1_449' title='bbox 1981 5280 2054 5325; x_wconf 86' lang='lat' dir='ltr'><strong>est</strong></span> 
     </span>
    </p>
   </div>
   <div class='ocr_carea' id='block_1_55' title="bbox 465 5357 2042 5432">
    <p class='ocr_par' dir='ltr' id='par_1_55' title="bbox 465 5357 2042 5432">
     <span class='ocr_line' id='line_1_55' title="bbox 465 5357 2042 5432; baseline 0.004 -22"><span class='ocrx_word' id='word_1_450' title='bbox 465 5358 519 5412; x_wconf 79' lang='lat' dir='ltr'><strong>in</strong></span> <span class='ocrx_word' id='word_1_451' title='bbox 547 5358 744 5412; x_wconf 83' lang='lat' dir='ltr'><strong>civitate</strong></span> <span class='ocrx_word' id='word_1_452' title='bbox 770 5375 863 5412; x_wconf 83' lang='lat' dir='ltr'><strong>sua</strong></span> <span class='ocrx_word' id='word_1_453' title='bbox 890 5357 1089 5412; x_wconf 82' lang='lat' dir='ltr'><strong>Galaad</strong></span> <span class='ocrx_word' id='word_1_454' title='bbox 1114 5357 1318 5430; x_wconf 74' lang='lat' dir='ltr'><strong>(ludio.</strong></span> <span class='ocrx_word' id='word_1_455' title='bbox 1359 5374 1454 5422; x_wconf 77' lang='lat' dir='ltr'><strong>xu,</strong></span> <span class='ocrx_word' id='word_1_456' title='bbox 1488 5360 1518 5411; x_wconf 91' lang='lat'><strong>7</strong></span> <span class='ocrx_word' id='word_1_457' title='bbox 1545 5359 1585 5429; x_wconf 95' lang='lat'><strong>).</strong></span> <span class='ocrx_word' id='word_1_458' title='bbox 1613 5359 1876 5415; x_wconf 74' lang='lat' dir='ltr'><strong>Judieavit</strong></span> <span class='ocrx_word' id='word_1_459' title='bbox 1915 5377 2042 5432; x_wconf 86' lang='lat' dir='ltr'><strong>ergo</strong></span> 
     </span>
    </p>
   </div>
   <div class='ocr_carea' id='block_1_56' title="bbox 468 5450 2050 5522">
    <p class='ocr_par' dir='ltr' id='par_1_56' title="bbox 468 5450 2050 5522">
     <span class='ocr_line' id='line_1_56' title="bbox 468 5450 2050 5522; baseline 0.004 -19"><span class='ocrx_word' id='word_1_460' title='bbox 468 5450 631 5505; x_wconf 80' lang='lat' dir='ltr'><strong>lsrael</strong></span> <span class='ocrx_word' id='word_1_461' title='bbox 658 5450 794 5506; x_wconf 91' lang='lat' dir='ltr'><strong>sicut</strong></span> <span class='ocrx_word' id='word_1_462' title='bbox 819 5450 996 5506; x_wconf 69' lang='lat' dir='ltr'><strong>caeteri</strong></span> <span class='ocrx_word' id='word_1_463' title='bbox 1027 5450 1241 5506; x_wconf 83' lang='lat' dir='ltr'><strong>Judices</strong></span> <span class='ocrx_word' id='word_1_464' title='bbox 1275 5468 1287 5503; x_wconf 91' lang='lat'><strong>:</strong></span> <span class='ocrx_word' id='word_1_465' title='bbox 1321 5465 1427 5505; x_wconf 93' lang='lat' dir='ltr'><strong>non</strong></span> <span class='ocrx_word' id='word_1_466' title='bbox 1457 5450 1528 5505; x_wconf 85' lang='lat' dir='ltr'><strong>ibi</strong></span> <span class='ocrx_word' id='word_1_467' title='bbox 1560 5453 1799 5522; x_wconf 79' lang='lat' dir='ltr'><strong>regnavit</strong></span> <span class='ocrx_word' id='word_1_468' title='bbox 1825 5460 1882 5507; x_wconf 90' lang='lat' dir='ltr'><strong>ut</strong></span> <span class='ocrx_word' id='word_1_469' title='bbox 1913 5453 2050 5522; x_wconf 88' lang='lat' dir='ltr'><strong>prin-</strong></span> 
     </span>
    </p>
   </div>
   <div class='ocr_carea' id='block_1_57' title="bbox 466 5542 2046 5614">
    <p class='ocr_par' dir='ltr' id='par_1_57' title="bbox 466 5542 2046 5614">
     <span class='ocr_line' id='line_1_57' title="bbox 466 5542 2046 5614; baseline 0.003 -18"><span class='ocrx_word' id='word_1_470' title='bbox 466 5557 616 5613; x_wconf 70' lang='lat' dir='ltr'><strong>ceps,</strong></span> <span class='ocrx_word' id='word_1_471' title='bbox 639 5542 947 5613; x_wconf 88' lang='lat' dir='ltr'><strong>sicuthiqui</strong></span> <span class='ocrx_word' id='word_1_472' title='bbox 972 5542 1275 5614; x_wconf 77' lang='lat' dir='ltr'><strong>Regnorum</strong></span> <span class='ocrx_word' id='word_1_473' title='bbox 1304 5543 1660 5599; x_wconf 89' lang='lat' dir='ltr'><strong>voluminibus</strong></span> <span class='ocrx_word' id='word_1_474' title='bbox 1688 5544 2046 5602; x_wconf 89' lang='lat' dir='ltr'><strong>continentur.</strong></span> 
     </span>
    </p>
   </div>
   <div class='ocr_carea' id='block_1_58' title="bbox 535 5635 2048 5707">
    <p class='ocr_par' dir='ltr' id='par_1_58' title="bbox 535 5635 2048 5707">
     <span class='ocr_line' id='line_1_58' title="bbox 535 5635 2048 5707; baseline 0.002 -18"><span class='ocrx_word' id='word_1_475' title='bbox 535 5635 784 5691; x_wconf 83' lang='lat' dir='ltr'><strong>Jamvero</strong></span> <span class='ocrx_word' id='word_1_476' title='bbox 819 5635 959 5705; x_wconf 89' lang='lat' dir='ltr'><strong>quod</strong></span> <span class='ocrx_word' id='word_1_477' title='bbox 1004 5645 1346 5706; x_wconf 88' lang='lat' dir='ltr'><strong>posteaquam</strong></span> <span class='ocrx_word' id='word_1_478' title='bbox 1393 5635 1472 5691; x_wconf 87' lang='lat' dir='ltr'><strong>eis</strong></span> <span class='ocrx_word' id='word_1_479' title='bbox 1519 5635 1658 5690; x_wconf 89' lang='lat' dir='ltr'><strong>idem</strong></span> <span class='ocrx_word' id='word_1_480' title='bbox 1705 5635 1899 5707; x_wconf 65' lang='lat' dir='ltr'><strong>Iephte</strong></span> <span class='ocrx_word' id='word_1_481' title='bbox 1943 5637 2048 5692; x_wconf 85' lang='lat' dir='ltr'><strong>dux</strong></span> 
     </span>
    </p>
   </div>
   <div class='ocr_carea' id='block_1_59' title="bbox 465 5726 2051 5801">
    <p class='ocr_par' dir='ltr' id='par_1_59' title="bbox 465 5726 2051 5801">
     <span class='ocr_line' id='line_1_59' title="bbox 465 5726 2051 5801; baseline 0.006 -23"><span class='ocrx_word' id='word_1_482' title='bbox 465 5726 785 5781; x_wconf 79' lang='lat' dir='ltr'><strong>constitutus</strong></span> <span class='ocrx_word' id='word_1_483' title='bbox 827 5737 926 5792; x_wconf 91' lang='lat' dir='ltr'><strong>est,</strong></span> <span class='ocrx_word' id='word_1_484' title='bbox 973 5727 1118 5783; x_wconf 89' lang='lat' dir='ltr'><strong>misit</strong></span> <span class='ocrx_word' id='word_1_485' title='bbox 1147 5737 1364 5783; x_wconf 86' lang='lat' dir='ltr'><strong>nuntios</strong></span> <span class='ocrx_word' id='word_1_486' title='bbox 1411 5729 1476 5784; x_wconf 87' lang='lat' dir='ltr'><strong>ad</strong></span> <span class='ocrx_word' id='word_1_487' title='bbox 1521 5727 1702 5785; x_wconf 87' lang='lat' dir='ltr'><strong>hostes</strong></span> <span class='ocrx_word' id='word_1_488' title='bbox 1732 5731 1876 5796; x_wconf 87' lang='lat' dir='ltr'><strong>prius</strong></span> <span class='ocrx_word' id='word_1_489' title='bbox 1907 5732 2051 5801; x_wconf 85' lang='lat' dir='ltr'><strong>pacis</strong></span> 
     </span>
    </p>
   </div>
   <div class='ocr_carea' id='block_1_60' title="bbox 465 5817 2044 5892">
    <p class='ocr_par' dir='ltr' id='par_1_60' title="bbox 465 5817 2044 5892">
     <span class='ocr_line' id='line_1_60' title="bbox 465 5817 2044 5892; baseline 0.008 -23"><span class='ocrx_word' id='word_1_490' title='bbox 465 5817 624 5872; x_wconf 81' lang='lat' dir='ltr'><strong>verba</strong></span> <span class='ocrx_word' id='word_1_491' title='bbox 654 5827 948 5886; x_wconf 79' lang='lat' dir='ltr'><strong>portantes,</strong></span> <span class='ocrx_word' id='word_1_492' title='bbox 977 5819 1104 5877; x_wconf 86' lang='lat' dir='ltr'><strong>illud</strong></span> <span class='ocrx_word' id='word_1_493' title='bbox 1132 5819 1428 5876; x_wconf 83' lang='lat' dir='ltr'><strong>ostenditur</strong></span> <span class='ocrx_word' id='word_1_494' title='bbox 1455 5819 1596 5892; x_wconf 87' lang='lat' dir='ltr'><strong>quod</strong></span> <span class='ocrx_word' id='word_1_495' title='bbox 1628 5822 1699 5877; x_wconf 86' lang='lat' dir='ltr'><strong>ait</strong></span> <span class='ocrx_word' id='word_1_496' title='bbox 1738 5825 2044 5892; x_wconf 78' lang='lat' dir='ltr'><strong>Apostolus,</strong></span> 
     </span>
    </p>
   </div>
   <div class='ocr_carea' id='block_1_61' title="bbox 1249 367 2966 462">
    <p class='ocr_par' dir='ltr' id='par_1_61' title="bbox 1249 367 2966 462">
     <span class='ocr_line' id='line_1_61' title="bbox 1249 367 2966 462; baseline 0.003 -12"><span class='ocrx_word' id='word_1_497' title='bbox 1249 367 1252 370; x_wconf 8' lang='grc' dir='ltr'><em>ῃ</em></span> <span class='ocrx_word' id='word_1_498' title='bbox 1307 392 1769 462; x_wconf 77' lang='lat' dir='ltr'><strong>QU/ESTIONUM</strong></span> <span class='ocrx_word' id='word_1_499' title='bbox 1808 394 1863 451; x_wconf 90' lang='lat' dir='ltr'><strong>S.</strong></span> <span class='ocrx_word' id='word_1_500' title='bbox 1906 392 2271 450; x_wconf 81' lang='lat' dir='ltr'><strong>AUGUSTINI</strong></span> <span class='ocrx_word' id='word_1_501' title='bbox 2308 395 2373 452; x_wconf 85' lang='grc' dir='ltr'><strong>ΙΝ</strong></span> <span class='ocrx_word' id='word_1_502' title='bbox 2412 397 2966 457; x_wconf 80' lang='lat' dir='ltr'><strong>ilEPTATEUCHUM</strong></span> 
     </span>
    </p>
   </div>
   <div class='ocr_carea' id='block_1_62' title="bbox 3654 406 3756 463">
    <p class='ocr_par' dir='ltr' id='par_1_62' title="bbox 3654 406 3756 463">
     <span class='ocr_line' id='line_1_62' title="bbox 3654 406 3756 463; baseline 0 0"><span class='ocrx_word' id='word_1_503' title='bbox 3654 406 3756 463; x_wconf 68' lang='lat'><strong>820</strong></span> 
     </span>
    </p>
   </div>
   <div class='ocr_carea' id='block_1_63' title="bbox 2177 506 3755 588">
    <p class='ocr_par' dir='ltr' id='par_1_63' title="bbox 2177 506 3755 588">
     <span class='ocr_line' id='line_1_63' title="bbox 2177 506 3755 588; baseline 0.008 -28"><span class='ocrx_word' id='word_1_504' title='bbox 2177 506 2228 561; x_wconf 91' lang='lat' dir='ltr'><strong>in</strong></span> <span class='ocrx_word' id='word_1_505' title='bbox 2254 523 2359 579; x_wconf 86' lang='lat' dir='ltr'><strong>quo</strong></span> <span class='ocrx_word' id='word_1_506' title='bbox 2401 509 2643 566; x_wconf 86' lang='lat' dir='ltr'><strong>Christus</strong></span> <span class='ocrx_word' id='word_1_507' title='bbox 2670 511 2986 583; x_wconf 79' lang='lat' dir='ltr'><strong>loquebatur</strong></span> <span class='ocrx_word' id='word_1_508' title='bbox 3016 532 3028 568; x_wconf 91' lang='lat'><strong>:</strong></span> <span class='ocrx_word' id='word_1_509' title='bbox 3058 513 3121 572; x_wconf 82' lang='lat' dir='ltr'><strong>Si</strong></span> <span class='ocrx_word' id='word_1_510' title='bbox 3156 515 3270 584; x_wconf 78' lang='lat' dir='ltr'><strong>ﬁeri</strong></span> <span class='ocrx_word' id='word_1_511' title='bbox 3297 525 3480 586; x_wconf 84' lang='lat' dir='ltr'><strong>potest,</strong></span> <span class='ocrx_word' id='word_1_512' title='bbox 3518 519 3657 588; x_wconf 84' lang='lat' dir='ltr'><strong>quod</strong></span> <span class='ocrx_word' id='word_1_513' title='bbox 3693 535 3755 572; x_wconf 73' lang='lat' dir='ltr'><strong>es</strong></span> 
     </span>
    </p>
   </div>
   <div class='ocr_carea' id='block_1_64' title="bbox 2175 603 3751 680">
    <p class='ocr_par' dir='ltr' id='par_1_64' title="bbox 2175 603 3751 680">
     <span class='ocr_line' id='line_1_64' title="bbox 2175 603 3751 680; baseline 0.005 -24"><span class='ocrx_word' id='word_1_514' title='bbox 2175 603 2310 657; x_wconf 78' lang='lat' dir='ltr'><strong>vobis</strong></span> <span class='ocrx_word' id='word_1_515' title='bbox 2323 612 2412 670; x_wconf 87' lang='lat' dir='ltr'><strong>est,</strong></span> <span class='ocrx_word' id='word_1_516' title='bbox 2438 621 2554 659; x_wconf 87' lang='lat' dir='ltr'><strong>cum</strong></span> <span class='ocrx_word' id='word_1_517' title='bbox 2571 605 2798 660; x_wconf 86' lang='lat' dir='ltr'><strong>omnibus</strong></span> <span class='ocrx_word' id='word_1_518' title='bbox 2818 606 3101 662; x_wconf 83' lang='lat' dir='ltr'><strong>hominibus</strong></span> <span class='ocrx_word' id='word_1_519' title='bbox 3119 624 3293 679; x_wconf 83' lang='lat' dir='ltr'><strong>pacem</strong></span> <span class='ocrx_word' id='word_1_520' title='bbox 3316 609 3550 663; x_wconf 81' lang='lat' dir='ltr'><strong>habentes</strong></span> <span class='ocrx_word' id='word_1_521' title='bbox 3567 609 3751 680; x_wconf 86' lang='lat' dir='ltr'><strong>(Rom.</strong></span> 
     </span>
    </p>
   </div>
   <div class='ocr_carea' id='block_1_65' title="bbox 2175 693 3752 770">
    <p class='ocr_par' dir='ltr' id='par_1_65' title="bbox 2175 693 3752 770">
     <span class='ocr_line' id='line_1_65' title="bbox 2175 693 3752 770; baseline 0.006 -24"><span class='ocrx_word' id='word_1_522' title='bbox 2175 707 2276 760; x_wconf 84' lang='lat' dir='ltr'><strong>xii,</strong></span> <span class='ocrx_word' id='word_1_523' title='bbox 2305 693 2417 764; x_wconf 89' lang='grc'><strong>18).</strong></span> <span class='ocrx_word' id='word_1_524' title='bbox 2465 693 2642 750; x_wconf 84' lang='lat' dir='ltr'><strong>Verba</strong></span> <span class='ocrx_word' id='word_1_525' title='bbox 2685 711 2845 765; x_wconf 92' lang='lat' dir='ltr'><strong>porro</strong></span> <span class='ocrx_word' id='word_1_526' title='bbox 2887 697 3000 766; x_wconf 85' lang='lat' dir='ltr'><strong>ipsa</strong></span> <span class='ocrx_word' id='word_1_527' title='bbox 3041 713 3160 768; x_wconf 72' lang='lat' dir='ltr'><strong>qua:</strong></span> <span class='ocrx_word' id='word_1_528' title='bbox 3204 699 3474 754; x_wconf 86' lang='lat' dir='ltr'><strong>mandavit</strong></span> <span class='ocrx_word' id='word_1_529' title='bbox 3516 699 3752 770; x_wconf 81' lang='lat' dir='ltr'><strong>Jephte,</strong></span> 
     </span>
    </p>
   </div>
   <div class='ocr_carea' id='block_1_66' title="bbox 2174 786 3755 859">
    <p class='ocr_par' dir='ltr' id='par_1_66' title="bbox 2174 786 3755 859">
     <span class='ocr_line' id='line_1_66' title="bbox 2174 786 3755 859; baseline 0.004 -20"><span class='ocrx_word' id='word_1_530' title='bbox 2174 786 2349 840; x_wconf 91' lang='lat' dir='ltr'><strong>omnia</strong></span> <span class='ocrx_word' id='word_1_531' title='bbox 2376 795 2699 855; x_wconf 85' lang='lat' dir='ltr'><strong>pertractare</strong></span> <span class='ocrx_word' id='word_1_532' title='bbox 2719 788 2880 844; x_wconf 90' lang='lat' dir='ltr'><strong>nimis</strong></span> <span class='ocrx_word' id='word_1_533' title='bbox 2896 788 3108 859; x_wconf 86' lang='lat' dir='ltr'><strong>longum</strong></span> <span class='ocrx_word' id='word_1_534' title='bbox 3137 797 3237 854; x_wconf 88' lang='lat' dir='ltr'><strong>est,</strong></span> <span class='ocrx_word' id='word_1_535' title='bbox 3267 789 3634 846; x_wconf 81' lang='lat' dir='ltr'><strong>festinantibus</strong></span> <span class='ocrx_word' id='word_1_536' title='bbox 3660 805 3755 846; x_wconf 63' lang='lat' dir='ltr'><strong>no»</strong></span> 
     </span>
    </p>
   </div>
   <div class='ocr_carea' id='block_1_67' title="bbox 2172 874 3753 953">
    <p class='ocr_par' dir='ltr' id='par_1_67' title="bbox 2172 874 3753 953">
     <span class='ocr_line' id='line_1_67' title="bbox 2172 874 3753 953; baseline 0.003 -22"><span class='ocrx_word' id='word_1_537' title='bbox 2172 874 2255 931; x_wconf 88' lang='lat' dir='ltr'><strong>bis</strong></span> <span class='ocrx_word' id='word_1_538' title='bbox 2283 895 2298 930; x_wconf 88' lang='lat'><strong><em>:</em></strong></span> <span class='ocrx_word' id='word_1_539' title='bbox 2327 877 2571 932; x_wconf 85' lang='lat' dir='ltr'><strong>videntur</strong></span> <span class='ocrx_word' id='word_1_540' title='bbox 2603 887 2780 934; x_wconf 81' lang='lat' dir='ltr'><strong>tamen</strong></span> <span class='ocrx_word' id='word_1_541' title='bbox 2811 879 2940 934; x_wconf 91' lang='lat' dir='ltr'><strong>mihi</strong></span> <span class='ocrx_word' id='word_1_542' title='bbox 2979 882 3057 937; x_wconf 90' lang='lat' dir='ltr'><strong>sic</strong></span> <span class='ocrx_word' id='word_1_543' title='bbox 3093 881 3452 952; x_wconf 84' lang='lat' dir='ltr'><strong>intelligenda,</strong></span> <span class='ocrx_word' id='word_1_544' title='bbox 3496 890 3753 953; x_wconf 87' lang='lat' dir='ltr'><strong>quantum</strong></span> 
     </span>
    </p>
   </div>
   <div class='ocr_carea' id='block_1_68' title="bbox 2171 968 3753 1041">
    <p class='ocr_par' dir='ltr' id='par_1_68' title="bbox 2171 968 3753 1041">
     <span class='ocr_line' id='line_1_68' title="bbox 2171 968 3753 1041; baseline 0.005 -19"><span class='ocrx_word' id='word_1_545' title='bbox 2171 968 2360 1024; x_wconf 88' lang='lat' dir='ltr'><strong>attinet</strong></span> <span class='ocrx_word' id='word_1_546' title='bbox 2381 969 2447 1024; x_wconf 91' lang='lat' dir='ltr'><strong>ad</strong></span> <span class='ocrx_word' id='word_1_547' title='bbox 2476 971 2914 1041; x_wconf 88' lang='lat' dir='ltr'><strong>signiﬁcationem</strong></span> <span class='ocrx_word' id='word_1_548' title='bbox 2935 971 3258 1041; x_wconf 74' lang='lat' dir='ltr'><strong>futurorum,</strong></span> <span class='ocrx_word' id='word_1_549' title='bbox 3291 983 3349 1029; x_wconf 92' lang='lat' dir='ltr'><strong>ut</strong></span> <span class='ocrx_word' id='word_1_550' title='bbox 3373 975 3426 1030; x_wconf 94' lang='lat' dir='ltr'><strong>in</strong></span> <span class='ocrx_word' id='word_1_551' title='bbox 3457 976 3536 1032; x_wconf 92' lang='lat' dir='ltr'><strong>eis</strong></span> <span class='ocrx_word' id='word_1_552' title='bbox 3560 975 3753 1032; x_wconf 83' lang='lat' dir='ltr'><strong>adver-</strong></span> 
     </span>
    </p>
   </div>
   <div class='ocr_carea' id='block_1_69' title="bbox 2174 1059 3752 1135">
    <p class='ocr_par' dir='ltr' id='par_1_69' title="bbox 2174 1059 3752 1135">
     <span class='ocr_line' id='line_1_69' title="bbox 2174 1059 3752 1135; baseline 0.003 -21"><span class='ocrx_word' id='word_1_553' title='bbox 2174 1067 2312 1114; x_wconf 83' lang='lat' dir='ltr'><strong>tatur</strong></span> <span class='ocrx_word' id='word_1_554' title='bbox 2336 1059 2575 1124; x_wconf 89' lang='lat' dir='ltr'><strong>doctrina</strong></span> <span class='ocrx_word' id='word_1_555' title='bbox 2603 1063 2819 1127; x_wconf 78' lang='lat' dir='ltr'><strong>Christi,</strong></span> <span class='ocrx_word' id='word_1_556' title='bbox 2856 1063 3149 1119; x_wconf 88' lang='lat' dir='ltr'><strong>admonens</strong></span> <span class='ocrx_word' id='word_1_557' title='bbox 3175 1079 3274 1118; x_wconf 88' lang='lat' dir='ltr'><strong>nos</strong></span> <span class='ocrx_word' id='word_1_558' title='bbox 3297 1064 3752 1135; x_wconf 86' lang='lat' dir='ltr'><strong>quemadmodum</strong></span> 
     </span>
    </p>
   </div>
   <div class='ocr_carea' id='block_1_70' title="bbox 2171 1137 3752 1228">
    <p class='ocr_par' dir='ltr' id='par_1_70' title="bbox 2171 1137 3752 1228">
     <span class='ocr_line' id='line_1_70' title="bbox 2171 1137 3752 1228; baseline 0.006 -24"><span class='ocrx_word' id='word_1_559' title='bbox 2171 1151 2240 1206; x_wconf 90' lang='lat' dir='ltr'><strong>sit</strong></span> <span class='ocrx_word' id='word_1_560' title='bbox 2259 1151 2655 1220; x_wconf 83' lang='lat' dir='ltr'><strong>ambulandum,</strong></span> <span class='ocrx_word' id='word_1_561' title='bbox 2686 1154 2788 1210; x_wconf 87' lang='lat' dir='ltr'><strong>hoc</strong></span> <span class='ocrx_word' id='word_1_562' title='bbox 2814 1163 2916 1221; x_wconf 89' lang='lat' dir='ltr'><strong>est,</strong></span> <span class='ocrx_word' id='word_1_563' title='bbox 2944 1155 3223 1210; x_wconf 89' lang='lat' dir='ltr'><strong>vivendum</strong></span> <span class='ocrx_word' id='word_1_564' title='bbox 3253 1137 3388 1212; x_wconf 74' lang='lat' dir='ltr'><strong>inter</strong></span> <span class='ocrx_word' id='word_1_565' title='bbox 3409 1171 3505 1212; x_wconf 90' lang='lat' dir='ltr'><strong>eos</strong></span> <span class='ocrx_word' id='word_1_566' title='bbox 3524 1156 3612 1228; x_wconf 91' lang='lat' dir='ltr'><strong>qui</strong></span> <span class='ocrx_word' id='word_1_567' title='bbox 3642 1172 3752 1213; x_wconf 92' lang='lat' dir='ltr'><strong>non</strong></span> 
     </span>
    </p>
   </div>
   <div class='ocr_carea' id='block_1_71' title="bbox 2170 1241 3751 1316">
    <p class='ocr_par' dir='ltr' id='par_1_71' title="bbox 2170 1241 3751 1316">
     <span class='ocr_line' id='line_1_71' title="bbox 2170 1241 3751 1316; baseline 0.004 -18"><span class='ocrx_word' id='word_1_568' title='bbox 2170 1241 2460 1300; x_wconf 80' lang='lat' dir='ltr'><strong>secundum</strong></span> <span class='ocrx_word' id='word_1_569' title='bbox 2485 1246 2814 1316; x_wconf 89' lang='lat' dir='ltr'><strong>propositum</strong></span> <span class='ocrx_word' id='word_1_570' title='bbox 2837 1247 3009 1302; x_wconf 87' lang='lat' dir='ltr'><strong>vocati</strong></span> <span class='ocrx_word' id='word_1_571' title='bbox 3032 1255 3175 1301; x_wconf 89' lang='lat' dir='ltr'><strong>sunt.</strong></span> <span class='ocrx_word' id='word_1_572' title='bbox 3215 1247 3373 1303; x_wconf 85' lang='lat' dir='ltr'><strong>Novit</strong></span> <span class='ocrx_word' id='word_1_573' title='bbox 3399 1249 3541 1304; x_wconf 87' lang='lat' dir='ltr'><strong>enim</strong></span> <span class='ocrx_word' id='word_1_574' title='bbox 3569 1248 3751 1304; x_wconf 85' lang='lat' dir='ltr'><strong>Domi-</strong></span> 
     </span>
    </p>
   </div>
   <div class='ocr_carea' id='block_1_72' title="bbox 2169 1335 3180 1410">
    <p class='ocr_par' dir='ltr' id='par_1_72' title="bbox 2169 1335 3180 1410">
     <span class='ocr_line' id='line_1_72' title="bbox 2169 1335 3180 1410; baseline 0.003 -22"><span class='ocrx_word' id='word_1_575' title='bbox 2169 1350 2271 1390; x_wconf 89' lang='lat' dir='ltr'><strong>nus</strong></span> <span class='ocrx_word' id='word_1_576' title='bbox 2295 1335 2385 1406; x_wconf 89' lang='lat' dir='ltr'><strong>qui</strong></span> <span class='ocrx_word' id='word_1_577' title='bbox 2413 1345 2536 1391; x_wconf 90' lang='lat' dir='ltr'><strong>sunt</strong></span> <span class='ocrx_word' id='word_1_578' title='bbox 2563 1336 2681 1406; x_wconf 89' lang='lat' dir='ltr'><strong>ejus</strong></span> <span class='ocrx_word' id='word_1_579' title='bbox 2713 1336 2787 1410; x_wconf 89' lang='grc' dir='ltr'><strong>(ιί</strong></span> <span class='ocrx_word' id='word_1_580' title='bbox 2813 1335 2948 1391; x_wconf 84' lang='lat' dir='ltr'><strong>Tim.</strong></span> <span class='ocrx_word' id='word_1_581' title='bbox 2980 1353 3038 1400; x_wconf 86' lang='lat' dir='ltr'><strong>tt,</strong></span> <span class='ocrx_word' id='word_1_582' title='bbox 3068 1337 3180 1408; x_wconf 88' lang='grc'><strong>19).</strong></span> 
     </span>
    </p>
   </div>
   <div class='ocr_carea' id='block_1_73' title="bbox 2239 1425 3754 1497">
    <p class='ocr_par' dir='ltr' id='par_1_73' title="bbox 2239 1425 3754 1497">
     <span class='ocr_line' id='line_1_73' title="bbox 2239 1425 3754 1497; baseline 0.001 -15"><span class='ocrx_word' id='word_1_583' title='bbox 2239 1425 2488 1483; x_wconf 78' lang='lat' dir='ltr'><strong>Jamvero</strong></span> <span class='ocrx_word' id='word_1_584' title='bbox 2512 1427 2654 1497; x_wconf 91' lang='lat' dir='ltr'><strong>quod</strong></span> <span class='ocrx_word' id='word_1_585' title='bbox 2680 1443 2799 1482; x_wconf 91' lang='lat' dir='ltr'><strong>cum</strong></span> <span class='ocrx_word' id='word_1_586' title='bbox 2827 1437 2970 1483; x_wconf 89' lang='lat' dir='ltr'><strong>esset</strong></span> <span class='ocrx_word' id='word_1_587' title='bbox 2995 1428 3355 1486; x_wconf 89' lang='lat' dir='ltr'><strong>debellaturus</strong></span> <span class='ocrx_word' id='word_1_588' title='bbox 3382 1427 3646 1496; x_wconf 88' lang='lat' dir='ltr'><strong>inimicos,</strong></span> <span class='ocrx_word' id='word_1_589' title='bbox 3675 1429 3754 1484; x_wconf 60' lang='lat' dir='ltr'><strong>fac</strong></span> 
     </span>
    </p>
   </div>
   <div class='ocr_carea' id='block_1_74' title="bbox 2168 1517 3752 1590">
    <p class='ocr_par' dir='ltr' id='par_1_74' title="bbox 2168 1517 3752 1590">
     <span class='ocr_line' id='line_1_74' title="bbox 2168 1517 3752 1590; baseline 0.003 -19"><span class='ocrx_word' id='word_1_590' title='bbox 2168 1525 2284 1571; x_wconf 90' lang='lat' dir='ltr'><strong>ctus</strong></span> <span class='ocrx_word' id='word_1_591' title='bbox 2312 1525 2394 1572; x_wconf 91' lang='lat' dir='ltr'><strong>est</strong></span> <span class='ocrx_word' id='word_1_592' title='bbox 2427 1532 2587 1588; x_wconf 91' lang='lat' dir='ltr'><strong>super</strong></span> <span class='ocrx_word' id='word_1_593' title='bbox 2610 1533 2733 1572; x_wconf 91' lang='lat' dir='ltr'><strong>eum</strong></span> <span class='ocrx_word' id='word_1_594' title='bbox 2760 1517 2987 1588; x_wconf 88' lang='lat' dir='ltr'><strong>Spiritus</strong></span> <span class='ocrx_word' id='word_1_595' title='bbox 3017 1519 3244 1585; x_wconf 86' lang='lat' dir='ltr'><strong>Domini,</strong></span> <span class='ocrx_word' id='word_1_596' title='bbox 3279 1519 3603 1588; x_wconf 85' lang='lat' dir='ltr'><strong>signiﬁcatur</strong></span> <span class='ocrx_word' id='word_1_597' title='bbox 3627 1518 3752 1590; x_wconf 89' lang='lat' dir='ltr'><strong>Spi-</strong></span> 
     </span>
    </p>
   </div>
   <div class='ocr_carea' id='block_1_75' title="bbox 2168 1608 3396 1680">
    <p class='ocr_par' dir='ltr' id='par_1_75' title="bbox 2168 1608 3396 1680">
     <span class='ocr_line' id='line_1_75' title="bbox 2168 1608 3396 1680; baseline 0 -17"><span class='ocrx_word' id='word_1_598' title='bbox 2168 1608 2304 1664; x_wconf 87' lang='lat' dir='ltr'><strong>ritus</strong></span> <span class='ocrx_word' id='word_1_599' title='bbox 2332 1618 2546 1664; x_wconf 84' lang='lat' dir='ltr'><strong>sanctus</strong></span> <span class='ocrx_word' id='word_1_600' title='bbox 2574 1609 2873 1680; x_wconf 90' lang='lat' dir='ltr'><strong>impertitus</strong></span> <span class='ocrx_word' id='word_1_601' title='bbox 2895 1610 3150 1666; x_wconf 88' lang='lat' dir='ltr'><strong>membris</strong></span> <span class='ocrx_word' id='word_1_602' title='bbox 3178 1609 3396 1666; x_wconf 86' lang='lat' dir='ltr'><strong>Christi.</strong></span> 
     </span>
    </p>
   </div>
   <div class='ocr_carea' id='block_1_76' title="bbox 2237 1701 3748 1774">
    <p class='ocr_par' dir='ltr' id='par_1_76' title="bbox 2237 1701 3748 1774">
     <span class='ocr_line' id='line_1_76' title="bbox 2237 1701 3748 1774; baseline 0.001 -18"><span class='ocrx_word' id='word_1_603' title='bbox 2237 1701 2389 1768; x_wconf 86' lang='lat' dir='ltr'><strong>Quod</strong></span> <span class='ocrx_word' id='word_1_604' title='bbox 2417 1710 2592 1757; x_wconf 88' lang='lat' dir='ltr'><strong>autem</strong></span> <span class='ocrx_word' id='word_1_605' title='bbox 2612 1703 2902 1774; x_wconf 85' lang='lat' dir='ltr'><strong>pertransiit</strong></span> <span class='ocrx_word' id='word_1_606' title='bbox 2919 1701 3120 1758; x_wconf 83' lang='lat' dir='ltr'><strong>Galaad</strong></span> <span class='ocrx_word' id='word_1_607' title='bbox 3147 1710 3194 1756; x_wconf 90' lang='lat' dir='ltr'><strong>et</strong></span> <span class='ocrx_word' id='word_1_608' title='bbox 3219 1703 3476 1769; x_wconf 81' lang='lat' dir='ltr'><strong>Manasse,</strong></span> <span class='ocrx_word' id='word_1_609' title='bbox 3505 1712 3554 1757; x_wconf 91' lang='lat' dir='ltr'><strong>et</strong></span> <span class='ocrx_word' id='word_1_610' title='bbox 3575 1711 3748 1758; x_wconf 80' lang='lat' dir='ltr'><strong>trans-</strong></span> 
     </span>
    </p>
   </div>
   <div class='ocr_carea' id='block_1_77' title="bbox 2166 1791 3750 1866">
    <p class='ocr_par' dir='ltr' id='par_1_77' title="bbox 2166 1791 3750 1866">
     <span class='ocr_line' id='line_1_77' title="bbox 2166 1791 3750 1866; baseline 0.003 -21"><span class='ocrx_word' id='word_1_611' title='bbox 2166 1792 2225 1846; x_wconf 89' lang='lat' dir='ltr'><strong>iit</strong></span> <span class='ocrx_word' id='word_1_612' title='bbox 2251 1792 2509 1863; x_wconf 78' lang='lat' dir='ltr'><strong>speculam</strong></span> <span class='ocrx_word' id='word_1_613' title='bbox 2533 1791 2753 1862; x_wconf 83' lang='lat' dir='ltr'><strong>Galaad,</strong></span> <span class='ocrx_word' id='word_1_614' title='bbox 2775 1793 2902 1848; x_wconf 86' lang='lat' dir='ltr'><strong>etab</strong></span> <span class='ocrx_word' id='word_1_615' title='bbox 2917 1793 3122 1866; x_wconf 88' lang='lat' dir='ltr'><strong>specula</strong></span> <span class='ocrx_word' id='word_1_616' title='bbox 3149 1791 3348 1849; x_wconf 87' lang='lat' dir='ltr'><strong>Galaad</strong></span> <span class='ocrx_word' id='word_1_617' title='bbox 3365 1793 3431 1847; x_wconf 87' lang='lat' dir='ltr'><strong>ad</strong></span> <span class='ocrx_word' id='word_1_618' title='bbox 3452 1803 3591 1848; x_wconf 87' lang='lat' dir='ltr'><strong>trans</strong></span> <span class='ocrx_word' id='word_1_619' title='bbox 3611 1794 3750 1863; x_wconf 82' lang='lat' dir='ltr'><strong>ﬁlios</strong></span> 
     </span>
    </p>
   </div>
   <div class='ocr_carea' id='block_1_78' title="bbox 2166 1883 3753 1955">
    <p class='ocr_par' dir='ltr' id='par_1_78' title="bbox 2166 1883 3753 1955">
     <span class='ocr_line' id='line_1_78' title="bbox 2166 1883 3753 1955; baseline 0.003 -19"><span class='ocrx_word' id='word_1_620' title='bbox 2166 1883 2402 1948; x_wconf 81' lang='lat' dir='ltr'><strong>Ammon,</strong></span> <span class='ocrx_word' id='word_1_621' title='bbox 2430 1883 2759 1952; x_wconf 83' lang='lat' dir='ltr'><strong>proﬁcientia</strong></span> <span class='ocrx_word' id='word_1_622' title='bbox 2785 1884 3152 1955; x_wconf 83' lang='lat' dir='ltr'><strong>signiﬁcantur</strong></span> <span class='ocrx_word' id='word_1_623' title='bbox 3180 1886 3417 1940; x_wconf 89' lang='lat' dir='ltr'><strong>membra</strong></span> <span class='ocrx_word' id='word_1_624' title='bbox 3447 1883 3645 1941; x_wconf 89' lang='lat' dir='ltr'><strong>Christi</strong></span> <span class='ocrx_word' id='word_1_625' title='bbox 3681 1885 3753 1940; x_wconf 87' lang='lat' dir='ltr'><strong>ad</strong></span> 
     </span>
    </p>
   </div>
   <div class='ocr_carea' id='block_1_79' title="bbox 2165 1973 3754 2046">
    <p class='ocr_par' dir='ltr' id='par_1_79' title="bbox 2165 1973 3754 2046">
     <span class='ocr_line' id='line_1_79' title="bbox 2165 1973 3754 2046; baseline 0 -18"><span class='ocrx_word' id='word_1_626' title='bbox 2165 1974 2438 2028; x_wconf 77' lang='lat' dir='ltr'><strong>victoriam</strong></span> <span class='ocrx_word' id='word_1_627' title='bbox 2468 1973 2535 2030; x_wconf 91' lang='lat' dir='ltr'><strong>de</strong></span> <span class='ocrx_word' id='word_1_628' title='bbox 2561 1975 2788 2030; x_wconf 88' lang='lat' dir='ltr'><strong>inimicis</strong></span> <span class='ocrx_word' id='word_1_629' title='bbox 2808 1974 3203 2044; x_wconf 87' lang='lat' dir='ltr'><strong>reportandam.</strong></span> <span class='ocrx_word' id='word_1_630' title='bbox 3230 1973 3425 2030; x_wconf 85' lang='lat' dir='ltr'><strong>Galaad</strong></span> <span class='ocrx_word' id='word_1_631' title='bbox 3450 1975 3647 2046; x_wconf 89' lang='lat' dir='ltr'><strong>quippe</strong></span> <span class='ocrx_word' id='word_1_632' title='bbox 3668 1975 3754 2030; x_wconf 86' lang='lat' dir='ltr'><strong>in-</strong></span> 
     </span>
    </p>
   </div>
   <div class='ocr_carea' id='block_1_80' title="bbox 2166 2064 3752 2136">
    <p class='ocr_par' dir='ltr' id='par_1_80' title="bbox 2166 2064 3752 2136">
     <span class='ocr_line' id='line_1_80' title="bbox 2166 2064 3752 2136; baseline 0.001 -17"><span class='ocrx_word' id='word_1_633' title='bbox 2166 2072 2484 2134; x_wconf 86' lang='lat' dir='ltr'><strong>terpretatur</strong></span> <span class='ocrx_word' id='word_1_634' title='bbox 2502 2065 2791 2136; x_wconf 85' lang='lat' dir='ltr'><strong>Ahjiciens,</strong></span> <span class='ocrx_word' id='word_1_635' title='bbox 2814 2065 3057 2121; x_wconf 83' lang='lat' dir='ltr'><strong>Manasse</strong></span> <span class='ocrx_word' id='word_1_636' title='bbox 3073 2064 3392 2120; x_wconf 87' lang='lat' dir='ltr'><strong>Necessitas.</strong></span> <span class='ocrx_word' id='word_1_637' title='bbox 3417 2065 3752 2121; x_wconf 86' lang='lat' dir='ltr'><strong>Transeundi</strong></span> 
     </span>
    </p>
   </div>
   <div class='ocr_carea' id='block_1_81' title="bbox 2165 2157 3752 2228">
    <p class='ocr_par' dir='ltr' id='par_1_81' title="bbox 2165 2157 3752 2228">
     <span class='ocr_line' id='line_1_81' title="bbox 2165 2157 3752 2228; baseline -0.001 -16"><span class='ocrx_word' id='word_1_638' title='bbox 2165 2165 2289 2212; x_wconf 92' lang='lat' dir='ltr'><strong>sunt</strong></span> <span class='ocrx_word' id='word_1_639' title='bbox 2304 2173 2429 2228; x_wconf 88' lang='lat' dir='ltr'><strong>ergo</strong></span> <span class='ocrx_word' id='word_1_640' title='bbox 2441 2173 2470 2212; x_wconf 92' lang='lat' dir='ltr'><strong>a</strong></span> <span class='ocrx_word' id='word_1_641' title='bbox 2487 2158 2886 2228; x_wconf 88' lang='lat' dir='ltr'><strong>proﬁcientibus</strong></span> <span class='ocrx_word' id='word_1_642' title='bbox 2901 2159 3228 2228; x_wconf 88' lang='lat' dir='ltr'><strong>abjicientes,</strong></span> <span class='ocrx_word' id='word_1_643' title='bbox 3251 2157 3301 2213; x_wconf 92' lang='lat' dir='ltr'><strong>id</strong></span> <span class='ocrx_word' id='word_1_644' title='bbox 3315 2165 3752 2213; x_wconf 81' lang='lat' dir='ltr'><strong>estcontemnen-</strong></span> 
     </span>
    </p>
   </div>
   <div class='ocr_carea' id='block_1_82' title="bbox 2164 2247 3750 2317">
    <p class='ocr_par' dir='ltr' id='par_1_82' title="bbox 2164 2247 3750 2317">
     <span class='ocr_line' id='line_1_82' title="bbox 2164 2247 3750 2317; baseline 0 -15"><span class='ocrx_word' id='word_1_645' title='bbox 2164 2255 2273 2302; x_wconf 84' lang='lat' dir='ltr'><strong>tes:</strong></span> <span class='ocrx_word' id='word_1_646' title='bbox 2290 2248 2605 2303; x_wconf 88' lang='lat' dir='ltr'><strong>transeunda</strong></span> <span class='ocrx_word' id='word_1_647' title='bbox 2625 2256 2680 2304; x_wconf 91' lang='lat' dir='ltr'><strong>et</strong></span> <span class='ocrx_word' id='word_1_648' title='bbox 2698 2249 3008 2315; x_wconf 88' lang='lat' dir='ltr'><strong>necessitas,</strong></span> <span class='ocrx_word' id='word_1_649' title='bbox 3025 2264 3091 2303; x_wconf 91' lang='lat' dir='ltr'><strong>ne</strong></span> <span class='ocrx_word' id='word_1_650' title='bbox 3104 2247 3236 2303; x_wconf 79' lang='lat' dir='ltr'><strong>forte</strong></span> <span class='ocrx_word' id='word_1_651' title='bbox 3247 2263 3367 2304; x_wconf 90' lang='lat' dir='ltr'><strong>cum</strong></span> <span class='ocrx_word' id='word_1_652' title='bbox 3385 2248 3750 2317; x_wconf 89' lang='lat' dir='ltr'><strong>transieritqui</strong></span> 
     </span>
    </p>
   </div>
   <div class='ocr_carea' id='block_1_83' title="bbox 2165 2337 3751 2409">
    <p class='ocr_par' dir='ltr' id='par_1_83' title="bbox 2165 2337 3751 2409">
     <span class='ocr_line' id='line_1_83' title="bbox 2165 2337 3751 2409; baseline 0.001 -17"><span class='ocrx_word' id='word_1_653' title='bbox 2165 2339 2373 2409; x_wconf 86' lang='lat' dir='ltr'><strong>proﬁcit</strong></span> <span class='ocrx_word' id='word_1_654' title='bbox 2400 2347 2826 2406; x_wconf 87' lang='lat' dir='ltr'><strong>contemnentes,</strong></span> <span class='ocrx_word' id='word_1_655' title='bbox 2852 2339 3007 2394; x_wconf 90' lang='lat' dir='ltr'><strong>cedat</strong></span> <span class='ocrx_word' id='word_1_656' title='bbox 3034 2339 3374 2394; x_wconf 84' lang='lat' dir='ltr'><strong>terrentibus.</strong></span> <span class='ocrx_word' id='word_1_657' title='bbox 3403 2337 3751 2394; x_wconf 83' lang='lat' dir='ltr'><strong>Transeunda</strong></span> 
     </span>
    </p>
   </div>
   <div class='ocr_carea' id='block_1_84' title="bbox 2165 2429 3746 2501">
    <p class='ocr_par' dir='ltr' id='par_1_84' title="bbox 2165 2429 3746 2501">
     <span class='ocr_line' id='line_1_84' title="bbox 2165 2429 3746 2501; baseline -0.003 -15"><span class='ocrx_word' id='word_1_658' title='bbox 2165 2430 2324 2486; x_wconf 87' lang='lat' dir='ltr'><strong>etiam</strong></span> <span class='ocrx_word' id='word_1_659' title='bbox 2351 2430 2566 2500; x_wconf 89' lang='lat' dir='ltr'><strong>specula</strong></span> <span class='ocrx_word' id='word_1_660' title='bbox 2595 2429 2814 2497; x_wconf 86' lang='lat' dir='ltr'><strong>Galaad,</strong></span> <span class='ocrx_word' id='word_1_661' title='bbox 2842 2430 3092 2501; x_wconf 89' lang='lat' dir='ltr'><strong>quoniam</strong></span> <span class='ocrx_word' id='word_1_662' title='bbox 3121 2429 3319 2486; x_wconf 87' lang='lat' dir='ltr'><strong>Galaad</strong></span> <span class='ocrx_word' id='word_1_663' title='bbox 3343 2429 3502 2484; x_wconf 91' lang='lat' dir='ltr'><strong>etiam</strong></span> <span class='ocrx_word' id='word_1_664' title='bbox 3525 2429 3746 2484; x_wconf 87' lang='lat' dir='ltr'><strong>Revela.-</strong></span> 
     </span>
    </p>
   </div>
   <div class='ocr_carea' id='block_1_85' title="bbox 2165 2520 3750 2592">
    <p class='ocr_par' dir='ltr' id='par_1_85' title="bbox 2165 2520 3750 2592">
     <span class='ocr_line' id='line_1_85' title="bbox 2165 2520 3750 2592; baseline 0 -18"><span class='ocrx_word' id='word_1_665' title='bbox 2165 2521 2242 2576; x_wconf 91' lang='lat' dir='ltr'><strong>tio</strong></span> <span class='ocrx_word' id='word_1_666' title='bbox 2255 2521 2648 2592; x_wconf 89' lang='lat' dir='ltr'><strong>interpretatur.</strong></span> <span class='ocrx_word' id='word_1_667' title='bbox 2677 2521 2774 2576; x_wconf 86' lang='lat' dir='ltr'><strong>Est</strong></span> <span class='ocrx_word' id='word_1_668' title='bbox 2793 2530 2969 2576; x_wconf 88' lang='lat' dir='ltr'><strong>autem</strong></span> <span class='ocrx_word' id='word_1_669' title='bbox 2989 2521 3201 2591; x_wconf 82' lang='lat' dir='ltr'><strong>specula</strong></span> <span class='ocrx_word' id='word_1_670' title='bbox 3220 2520 3441 2576; x_wconf 89' lang='lat' dir='ltr'><strong>altitudo</strong></span> <span class='ocrx_word' id='word_1_671' title='bbox 3456 2520 3523 2575; x_wconf 86' lang='lat' dir='ltr'><strong>ad</strong></span> <span class='ocrx_word' id='word_1_672' title='bbox 3546 2520 3750 2590; x_wconf 84' lang='lat' dir='ltr'><strong>prospi-</strong></span> 
     </span>
    </p>
   </div>
   <div class='ocr_carea' id='block_1_86' title="bbox 2164 2611 3750 2684">
    <p class='ocr_par' dir='ltr' id='par_1_86' title="bbox 2164 2611 3750 2684">
     <span class='ocr_line' id='line_1_86' title="bbox 2164 2611 3750 2684; baseline -0.001 -18"><span class='ocrx_word' id='word_1_673' title='bbox 2164 2612 2432 2679; x_wconf 90' lang='lat' dir='ltr'><strong>ciendum,</strong></span> <span class='ocrx_word' id='word_1_674' title='bbox 2468 2612 2552 2668; x_wconf 89' lang='lat' dir='ltr'><strong>vel</strong></span> <span class='ocrx_word' id='word_1_675' title='bbox 2571 2613 2988 2684; x_wconf 88' lang='lat' dir='ltr'><strong>despiciendum,</strong></span> <span class='ocrx_word' id='word_1_676' title='bbox 3015 2612 3068 2666; x_wconf 92' lang='lat' dir='ltr'><strong>id</strong></span> <span class='ocrx_word' id='word_1_677' title='bbox 3105 2621 3187 2667; x_wconf 88' lang='lat' dir='ltr'><strong>est</strong></span> <span class='ocrx_word' id='word_1_678' title='bbox 3220 2613 3448 2682; x_wconf 84' lang='lat' dir='ltr'><strong>desuper</strong></span> <span class='ocrx_word' id='word_1_679' title='bbox 3487 2611 3750 2682; x_wconf 82' lang='lat' dir='ltr'><strong>aspicien-</strong></span> 
     </span>
    </p>
   </div>
   <div class='ocr_carea' id='block_1_87' title="bbox 2163 2702 3750 2776">
    <p class='ocr_par' dir='ltr' id='par_1_87' title="bbox 2163 2702 3750 2776">
     <span class='ocr_line' id='line_1_87' title="bbox 2163 2702 3750 2776; baseline -0.002 -16"><span class='ocrx_word' id='word_1_680' title='bbox 2163 2705 2308 2760; x_wconf 92' lang='lat' dir='ltr'><strong>dum.</strong></span> <span class='ocrx_word' id='word_1_681' title='bbox 2336 2703 2558 2773; x_wconf 85' lang='lat' dir='ltr'><strong>Specula</strong></span> <span class='ocrx_word' id='word_1_682' title='bbox 2588 2704 2762 2776; x_wconf 77' lang='lat' dir='ltr'><strong>itaque</strong></span> <span class='ocrx_word' id='word_1_683' title='bbox 2792 2703 2992 2760; x_wconf 85' lang='lat' dir='ltr'><strong>Galaad</strong></span> <span class='ocrx_word' id='word_1_684' title='bbox 3009 2711 3363 2774; x_wconf 86' lang='lat' dir='ltr'><strong>congruenter</strong></span> <span class='ocrx_word' id='word_1_685' title='bbox 3381 2703 3512 2758; x_wconf 90' lang='lat' dir='ltr'><strong>mihi</strong></span> <span class='ocrx_word' id='word_1_686' title='bbox 3541 2702 3750 2758; x_wconf 86' lang='lat' dir='ltr'><strong>videtur</strong></span> 
     </span>
    </p>
   </div>
   <div class='ocr_carea' id='block_1_88' title="bbox 2163 2795 3748 2868">
    <p class='ocr_par' dir='ltr' id='par_1_88' title="bbox 2163 2795 3748 2868">
     <span class='ocr_line' id='line_1_88' title="bbox 2163 2795 3748 2868; baseline -0.001 -18"><span class='ocrx_word' id='word_1_687' title='bbox 2163 2795 2463 2868; x_wconf 88' lang='lat' dir='ltr'><strong>signiﬁcare</strong></span> <span class='ocrx_word' id='word_1_688' title='bbox 2486 2797 2787 2866; x_wconf 88' lang='lat' dir='ltr'><strong>superbiam</strong></span> <span class='ocrx_word' id='word_1_689' title='bbox 2811 2796 3148 2852; x_wconf 83' lang='lat' dir='ltr'><strong>revelationis</strong></span> <span class='ocrx_word' id='word_1_690' title='bbox 3177 2814 3190 2850; x_wconf 89' lang='lat'><strong>:</strong></span> <span class='ocrx_word' id='word_1_691' title='bbox 3219 2795 3357 2850; x_wconf 92' lang='lat' dir='ltr'><strong>unde</strong></span> <span class='ocrx_word' id='word_1_692' title='bbox 3370 2795 3497 2851; x_wconf 88' lang='lat' dir='ltr'><strong>dicit</strong></span> <span class='ocrx_word' id='word_1_693' title='bbox 3517 2796 3748 2864; x_wconf 84' lang='lat' dir='ltr'><strong>Aposto-</strong></span> 
     </span>
    </p>
   </div>
   <div class='ocr_carea' id='block_1_89' title="bbox 2163 2885 3743 2962">
    <p class='ocr_par' dir='ltr' id='par_1_89' title="bbox 2163 2885 3743 2962">
     <span class='ocr_line' id='line_1_89' title="bbox 2163 2885 3743 2962; baseline -0.004 -17"><span class='ocrx_word' id='word_1_694' title='bbox 2163 2891 2264 2957; x_wconf 92' lang='lat' dir='ltr'><strong>lus,</strong></span> <span class='ocrx_word' id='word_1_695' title='bbox 2292 2889 2359 2943; x_wconf 85' lang='lat' dir='ltr'><strong>Et</strong></span> <span class='ocrx_word' id='word_1_696' title='bbox 2384 2891 2436 2944; x_wconf 90' lang='lat' dir='ltr'><strong>in</strong></span> <span class='ocrx_word' id='word_1_697' title='bbox 2464 2890 2810 2962; x_wconf 78' lang='lat' dir='ltr'><strong>magnitudine</strong></span> <span class='ocrx_word' id='word_1_698' title='bbox 2832 2889 3189 2944; x_wconf 78' lang='lat' dir='ltr'><strong>revelationum</strong></span> <span class='ocrx_word' id='word_1_699' title='bbox 3210 2905 3272 2942; x_wconf 88' lang='lat' dir='ltr'><strong>ne</strong></span> <span class='ocrx_word' id='word_1_700' title='bbox 3297 2889 3510 2943; x_wconf 69' lang='lat' dir='ltr'><strong>extollar</strong></span> <span class='ocrx_word' id='word_1_701' title='bbox 3531 2886 3594 2958; x_wconf 85' lang='lat' dir='ltr'><strong>(Il</strong></span> <span class='ocrx_word' id='word_1_702' title='bbox 3625 2885 3743 2940; x_wconf 89' lang='lat' dir='ltr'><strong>Cor.</strong></span> 
     </span>
    </p>
   </div>
   <div class='ocr_carea' id='block_1_90' title="bbox 2162 2979 3753 3055">
    <p class='ocr_par' dir='ltr' id='par_1_90' title="bbox 2162 2979 3753 3055">
     <span class='ocr_line' id='line_1_90' title="bbox 2162 2979 3753 3055; baseline -0.004 -16"><span class='ocrx_word' id='word_1_703' title='bbox 2162 3000 2258 3050; x_wconf 78' lang='lat' dir='ltr'><strong>xu,</strong></span> <span class='ocrx_word' id='word_1_704' title='bbox 2288 2983 2362 3055; x_wconf 86' lang='lat'><strong>7).</strong></span> <span class='ocrx_word' id='word_1_705' title='bbox 2396 2984 2535 3054; x_wconf 86' lang='lat' dir='ltr'><strong>Ergo</strong></span> <span class='ocrx_word' id='word_1_706' title='bbox 2561 2993 2615 3039; x_wconf 90' lang='lat' dir='ltr'><strong>et</strong></span> <span class='ocrx_word' id='word_1_707' title='bbox 2652 2983 2764 3053; x_wconf 86' lang='lat' dir='ltr'><strong>ipsa</strong></span> <span class='ocrx_word' id='word_1_708' title='bbox 2805 2982 3125 3038; x_wconf 86' lang='lat' dir='ltr'><strong>transeunda</strong></span> <span class='ocrx_word' id='word_1_709' title='bbox 3165 2990 3265 3045; x_wconf 92' lang='lat' dir='ltr'><strong>est,</strong></span> <span class='ocrx_word' id='word_1_710' title='bbox 3295 2979 3345 3035; x_wconf 90' lang='lat' dir='ltr'><strong>id</strong></span> <span class='ocrx_word' id='word_1_711' title='bbox 3385 2988 3486 3045; x_wconf 88' lang='lat' dir='ltr'><strong>est,</strong></span> <span class='ocrx_word' id='word_1_712' title='bbox 3531 2995 3636 3033; x_wconf 87' lang='lat' dir='ltr'><strong>non</strong></span> <span class='ocrx_word' id='word_1_713' title='bbox 3667 2985 3753 3033; x_wconf 85' lang='lat' dir='ltr'><strong>est-</strong></span> 
     </span>
    </p>
   </div>
   <div class='ocr_carea' id='block_1_91' title="bbox 2164 3072 3749 3146">
    <p class='ocr_par' dir='ltr' id='par_1_91' title="bbox 2164 3072 3749 3146">
     <span class='ocr_line' id='line_1_91' title="bbox 2164 3072 3749 3146; baseline -0.003 -15"><span class='ocrx_word' id='word_1_714' title='bbox 2164 3077 2216 3131; x_wconf 92' lang='lat' dir='ltr'><strong>in</strong></span> <span class='ocrx_word' id='word_1_715' title='bbox 2245 3092 2308 3132; x_wconf 90' lang='lat' dir='ltr'><strong>ea</strong></span> <span class='ocrx_word' id='word_1_716' title='bbox 2334 3077 2652 3131; x_wconf 88' lang='lat' dir='ltr'><strong>manendum</strong></span> <span class='ocrx_word' id='word_1_717' title='bbox 2679 3084 2896 3146; x_wconf 89' lang='lat' dir='ltr'><strong>propter</strong></span> <span class='ocrx_word' id='word_1_718' title='bbox 2917 3074 3136 3131; x_wconf 90' lang='lat' dir='ltr'><strong>cadendi</strong></span> <span class='ocrx_word' id='word_1_719' title='bbox 3163 3073 3474 3144; x_wconf 85' lang='lat' dir='ltr'><strong>periculum.</strong></span> <span class='ocrx_word' id='word_1_720' title='bbox 3508 3072 3602 3127; x_wconf 81' lang='lat' dir='ltr'><strong>liis</strong></span> <span class='ocrx_word' id='word_1_721' title='bbox 3629 3087 3749 3141; x_wconf 89' lang='lat' dir='ltr'><strong>per-</strong></span> 
     </span>
    </p>
   </div>
   <div class='ocr_carea' id='block_1_92' title="bbox 2164 3163 3750 3237">
    <p class='ocr_par' dir='ltr' id='par_1_92' title="bbox 2164 3163 3750 3237">
     <span class='ocr_line' id='line_1_92' title="bbox 2164 3163 3750 3237; baseline -0.002 -14"><span class='ocrx_word' id='word_1_722' title='bbox 2164 3169 2418 3236; x_wconf 87' lang='lat' dir='ltr'><strong>transitis,</strong></span> <span class='ocrx_word' id='word_1_723' title='bbox 2466 3168 2618 3223; x_wconf 82' lang='lat' dir='ltr'><strong>facile</strong></span> <span class='ocrx_word' id='word_1_724' title='bbox 2653 3177 2973 3237; x_wconf 89' lang='lat' dir='ltr'><strong>superantur</strong></span> <span class='ocrx_word' id='word_1_725' title='bbox 3015 3167 3211 3222; x_wconf 90' lang='lat' dir='ltr'><strong>inimici</strong></span> <span class='ocrx_word' id='word_1_726' title='bbox 3253 3165 3441 3236; x_wconf 89' lang='lat' dir='ltr'><strong>:quod</strong></span> <span class='ocrx_word' id='word_1_727' title='bbox 3485 3163 3750 3234; x_wconf 85' lang='lat' dir='ltr'><strong>signiﬁcat</strong></span> 
     </span>
    </p>
   </div>
   <div class='ocr_carea' id='block_1_93' title="bbox 2162 3258 3745 3330">
    <p class='ocr_par' dir='ltr' id='par_1_93' title="bbox 2162 3258 3745 3330">
     <span class='ocr_line' id='line_1_93' title="bbox 2162 3258 3745 3330; baseline -0.003 -14"><span class='ocrx_word' id='word_1_728' title='bbox 2162 3260 2408 3326; x_wconf 88' lang='lat' dir='ltr'><strong>dicendo,</strong></span> <span class='ocrx_word' id='word_1_729' title='bbox 2435 3259 2499 3313; x_wconf 88' lang='lat' dir='ltr'><strong>Et</strong></span> <span class='ocrx_word' id='word_1_730' title='bbox 2519 3261 2581 3314; x_wconf 87' lang='lat' dir='ltr'><strong>ab</strong></span> <span class='ocrx_word' id='word_1_731' title='bbox 2595 3261 2802 3330; x_wconf 87' lang='lat' dir='ltr'><strong>specula</strong></span> <span class='ocrx_word' id='word_1_732' title='bbox 2823 3258 3020 3314; x_wconf 85' lang='lat' dir='ltr'><strong>Gataad</strong></span> <span class='ocrx_word' id='word_1_733' title='bbox 3041 3260 3242 3314; x_wconf 80' lang='lat' dir='ltr'><strong>transiit</strong></span> <span class='ocrx_word' id='word_1_734' title='bbox 3265 3259 3333 3312; x_wconf 87' lang='lat' dir='ltr'><strong>ad</strong></span> <span class='ocrx_word' id='word_1_735' title='bbox 3351 3258 3487 3328; x_wconf 80' lang='lat' dir='ltr'><strong>ﬁlios</strong></span> <span class='ocrx_word' id='word_1_736' title='bbox 3504 3258 3745 3328; x_wconf 80' lang='lat' dir='ltr'><strong>Ammon,</strong></span> 
     </span>
    </p>
   </div>
   <div class='ocr_carea' id='block_1_94' title="bbox 2163 3352 3388 3424">
    <p class='ocr_par' dir='ltr' id='par_1_94' title="bbox 2163 3352 3388 3424">
     <span class='ocr_line' id='line_1_94' title="bbox 2163 3352 3388 3424; baseline -0.003 -15"><span class='ocrx_word' id='word_1_737' title='bbox 2163 3354 2229 3409; x_wconf 79' lang='lat' dir='ltr'><strong>de</strong></span> <span class='ocrx_word' id='word_1_738' title='bbox 2261 3353 2452 3424; x_wconf 83' lang='lat' dir='ltr'><strong>quibus</strong></span> <span class='ocrx_word' id='word_1_739' title='bbox 2481 3353 2706 3407; x_wconf 87' lang='lat' dir='ltr'><strong>inimicis</strong></span> <span class='ocrx_word' id='word_1_740' title='bbox 2731 3353 2840 3421; x_wconf 91' lang='lat' dir='ltr'><strong>jam</strong></span> <span class='ocrx_word' id='word_1_741' title='bbox 2869 3367 3029 3423; x_wconf 88' lang='lat' dir='ltr'><strong>supra</strong></span> <span class='ocrx_word' id='word_1_742' title='bbox 3057 3352 3257 3406; x_wconf 91' lang='lat' dir='ltr'><strong>dictum</strong></span> <span class='ocrx_word' id='word_1_743' title='bbox 3285 3359 3388 3406; x_wconf 90' lang='lat' dir='ltr'><strong>est.</strong></span> 
     </span>
    </p>
   </div>
   <div class='ocr_carea' id='block_1_95' title="bbox 2233 3437 3745 3514">
    <p class='ocr_par' dir='ltr' id='par_1_95' title="bbox 2233 3437 3745 3514">
     <span class='ocr_line' id='line_1_95' title="bbox 2233 3437 3745 3514; baseline -0.005 -14"><span class='ocrx_word' id='word_1_744' title='bbox 2233 3445 2302 3500; x_wconf 83' lang='lat' dir='ltr'><strong>Et</strong></span> <span class='ocrx_word' id='word_1_745' title='bbox 2327 3445 2455 3499; x_wconf 83' lang='lat' dir='ltr'><strong>vovit</strong></span> <span class='ocrx_word' id='word_1_746' title='bbox 2477 3444 2665 3514; x_wconf 68' lang='lat' dir='ltr'><strong>Iephte</strong></span> <span class='ocrx_word' id='word_1_747' title='bbox 2698 3452 2887 3510; x_wconf 79' lang='lat' dir='ltr'><strong>uotum,</strong></span> <span class='ocrx_word' id='word_1_748' title='bbox 2909 3452 2955 3496; x_wconf 80' lang='lat' dir='ltr'><strong>et</strong></span> <span class='ocrx_word' id='word_1_749' title='bbox 2984 3443 3111 3496; x_wconf 80' lang='lat' dir='ltr'><strong>dixit</strong></span> <span class='ocrx_word' id='word_1_750' title='bbox 3143 3457 3163 3496; x_wconf 90' lang='lat'><strong><em>:</em></strong></span> <span class='ocrx_word' id='word_1_751' title='bbox 3187 3441 3249 3496; x_wconf 89' lang='lat' dir='ltr'><strong>Si</strong></span> <span class='ocrx_word' id='word_1_752' title='bbox 3287 3441 3555 3495; x_wconf 86' lang='lat' dir='ltr'><strong>traditione</strong></span> <span class='ocrx_word' id='word_1_753' title='bbox 3581 3437 3745 3495; x_wconf 81' lang='lat' dir='ltr'><strong>tradi-</strong></span> 
     </span>
    </p>
   </div>
   <div class='ocr_carea' id='block_1_96' title="bbox 2164 3530 3748 3604">
    <p class='ocr_par' dir='ltr' id='par_1_96' title="bbox 2164 3530 3748 3604">
     <span class='ocr_line' id='line_1_96' title="bbox 2164 3530 3748 3604; baseline -0.003 -15"><span class='ocrx_word' id='word_1_754' title='bbox 2164 3536 2298 3591; x_wconf 72' lang='lat' dir='ltr'><strong>deris</strong></span> <span class='ocrx_word' id='word_1_755' title='bbox 2320 3535 2445 3589; x_wconf 78' lang='lat' dir='ltr'><strong>milii</strong></span> <span class='ocrx_word' id='word_1_756' title='bbox 2463 3534 2598 3604; x_wconf 66' lang='lat' dir='ltr'><strong>ﬁlios</strong></span> <span class='ocrx_word' id='word_1_757' title='bbox 2626 3533 2836 3587; x_wconf 74' lang='lat' dir='ltr'><strong>Amnon</strong></span> <span class='ocrx_word' id='word_1_758' title='bbox 2861 3534 2914 3587; x_wconf 90' lang='lat' dir='ltr'><strong>in</strong></span> <span class='ocrx_word' id='word_1_759' title='bbox 2933 3548 3086 3586; x_wconf 86' lang='lat' dir='ltr'><strong>manu</strong></span> <span class='ocrx_word' id='word_1_760' title='bbox 3111 3549 3242 3597; x_wconf 87' lang='lat' dir='ltr'><strong>mea,</strong></span> <span class='ocrx_word' id='word_1_761' title='bbox 3269 3539 3314 3585; x_wconf 87' lang='lat' dir='ltr'><strong>et</strong></span> <span class='ocrx_word' id='word_1_762' title='bbox 3338 3531 3433 3584; x_wconf 88' lang='lat' dir='ltr'><strong>erit</strong></span> <span class='ocrx_word' id='word_1_763' title='bbox 3450 3530 3748 3600; x_wconf 80' lang='lat' dir='ltr'><strong>quicumque</strong></span> 
     </span>
    </p>
   </div>
   <div class='ocr_carea' id='block_1_97' title="bbox 2163 3622 3745 3698">
    <p class='ocr_par' dir='ltr' id='par_1_97' title="bbox 2163 3622 3745 3698">
     <span class='ocr_line' id='line_1_97' title="bbox 2163 3622 3745 3698; baseline -0.006 -16"><span class='ocrx_word' id='word_1_764' title='bbox 2163 3628 2338 3682; x_wconf 72' lang='lat' dir='ltr'><strong>exierit</strong></span> <span class='ocrx_word' id='word_1_765' title='bbox 2362 3627 2424 3682; x_wconf 79' lang='lat' dir='ltr'><strong>de</strong></span> <span class='ocrx_word' id='word_1_766' title='bbox 2455 3627 2630 3697; x_wconf 67' lang='lat' dir='ltr'><strong>ianuis</strong></span> <span class='ocrx_word' id='word_1_767' title='bbox 2667 3626 2848 3678; x_wconf 87' lang='lat' dir='ltr'><strong>domus</strong></span> <span class='ocrx_word' id='word_1_768' title='bbox 2876 3639 2998 3678; x_wconf 73' lang='lat' dir='ltr'><strong>mea:</strong></span> <span class='ocrx_word' id='word_1_769' title='bbox 3023 3624 3075 3678; x_wconf 90' lang='lat' dir='ltr'><strong>in</strong></span> <span class='ocrx_word' id='word_1_770' title='bbox 3104 3624 3300 3677; x_wconf 87' lang='lat' dir='ltr'><strong>obviam</strong></span> <span class='ocrx_word' id='word_1_771' title='bbox 3327 3622 3450 3676; x_wconf 78' lang='lat' dir='ltr'><strong>mihi</strong></span> <span class='ocrx_word' id='word_1_772' title='bbox 3494 3622 3549 3674; x_wconf 87' lang='lat' dir='ltr'><strong>in</strong></span> <span class='ocrx_word' id='word_1_773' title='bbox 3575 3636 3745 3698; x_wconf 46' lang='lat' dir='ltr'><strong>reverf</strong></span> 
     </span>
    </p>
   </div>
   <div class='ocr_carea' id='block_1_98' title="bbox 2162 3712 3746 3788">
    <p class='ocr_par' dir='ltr' id='par_1_98' title="bbox 2162 3712 3746 3788">
     <span class='ocr_line' id='line_1_98' title="bbox 2162 3712 3746 3788; baseline -0.006 -14"><span class='ocrx_word' id='word_1_774' title='bbox 2162 3720 2311 3774; x_wconf 87' lang='lat' dir='ltr'><strong>tendo</strong></span> <span class='ocrx_word' id='word_1_775' title='bbox 2357 3736 2435 3774; x_wconf 86' lang='lat' dir='ltr'><strong>me</strong></span> <span class='ocrx_word' id='word_1_776' title='bbox 2471 3718 2526 3772; x_wconf 87' lang='lat' dir='ltr'><strong>in</strong></span> <span class='ocrx_word' id='word_1_777' title='bbox 2563 3734 2686 3788; x_wconf 85' lang='lat' dir='ltr'><strong>pace</strong></span> <span class='ocrx_word' id='word_1_778' title='bbox 2709 3734 2740 3770; x_wconf 88' lang='lat' dir='ltr'><strong>a</strong></span> <span class='ocrx_word' id='word_1_779' title='bbox 2782 3717 2902 3784; x_wconf 82' lang='lat' dir='ltr'><strong>ﬁliis</strong></span> <span class='ocrx_word' id='word_1_780' title='bbox 2928 3715 3165 3777; x_wconf 86' lang='lat' dir='ltr'><strong>Ammon,</strong></span> <span class='ocrx_word' id='word_1_781' title='bbox 3197 3724 3243 3768; x_wconf 91' lang='lat' dir='ltr'><strong>et</strong></span> <span class='ocrx_word' id='word_1_782' title='bbox 3279 3713 3372 3767; x_wconf 85' lang='lat' dir='ltr'><strong>erit</strong></span> <span class='ocrx_word' id='word_1_783' title='bbox 3413 3712 3655 3776; x_wconf 86' lang='lat' dir='ltr'><strong>Domino,</strong></span> <span class='ocrx_word' id='word_1_784' title='bbox 3695 3719 3746 3765; x_wconf 82' lang='lat' dir='ltr'><strong>et</strong></span> 
     </span>
    </p>
   </div>
   <div class='ocr_carea' id='block_1_99' title="bbox 2162 3803 3744 3878">
    <p class='ocr_par' dir='ltr' id='par_1_99' title="bbox 2162 3803 3744 3878">
     <span class='ocr_line' id='line_1_99' title="bbox 2162 3803 3744 3878; baseline -0.007 -12"><span class='ocrx_word' id='word_1_785' title='bbox 2162 3811 2373 3878; x_wconf 74' lang='lat' dir='ltr'><strong>offeram</strong></span> <span class='ocrx_word' id='word_1_786' title='bbox 2397 3826 2508 3864; x_wconf 88' lang='lat' dir='ltr'><strong>cum</strong></span> <span class='ocrx_word' id='word_1_787' title='bbox 2530 3807 2927 3863; x_wconf 84' lang='lat' dir='ltr'><strong>holocaustoma.</strong></span> <span class='ocrx_word' id='word_1_788' title='bbox 2957 3806 3258 3873; x_wconf 86' lang='lat' dir='ltr'><strong>Quemlibet</strong></span> <span class='ocrx_word' id='word_1_789' title='bbox 3283 3805 3336 3859; x_wconf 91' lang='lat' dir='ltr'><strong>in</strong></span> <span class='ocrx_word' id='word_1_790' title='bbox 3366 3803 3468 3858; x_wconf 92' lang='lat' dir='ltr'><strong>hoe</strong></span> <span class='ocrx_word' id='word_1_791' title='bbox 3502 3803 3621 3858; x_wconf 90' lang='lat' dir='ltr'><strong>loco</strong></span> <span class='ocrx_word' id='word_1_792' title='bbox 3646 3816 3744 3857; x_wconf 83' lang='lat' dir='ltr'><strong>co-</strong></span> 
     </span>
    </p>
   </div>
   <div class='ocr_carea' id='block_1_100' title="bbox 2160 3895 3740 3973">
    <p class='ocr_par' dir='ltr' id='par_1_100' title="bbox 2160 3895 3740 3973">
     <span class='ocr_line' id='line_1_100' title="bbox 2160 3895 3740 3973; baseline -0.006 -15"><span class='ocrx_word' id='word_1_793' title='bbox 2160 3901 2405 3973; x_wconf 86' lang='lat' dir='ltr'><strong>gitaverit</strong></span> <span class='ocrx_word' id='word_1_794' title='bbox 2445 3900 2635 3971; x_wconf 83' lang='lat' dir='ltr'><strong>Jepbte</strong></span> <span class='ocrx_word' id='word_1_795' title='bbox 2672 3899 2966 3954; x_wconf 90' lang='lat' dir='ltr'><strong>secundum</strong></span> <span class='ocrx_word' id='word_1_796' title='bbox 2995 3898 3370 3968; x_wconf 86' lang='lat' dir='ltr'><strong>cogitationem</strong></span> <span class='ocrx_word' id='word_1_797' title='bbox 3411 3895 3697 3951; x_wconf 88' lang='lat' dir='ltr'><strong>humanam</strong></span> <span class='ocrx_word' id='word_1_798' title='bbox 3725 3934 3740 3959; x_wconf 91' lang='lat'><strong>,</strong></span> 
     </span>
    </p>
   </div>
   <div class='ocr_carea' id='block_1_101' title="bbox 2161 3988 3745 4061">
    <p class='ocr_par' dir='ltr' id='par_1_101' title="bbox 2161 3988 3745 4061">
     <span class='ocr_line' id='line_1_101' title="bbox 2161 3988 3745 4061; baseline -0.008 -9"><span class='ocrx_word' id='word_1_799' title='bbox 2161 4012 2268 4052; x_wconf 91' lang='lat' dir='ltr'><strong>non</strong></span> <span class='ocrx_word' id='word_1_800' title='bbox 2308 3995 2517 4050; x_wconf 90' lang='lat' dir='ltr'><strong>videtnr</strong></span> <span class='ocrx_word' id='word_1_801' title='bbox 2558 3995 2768 4048; x_wconf 90' lang='lat' dir='ltr'><strong>unicam</strong></span> <span class='ocrx_word' id='word_1_802' title='bbox 2815 3992 2976 4047; x_wconf 88' lang='lat' dir='ltr'><strong>ﬁliam</strong></span> <span class='ocrx_word' id='word_1_803' title='bbox 3022 3993 3320 4061; x_wconf 80' lang='lat' dir='ltr'><strong>cogitasse;</strong></span> <span class='ocrx_word' id='word_1_804' title='bbox 3352 3988 3589 4059; x_wconf 91' lang='lat' dir='ltr'><strong>alioquin</strong></span> <span class='ocrx_word' id='word_1_805' title='bbox 3635 4002 3745 4042; x_wconf 86' lang='lat' dir='ltr'><strong>non</strong></span> 
     </span>
    </p>
   </div>
   <div class='ocr_carea' id='block_1_102' title="bbox 2159 4078 3744 4153">
    <p class='ocr_par' dir='ltr' id='par_1_102' title="bbox 2159 4078 3744 4153">
     <span class='ocr_line' id='line_1_102' title="bbox 2159 4078 3744 4153; baseline -0.008 -10"><span class='ocrx_word' id='word_1_806' title='bbox 2159 4089 2376 4153; x_wconf 88' lang='lat' dir='ltr'><strong>diceret,</strong></span> <span class='ocrx_word' id='word_1_807' title='bbox 2407 4102 2528 4142; x_wconf 91' lang='lat' dir='ltr'><strong>cum</strong></span> <span class='ocrx_word' id='word_1_808' title='bbox 2562 4084 2704 4139; x_wconf 87' lang='lat' dir='ltr'><strong>illam</strong></span> <span class='ocrx_word' id='word_1_809' title='bbox 2749 4091 2992 4139; x_wconf 90' lang='lat' dir='ltr'><strong>cerneret</strong></span> <span class='ocrx_word' id='word_1_810' title='bbox 3015 4082 3330 4144; x_wconf 88' lang='lat' dir='ltr'><strong>occurrisse,</strong></span> <span class='ocrx_word' id='word_1_811' title='bbox 3363 4079 3480 4134; x_wconf 84' lang='lat' dir='ltr'><strong>Heu</strong></span> <span class='ocrx_word' id='word_1_812' title='bbox 3503 4095 3602 4142; x_wconf 86' lang='lat' dir='ltr'><strong>me,</strong></span> <span class='ocrx_word' id='word_1_813' title='bbox 3634 4078 3744 4147; x_wconf 78' lang='lat' dir='ltr'><strong>ﬁlia</strong></span> 
     </span>
    </p>
   </div>
   <div class='ocr_carea' id='block_1_103' title="bbox 2160 4169 3744 4249">
    <p class='ocr_par' dir='ltr' id='par_1_103' title="bbox 2160 4169 3744 4249">
     <span class='ocr_line' id='line_1_103' title="bbox 2160 4169 3744 4249; baseline -0.008 -12"><span class='ocrx_word' id='word_1_814' title='bbox 2160 4199 2290 4247; x_wconf 83' lang='lat' dir='ltr'><strong>mea,</strong></span> <span class='ocrx_word' id='word_1_815' title='bbox 2333 4179 2583 4249; x_wconf 81' lang='lat' dir='ltr'><strong>impedisti</strong></span> <span class='ocrx_word' id='word_1_816' title='bbox 2627 4191 2745 4240; x_wconf 80' lang='lat' dir='ltr'><strong>me;</strong></span> <span class='ocrx_word' id='word_1_817' title='bbox 2786 4178 2839 4230; x_wconf 89' lang='lat' dir='ltr'><strong>in</strong></span> <span class='ocrx_word' id='word_1_818' title='bbox 2867 4174 3226 4242; x_wconf 74' lang='lat' dir='ltr'><strong>oﬂ&#39;endiculum</strong></span> <span class='ocrx_word' id='word_1_819' title='bbox 3256 4176 3390 4244; x_wconf 83' lang='lat' dir='ltr'><strong>facta</strong></span> <span class='ocrx_word' id='word_1_820' title='bbox 3417 4189 3467 4226; x_wconf 87' lang='lat' dir='ltr'><strong>es</strong></span> <span class='ocrx_word' id='word_1_821' title='bbox 3504 4172 3558 4225; x_wconf 88' lang='lat' dir='ltr'><strong>in</strong></span> <span class='ocrx_word' id='word_1_822' title='bbox 3585 4169 3744 4224; x_wconf 85' lang='lat' dir='ltr'><strong>oculis</strong></span> 
     </span>
    </p>
   </div>
   <div class='ocr_carea' id='block_1_104' title="bbox 2159 4259 3745 4338">
    <p class='ocr_par' dir='ltr' id='par_1_104' title="bbox 2159 4259 3745 4338">
     <span class='ocr_line' id='line_1_104' title="bbox 2159 4259 3745 4338; baseline -0.008 -11"><span class='ocrx_word' id='word_1_823' title='bbox 2159 4274 2299 4328; x_wconf 79' lang='lat' dir='ltr'><strong>meis.</strong></span> <span class='ocrx_word' id='word_1_824' title='bbox 2331 4270 2600 4338; x_wconf 78' lang='lat' dir='ltr'><strong>Impedisti</strong></span> <span class='ocrx_word' id='word_1_825' title='bbox 2625 4269 2766 4323; x_wconf 88' lang='lat' dir='ltr'><strong>enim</strong></span> <span class='ocrx_word' id='word_1_826' title='bbox 2796 4268 2868 4322; x_wconf 93' lang='lat' dir='ltr'><strong>ita</strong></span> <span class='ocrx_word' id='word_1_827' title='bbox 2896 4267 3094 4322; x_wconf 90' lang='lat' dir='ltr'><strong>dictum</strong></span> <span class='ocrx_word' id='word_1_828' title='bbox 3136 4273 3238 4327; x_wconf 89' lang='lat' dir='ltr'><strong>est,</strong></span> <span class='ocrx_word' id='word_1_829' title='bbox 3271 4273 3518 4333; x_wconf 88' lang='lat' dir='ltr'><strong>tanquam</strong></span> <span class='ocrx_word' id='word_1_830' title='bbox 3545 4259 3611 4316; x_wconf 90' lang='lat' dir='ltr'><strong>ad</strong></span> <span class='ocrx_word' id='word_1_831' title='bbox 3643 4259 3745 4315; x_wconf 91' lang='lat' dir='ltr'><strong>hoc</strong></span> 
     </span>
    </p>
   </div>
   <div class='ocr_carea' id='block_1_105' title="bbox 2159 4351 3742 4435">
    <p class='ocr_par' dir='ltr' id='par_1_105' title="bbox 2159 4351 3742 4435">
     <span class='ocr_line' id='line_1_105' title="bbox 2159 4351 3742 4435; baseline -0.01 -15"><span class='ocrx_word' id='word_1_832' title='bbox 2159 4381 2218 4421; x_wconf 89' lang='lat' dir='ltr'><strong>se</strong></span> <span class='ocrx_word' id='word_1_833' title='bbox 2246 4363 2554 4435; x_wconf 89' lang='lat' dir='ltr'><strong>impeditum</strong></span> <span class='ocrx_word' id='word_1_834' title='bbox 2585 4360 2911 4424; x_wconf 81' lang='lat' dir='ltr'><strong>indicaverit,</strong></span> <span class='ocrx_word' id='word_1_835' title='bbox 2942 4373 3010 4413; x_wconf 91' lang='lat' dir='ltr'><strong>ne</strong></span> <span class='ocrx_word' id='word_1_836' title='bbox 3037 4356 3164 4411; x_wconf 90' lang='lat' dir='ltr'><strong>illud</strong></span> <span class='ocrx_word' id='word_1_837' title='bbox 3193 4355 3332 4425; x_wconf 90' lang='lat' dir='ltr'><strong>quod</strong></span> <span class='ocrx_word' id='word_1_838' title='bbox 3363 4354 3618 4424; x_wconf 86' lang='lat' dir='ltr'><strong>cogitarat</strong></span> <span class='ocrx_word' id='word_1_839' title='bbox 3642 4351 3742 4405; x_wconf 82' lang='lat' dir='ltr'><strong>im-</strong></span> 
     </span>
    </p>
   </div>
   <div class='ocr_carea' id='block_1_106' title="bbox 2159 4447 3742 4528">
    <p class='ocr_par' dir='ltr' id='par_1_106' title="bbox 2159 4447 3742 4528">
     <span class='ocr_line' id='line_1_106' title="bbox 2159 4447 3742 4528; baseline -0.009 -17"><span class='ocrx_word' id='word_1_840' title='bbox 2159 4457 2350 4528; x_wconf 84' lang='lat' dir='ltr'><strong>pleret.</strong></span> <span class='ocrx_word' id='word_1_841' title='bbox 2378 4455 2485 4511; x_wconf 91' lang='lat' dir='ltr'><strong>Sed</strong></span> <span class='ocrx_word' id='word_1_842' title='bbox 2511 4469 2669 4525; x_wconf 90' lang='lat' dir='ltr'><strong>quem</strong></span> <span class='ocrx_word' id='word_1_843' title='bbox 2696 4452 2864 4523; x_wconf 87' lang='lat' dir='ltr'><strong>potuit</strong></span> <span class='ocrx_word' id='word_1_844' title='bbox 2891 4449 3124 4520; x_wconf 88' lang='lat' dir='ltr'><strong>cogitare</strong></span> <span class='ocrx_word' id='word_1_845' title='bbox 3162 4447 3405 4517; x_wconf 90' lang='lat' dir='ltr'><strong>primitus</strong></span> <span class='ocrx_word' id='word_1_846' title='bbox 3451 4460 3742 4500; x_wconf 81' lang='lat' dir='ltr'><strong>occurren-</strong></span> 
     </span>
    </p>
   </div>
   <div class='ocr_carea' id='block_1_107' title="bbox 2158 4535 3742 4618">
    <p class='ocr_par' dir='ltr' id='par_1_107' title="bbox 2158 4535 3742 4618">
     <span class='ocr_line' id='line_1_107' title="bbox 2158 4535 3742 4618; baseline -0.009 -16"><span class='ocrx_word' id='word_1_847' title='bbox 2158 4557 2288 4616; x_wconf 88' lang='lat' dir='ltr'><strong>tem,</strong></span> <span class='ocrx_word' id='word_1_848' title='bbox 2318 4548 2408 4618; x_wconf 92' lang='lat' dir='ltr'><strong>qui</strong></span> <span class='ocrx_word' id='word_1_849' title='bbox 2435 4545 2572 4600; x_wconf 89' lang='lat' dir='ltr'><strong>ﬁlios</strong></span> <span class='ocrx_word' id='word_1_850' title='bbox 2597 4545 2731 4599; x_wconf 91' lang='lat' dir='ltr'><strong>alios</strong></span> <span class='ocrx_word' id='word_1_851' title='bbox 2754 4559 2858 4598; x_wconf 90' lang='lat' dir='ltr'><strong>non</strong></span> <span class='ocrx_word' id='word_1_852' title='bbox 2885 4541 3154 4596; x_wconf 89' lang='lat' dir='ltr'><strong>habebat?</strong></span> <span class='ocrx_word' id='word_1_853' title='bbox 3186 4541 3265 4594; x_wconf 81' lang='lat' dir='ltr'><strong>An</strong></span> <span class='ocrx_word' id='word_1_854' title='bbox 3292 4541 3570 4608; x_wconf 83' lang='lat' dir='ltr'><strong>conjugem</strong></span> <span class='ocrx_word' id='word_1_855' title='bbox 3597 4535 3742 4606; x_wconf 84' lang='lat' dir='ltr'><strong>cogi-</strong></span> 
     </span>
    </p>
   </div>
   <div class='ocr_carea' id='block_1_108' title="bbox 2159 4629 3743 4706">
    <p class='ocr_par' dir='ltr' id='par_1_108' title="bbox 2159 4629 3743 4706">
     <span class='ocr_line' id='line_1_108' title="bbox 2159 4629 3743 4706; baseline -0.009 -12"><span class='ocrx_word' id='word_1_856' title='bbox 2159 4640 2308 4706; x_wconf 92' lang='lat' dir='ltr'><strong>tavit,</strong></span> <span class='ocrx_word' id='word_1_857' title='bbox 2334 4647 2389 4694; x_wconf 92' lang='lat' dir='ltr'><strong>et</strong></span> <span class='ocrx_word' id='word_1_858' title='bbox 2415 4645 2473 4692; x_wconf 89' lang='lat' dir='ltr'><strong>ut</strong></span> <span class='ocrx_word' id='word_1_859' title='bbox 2493 4637 2593 4691; x_wconf 89' lang='lat' dir='ltr'><strong>hoc</strong></span> <span class='ocrx_word' id='word_1_860' title='bbox 2611 4637 2760 4690; x_wconf 89' lang='lat' dir='ltr'><strong>ﬁeret</strong></span> <span class='ocrx_word' id='word_1_861' title='bbox 2779 4635 2915 4690; x_wconf 89' lang='lat' dir='ltr'><strong>Deus</strong></span> <span class='ocrx_word' id='word_1_862' title='bbox 2936 4633 3122 4696; x_wconf 90' lang='lat' dir='ltr'><strong>noluit,</strong></span> <span class='ocrx_word' id='word_1_863' title='bbox 3150 4639 3203 4685; x_wconf 90' lang='lat' dir='ltr'><strong>et</strong></span> <span class='ocrx_word' id='word_1_864' title='bbox 3219 4640 3275 4686; x_wconf 90' lang='lat' dir='ltr'><strong>ut</strong></span> <span class='ocrx_word' id='word_1_865' title='bbox 3291 4647 3394 4684; x_wconf 91' lang='lat' dir='ltr'><strong>non</strong></span> <span class='ocrx_word' id='word_1_866' title='bbox 3419 4629 3743 4697; x_wconf 82' lang='lat' dir='ltr'><strong>relinqueret</strong></span> 
     </span>
    </p>
   </div>
   <div class='ocr_carea' id='block_1_109' title="bbox 2157 4721 3744 4801">
    <p class='ocr_par' dir='ltr' id='par_1_109' title="bbox 2157 4721 3744 4801">
     <span class='ocr_line' id='line_1_109' title="bbox 2157 4721 3744 4801; baseline -0.009 -15"><span class='ocrx_word' id='word_1_867' title='bbox 2157 4731 2496 4801; x_wconf 87' lang='lat' dir='ltr'><strong>impunitum,</strong></span> <span class='ocrx_word' id='word_1_868' title='bbox 2525 4744 2591 4783; x_wconf 92' lang='lat' dir='ltr'><strong>ne</strong></span> <span class='ocrx_word' id='word_1_869' title='bbox 2612 4727 2729 4798; x_wconf 88' lang='lat' dir='ltr'><strong>quis</strong></span> <span class='ocrx_word' id='word_1_870' title='bbox 2752 4725 3003 4794; x_wconf 81' lang='lat' dir='ltr'><strong>deinceps</strong></span> <span class='ocrx_word' id='word_1_871' title='bbox 3030 4722 3081 4776; x_wconf 88' lang='lat' dir='ltr'><strong>id</strong></span> <span class='ocrx_word' id='word_1_872' title='bbox 3107 4721 3364 4784; x_wconf 86' lang='lat' dir='ltr'><strong>auderet;</strong></span> <span class='ocrx_word' id='word_1_873' title='bbox 3395 4726 3447 4773; x_wconf 92' lang='lat' dir='ltr'><strong>et</strong></span> <span class='ocrx_word' id='word_1_874' title='bbox 3473 4725 3528 4770; x_wconf 90' lang='lat' dir='ltr'><strong>ut</strong></span> <span class='ocrx_word' id='word_1_875' title='bbox 3551 4731 3744 4786; x_wconf 81' lang='lat' dir='ltr'><strong>magna</strong></span> 
     </span>
    </p>
   </div>
   <div class='ocr_carea' id='block_1_110' title="bbox 2159 4811 3745 4895">
    <p class='ocr_par' dir='ltr' id='par_1_110' title="bbox 2159 4811 3745 4895">
     <span class='ocr_line' id='line_1_110' title="bbox 2159 4811 3745 4895; baseline -0.011 -16"><span class='ocrx_word' id='word_1_876' title='bbox 2159 4823 2509 4895; x_wconf 89' lang='lat' dir='ltr'><strong>providentia,</strong></span> <span class='ocrx_word' id='word_1_877' title='bbox 2552 4836 2618 4876; x_wconf 80' lang='lat' dir='ltr'><strong>ex</strong></span> <span class='ocrx_word' id='word_1_878' title='bbox 2645 4820 2745 4874; x_wconf 87' lang='lat' dir='ltr'><strong>hoc</strong></span> <span class='ocrx_word' id='word_1_879' title='bbox 2768 4832 2978 4888; x_wconf 87' lang='lat' dir='ltr'><strong>quoque</strong></span> <span class='ocrx_word' id='word_1_880' title='bbox 3005 4816 3120 4886; x_wconf 93' lang='lat' dir='ltr'><strong>ipso</strong></span> <span class='ocrx_word' id='word_1_881' title='bbox 3143 4814 3283 4885; x_wconf 88' lang='lat' dir='ltr'><strong>quod</strong></span> <span class='ocrx_word' id='word_1_882' title='bbox 3308 4811 3518 4875; x_wconf 87' lang='lat' dir='ltr'><strong>accidit,</strong></span> <span class='ocrx_word' id='word_1_883' title='bbox 3563 4824 3745 4863; x_wconf 85' lang='lat' dir='ltr'><strong>sacra-</strong></span> 
     </span>
    </p>
   </div>
   <div class='ocr_carea' id='block_1_111' title="bbox 2157 4905 3739 4982">
    <p class='ocr_par' dir='ltr' id='par_1_111' title="bbox 2157 4905 3739 4982">
     <span class='ocr_line' id='line_1_111' title="bbox 2157 4905 3739 4982; baseline -0.011 -11"><span class='ocrx_word' id='word_1_884' title='bbox 2157 4927 2401 4971; x_wconf 87' lang='lat' dir='ltr'><strong>mentum</strong></span> <span class='ocrx_word' id='word_1_885' title='bbox 2427 4913 2678 4969; x_wconf 77' lang='lat' dir='ltr'><strong>Ecclesia:</strong></span> <span class='ocrx_word' id='word_1_886' title='bbox 2723 4909 3011 4982; x_wconf 88' lang='lat' dir='ltr'><strong>ﬁguraret?</strong></span> <span class='ocrx_word' id='word_1_887' title='bbox 3042 4909 3118 4963; x_wconf 82' lang='lat' dir='ltr'><strong>Ex</strong></span> <span class='ocrx_word' id='word_1_888' title='bbox 3161 4917 3383 4976; x_wconf 91' lang='lat' dir='ltr'><strong>utroque</strong></span> <span class='ocrx_word' id='word_1_889' title='bbox 3424 4905 3580 4974; x_wconf 86' lang='lat' dir='ltr'><strong>igitur</strong></span> <span class='ocrx_word' id='word_1_890' title='bbox 3611 4917 3739 4971; x_wconf 88' lang='lat' dir='ltr'><strong>pro-</strong></span> 
     </span>
    </p>
   </div>
   <div class='ocr_carea' id='block_1_112' title="bbox 2157 4993 3736 5077">
    <p class='ocr_par' dir='ltr' id='par_1_112' title="bbox 2157 4993 3736 5077">
     <span class='ocr_line' id='line_1_112' title="bbox 2157 4993 3736 5077; baseline -0.009 -17"><span class='ocrx_word' id='word_1_891' title='bbox 2157 5007 2330 5077; x_wconf 90' lang='lat' dir='ltr'><strong>phetia</strong></span> <span class='ocrx_word' id='word_1_892' title='bbox 2360 5013 2600 5074; x_wconf 84' lang='lat' dir='ltr'><strong>coaptata</strong></span> <span class='ocrx_word' id='word_1_893' title='bbox 2629 5011 2708 5057; x_wconf 90' lang='lat' dir='ltr'><strong>est</strong></span> <span class='ocrx_word' id='word_1_894' title='bbox 2732 5018 2746 5067; x_wconf 88' lang='lat'><strong>;</strong></span> <span class='ocrx_word' id='word_1_895' title='bbox 2778 5011 2832 5056; x_wconf 84' lang='lat' dir='ltr'><strong>et</strong></span> <span class='ocrx_word' id='word_1_896' title='bbox 2856 5017 2920 5055; x_wconf 81' lang='lat' dir='ltr'><strong>ex</strong></span> <span class='ocrx_word' id='word_1_897' title='bbox 2964 5016 3030 5055; x_wconf 91' lang='lat' dir='ltr'><strong>eo</strong></span> <span class='ocrx_word' id='word_1_898' title='bbox 3054 4998 3196 5069; x_wconf 90' lang='lat' dir='ltr'><strong>quod</strong></span> <span class='ocrx_word' id='word_1_899' title='bbox 3222 5011 3420 5051; x_wconf 88' lang='lat' dir='ltr'><strong>vovens</strong></span> <span class='ocrx_word' id='word_1_900' title='bbox 3447 4993 3736 5064; x_wconf 85' lang='lat' dir='ltr'><strong>cogitavit,</strong></span> 
     </span>
    </p>
   </div>
   <div class='ocr_carea' id='block_1_113' title="bbox 2155 5084 3738 5163">
    <p class='ocr_par' dir='ltr' id='par_1_113' title="bbox 2155 5084 3738 5163">
     <span class='ocr_line' id='line_1_113' title="bbox 2155 5084 3738 5163; baseline -0.011 -10"><span class='ocrx_word' id='word_1_901' title='bbox 2155 5105 2211 5153; x_wconf 84' lang='lat' dir='ltr'><strong>et</strong></span> <span class='ocrx_word' id='word_1_902' title='bbox 2251 5112 2318 5151; x_wconf 87' lang='lat' dir='ltr'><strong>ex</strong></span> <span class='ocrx_word' id='word_1_903' title='bbox 2347 5109 2412 5149; x_wconf 92' lang='lat' dir='ltr'><strong>eo</strong></span> <span class='ocrx_word' id='word_1_904' title='bbox 2454 5093 2595 5163; x_wconf 91' lang='lat' dir='ltr'><strong>quod</strong></span> <span class='ocrx_word' id='word_1_905' title='bbox 2635 5090 2834 5146; x_wconf 89' lang='lat' dir='ltr'><strong>nolenti</strong></span> <span class='ocrx_word' id='word_1_906' title='bbox 2879 5089 3117 5158; x_wconf 87' lang='lat' dir='ltr'><strong>contigit.</strong></span> <span class='ocrx_word' id='word_1_907' title='bbox 3167 5087 3224 5143; x_wconf 89' lang='lat' dir='ltr'><strong>Si</strong></span> <span class='ocrx_word' id='word_1_908' title='bbox 3271 5086 3410 5140; x_wconf 92' lang='lat' dir='ltr'><strong>enim</strong></span> <span class='ocrx_word' id='word_1_909' title='bbox 3457 5084 3738 5153; x_wconf 85' lang='lat' dir='ltr'><strong>conjugem</strong></span> 
     </span>
    </p>
   </div>
   <div class='ocr_carea' id='block_1_114' title="bbox 2155 5174 3740 5256">
    <p class='ocr_par' dir='ltr' id='par_1_114' title="bbox 2155 5174 3740 5256">
     <span class='ocr_line' id='line_1_114' title="bbox 2155 5174 3740 5256; baseline -0.011 -15"><span class='ocrx_word' id='word_1_910' title='bbox 2155 5185 2423 5256; x_wconf 88' lang='lat' dir='ltr'><strong>cogitavit,</strong></span> <span class='ocrx_word' id='word_1_911' title='bbox 2454 5182 2646 5251; x_wconf 88' lang='lat' dir='ltr'><strong>conjux</strong></span> <span class='ocrx_word' id='word_1_912' title='bbox 2686 5180 2884 5236; x_wconf 86' lang='lat' dir='ltr'><strong>Christi</strong></span> <span class='ocrx_word' id='word_1_913' title='bbox 2933 5177 3173 5234; x_wconf 85' lang='lat' dir='ltr'><strong>Ecclesia</strong></span> <span class='ocrx_word' id='word_1_914' title='bbox 3216 5185 3318 5231; x_wconf 88' lang='lat' dir='ltr'><strong>est.</strong></span> <span class='ocrx_word' id='word_1_915' title='bbox 3352 5174 3627 5244; x_wconf 70' lang='lat' dir='ltr'><strong>PrOpterca</strong></span> <span class='ocrx_word' id='word_1_916' title='bbox 3655 5188 3740 5225; x_wconf 83' lang='lat' dir='ltr'><strong>re-</strong></span> 
     </span>
    </p>
   </div>
   <div class='ocr_carea' id='block_1_115' title="bbox 2155 5265 3743 5345">
    <p class='ocr_par' dir='ltr' id='par_1_115' title="bbox 2155 5265 3743 5345">
     <span class='ocr_line' id='line_1_115' title="bbox 2155 5265 3743 5345; baseline -0.008 -16"><span class='ocrx_word' id='word_1_917' title='bbox 2155 5277 2343 5345; x_wconf 81' lang='lat' dir='ltr'><strong>linquet</strong></span> <span class='ocrx_word' id='word_1_918' title='bbox 2363 5275 2512 5328; x_wconf 82' lang='lat' dir='ltr'><strong>homo</strong></span> <span class='ocrx_word' id='word_1_919' title='bbox 2537 5281 2729 5344; x_wconf 86' lang='lat' dir='ltr'><strong>patrem</strong></span> <span class='ocrx_word' id='word_1_920' title='bbox 2749 5281 2798 5325; x_wconf 84' lang='lat' dir='ltr'><strong>et.</strong></span> <span class='ocrx_word' id='word_1_921' title='bbox 2819 5281 3050 5331; x_wconf 88' lang='lat' dir='ltr'><strong>ntatrem,</strong></span> <span class='ocrx_word' id='word_1_922' title='bbox 3076 5278 3122 5323; x_wconf 90' lang='lat' dir='ltr'><strong>et</strong></span> <span class='ocrx_word' id='word_1_923' title='bbox 3142 5267 3414 5321; x_wconf 79' lang='lat' dir='ltr'><strong>adlucrebit</strong></span> <span class='ocrx_word' id='word_1_924' title='bbox 3439 5265 3584 5319; x_wconf 73' lang='lat' dir='ltr'><strong>uxori</strong></span> <span class='ocrx_word' id='word_1_925' title='bbox 3603 5279 3743 5327; x_wconf 68' lang='lat' dir='ltr'><strong>sua;</strong></span> 
     </span>
    </p>
   </div>
   <div class='ocr_carea' id='block_1_116' title="bbox 2155 5357 3741 5426">
    <p class='ocr_par' dir='ltr' id='par_1_116' title="bbox 2155 5357 3741 5426">
     <span class='ocr_line' id='line_1_116' title="bbox 2155 5357 3741 5426; baseline -0.009 -5"><span class='ocrx_word' id='word_1_926' title='bbox 2155 5375 2201 5422; x_wconf 85' lang='lat' dir='ltr'><strong>et</strong></span> <span class='ocrx_word' id='word_1_927' title='bbox 2227 5374 2369 5420; x_wconf 82' lang='lat' dir='ltr'><strong>erunt</strong></span> <span class='ocrx_word' id='word_1_928' title='bbox 2396 5365 2497 5420; x_wconf 82' lang='lat' dir='ltr'><strong>duo</strong></span> <span class='ocrx_word' id='word_1_929' title='bbox 2525 5364 2582 5418; x_wconf 79' lang='lat' dir='ltr'><strong>in</strong></span> <span class='ocrx_word' id='word_1_930' title='bbox 2607 5379 2757 5416; x_wconf 89' lang='lat' dir='ltr'><strong>carne</strong></span> <span class='ocrx_word' id='word_1_931' title='bbox 2786 5378 2909 5416; x_wconf 82' lang='lat' dir='ltr'><strong>una.</strong></span> <span class='ocrx_word' id='word_1_932' title='bbox 2946 5360 3329 5416; x_wconf 69' lang='lat' dir='ltr'><strong>Sacramenta»:</strong></span> <span class='ocrx_word' id='word_1_933' title='bbox 3366 5357 3460 5410; x_wconf 91' lang='lat' dir='ltr'><strong>hoc</strong></span> <span class='ocrx_word' id='word_1_934' title='bbox 3503 5371 3741 5426; x_wconf 82' lang='lat' dir='ltr'><strong>magnum</strong></span> 
     </span>
    </p>
   </div>
   <div class='ocr_carea' id='block_1_117' title="bbox 2155 5449 3744 5528">
    <p class='ocr_par' dir='ltr' id='par_1_117' title="bbox 2155 5449 3744 5528">
     <span class='ocr_line' id='line_1_117' title="bbox 2155 5449 3744 5528; baseline -0.009 -14"><span class='ocrx_word' id='word_1_935' title='bbox 2155 5467 2248 5523; x_wconf 88' lang='lat' dir='ltr'><strong>est,</strong></span> <span class='ocrx_word' id='word_1_936' title='bbox 2276 5458 2446 5528; x_wconf 84' lang='lat' dir='ltr'><strong>inquit</strong></span> <span class='ocrx_word' id='word_1_937' title='bbox 2485 5455 2792 5528; x_wconf 85' lang='lat' dir='ltr'><strong>Apostolus,</strong></span> <span class='ocrx_word' id='word_1_938' title='bbox 2837 5471 2928 5528; x_wconf 81' lang='lat' dir='ltr'><strong>ego</strong></span> <span class='ocrx_word' id='word_1_939' title='bbox 2952 5464 3122 5508; x_wconf 87' lang='lat' dir='ltr'><strong>autem</strong></span> <span class='ocrx_word' id='word_1_940' title='bbox 3149 5454 3265 5506; x_wconf 85' lang='lat' dir='ltr'><strong>dico</strong></span> <span class='ocrx_word' id='word_1_941' title='bbox 3289 5453 3340 5506; x_wconf 91' lang='lat' dir='ltr'><strong>in</strong></span> <span class='ocrx_word' id='word_1_942' title='bbox 3378 5450 3577 5506; x_wconf 81' lang='lat' dir='ltr'><strong>Christo</strong></span> <span class='ocrx_word' id='word_1_943' title='bbox 3616 5459 3662 5501; x_wconf 89' lang='lat' dir='ltr'><strong>et</strong></span> <span class='ocrx_word' id='word_1_944' title='bbox 3687 5449 3744 5501; x_wconf 83' lang='lat' dir='ltr'><strong>in</strong></span> 
     </span>
    </p>
   </div>
   <div class='ocr_carea' id='block_1_118' title="bbox 2156 5541 3744 5623">
    <p class='ocr_par' dir='ltr' id='par_1_118' title="bbox 2156 5541 3744 5623">
     <span class='ocr_line' id='line_1_118' title="bbox 2156 5541 3744 5623; baseline -0.007 -17"><span class='ocrx_word' id='word_1_945' title='bbox 2156 5552 2386 5606; x_wconf 81' lang='lat' dir='ltr'><strong>Ecclesia</strong></span> <span class='ocrx_word' id='word_1_946' title='bbox 2415 5549 2642 5623; x_wconf 75' lang='lat' dir='ltr'><strong>(ltphes.</strong></span> <span class='ocrx_word' id='word_1_947' title='bbox 2673 5565 2727 5615; x_wconf 85' lang='lat' dir='ltr'><strong>v,</strong></span> <span class='ocrx_word' id='word_1_948' title='bbox 2760 5550 2848 5613; x_wconf 79' lang='grc'><strong>51,</strong></span> <span class='ocrx_word' id='word_1_949' title='bbox 2896 5548 3020 5619; x_wconf 70' lang='lat'><strong>52).</strong></span> <span class='ocrx_word' id='word_1_950' title='bbox 3071 5545 3176 5602; x_wconf 89' lang='lat' dir='ltr'><strong>Sed</strong></span> <span class='ocrx_word' id='word_1_951' title='bbox 3204 5547 3326 5616; x_wconf 90' lang='lat' dir='ltr'><strong>quia</strong></span> <span class='ocrx_word' id='word_1_952' title='bbox 3367 5543 3524 5613; x_wconf 89' lang='lat' dir='ltr'><strong>hujus</strong></span> <span class='ocrx_word' id='word_1_953' title='bbox 3551 5541 3744 5610; x_wconf 83' lang='lat' dir='ltr'><strong>Jephte</strong></span> 
     </span>
    </p>
   </div>
   <div class='ocr_carea' id='block_1_119' title="bbox 2154 5631 3742 5712">
    <p class='ocr_par' dir='ltr' id='par_1_119' title="bbox 2154 5631 3742 5712">
     <span class='ocr_line' id='line_1_119' title="bbox 2154 5631 3742 5712; baseline -0.01 -13"><span class='ocrx_word' id='word_1_954' title='bbox 2154 5642 2350 5712; x_wconf 84' lang='lat' dir='ltr'><strong>eonjnx</strong></span> <span class='ocrx_word' id='word_1_955' title='bbox 2378 5642 2526 5712; x_wconf 89' lang='lat' dir='ltr'><strong>virgo</strong></span> <span class='ocrx_word' id='word_1_956' title='bbox 2564 5655 2684 5696; x_wconf 88' lang='lat' dir='ltr'><strong>esse</strong></span> <span class='ocrx_word' id='word_1_957' title='bbox 2713 5655 2818 5695; x_wconf 92' lang='lat' dir='ltr'><strong>non</strong></span> <span class='ocrx_word' id='word_1_958' title='bbox 2846 5640 3035 5710; x_wconf 89' lang='lat' dir='ltr'><strong>potuit,</strong></span> <span class='ocrx_word' id='word_1_959' title='bbox 3069 5639 3122 5692; x_wconf 91' lang='lat' dir='ltr'><strong>in</strong></span> <span class='ocrx_word' id='word_1_960' title='bbox 3153 5651 3220 5692; x_wconf 90' lang='lat' dir='ltr'><strong>eo</strong></span> <span class='ocrx_word' id='word_1_961' title='bbox 3243 5634 3386 5706; x_wconf 91' lang='lat' dir='ltr'><strong>quod</strong></span> <span class='ocrx_word' id='word_1_962' title='bbox 3427 5635 3534 5688; x_wconf 88' lang='lat' dir='ltr'><strong>ﬁlia</strong></span> <span class='ocrx_word' id='word_1_963' title='bbox 3563 5631 3742 5702; x_wconf 81' lang='lat' dir='ltr'><strong>patius</strong></span> 
     </span>
    </p>
   </div>
   <div class='ocr_carea' id='block_1_120' title="bbox 2156 5724 3738 5800">
    <p class='ocr_par' dir='ltr' id='par_1_120' title="bbox 2156 5724 3738 5800">
     <span class='ocr_line' id='line_1_120' title="bbox 2156 5724 3738 5800; baseline -0.007 -13"><span class='ocrx_word' id='word_1_964' title='bbox 2156 5733 2404 5796; x_wconf 84' lang='lat' dir='ltr'><strong>occurrit,</strong></span> <span class='ocrx_word' id='word_1_965' title='bbox 2425 5743 2480 5786; x_wconf 89' lang='lat' dir='ltr'><strong>et</strong></span> <span class='ocrx_word' id='word_1_966' title='bbox 2501 5731 2662 5786; x_wconf 89' lang='lat' dir='ltr'><strong>inulta</strong></span> <span class='ocrx_word' id='word_1_967' title='bbox 2679 5746 2782 5786; x_wconf 93' lang='lat' dir='ltr'><strong>non</strong></span> <span class='ocrx_word' id='word_1_968' title='bbox 2801 5730 3056 5786; x_wconf 88' lang='lat' dir='ltr'><strong>remansit</strong></span> <span class='ocrx_word' id='word_1_969' title='bbox 3080 5727 3400 5800; x_wconf 91' lang='lat' dir='ltr'><strong>prohibitum</strong></span> <span class='ocrx_word' id='word_1_970' title='bbox 3420 5724 3738 5780; x_wconf 86' lang='lat' dir='ltr'><strong>sacriﬁcium</strong></span> 
     </span>
    </p>
   </div>
   <div class='ocr_carea' id='block_1_121' title="bbox 2157 5814 3736 5893">
    <p class='ocr_par' dir='ltr' id='par_1_121' title="bbox 2157 5814 3736 5893">
     <span class='ocr_line' id='line_1_121' title="bbox 2157 5814 3736 5893; baseline -0.007 -10"><span class='ocrx_word' id='word_1_971' title='bbox 2157 5824 2394 5882; x_wconf 80' lang='lat' dir='ltr'><strong>voveatis</strong></span> <span class='ocrx_word' id='word_1_972' title='bbox 2436 5822 2672 5890; x_wconf 88' lang='lat' dir='ltr'><strong>audacia,</strong></span> <span class='ocrx_word' id='word_1_973' title='bbox 2700 5832 2754 5880; x_wconf 89' lang='lat' dir='ltr'><strong>et</strong></span> <span class='ocrx_word' id='word_1_974' title='bbox 2792 5822 3062 5893; x_wconf 83' lang='lat' dir='ltr'><strong>virginitas</strong></span> <span class='ocrx_word' id='word_1_975' title='bbox 3106 5820 3359 5878; x_wconf 73' lang='lat' dir='ltr'><strong>Ecclesiae</strong></span> <span class='ocrx_word' id='word_1_976' title='bbox 3386 5814 3607 5890; x_wconf 75' lang='lat' dir='ltr'><strong>ﬁgurata</strong></span> <span class='ocrx_word' id='word_1_977' title='bbox 3631 5823 3736 5872; x_wconf 85' lang='lat' dir='ltr'><strong>est.</strong></span> 
     </span>
    </p>
   </div>
  </div>
