4136 6460
386 383 480 439 8Ξ1
1723 367 1924 423 LIBER
1952 366 2302 427 SEPTIMUS.

385 496 494 551 Nec
521 493 773 551 abhorret.
797 506 827 546 a
853 506 999 559 vero,
1027 490 1164 562 quod
1196 489 1314 543 ﬁliae
1346 490 1557 544 nomine
1584 488 1769 545 eadem
1795 490 1959 561 signi—

387 587 576 641 ﬁcatur
618 584 896 639 Ecclesia:
926 598 1050 636 nam
1087 582 1238 651 cujus
1265 580 1481 635 alterius
1523 589 1704 651 typum
1748 580 1964 652 gerebat

387 680 547 734 etiam
570 676 659 730 illa
686 676 898 740 mulier,
926 674 1011 728 cui
1041 683 1158 743 post
1186 682 1374 727 tactam
1402 672 1661 727 ﬁmbriam
1698 687 1846 727 suam
1873 686 1961 726 sa-

386 778 545 833 natze,
565 769 639 822 an
661 767 932 832 Dominus,
962 764 1118 832 Filia,
1143 766 1266 833 ﬁdes
1287 774 1371 818 tua
1394 774 1440 819 te
1458 766 1646 819 salvam
1666 765 1815 835 fecit;
1838 765 1963 819 vade

384 859 439 912 in
460 875 585 929 pace
608 856 814 929 (Matth.
845 872 923 924 1x,
949 854 1180 929 20-22)?
1207 856 1280 910 Et.
1296 866 1459 921 certe,
1492 856 1631 911 unde
1655 856 1828 911 nullus
1848 871 1961 911 am-

386 949 535 1020 bigit,
568 948 859 1018 discipulos
896 962 1021 1003 suos
1049 948 1162 1017 ipse
1201 948 1380 1017 Sponsi
1411 946 1547 1002 ﬁlios
1574 947 1876 1017 appellavit,
1902 960 1962 1002 se

386 1041 721 1109 apertissime
758 1039 997 1093 indicans
1023 1054 1276 1109 sponsum
1302 1056 1314 1092 :
1340 1038 1460 1093 Non
1498 1047 1726 1110 possunt,
1757 1040 1956 1109 inquit,

382 1130 615 1201 jejunare
655 1129 752 1197 ﬁlii
787 1130 977 1199 sponsi,
1021 1129 1257 1200 quamdiu
1302 1146 1417 1183 cum
1456 1128 1560 1183 illis
1601 1139 1673 1183 est
1710 1145 1960 1199 sponsus;

389 1220 583 1274 venient
625 1228 792 1273 autem
836 1220 941 1273 dies
980 1236 1092 1273 cum
1135 1221 1386 1288 auferetur
1419 1219 1481 1274 ab
1518 1222 1588 1275 eis
1635 1238 1868 1291 sponsus,
1914 1231 1962 1277 et

387 1320 507 1364 tunc
534 1310 837 1381 jejunabunl
869 1312 885 1342 ι
909 1309 1648 1382 (Ibid.,15).jﬂoloeaustoma
1691 1327 1819 1383 ergo
1860 1313 1962 1368 erit

388 1399 647 1467 Ecclesia,
677 1416 835 1470 quam
864 1401 1103 1471 virginem
1132 1412 1320 1456 castam
1347 1402 1532 1458 beatus
1559 1402 1842 1472 Apostolus
1868 1418 1960 1473 ap—

385 1490 547 1560 pellat
589 1490 667 1559 (II
692 1490 810 1545 Cor.
852 1507 924 1555 ιι,
958 1492 1037 1560 2),
1069 1490 1280 1561 quando
1323 1492 1373 1546 in
1403 1493 1793 1548 resurrectione
1821 1508 1962 1547 mor-

387 1592 597 1637 tuorum
624 1582 715 1637 ﬁet
739 1584 789 1637 in
822 1584 1086 1649 universa,
1129 1584 1267 1652 quod
1300 1584 1550 1654 scriptum
1582 1592 1681 1651 est,
1715 1583 1961 1655 Absorpta

384 1684 613 1729 cstmors
655 1677 707 1749 in
752 1676 1029 1729 victoriam.
1075 1676 1225 1731 Tune
1275 1677 1445 1732 tradet
1489 1693 1709 1747 regnum
1755 1678 1864 1732 Deo
1909 1688 1962 1734 ct

385 1768 525 1822 Patri
552 1767 595 1837 (I
627 1767 743 1822 Cor.
772 1784 860 1835 xv,
886 1769 976 1833 54,
1006 1767 1122 1839 21).
1154 1767 1305 1836 Quod
1334 1785 1551 1839 regnum
1583 1770 1692 1839 ipsa
1724 1769 1960 1825 Ecclesia

382 1866 483 1921 est,
514 1872 607 1911 rex
636 1857 746 1925 ipse
775 1858 925 1927 cujus
967 1858 1187 1927 ﬁguram
1216 1873 1412 1914 vovens
1440 1859 1527 1913 ille
1568 1859 1821 1929 gestabat.
1853 1857 1959 1913 Sed

382 1949 630 2016 quoniam
682 1958 804 2003 tunc
844 1949 954 2011 ﬁet,
988 1964 1106 2003 cum
1147 1950 1405 2018 completa
1439 1949 1592 2003 fuerit
1636 1957 1785 2004 sexta
1832 1957 1961 2004 mtas

382 2038 585 2103 sceculi,
618 2038 736 2093 ideo
762 2040 1029 2108 sexaginta
1056 2038 1259 2093 dierum
1288 2054 1318 2093 a
1344 2040 1639 2107 virginitate
1660 2038 1840 2093 dilatio
1864 2052 1960 2108 po-

383 2128 574 2181 stulata
599 2138 699 2183 est.
725 2129 803 2182 Ex
833 2129 1085 2184 onmibus
1105 2130 1297 2199 quippe
1314 2130 1557 2183 tctatibus
1576 2128 1812 2184 Ecclesia
1834 2144 1964 2184 con-

382 2227 645 2288 gregatur.
690 2219 920 2285 Quarum
952 2202 1118 2290 prima
1147 2231 1246 2285 est,
1293 2220 1359 2274 ab
1401 2220 1565 2273 Adam
1595 2235 1761 2289 usque
1788 2219 1853 2273 ad
1876 2218 1961 2274 di-

382 2308 579 2363 luvium
609 2328 622 2366 :
652 2310 883 2364 secunda
921 2325 951 2363 a
996 2310 1211 2375 diluvio,
1246 2309 1295 2363 id
1345 2320 1446 2376 est,
1480 2324 1509 2363 a
1539 2308 1649 2363 Noe
1694 2323 1860 2378 usque
1893 2309 1961 2365 ad

383 2397 648 2452 Abraham
676 2416 689 2453 :
713 2399 865 2453 tertia
879 2399 945 2452 ab
958 2398 1220 2453 Abraham
1244 2415 1405 2469 usque
1426 2400 1491 2453 ad
1514 2399 1675 2454 David
1698 2410 1910 2468 :quarta
1932 2414 1960 2453 a

384 2488 546 2543 David
562 2504 727 2559 usque
743 2489 807 2543 ad
827 2490 1336 2559 transmigrationem
1352 2490 1405 2543 in
1420 2489 1787 2561 Babyloniam:
1810 2490 1963 2560 quin-

386 2586 435 2631 ta
466 2577 532 2632 ab
560 2578 657 2632 hac
684 2579 1143 2645 transmigratione
1172 2594 1339 2648 usque
1362 2578 1428 2632 ad
1461 2578 1687 2648 Virginis
1704 2588 1913 2648 partum
1941 2594 1955 2631 :

384 2683 533 2725 sexta
546 2670 666 2726 inde
680 2687 841 2742 usque
862 2672 910 2726 in
928 2672 1079 2742 hujus
1095 2673 1274 2727 smculi
1287 2671 1463 2727 ﬁnem.
1484 2672 1584 2726 Per
1595 2685 1726 2741 quas
1740 2687 1830 2727 sex
1845 2679 1962 2726 teta-

387 2772 467 2817 tes
490 2773 733 2832 tanquam
753 2779 844 2833 per
860 2765 1128 2834 sexaginta
1146 2763 1257 2818 dies
1273 2762 1415 2817 ﬂevit
1430 2772 1607 2818 sancta
1623 2763 1767 2833 virgo
1782 2762 1963 2816 Eccle-

386 2855 464 2909 sia
491 2856 761 2926 virginalia
783 2871 877 2910 sua
908 2874 922 2911 :
948 2856 1069 2925 quia
1087 2856 1212 2910 licet
1233 2855 1522 2926 virginalia,
1554 2863 1726 2910 tamen
1754 2854 1963 2910 fuerant

386 2956 603 3015 peccata
632 2947 911 3012 deﬂenda;
960 2957 1177 3018 propter
1218 2963 1337 3018 qua:
1383 2948 1628 3003 universa
1675 2948 1786 3017 ipsa
1813 2947 1961 3017 virgo

387 3046 499 3092 toto
527 3039 653 3094 orbe
695 3040 882 3095 diﬁusa
910 3039 1144 3110 quotidie
1174 3038 1323 3107 dicit,
1366 3039 1576 3093 Dimitte
1617 3040 1758 3093 nobis
1798 3039 1961 3094 debita

387 3138 560 3180 nostra
586 3128 793 3198 (Matth.
824 3146 897 3197 vt,
932 3130 1039 3199 12).
1070 3129 1298 3184 Eosdem
1327 3136 1503 3183 autem
1531 3129 1799 3199 sexaginta
1824 3129 1958 3195 dies,

386 3217 523 3272 duos
548 3235 758 3275 menses
774 3221 956 3276 maluit
974 3220 1260 3291 appellare,
1284 3228 1534 3291 quantum
1559 3221 1825 3287 existimo,
1850 3236 1961 3290 pro-

389 3318 507 3379 pter
532 3309 664 3366 duos
694 3312 970 3377 homines;
1002 3327 1162 3366 unum
1202 3326 1296 3380 per
1336 3326 1493 3381 quem
1524 3325 1690 3376 mors,
1736 3311 1959 3389 alterum

388 3415 486 3472 per
507 3418 661 3472 quem
681 3406 997 3459 resurrectio
1017 3412 1343 3459 mortuorum
1369 3420 1383 3471 ;
1409 3412 1627 3474 propter
1642 3417 1776 3473 quos
1799 3403 1959 3459 etiam

390 3493 498 3547 duo
522 3494 855 3549 Testamenta
885 3496 1145 3551 dicuntur.

463 3584 610 3651 Quod
636 3600 761 3640 vero
788 3586 976 3656 factum
1013 3595 1087 3640 est
1125 3586 1177 3637 in
1225 3591 1525 3655 praeceptum
1565 3585 1620 3638 in
1663 3583 1853 3647 Israel,
1901 3599 1963 3637 ex

388 3675 565 3729 diebus
587 3677 637 3729 in
666 3677 771 3729 dies
804 3676 1153 3730 conveniebant
1179 3675 1440 3729 lamentari
1464 3674 1623 3744 ﬁliam
1645 3673 1830 3745 Iephte
1858 3671 1962 3728 Ga-

389 3767 627 3820 laaditem
652 3808 667 3834 ,
693 3777 908 3838 quatuor
943 3768 1049 3820 dies
1080 3767 1131 3820 in
1160 3782 1293 3820 anno
1322 3780 1342 3820 :
1370 3782 1474 3820 non
1502 3772 1629 3837 puto
1667 3765 1962 3835 signilicare

391 3857 589 3928 aliquid
619 3869 736 3928 post
761 3860 1030 3930 impletum
1057 3858 1476 3923 holocaustoma,
1504 3856 1643 3927 quod
1671 3858 1772 3912 erit
1799 3856 1851 3910 in
1879 3856 1961 3910 vi-

388 3958 500 4005 tam
546 3962 833 4018 aeternam;
880 3952 973 4007 sed
1017 3953 1279 4022 praeterita
1323 3960 1557 4021 tempora
1588 3951 1878 4015 Ecclesiae,
1909 3951 1960 4005 in

389 4043 583 4111 quibus
612 4052 760 4097 erant
782 4044 920 4098 beati
945 4043 1201 4113 lugentes.
1222 4042 1511 4109 Quatriduo
1539 4051 1715 4097 autem
1743 4041 1961 4112 ﬁgurata

391 4144 474 4189 est
515 4135 629 4203 ejus
668 4136 999 4201 universitas,
1042 4144 1256 4205 propter
1301 4142 1526 4204 quatuor
1569 4142 1743 4203 partes
1782 4134 1959 4199 orbis,

392 4239 489 4293 per
513 4241 643 4295 quas
680 4227 835 4296 longe
863 4226 1070 4296 lateque
1098 4225 1288 4281 diffusa
1325 4232 1425 4280 est.
1457 4225 1536 4279 Ad
1569 4225 1802 4279 historiae
1836 4239 1963 4281 vero

392 4318 790 4387 proprietatem,
823 4332 927 4372 non
956 4318 1184 4373 arbitror
1212 4318 1314 4373 hoc
1339 4317 1638 4373 decrevisse
1663 4318 1927 4373 Israelitas
1945 4358 1960 4383 ,

391 4410 491 4463 nisi
528 4411 648 4479 quia
696 4410 1060 4478 intelligebant
1100 4410 1152 4463 in
1195 4424 1257 4464 ea
1300 4424 1361 4465 re
1382 4408 1637 4479 judicium
1677 4409 1769 4465 Dei
1797 4410 1963 4479 magis

392 4500 457 4554 ad
490 4500 884 4569 percutiendum
918 4509 1119 4570 patrem
1147 4499 1311 4555 fuisse
1339 4500 1739 4569 depromptum,
1767 4514 1835 4554 ne
1861 4500 1963 4555 tale

391 4605 591 4644 vovere
615 4590 923 4645 sacriﬁcium
945 4590 1193 4659 deinceps
1214 4590 1353 4644 ullus
1380 4590 1618 4645 auderet.
1642 4588 1771 4643 Nam
1798 4604 1963 4658 quare

394 4679 566 4733 luctus
590 4688 643 4733 et
670 4681 976 4736 lamentatio
1005 4680 1399 4748 decerneretur,
1431 4680 1475 4735 si
1510 4688 1687 4735 votum
1718 4679 1843 4734 illud
1868 4680 1961 4734 lte-

393 4770 522 4825 litia:
549 4771 644 4825 fuit
667 4772 691 4825 ?

464 4860 520 4915 Si
551 4869 726 4915 autem
757 4869 812 4916 et
830 4859 979 4927 illud,
1007 4861 1146 4932 quod
1174 4861 1399 4932 p0pulus
1422 4861 1665 4931 Ephraem
1690 4870 1873 4933 postea
1897 4862 1964 4918 ab

389 4950 579 5005 eodem
605 4951 794 5021 lephte
822 4952 1112 5007 debellatus
1141 4962 1242 5020 est,
1270 4952 1334 5007 ad
1368 4953 1623 5021 judicium
1665 4954 1792 5021 Dei,
1822 4954 1963 5024 quod

388 5042 491 5096 erit
519 5042 572 5096 in
597 5042 719 5107 line,
749 5042 1083 5099 referendum
1115 5052 1215 5109 cst,
1240 5044 1373 5100 sicut
1394 5045 1506 5114 ipse
1532 5045 1784 5101 Dominus
1813 5046 1957 5114 dicit,

390 5132 493 5187 Eos
520 5135 604 5203 qui
623 5135 889 5189 noluerunt
915 5152 992 5188 me
1012 5152 1219 5205 regnare
1243 5136 1354 5202 sibi,
1384 5136 1617 5190 adducite
1638 5146 1683 5190 et
1703 5138 1965 5208 interﬁcite

386 5238 559 5275 coram
590 5241 667 5277 me
709 5224 861 5295 (Luc.
901 5241 1025 5286 xix,
1059 5226 1183 5295 27);
1229 5241 1329 5281 nec
1374 5227 1444 5281 ibi
1477 5227 1817 5297 quadraginta
1857 5228 1962 5284 duo

387 5314 574 5380 millia,
591 5332 708 5385 quae
734 5317 1059 5381 ceciderunt,
1076 5319 1283 5373 vacanti
1310 5334 1529 5374 numero
1551 5332 1962 5378 commemorata

387 5416 514 5458 sunt
549 5405 742 5477 (Judic.
776 5425 882 5476 xu,
932 5409 999 5476 4,
1042 5408 1117 5481 6).
1157 5411 1302 5466 Sicut
1339 5410 1479 5465 enim
1521 5411 1592 5465 illi
1622 5411 1726 5466 duo
1754 5428 1964 5470 menses

384 5505 604 5565 promer
632 5498 903 5567 sexaginta
945 5499 1058 5553 dies
1088 5500 1352 5555 senarium
1397 5516 1674 5555 numerum
1703 5515 1796 5557 sex
1838 5512 1965 5556 teta-

387 5592 495 5638 tum
528 5587 823 5657 signiﬁcant
856 5608 869 5643 :
900 5590 970 5644 ita
997 5599 1048 5645 et
1090 5591 1159 5644 ibi
1190 5593 1361 5646 sexies
1399 5593 1730 5662 septenarius
1774 5592 1963 5651 ductus

385 5675 487 5729 huc
516 5677 652 5732 idem
683 5678 890 5749 ﬁgurat,
915 5690 1167 5750 quantum
1196 5682 1261 5735 ad
1290 5698 1381 5736 sex
1413 5692 1595 5739 aetates
1625 5685 1806 5740 saeculi
1841 5702 1961 5755 per-

387 5765 553 5835 tinet;
585 5770 759 5827 sexies
784 5771 923 5827 enim
956 5781 1156 5844 septem
1181 5773 1524 5846 quadraginta
1552 5775 1655 5831 duo
1681 5786 1820 5833 sunt.
1854 5777 1961 5835 Nec

3528 382 3632 439 822

2028 472 2045 481 ’
2070 489 2262 546 frustra
2296 500 2348 547 et
2392 491 2505 562 ipse
2540 491 2728 564 Jcphte
2756 507 2847 549 sex
2884 492 3035 548 annis
3073 492 3323 564 populum
3354 491 3629 562 judicavit.

2134 583 2195 638 L.
2224 582 2321 657 [11).
2342 600 2457 653 xm,
2475 583 2555 657 4.]
2584 586 2756 651 Qumri
2783 593 2955 656 potest
2973 583 3238 655 quomodo
3259 583 3450 639 dixerit
3470 598 3630 655 ange-

2064 675 2149 731 lus
2194 678 2261 733 ad
2305 688 2528 734 matrem
2556 677 2777 734 Samson
2801 716 2816 743 ,
2855 692 2977 734 cum
3005 676 3339 748 annuntiaret
3377 674 3426 730 ei
3470 674 3631 729 lilium

2065 768 2292 824 futurum
2314 811 2330 837 ,
2360 771 2482 840 quia
2509 770 2702 825 sterilis
2739 778 2852 826 erat
2870 811 2885 837 ,
2924 769 2986 822 Et
3021 784 3153 822 nunc
3179 766 3414 834 observa,
3456 772 3501 819 et
3531 782 3631 820 non

2063 860 2200 915 bibas
2218 862 2387 917 vinum
2407 872 2453 916 et
2472 862 2702 928 siceram,
2721 878 2822 917 non
2842 861 3108 916 mendaces
3128 876 3273 915 omne
3295 859 3628 914 immundum.

2062 952 2198 1020 Quid
2223 961 2305 1008 est
2327 954 2467 1009 enim
2496 952 2865 1009 immundum?
2895 952 2995 1007 nisi
3018 952 3152 1007 forte
3176 950 3450 1008 dissolutio
3475 950 3635 1006 disci-

2062 1043 2243 1114 pIinae,
2272 1061 2387 1115 quae
2412 1060 2530 1101 esse
2549 1056 2784 1117 coeperat
2812 1046 2863 1100 in
2888 1044 3082 1111 Israel,
3114 1044 3274 1100 etiam
3297 1042 3363 1099 ad
3390 1057 3455 1099 ea
3480 1057 3632 1097 man-

2063 1136 2299 1192 ducanda
2329 1152 2421 1193 eos
2460 1137 2813 1205 labefecerat,
2859 1152 2975 1208 qua:
3017 1135 3358 1207 prohibuerat
3400 1135 3542 1190 Deus
3579 1133 3633 1188 in

2062 1229 2344 1299 generibus
2381 1230 2689 1285 animalium
2738 1229 2910 1303 (Deut.
2952 1243 3072 1293 xiv,
3114 1226 3291 1296 519).
3341 1224 3447 1281 Cur
3491 1224 3633 1280 enim

2064 1335 2167 1377 non
2196 1322 2442 1377 credatur
2469 1322 2627 1377 etiam
2670 1322 2770 1376 hoc
2812 1334 2905 1375 eos
2945 1319 3111 1373 multo
3156 1317 3437 1387 proclivius
3462 1315 3634 1371 facere

2063 1414 2298 1484 potuisse
2319 1456 2337 1481 ,
2368 1414 2456 1485 qui
2485 1415 2643 1470 etiam
2670 1414 2734 1470 ad
2762 1416 2961 1469 cultum
2989 1412 3247 1468 idolorum
3280 1408 3632 1480 transgredic'

2062 1506 2253 1561 bantur
2272 1507 2297 1561 ’1
2342 1494 2345 1497 ’

2132 1596 2219 1651 LI.
2250 1594 2349 1668 [Ib.
2381 1595 2593 1669 xut,6.]
2619 1595 2769 1663 Quod
2790 1605 2957 1652 mater
2982 1596 3203 1651 Samson
3233 1594 3346 1649 viro
3373 1606 3469 1648 suo
3494 1589 3627 1646 indi-

2062 1700 2191 1743 cans
2228 1688 2669 1757 quemadmodum
2697 1687 2773 1743 illi
2802 1687 3020 1757 angelus
3055 1685 3446 1740 annuntiaverit
3471 1682 3635 1738 ﬁlium

2063 1777 2313 1843 futurum,
2344 1778 2495 1847 dixit,
2534 1778 2598 1833 Et
2619 1779 2986 1849 interrogabam
3015 1794 3127 1833 eum
3151 1776 3284 1831 unde
3305 1786 3450 1842 esset,
3473 1784 3519 1831 et
3545 1790 3634 1828 no-

2064 1888 2177 1925 men
2214 1888 2363 1926 suum
2400 1887 2501 1927 non
2539 1873 2855 1925 annuntiavit
2880 1870 3034 1937 mihi,
3064 1869 3230 1939 quazri
3258 1876 3430 1938 potest
3457 1875 3633 1922 utrum

2062 1978 2246 2018 verum
2270 1964 2492 2029 dixerit;
2524 1964 2772 2032 quoniam
2801 1963 2902 2017 hoc
2932 1978 3035 2017 non
3062 1963 3283 2031 legitur,
3317 1974 3441 2016 cum
3467 1959 3516 2014 ei
3541 1973 3636 2013 an-

2062 2054 2210 2123 gelus
2240 2053 2561 2124 loqueretur.
2592 2053 2703 2108 Sed
2736 2051 3134 2121 intelligendum
3163 2059 3243 2104 est
3270 2049 3369 2104 hoc
3394 2047 3466 2103 ibi
3493 2045 3635 2101 Serio

2065 2155 2268 2216 pteram
2306 2143 2567 2211 tacuisse,
2607 2143 2692 2198 hic
2715 2150 2891 2198 autem
2921 2152 3367 2198 commemorasse
3394 2135 3534 2208 quod
3562 2136 3634 2191 ibi

2064 2244 2317 2291 tacuerat.
2356 2234 2485 2291 Illud
2512 2235 2670 2291 etiam
2704 2233 2845 2305 quod
2874 2247 2980 2289 non
3021 2232 3122 2298 ait,
3154 2228 3478 2300 Interrogavi
3513 2242 3635 2282 eum

2062 2326 2188 2397 quid
2207 2334 2503 2392 vocaretur,
2532 2333 2585 2380 et
2603 2339 2795 2380 nomen
2819 2339 2971 2379 suum
2998 2338 3102 2377 non
3128 2318 3458 2377 annuntiavit
3481 2316 3632 2381 mihi,

2061 2418 2155 2473 sed
2181 2418 2280 2483 ait,
2314 2418 2631 2488 Interrogavi
2657 2416 2969 2482 undeesset;
3000 2415 3209 2470 videtur
3250 2415 3636 2483 inconsequens

2064 2509 2201 2579 quod
2240 2508 2474 2576 addidit,
2513 2518 2559 2563 et
2589 2525 2768 2562 nomen
2811 2524 2957 2561 suum
2995 2523 3095 2561 non
3136 2503 3448 2560 annuntiavit
3490 2502 3632 2556 mihi.

2063 2602 2176 2657 Non
2211 2602 2352 2658 enim
2379 2616 2570 2657 nomen
2598 2600 2712 2670 ejus
2737 2599 3184 2668 interrogaverat,
3222 2610 3346 2652 cum
3374 2601 3636 2664 quaereret

2062 2692 2204 2747 unde
2229 2699 2405 2755 esset,
2447 2690 2540 2746 sed
2568 2691 2741 2746 locum
2766 2689 2850 2744 vel
2874 2688 3139 2744 civitatem
3159 2726 3176 2752 ,
3213 2700 3333 2741 cum
3365 2684 3632 2739 hominem

2064 2790 2289 2853 putaret.
2322 2781 2452 2836 Nam
2483 2791 2534 2837 et
2563 2782 2829 2836 hominem
2859 2780 2952 2835 Dei
2979 2795 3099 2835 eum
3126 2776 3432 2848 appellavit,
3458 2776 3636 2845 specie

2064 2881 2239 2927 tamen
2262 2872 2345 2928 vel
2380 2871 2560 2927 habitu
2586 2872 2774 2941 angelo
2796 2869 3021 2926 similem
3047 2911 3060 2935 ,
3087 2868 3188 2924 hoc
3230 2875 3311 2923 est
3335 2909 3350 2933 ,
3379 2867 3500 2938 quia
3527 2875 3634 2921 tam

2064 2963 2372 3035 praeclarum
2398 2963 2548 3029 vidit,
2573 2962 2707 3017 sicut
2735 2962 2847 3031 ipsa
2876 2960 3127 3023 narravit.
3152 2957 3258 3014 Sed
3277 2959 3321 3013 si
3344 2957 3416 3012 ita
3443 2955 3635 3013 distin-

2061 3062 2281 3124 guatur,
2333 3052 2396 3107 Et
2436 3052 2801 3124 interrogabam
2843 3067 2954 3105 eum
2987 3048 3121 3104 unde
3158 3056 3314 3113 esset,
3364 3055 3411 3101 et
3456 3061 3634 3101 nomen

2062 3161 2228 3209 suum,
2262 3152 2315 3198 ut
2342 3142 2683 3197 subaudiatur
2704 3182 2719 3205 ,
2757 3139 3142 3211 interrogabam
3182 3152 3302 3193 eum
3326 3178 3342 3204 ,
3371 3145 3424 3192 et
3454 3142 3634 3205 postea

2062 3235 2317 3291 inferatur
2340 3276 2354 3300 ,
2386 3250 2486 3287 non
2511 3231 2825 3287 annuntiavit
2850 3230 2973 3284 mihi
2993 3271 3008 3297 ,
3046 3245 3149 3284 non
3188 3226 3348 3282 habet
3387 3223 3634 3295 quazstio-

2064 3342 2185 3382 nem
2220 3345 2233 3381 :
2258 3325 2325 3380 ad
2351 3335 2631 3395 utrumque
2651 3324 2793 3379 enim
2815 3322 3003 3379 referri
3022 3329 3215 3390 potest,
3243 3318 3384 3389 quod
3413 3317 3502 3381 ait,
3532 3334 3631 3371 non

2063 3418 2376 3472 annuntiavit
2405 3418 2546 3483 mihi,
2587 3416 2637 3471 id
2667 3424 2780 3483 est,
2809 3430 2908 3470 nec
2934 3413 3074 3469 unde
3102 3420 3274 3477 esset,
3319 3426 3415 3466 nec
3441 3424 3631 3465 nomen

2064 3524 2238 3565 SUIlm.

2138 3598 2243 3654 LII.
2273 3596 2372 3671 [11).
2400 3614 2526 3665 xm,
2548 3600 2579 3652 7
2600 3640 2614 3663 ,
2647 3596 2724 3671 5.]
2755 3597 2883 3652 Item
2921 3595 3062 3668 quod
3089 3595 3162 3650 ait
3185 3593 3368 3652 eadem
3399 3592 3591 3648 mulier
3614 3633 3629 3656 ,

2064 3692 2263 3747 dictum
2298 3692 2395 3745 sibi
2438 3705 2557 3745 esse
2594 3691 2660 3745 ab
2688 3690 2876 3760 angelo
2900 3731 2916 3756 ,
2958 3688 3207 3758 quoniam
3235 3685 3514 3741 Nazartzus
3537 3682 3635 3739 Dei

2064 3783 2156 3836 erit
2182 3798 2303 3851 puer
2330 3797 2360 3833 a
2389 3789 2554 3833 ventre
2581 3796 2734 3850 usque
2759 3778 2825 3832 ad
2850 3778 2981 3833 diem
3006 3778 3180 3833 mortis
3204 3792 3326 3843 suae,
3357 3791 3465 3832 non
3496 3775 3632 3845 legi-

2067 3879 2151 3926 tur
2190 3871 2256 3925 ab
2285 3870 2470 3939 angelo
2498 3870 2716 3924 dictum.
2757 3869 2825 3924 Et
2859 3868 2997 3939 quod
3039 3868 3229 3939 legitur
3252 3868 3448 3923 dictum
3469 3908 3485 3935 ,
3516 3864 3638 3936 Ipse

2065 3962 2266 4032 incipiet
2293 3961 2486 4015 salvum
2512 3964 2677 4033 facere
2714 3959 2877 4015 Israel
2918 3959 2981 4013 de
3018 3975 3170 4014 manu
3200 3958 3469 4013 Philistiim
3488 3999 3502 4024 ,
3528 3972 3635 4013 non

2066 4063 2146 4109 est
2173 4068 2203 4107 a
2230 4052 2451 4107 muliere
2482 4059 2970 4107 commemoratum.
3002 4049 3184 4120 Itaque
3222 4058 3275 4104 et
3307 4048 3503 4119 aliquid
3529 4063 3635 4102 non

2067 4144 2216 4209 dixit,
2263 4143 2403 4213 quod
2453 4142 2678 4207 audivit;
2731 4150 2785 4197 et
2828 4153 3003 4196 tamen
3053 4140 3181 4195 nihil
3239 4138 3502 4195 credenda
3555 4146 3638 4194 est

2065 4233 2264 4288 dixisse
2288 4232 2426 4301 quod
2458 4248 2560 4286 non
2583 4231 2781 4287 audivit
2812 4249 2825 4285 :
2858 4230 2953 4286 sed
2976 4229 3298 4299 Scripturam
3330 4229 3500 4299 potius
3530 4243 3634 4283 non

2066 4325 2242 4379 omnia
2267 4323 2426 4379 verba
2454 4322 2624 4392 angeli
2650 4322 2887 4392 posuisse
2911 4363 2925 4386 ,
2957 4336 3079 4375 cum
3112 4321 3279 4389 ipsum
3312 4319 3517 4374 mulieri
3558 4319 3638 4374 lo-

2066 4423 2315 4484 quentem
2342 4412 2595 4468 insereret
2627 4412 2935 4466 narrationi.
2958 4412 3082 4466 Ideo
3104 4419 3279 4464 autem
3306 4408 3505 4464 dictum
3533 4417 3635 4473 est,

2067 4522 2098 4559 a
2127 4514 2291 4559 ventre
2324 4520 2481 4573 usque
2505 4502 2572 4557 ad
2600 4503 2731 4556 diem
2772 4502 2947 4557 mortis
2972 4516 3108 4567 suae,
3140 4501 3259 4571 quia
3289 4499 3520 4559 Nazartei
3558 4500 3640 4555 di-

2067 4595 2321 4650 cebantur
2346 4594 2398 4648 in
2426 4594 2581 4662 Lege,
2606 4592 2673 4647 ad
2695 4600 2901 4661 tempus
2927 4593 3015 4662 qui
3040 4601 3216 4648 votum
3248 4590 3528 4655 habebant,
3555 4606 3639 4647 se-

2067 4686 2299 4742 cundum
2341 4700 2403 4740 ea
2438 4699 2555 4754 qua:
2597 4682 2869 4754 Scriptura
2915 4698 3007 4752 per
3051 4683 3266 4753 Moysen
3317 4690 3639 4753 prmceperat

2067 4776 2253 4847 (Nam.
2296 4792 2384 4843 vt,
2412 4774 2588 4846 2-21).
2622 4776 2772 4831 Unde
2802 4775 3044 4841 esthoc,
3090 4775 3231 4845 quod
3273 4775 3394 4829 huic
3436 4775 3639 4845 jussum

2067 4877 2149 4924 est
2174 4876 2230 4923 ut
2258 4866 2455 4923 ferrum
2487 4882 2591 4922 non
2617 4866 2925 4922 ascenderet
2956 4867 3007 4921 in
3037 4874 3193 4937 caput
3215 4866 3350 4936 ejus,
3379 4876 3431 4921 et
3460 4866 3639 4920 vinum

2065 4966 2121 5014 et
2143 4959 2364 5014 siceram
2388 4974 2491 5012 non
2517 4957 2737 5013 biberet.
2771 4957 2881 5013 Iloc
2904 4957 3045 5011 enim
3073 4965 3180 5011 tota
3201 4958 3305 5011 vita
3334 4971 3429 5011 sua
3458 4954 3640 5011 obser-

2066 5049 2204 5103 vavit
2234 5049 2481 5115 Samson,
2511 5047 2650 5117 quod
2690 5047 2768 5102 illi
2795 5047 2883 5117 qui
2911 5046 3079 5101 vocati
3107 5052 3234 5101 sunt
3258 5045 3492 5106 Nazarmi
3517 5059 3637 5101 cer-

2068 5142 2134 5195 tis
2159 5140 2345 5195 diebus
2371 5139 2740 5203 observabant,
2764 5148 3015 5195 voventes
3031 5147 3315 5207 votumque
3339 5137 3639 5194 reddentes.

2140 5231 2271 5286 LIII.
2296 5230 2395 5304 [11).
2425 5247 2556 5292 xnr.
2590 5231 2687 5297 16,
2720 5232 2821 5297 15,
2854 5229 2930 5303 1.]
2973 5230 3125 5296 Quod
3162 5230 3286 5284 dicit
3327 5229 3598 5300 Scriptura
3620 5274 3635 5294 ,

2070 5323 2320 5388 Quoniam
2344 5324 2592 5395 ignoravit
2619 5322 2809 5378 Manue
2834 5323 2953 5393 quia
2982 5323 3188 5393 angelus
3223 5323 3310 5376 Dei
3348 5333 3439 5388 est,
3468 5324 3639 5379 mani«

2069 5414 2257 5470 festum
2289 5425 2369 5469 est
2415 5414 2573 5469 etiam
2604 5414 2718 5482 ejus
2759 5428 2977 5469 uxorem
3024 5412 3291 5467 hominem
3330 5413 3638 5469 credidisse.

2069 5505 2218 5572 Quod
2259 5519 2385 5574 ergo
2414 5504 2461 5558 ei
2493 5504 2658 5569 dixit,
2700 5502 2811 5556 Vim
2835 5504 3080 5573 faciamus
3106 5503 3193 5556 tibi
3219 5519 3382 5569 nunc,
3411 5515 3457 5557 et
3486 5505 3643 5572 facia-

2071 5612 2182 5648 mus
2216 5595 2267 5648 in
2298 5602 2561 5664 conspectu
2594 5605 2675 5647 tuo
2705 5593 2905 5647 haedum
2933 5610 3197 5661 caprarum
3218 5635 3231 5659 ,
3276 5603 3519 5664 tanquam
3551 5595 3643 5649 ho-

2076 5689 2270 5742 minem
2305 5687 2572 5753 invitavit,
2607 5686 2697 5740 sed
2735 5687 2804 5740 ita
2834 5694 2891 5740 ut
2920 5685 3017 5741 hoc
3044 5701 3161 5739 cum
3195 5685 3285 5741 illo
3307 5682 3658 5757 epularetur,

2071 5778 2209 5849 quod
2237 5777 2553 5834 sacriﬁcium
2582 5776 2811 5833 fecisset.
2856 5777 2985 5832 Nam
3018 5778 3188 5833 facere
3218 5776 3423 5833 hmdum
3454 5794 3637 5849 capra-
