4110 6440
529 368 632 424 823

531 502 649 541 rum
679 501 784 541 non
815 488 950 544 solet
973 488 1096 554 dici,
1128 489 1227 543 nisi
1256 503 1376 544 cum
1407 487 1464 542 ﬁt
1489 486 1820 542 sacriﬁcium.
1861 483 2097 552 Denique

530 584 586 631 et
605 575 694 631 ille
709 577 786 631 ita
813 578 1115 648 respondit,
1146 568 1208 634 Si
1239 579 1336 632 vim
1361 577 1534 648 feceris
1562 576 1685 630 mihi
1701 616 1716 643 ,
1748 590 1848 628 non
1877 574 2096 627 mandu-

528 667 651 721 cabo
677 667 739 720 de
765 669 978 737 panibus
1007 669 1140 735 tuis;
1168 668 1256 722 ubi
1284 666 1514 724 ostendit
1541 681 1600 722 se
1628 665 1788 720 fuisse
1815 663 1882 718 ad
1917 662 2099 732 epulas

527 757 826 813 invitatum.
860 759 1059 814 Deinde
1087 759 1322 824 addidit,
1356 759 1421 812 Et
1447 761 1490 813 si
1516 758 1689 830 feceris
1713 757 2094 822 holocaustum,

527 847 748 903 Domino
774 849 952 916 offeres
979 850 1125 904 illud.
1157 850 1348 919 Utique
1378 849 1498 904 ideo
1525 848 1691 915 dixit,
1721 848 1783 903 Si
1806 848 1982 918 feceris
2008 846 2098 901 ho—

477 944 490 958 ⁵
525 939 839 1006 tocaustum,
871 940 990 1010 quia
1026 939 1116 994 ille
1156 939 1390 1008 dixerat,
1427 938 1699 994 Faciamus
1733 939 1787 992 in
1831 944 2098 1006 conspectu

526 1042 614 1087 tuo
643 1033 843 1088 necdum
870 1048 1160 1102 caprarum.
1205 1031 1320 1087 Non
1362 1041 1537 1086 autem
1577 1045 1734 1086 omne
1779 1029 2095 1086 sacriﬁcium

523 1123 888 1180 holocaustum
924 1133 1069 1190 erat;
1099 1138 1222 1178 nam
1250 1123 1316 1178 de
1340 1122 1648 1179 holocausta
1678 1136 1782 1177 non
1809 1119 2096 1175 manduca-

522 1215 716 1279 batur,
759 1215 881 1285 quia
923 1223 1088 1270 totum
1127 1214 1540 1281 incendebatur,
1579 1221 1632 1270 et
1663 1211 1784 1267 ideo
1811 1210 2098 1267 vocabatur

524 1306 912 1362 holocaustum.
945 1305 1048 1362 Sed
1083 1306 1303 1376 angelus
1339 1307 1497 1361 etiam
1523 1319 1628 1360 non
1659 1303 2095 1368 manducaturus,

524 1397 888 1453 holocaustum
916 1399 1089 1468 potius
1117 1398 1232 1453 ﬁeri
1255 1397 1563 1462 admonuit,
1609 1410 1715 1452 non
1760 1403 1934 1450 tamen
1963 1392 2092 1460 sibi,

524 1488 621 1544 sed
649 1488 875 1544 Domino
907 1506 920 1543 :
953 1497 1169 1560 promer
1196 1489 1299 1544 hoc
1325 1488 1586 1554 maxime,
1617 1486 1736 1557 quia
1763 1499 1893 1556 gens
1934 1483 2097 1539 Israel

520 1580 616 1636 illo
639 1589 878 1650 tempore
904 1588 1268 1648 consueverat,
1295 1578 1616 1650 quibuslibet
1639 1576 1742 1633 diis
1767 1575 1908 1631 falsis
1934 1575 2097 1630 sacri-

523 1667 718 1736 ficare;
748 1669 888 1726 unde
924 1678 977 1726 et
1003 1678 1125 1725 tunc
1149 1669 1438 1726 offenderat
1470 1669 1636 1724 Deum
1661 1707 1677 1736 ,
1705 1675 1765 1723 ut
1802 1665 2097 1722 traderetur

524 1759 752 1815 inimicis
780 1775 873 1830 per
897 1759 1238 1836 quadraginta
1259 1775 1445 1816 annos.

596 1848 728 1905 uv.
761 1848 858 1923 [ιιι.
876 1867 999 1917 χιιι,
1030 1851 1096 1906 ιδ
1130 1850 1249 1924 25.]
1276 1851 1410 1920 Quid
1437 1851 1536 1906 sibi
1558 1850 1686 1918 vult,
1714 1849 1852 1921 quod
1884 1858 2094 1920 postea-

523 1955 681 2012 quam
707 1940 1073 1997 manifestatus
1111 1953 1190 1996 est
1219 1942 1406 1997 Mauue
1443 1949 1496 1997 et
1523 1941 1675 1996 uxori
1703 1940 1818 2011 ejus
1839 1940 2091 2010 angelus,

524 2032 612 2100 qui
641 2044 761 2084 cum
788 2031 864 2085 eis
890 2029 1230 2100 loquebatur,
1260 2031 1393 2086 dixit
1415 2031 1553 2086 idem
1575 2031 1762 2086 Manue
1785 2030 1934 2084 uxori
1963 2044 2092 2096 sum,

522 2116 693 2173 Morte
714 2119 1002 2185 moriemur,
1032 2121 1268 2189 quoniam
1295 2120 1455 2174 Deum
1478 2120 1723 2185 vidimus;
1749 2134 1814 2176 ex
1845 2119 1929 2173 illa
1953 2118 2097 2174 scili-

525 2217 613 2265 cet
649 2207 806 2280 Legis
841 2211 1135 2273 sententia,
1168 2211 1252 2266 ubi
1283 2211 1538 2281 scriptum
1577 2221 1694 2279 est,
1730 2209 1896 2264 Nemo
1937 2218 2096 2281 potest

523 2300 707 2370 faciem
733 2317 894 2355 meam
925 2302 1086 2356 videre
1113 2310 1159 2355 et
1187 2303 1346 2356 vivere
1371 2301 1564 2372 (Exod.
1593 2316 1781 2369 χχχιιι,
1806 2300 1943 2371 20)?
1968 2299 2094 2370 Opi-

523 2394 792 2450 nabantur
823 2410 948 2466 ergo
976 2405 1033 2451 ut
1061 2395 1302 2450 homines
1325 2437 1340 2462 ,
1384 2395 1550 2450 Deum
1591 2409 1651 2450 se
1687 2394 1882 2449 vidisse
1904 2433 1919 2460 ,
1950 2401 2095 2448 tanto

523 2485 705 2555 utique
734 2485 987 2540 miraculo
1016 2485 1152 2540 facto
1175 2527 1190 2553 ,
1231 2485 1371 2555 quod
1413 2485 1463 2539 in
1505 2485 1609 2556 igni
1646 2483 1890 2540 sacriﬁcii
1911 2484 2089 2549 stetit,

522 2574 613 2646 qui
638 2589 759 2630 eum
781 2575 884 2631 illis
912 2576 1056 2646 prius
1075 2576 1223 2646 quasi
1250 2574 1412 2630 homo
1436 2573 1768 2646 loquebatur.
1800 2574 1903 2630 Sed
1928 2575 2093 2630 Deum

523 2666 579 2720 in
606 2665 815 2736 angelo,
846 2681 912 2720 an
942 2667 1104 2721 Deum
1135 2666 1304 2736 ipsum
1333 2666 1580 2736 angelum
1606 2665 1982 2735 appellabant?
2007 2665 2096 2720 Sic

441 2808 444 2809 ν
523 2755 666 2810 enim
693 2755 946 2827 scriptum
976 2765 1056 2812 est
1088 2773 1102 2809 :
1133 2755 1200 2809 Et
1226 2757 1436 2827 sumpsit
1465 2755 1653 2810 Manue
1680 2755 1880 2810 haedum
1909 2771 2094 2825 capra-

522 2861 665 2910 rum,
703 2855 751 2900 et
785 2847 1088 2916 sacriﬁcium
1108 2863 1128 2912 ;
1165 2856 1214 2901 et
1249 2846 1429 2902 obtulit
1455 2863 1606 2920 super
1644 2858 1834 2918 petram
1874 2847 2094 2902 Domino

523 2935 777 2990 mirabilia
803 2937 1041 3007 facienti;
1065 2946 1112 2991 et
1141 2937 1331 2992 Manue
1355 2946 1402 2992 et
1433 2955 1560 2992 uxor
1585 2940 1694 3009 ejus
1723 2941 2091 3011 exspectabant.

524 3026 594 3081 Et
619 3032 810 3099 factum
837 3038 907 3082 est
935 3030 1052 3084 dum
1073 3029 1356 3085 ascenderet
1374 3031 1580 3099 ﬂamma
1608 3031 1823 3100 desuper
1845 3032 2004 3086 altare
2027 3031 2095 3085 ad

521 3119 726 3186 caelum,
755 3129 801 3173 et
825 3121 1045 3174 ascendit
1073 3121 1280 3190 angelus
1312 3119 1515 3174 Domini
1545 3121 1596 3174 in
1620 3123 1847 3191 flamma.
1879 3120 1948 3175 Et
1974 3121 2094 3175 Ma-

523 3225 624 3264 nue
662 3226 885 3280 uxorque
920 3209 1058 3264 illius
1101 3213 1485 3280 exspectabant;
1527 3220 1575 3264 et
1619 3211 1901 3265 ceciderunt
1943 3227 2093 3281 super

523 3300 706 3370 faciem
732 3315 874 3355 suam
903 3315 1053 3371 super
1078 3309 1280 3355 terram.
1312 3301 1375 3355 Et
1404 3317 1504 3355 non
1527 3302 1760 3373 apposuit
1781 3303 1915 3356 ultra
1939 3319 2093 3374 ange-

523 3391 604 3446 lus
627 3390 831 3445 Domini
854 3408 1098 3462 apparere
1115 3393 1184 3446 ad
1209 3391 1399 3447 Manue
1417 3402 1464 3446 et
1483 3393 1550 3446 ad
1570 3410 1776 3448 uxorem
1801 3395 1929 3466 ejus.
1954 3394 2095 3448 Tunc

522 3481 748 3553 cognovit
791 3479 982 3536 Manue
1009 3483 1245 3552 quoniam
1280 3483 1487 3554 angelus
1515 3482 1722 3537 Domini
1745 3493 1852 3549 est;
1890 3495 1939 3539 et
1967 3483 2093 3538 dixit

521 3571 714 3626 Hanue
744 3571 812 3625 ad
848 3589 1053 3627 mrem
1094 3589 1268 3639 suam,
1311 3573 1479 3628 Morte
1517 3575 1785 3629 moriemur
1807 3616 1822 3642 ,
1859 3575 2095 3647 quoniam

520 3663 684 3720 Deum
702 3665 914 3720 vidimus
954 3664 1010 3719 In
1033 3665 1114 3719 his
1134 3681 1260 3736 ergo
1286 3666 1459 3722 verbis
1483 3667 1604 3736 quia
1625 3682 1730 3721 non
1752 3667 1902 3735 dixit,
1927 3667 2096 3724 Morte

523 3752 835 3821 moriemur,
866 3755 1114 3823 quoniam
1144 3755 1389 3825 angelum
1421 3755 1630 3810 Domini
1656 3756 1880 3811 vidimus
1899 3797 1914 3823 ,
1962 3757 2054 3811 sed
2075 3797 2092 3826 ,

522 3843 688 3897 Deum
716 3845 948 3912 vidimus,
979 3845 1148 3899 oritur
1175 3847 1410 3915 qumstio,
1443 3855 1618 3902 utrum
1649 3847 1701 3902 in
1731 3849 1916 3919 angelo
1942 3849 2096 3905 intel-

523 3932 754 4002 ligebant
780 3933 967 3999 Deum,
986 3947 1055 3988 an
1075 3935 1324 3990 eumdem
1343 3937 1586 4006 angelum
1610 3937 1771 3992 Deum
1812 3939 2093 3996 vocabant.

519 4021 659 4078 Illud
671 4023 812 4078 enim
835 4024 1065 4090 tertium,
1086 4025 1226 4095 quod
1242 4026 1404 4081 Deum
1428 4036 1733 4096 putaverant
1754 4031 1842 4100 qui
1867 4041 1982 4086 erat
2001 4048 2097 4086 an-

521 4113 690 4183 gelus,
719 4113 824 4169 diei
851 4129 956 4168 non
990 4123 1180 4184 potest,
1209 4117 1540 4186 apertissime
1568 4119 1776 4174 dicente
1803 4120 2091 4192 Scriptura,

521 4203 665 4259 Tunc
688 4207 916 4276 cognouit
944 4204 1132 4261 Manue
1153 4208 1387 4278 quoniam
1411 4209 1619 4278 angelus
1644 4210 1848 4265 Domini
1871 4221 1961 4266 est.
1989 4213 2096 4270 Sed

520 4295 663 4351 unde
684 4296 948 4352 metuebat
967 4306 1191 4353 mortem
1213 4297 1368 4354 ?Nou
1389 4299 1530 4355 enim
1552 4299 1819 4371 Scriptura
1840 4305 1890 4358 in
1912 4303 2095 4359 Exodo

520 4385 747 4454 dixerat,
774 4385 940 4442 Nemo
967 4387 1108 4443 videt
1135 4389 1320 4444 faciem
1346 4391 1553 4460 angeli,
1583 4400 1637 4446 ct
1657 4381 1826 4459 'vivet,
1858 4393 1951 4449 sed
1970 4435 1985 4460 ,
2015 4396 2096 4466 fa-

517 4478 644 4532 ciem
670 4493 832 4531 meam
857 4478 1016 4547 dixit,
1047 4495 1166 4535 cum
1193 4479 1335 4536 Deus
1362 4481 1685 4552 loqueretur.
1717 4485 1798 4538 An
1827 4495 1880 4540 et
1913 4488 1964 4540 in
1994 4486 2095 4542 hoc

517 4569 637 4639 ipso
651 4569 790 4639 quod
812 4570 863 4624 in
883 4571 1055 4641 angeli
1077 4571 1355 4640 praesentia
1371 4572 1536 4628 Deum
1553 4585 1869 4644 cognoverat
1884 4575 2090 4646 Manue,

515 4659 593 4715 ita
619 4661 952 4730 perturbatus
977 4669 1076 4729 εει,
1114 4671 1171 4716 ιιι
1205 4674 1428 4719 mortem
1457 4664 1710 4721 timeret?
1738 4667 1888 4735 Quod
1916 4680 2093 4724 autem

518 4748 598 4803 illi
630 4763 762 4803 uxor
785 4763 878 4804 sua
909 4751 1209 4821 respondit,
1251 4753 1314 4808 Si
1348 4755 1488 4809 uellet
1513 4755 1762 4812 Dominus
1796 4759 2095 4828 morti/icere

517 4855 633 4906 nos,
663 4854 765 4894 non
789 4842 1055 4912 accepisset
1078 4843 1141 4898 de
1167 4861 1321 4898 manu
1346 4855 1518 4900 nostra
1541 4847 1915 4902 holocaustoma
1942 4857 1987 4903 et
2009 4866 2092 4907 sa-

518 4931 786 5001 crificium,
801 4948 889 4986 nec
916 4933 1246 4988 illuminasset
1263 4951 1352 4989 nos
1369 4936 1536 4990 omnia
1551 4939 1657 4991 ha'c
1674 4954 1694 5003 ;
1714 4937 1803 4992 sed
1817 4955 1906 4992 nec
1920 4939 2093 4992 audita

518 5023 718 5095 fecisset
743 5025 884 5078 nobis
908 5025 1014 5078 haec
1038 5041 1057 5078 :
1084 5034 1258 5081 utrum
1286 5027 1456 5097 ipsum
1482 5029 1726 5099 angelum
1755 5030 2094 5086 crediderunt

519 5115 789 5184 accepisse
826 5116 1138 5172 sacriﬁcium
1163 5158 1178 5184 ,
1232 5117 1352 5188 quia
1393 5118 1640 5174 viderunt
1675 5135 1794 5175 eum
1828 5121 1880 5174 in
1912 5121 2092 5177 altaris

518 5205 733 5261 ﬂamma
773 5207 1033 5264 stetisse?
1069 5223 1135 5263 an
1171 5223 1267 5278 per
1293 5209 1392 5264 hoc
1419 5210 1790 5266 intellexerunt
1825 5212 2093 5281 accepisse

520 5296 802 5352 Dominum
824 5340 838 5365 ,
871 5300 993 5370 quia
1023 5299 1125 5355 hoc
1151 5300 1276 5356 fecit
1315 5303 1569 5373 angelus,
1598 5309 1655 5358 ut
1694 5317 1752 5358 se
1785 5303 2093 5358 ostenderet

518 5391 810 5464 angelum?
837 5392 1118 5460 Quodlibet
1143 5401 1317 5450 autem
1340 5394 1528 5451 horum
1555 5395 1640 5464 sit,
1666 5394 1775 5466 jam
1797 5403 1970 5453 tamen
1997 5409 2092 5451 an-

994 368 1452 439 QUESTIONUM
1489 369 1546 426 S.
1587 364 1948 425 AUGUSTINI
1985 361 2050 419 IN
2091 318 2649 428 IIEPTATEUCIIUM
2686 369 2888 428 LIBER
2925 370 3301 454 SEPTIMUS»,

3669 380 3771 439 824

2203 482 2349 552 gelus
2375 483 2598 553 dixerat,
2637 487 2701 542 Si
2717 497 2885 543 autem
2907 491 3034 561 facis
3057 491 3422 558 holocaustum,
3450 490 3672 548 Domino
3695 500 3771 565 af-

2201 571 2279 642 fer
2305 573 2473 639 illud;
2501 574 2602 631 hoc
2626 585 2727 643 est,
2756 593 2860 633 non
2889 578 3038 646 mihi,
3075 579 3170 634 sed
3197 580 3440 637 Domino.
3471 581 3622 647 Quod
3649 598 3773 654 ergo

2201 665 2347 720 stetit
2370 668 2588 738 angelus
2613 670 2668 723 in
2691 669 2872 724 altaris
2889 655 3123 736 flamma,
3149 671 3316 741 magis
3341 672 3668 742 signiﬁcasse
3697 675 3774 728 in-

2205 757 2520 827 telligendus
2545 769 2628 815 est
2650 761 2797 815 illum
2814 761 2988 831 magni
3016 762 3222 818 consilii
3245 762 3503 833 Angelum
3527 763 3579 818 in
3606 765 3777 822 forma

2201 848 2341 902 servi
2370 847 2520 919 (Isai.
2560 867 2615 905 ix
2637 891 2652 916 ,
2683 852 2776 921 6),
2809 851 2909 909 hoc
2936 862 3046 919 est,
3079 853 3131 906 in
3159 853 3373 909 homine
3404 868 3562 924 quem
3589 869 3764 911 susce-

2201 946 2384 1008 pturus
2409 949 2555 1008 erat,
2601 957 2706 997 non
2731 952 3067 1012 accepturum
3097 945 3442 1010 sacriﬁcium;
3473 947 3566 1002 sed
3596 949 3768 1018 ipsum

2202 1029 2520 1105 sacriﬁcium
2545 1031 2799 1087 futurum.

2272 1119 2379 1174 LV.
2409 1120 2506 1194 [1b.
2527 1139 2617 1189 xv,
2650 1123 2702 1189 8,
2724 1122 2837 1196 l5.]
2862 1123 2997 1190 Quid
3021 1131 3103 1180 est
3120 1124 3259 1194 quod
3279 1125 3478 1180 dictum
3498 1135 3601 1192 est,
3630 1128 3774 1198 quod

2200 1214 2442 1281 percussit
2466 1213 2769 1282 alienigenas
2795 1215 3012 1270 Samson
3039 1215 3210 1269 tibiam
3235 1233 3386 1286 super
3411 1216 3576 1285 femur
3595 1218 3622 1270 ?
3642 1218 3773 1282 Quis

2200 1301 2341 1356 enim
2372 1302 2530 1357 habet
2558 1304 2739 1358 tibiam
2783 1319 2942 1374 super
2967 1304 3170 1373 femur,
3209 1320 3329 1360 cum
3358 1305 3485 1360 tibia
3520 1307 3772 1362 deorsum

2201 1411 2386 1452 versus
2422 1411 2525 1451 non
2553 1397 2640 1466 sit,
2669 1398 2768 1453 nisi
2793 1414 2823 1453 a
2852 1414 2988 1469 genu
3017 1413 3184 1468 usque
3224 1398 3290 1454 ad
3321 1398 3528 1453 talum?
3570 1398 3774 1455 Deinde

2198 1487 2244 1541 si
2287 1487 2461 1542 locum
2503 1489 2741 1558 corporis
2774 1477 3130 1559 signiﬁcaret,
3179 1489 3270 1544 ubi
3307 1503 3400 1544 eos
3443 1473 3769 1554 vulneravit,

2198 1577 2574 1648 numquidnam
2605 1593 2790 1634 omnes
2813 1594 2946 1650 quos
2973 1580 3262 1650 percussit,
3291 1580 3346 1634 in
3382 1596 3490 1636 uno
3526 1583 3772 1652 corporis

2198 1666 2317 1725 loco
2359 1667 2568 1724 fuerant
2590 1669 2888 1725 vulnerati?
2910 1669 3060 1739 Quod
3087 1670 3132 1725 si
3157 1679 3298 1726 esset
3321 1671 3574 1726 credibile
3595 1712 3610 1737 ,
3643 1685 3773 1741 pos-

2197 1774 2376 1816 semus
2401 1760 2619 1816 forsitan
2661 1762 2915 1832 suspicari
2942 1777 3063 1818 eum
3103 1776 3364 1832 pugnasse
3403 1762 3528 1816 tibia
3549 1761 3773 1832 alicujus

2196 1851 2440 1906 animalis
2469 1861 2715 1921 tanquam
2743 1852 2878 1907 fuste
2897 1892 2912 1917 ,
2947 1858 3001 1906 et
3028 1867 3088 1907 ea
3111 1851 3232 1906 illos
3269 1865 3429 1921 super
3452 1850 3622 1906 letnur
3646 1866 3773 1920 per-

2197 1939 2427 1995 cussisse
2459 1941 2634 1996 :sicut
2674 1940 2740 1996 de
2774 1941 2866 1995 illo
2910 1941 3166 2010 scriptum
3210 1947 3328 2006 est,
3377 1941 3515 2011 quod
3551 1940 3774 1996 maxilla

2196 2030 2330 2085 asini
2356 2029 2502 2085 mille
2526 2030 2799 2086 occiderit.
2827 2029 2930 2086 Sed
2957 2045 3129 2102 neque
3149 2029 3298 2096 illud,
3334 2038 3393 2085 ut
3418 2030 3562 2097 dixi,
3591 2030 3773 2086 credi-

2195 2122 2301 2178 bile
2327 2131 2428 2189 est,
2461 2122 2601 2194 quod
2629 2138 2868 2194 pugnans
2898 2139 3058 2178 unum
3087 2131 3288 2177 tantum
3317 2121 3492 2177 locum
3521 2122 3774 2177 observa-

2196 2215 2334 2270 verit
2371 2215 2460 2270 ubi
2497 2230 2591 2271 eos
2616 2224 2914 2285 percuteret
2943 2234 2956 2269 :
2987 2224 3040 2270 et
3064 2229 3170 2270 non
3196 2214 3270 2268 ait
3305 2213 3573 2284 Scriptura
3593 2256 3609 2282 ,
3637 2214 3774 2270 Per-

2196 2307 2361 2361 cussit
2391 2321 2484 2362 eos
2514 2307 2640 2362 tibia
2673 2323 2833 2378 super
2865 2307 3056 2374 femur,
3085 2307 3179 2362 sed
3209 2306 3381 2361 tibiam
3407 2322 3557 2378 super
3582 2309 3767 2378 femur.

2194 2398 2452 2454 Nimirum
2481 2415 2607 2470 ergo
2632 2401 2878 2456 inusitata
2904 2400 3096 2454 locutio
3121 2399 3247 2454 facit
3269 2399 3665 2455 obscuritatem.
3693 2399 3773 2454 Ita

2195 2490 2335 2545 enim
2365 2490 2560 2545 dictum
2587 2499 2688 2558 est,
2715 2506 2777 2546 ac
2801 2491 2844 2546 si
2873 2491 3160 2558 diceretur,
3190 2490 3459 2546 Percussit
3490 2504 3584 2546 eos
3616 2489 3772 2545 valde

2196 2581 2525 2648 mirabiliter,
2553 2581 2604 2636 id
2632 2591 2732 2647 est,
2759 2591 2817 2638 ut
2841 2582 3151 2637 admirando
3172 2590 3444 2653 stupentes
3467 2583 3647 2637 tibiam
3675 2598 3770 2638 su-

2195 2687 2290 2742 per
2320 2673 2488 2728 femur
2516 2683 2805 2744 ponerent;
2848 2673 3025 2728 tibiam
3067 2673 3271 2729 scilicet
3297 2674 3453 2728 unius
3491 2673 3639 2742 pedis
3682 2687 3774 2727 su-

2196 2777 2291 2832 per
2317 2763 2486 2818 femur
2507 2763 2753 2829 alterius,
2781 2763 2917 2818 sicut
2947 2763 3120 2819 solent
3142 2763 3328 2819 sedere
3348 2805 3362 2828 ,
3409 2764 3499 2833 qui
3528 2763 3773 2819 mirando

2195 2863 2428 2925 stupent.
2455 2852 2724 2926 Tanquam
2755 2856 2799 2911 si
2833 2855 3116 2925 diceretur,
3147 2855 3412 2912 Percussit
3437 2871 3528 2911 eos
3554 2870 3770 2910 manum
3813 2923 3815 2926 Q

2194 2944 2260 2999 ad
2290 2946 2590 3012 maxillam;
2621 2946 2672 3001 id
2693 2955 2796 3014 est,
2821 2954 2964 3001 tanta
2983 2945 3149 3014 caede,
3180 2956 3235 3000 ut
3259 2961 3474 3000 manum
3499 2945 3567 3001 ad
3591 2941 3773 3001 maxil-

2195 3037 2299 3091 lam
2324 3054 2338 3104 ;
2369 3037 2506 3092 tristi
2526 3024 2874 3093 admiratione
2902 3046 3179 3109 ponerent.
3203 3037 3358 3093 IIunc
3377 3033 3687 3093 sensum'ita
3710 3052 3772 3093 se

2195 3127 2391 3186 habere
2416 3130 2572 3184 etiam
2601 3130 2967 3201 interpretatio
2994 3145 3112 3201 quae
3140 3139 3221 3185 est
3255 3146 3321 3185 ex
3358 3130 3572 3185 hcbrmo
3595 3171 3610 3195 ,
3641 3128 3773 3184 satis

2195 3220 2384 3274 edocet
2419 3236 2540 3275 nam
2585 3222 2653 3275 ita
2677 3221 2889 3291 legitur,
2913 3220 3170 3275 Percussit
3189 3237 3272 3275 eos
3295 3220 3483 3291 ingenti
3506 3219 3676 3290 plaga,
3699 3219 3774 3272 ita

2195 3321 2250 3365 ut
2278 3320 2528 3382 stupentes
2555 3329 2724 3366 suram
2749 3313 2928 3384 femori
2955 3313 3281 3384 imponerent.
3313 3313 3438 3367 Tale
3470 3321 3552 3368 est
3586 3312 3726 3366 enim
3750 3352 3769 3378 ,

2196 3417 2260 3456 ac
2279 3403 2322 3456 si
2338 3402 2558 3469 diceret,
2587 3404 2763 3458 tibiam
2788 3404 2970 3458 femori
2989 3403 3351 3473 imponerent;
3379 3403 3625 3472 quoniam
3645 3416 3772 3456 sura

2196 3493 2378 3564 utique
2404 3503 2665 3550 retrorsus
2685 3509 2804 3549 cum
2829 3494 2953 3550 tibia
2975 3503 3076 3550 est.

2269 3585 2397 3639 LVI.
2429 3584 2525 3657 [lb.
2545 3600 2618 3639 xv
2638 3627 2652 3652 ,
2682 3585 2796 3658 12.]
2817 3586 2950 3653 Quid
2989 3593 3072 3641 est
3097 3585 3237 3654 quod
3279 3586 3353 3640 ait
3385 3585 3610 3641 Samson
3643 3583 3771 3639 viris

2195 3673 2327 3731 Juda
2349 3715 2366 3742 ,
2392 3673 2573 3729 Jurate
2596 3676 2719 3729 mihi
2747 3691 2809 3729 ne
2835 3676 3148 3746 interficiatis
3173 3692 3251 3729 me
3275 3691 3380 3740 vos,
3410 3685 3458 3730 et
3492 3675 3672 3729 tradite
3692 3691 3773 3729 me

2197 3765 2268 3818 eis
2290 3805 2304 3829 ,
2337 3781 2399 3819 ne
2435 3769 2563 3837 forte
2590 3767 2870 3820 occurratis
2892 3767 2946 3820 in
2987 3782 3066 3819 me
3094 3782 3177 3821 vos
3197 3767 3221 3821 ?
3245 3766 3411 3834 Quam
3448 3766 3770 3822 locutionem

2197 3854 2268 3910 ita
2299 3857 2534 3912 nonnulli
2562 3857 2890 3926 interpretati
2915 3868 3064 3926 sunt,
3108 3875 3170 3912 ne
3198 3859 3326 3928 forte
3353 3859 3560 3912 veniatis
3588 3859 3768 3912 adver-

2197 3963 2309 4001 sum
2350 3965 2429 4002 me
2465 3963 2569 4002 vos.
2601 3947 2706 4004 Sed
2753 3949 2854 4004 hoc
2900 3965 3019 4005 eum
3057 3964 3126 4006 ne
3166 3951 3233 4005 ab
3265 3949 3348 4005 his
3387 3951 3772 4006 interﬁceretur

2196 4037 2394 4094 dixisse
2414 4081 2428 4106 ,
2459 4039 2587 4094 illud
2616 4039 2832 4106 indicat,
2860 4040 3000 4110 quod
3029 4044 3079 4095 in
3117 4041 3419 4112 Regnorum
3461 4041 3598 4097 libro
3633 4041 3758 4096 scri-

2197 4136 2345 4199 ptum
2371 4137 2472 4196 est,
2495 4128 2715 4199 jubente
2736 4130 3022 4186 Salomone
3051 4139 3108 4185 ut
3137 4133 3296 4186 homo
3321 4132 3688 4199 occideretur,
3716 4141 3772 4187 et

2197 4219 2426 4284 dicente,
2466 4219 2625 4291 Vade,
2654 4237 2856 4275 occurre
2879 4221 2957 4275 illi
2986 4220 3072 4294 (IIl
3098 4219 3224 4292 Reg.
3250 4239 3308 4287 ιι,
3334 4221 3449 4292 29).
3472 4222 3622 4289 Quod
3649 4222 3770 4277 ideo

2199 4327 2302 4366 non
2326 4312 2654 4382 intelligitur,
2679 4312 2799 4382 quia
2826 4327 2931 4367 non
2970 4321 3052 4368 est
3075 4313 3468 4368 consuetudinis
3494 4313 3633 4385 apud
3669 4329 3772 4368 nos

2196 4401 2267 4456 ita
2293 4401 2416 4457 dici.
2458 4401 2547 4457 Sic
2573 4404 2713 4457 enim
2749 4403 2889 4474 quod
2930 4404 3188 4459 militares
3227 4411 3516 4474 potestates
3554 4405 3765 4468 dicunt,

2198 4492 2360 4558 Vade,
2394 4493 2562 4549 alleva
2590 4493 2759 4560 illum,
2800 4502 2856 4549 et
2895 4493 3184 4565 signiﬁcat,
3215 4495 3407 4552 Occide
3436 4495 3580 4550 illum
3603 4538 3618 4562 ,
3649 4497 3771 4566 quis

2197 4584 2468 4656 intelligat,
2505 4585 2606 4639 nisi
2626 4585 2714 4655 qui
2741 4585 2883 4640 illius
2908 4585 3190 4640 locutionis
3210 4586 3646 4642 consuetudinem
3674 4603 3772 4642 no-

2194 4675 2310 4730 vit?
2338 4675 2486 4731 Solet
2504 4683 2559 4731 et
2577 4676 2734 4746 vulgo
2753 4675 2890 4746 apud
2913 4691 3010 4733 nos
3031 4676 3156 4742 dici,
3186 4676 3586 4747 Compendiavit
3611 4678 3684 4731 illi
3713 4678 3767 4741 ¹;

2195 4767 2334 4838 quod
2361 4775 2476 4835 εει,
2505 4768 2700 4824 occidit
2726 4769 2875 4824 illum
2909 4786 2922 4822 :
2965 4776 3020 4824 et
3047 4769 3149 4823 hoc
3174 4784 3332 4824 nemo
3357 4769 3634 4839 intelligit,
3665 4769 3769 4823 nisi

2195 4856 2285 4926 qui
2327 4856 2510 4912 audire
2555 4859 2848 4914 consuevit.
2891 4859 3017 4914 Haec
3062 4866 3146 4915 est
3200 4859 3340 4916 enim
3388 4861 3468 4914 vis
3508 4848 3778 4930 generalis"

2194 4947 2432 5002 omnium
2479 4948 2841 5015 locutionum,
2893 4958 2952 5004 ut
3001 4951 3446 5020 quemadmodum
3498 4953 3625 5022 ipsa:
3670 4952 3770 5006 lin-

2194 5051 2343 5106 gum,
2384 5051 2489 5091 non
2530 5039 2923 5109 intelligantur,
2975 5041 3078 5095 nisi
3120 5040 3382 5096 audiendo
3420 5041 3502 5096 vel
3547 5041 3770 5111 legendo

2195 5127 2484 5183 discantur.
3491 5137 3504 5143 '

2261 5351 2276 5381 ¹
2305 5355 2370 5415 ln_
2378 5351 2574 5415 excusis
2594 5351 2914 5410 scribebatur,
2933 5351 3243 5415 cmnpediavit
3267 5350 3357 5403 ila.
3379 5360 3432 5404 At
3449 5353 3498 5401 iu
3521 5351 3766 5415 plerisque

2197 5423 2252 5460 ac
2274 5411 2488 5462 melioris
2509 5420 2634 5462 uotae
2659 5419 2784 5474 Mss,
2810 5411 3173 5476 compendiavit.

2051 5591 2269 5784 ﬁ
