4110 6442
1416 586 1419 587 ν
1488 554 1591 613 DE
1635 552 2165 628 SUBSEQUENTI
2199 555 2454 616 OPERE

442 697 595 783 Vide
623 697 935 783 librum_2,
970 716 1104 775 cap.
1135 696 1888 783 13,_Retractationum,t.
1908 698 1965 769 1,
1984 696 2101 758 col.
2130 698 2266 767 635,
2299 719 2337 760 a
2364 699 2585 783 verbis,
2606 702 2796 764 Liber
2816 703 2996 783 cujus
3026 710 3121 767 est
3146 706 3625 781 tilulus,Anno-

375 778 650 841 taliones
681 777 747 836 in
780 778 922 851 Job,
945 794 1135 855 usque
1176 776 1256 836 ad
1282 775 1489 849 verba,
1518 776 1591 835 Ei
1622 794 1816 853 super
1848 780 2109 839 terram.
2402 779 2467 839 Μ

436 926 643 989 Aetatem
653 920 1010 989 subsequentis
1030 919 1245 989 opusculi
1267 932 1363 968 non
1386 919 1465 968 hic
1483 919 1763 989 signiﬁcavit
1785 917 2089 989 Augustinus,
2108 920 2199 989 ni_si
2223 920 2747 989 ipsa__l_iet_raetationu_m
2765 926 2914 984 serie,
2936 927 2983 974 in
3005 938 3100 989 qua
3125 939 3279 975 locum
3303 926 3369 976 illi
3392 928 3628 989 opusculo

375 981 587 1032 medium
605 981 773 1029 tribuit
794 980 919 1029 inter
942 980 1090 1029 libros
1110 982 1301 1030 circiter
1322 994 1498 1029 annum

1634 980 1917 1049 elaboratas,
1942 980 2287 1049 recensuitque
2326 981 2443 1031 illud
2480 984 2733 1049 aliquando
2764 995 2877 1049 ante
2902 980 3036 1047 'opus'
3063 989 3191 1049 quod
3226 996 3389 1039 contra
3411 980 3627 1039 ﬁetiliani

374 1044 591 1103 Litteras,
617 1043 858 1091 Anastasio
880 1043 930 1090 in
953 1048 1152 1091 Romana
1173 1042 1399 1091 cathedra
1420 1042 1644 1102 sedente,
1672 1055 1735 1091 ex
1759 1041 1843 1090 lib.
1869 1040 1916 1101 2,
1935 1053 1977 1090 c.
2001 1040 2079 1101 51,
2105 1040 2325 1107 adeoque
2343 1057 2437 1093 non
2451 1040 2610 1095 serius
2631 1058 2755 1095 anno
2782 1047 2873 1097 402
2894 1040 3209 1111 conscriptum
3231 1049 3335 1099 fuit.

380 1173 3602 1233 ῃ

863 1348 1020 1493 S.
1124 1344 1937 1489 AURELII
1988 1510 1989 1513 ᾧ
2035 1344 3045 1499 AUGUSTIN
3052 1360 3119 1499 Ι

1342 1607 2082 1691 HIPPONENSIS
2137 1610 2661 1697 EPISCOPI
3521 1582 3525 1587 ’
3616 1582 3635 1697 οἱ

420 1855 425 1861 ί
566 1784 2502 1952 .ANNOTATIONUM
2615 1790 2851 1945 IN
2977 1791 3414 1951 JOB

3629 1746 3640 1787 ζ

3624 1852 3640 1878 1

3623 1944 3636 1984 ἶ

1695 2067 1950 2161 “altilia

2055 2082 2232 2161 ωας
2262 2086 2368 2160 (α).
3627 2121 3637 2149 ι

1670 2260 1813 2312 dii-0%
1828 2258 2305 2313 11⁵500ωέθῦ

441 2384 557 2459 [Jon
583 2400 698 2454 cap.
728 2382 790 2455 1.]
828 2380 895 2436 Et
931 2380 1085 2452 opera
1108 2397 1287 2451 magna
1313 2387 1452 2433 erant
1480 2377 1523 2431 ei
1549 2394 1695 2447 super
1721 2386 1902 2429 terram
1928 2391 1944 2428 :

367 2479 493 2549 quia
515 2477 828 2547 operabatur
849 2476 913 2529 de
936 2475 1063 2544 ipsis
1091 2474 1356 2543 operibus.
1378 2472 1651 2525 Faciebant
1672 2471 1944 2523 convivium

368 2569 585 2639 quotidie
603 2609 618 2634 ,
655 2568 812 2621 donec
837 2582 1007 2620 eorum
1032 2580 1264 2618 numerus
1288 2563 1593 2633 impleretur.
1622 2561 1837 2631 Signum
1865 2569 1947 2614 est

368 2657 660 2712 charitatis.
704 2656 772 2709 Et
808 2655 1044 2721 o/ferebat
1079 2672 1168 2725 pro
1193 2656 1264 2708 eis
1287 2654 1512 2707 victimas
1532 2694 1545 2718 ,
1569 2652 1838 2706 secundant
1860 2667 1945 2703 eo-

367 2764 481 2802 rum
524 2764 805 2801 numerum.
851 2744 1283 2814 Intelligendum,
1329 2744 1458 2797 alias
1502 2756 1620 2797 esse
1660 2741 1947 2810 peculiares

367 2837 730 2892 confessiones
749 2876 763 2901 ,
791 2836 940 2905 quasi
970 2835 1203 2904 singulas
1228 2834 1468 2887 victimas
1492 2848 1505 2895 ;
1538 2831 1677 2886 aliud
1706 2845 1831 2885 vero
1860 2845 1947 2883 sa-

368 2928 625 2984 criﬁcium
659 2943 753 2996 pro
779 2927 1013 2981 omnium
1046 2934 1100 2980 ct
1122 2940 1219 2995 pro
1244 2925 1489 2978 omnibus
1515 2923 1746 2994 peccatis
1768 2961 1781 2985 ,
1807 2921 1947 2991 quod

368 3019 627 3089 signiﬁes“
666 3019 849 3072 dicens
877 3019 893 3048 ί
946 3034 958 3070 :
1004 3016 1087 3070 Ne
1129 3021 1254 3086 forte
1288 3017 1596 3086 peccaverint
1631 3016 1726 3083 ﬁlii
1752 3015 1876 3078 mei,
1905 3022 1949 3065 et

368 3109 721 3164 maledixerint
764 3107 874 3161 Deo
910 3109 963 3161 in
997 3107 1229 3161 cordibus
1271 3108 1394 3160 suis.
1433 3106 1574 3160 Bene
1597 3105 1838 3169 additur,
1871 3102 1951 3156 Ne

366 3201 537 3270 forte;
567 3200 687 3267 quia
719 3200 769 3252 in
797 3198 959 3252 corde
989 3212 1080 3252 eos
1110 3196 1447 3250 maledixisse
1472 3195 1854 3263 suspicabatur.
1883 3192 1950 3245 Et

367 3305 479 3343 ecce
502 3298 735 3341 venerunt
760 3288 937 3357 Angeli
963 3286 1057 3341 Dei
1072 3329 1085 3351 ,
1111 3296 1165 3339 ut
1186 3295 1373 3339 starent
1393 3301 1561 3338 coram
1580 3283 1705 3336 Dea.
1730 3282 1951 3336 Alfectio

368 3378 560 3433 anima:
604 3377 670 3432 ad
710 3380 990 3431 veritatem
1035 3392 1138 3431 non
1186 3376 1355 3445 potuit
1398 3375 1551 3429 aliter
1585 3373 1821 3439 narrari,
1851 3372 1951 3426 nisi

369 3468 734 3537 temporaliter
771 3475 826 3522 et
864 3467 1103 3521 localiter
1130 3465 1359 3536 quodam
1390 3465 1547 3519 modo
1572 3464 1854 3518 diceretur.
1888 3461 1953 3514 Et

366 3560 498 3613 venit
541 3558 768 3628 equidem
814 3559 1043 3612 diabolus
1088 3575 1203 3612 cum
1243 3559 1331 3612 eis.
1364 3558 1550 3613 Utrum
1579 3557 1699 3626 quia
1725 3571 1831 3610 non
1858 3570 1950 3625 po-

332 3698 335 3699 ν
370 3652 505 3718 tuit,
537 3651 639 3705 nisi
667 3666 761 3720 per
780 3666 873 3705 eos
897 3651 1109 3716 audire,
1143 3650 1342 3705 dictum
1369 3658 1450 3705 est
1472 3691 1487 3715 ,
1520 3666 1633 3702 cum
1662 3650 1750 3702 eis.
1783 3648 1851 3702 Et
1876 3649 1954 3701 di-

367 3742 443 3795 xit
488 3742 738 3796 Dominus
776 3741 976 3796 diabolo
1008 3757 1027 3795 :
1060 3742 1207 3796 Unde
1233 3742 1352 3797 ades
1372 3742 1398 3795 ?
1424 3739 1646 3794 Collatio
1675 3739 1954 3809 praeteritae

366 3834 593 3888 actionis
638 3849 761 3888 cum
810 3849 910 3901 eo,
957 3833 1099 3888 unde
1138 3833 1459 3902 permittitur
1482 3831 1677 3901 aliquid
1703 3830 1955 3899 deinceps

340 3939 559 3995 agere,
607 3925 885 3994 responsio
927 3924 993 3977 ad
1039 3923 1505 3992 interrogationem
1535 3930 1617 3976 est
1645 3940 1658 3976 :
1689 3921 1799 3991 ipsa
1825 3936 1954 3975 vero

367 4014 714 4085 interrogatio
758 4015 836 4069 vis
877 4014 1054 4070 divina
1101 4021 1220 4078 est,
1267 4013 1321 4066 in
1365 4027 1467 4082 qua
1501 4027 1606 4066 non
1638 4011 1955 4082 permittitur

370 4120 531 4177 agere
560 4107 700 4177 quod
731 4106 875 4161 libet.
906 4106 973 4160 In
1000 4105 1381 4175 cogitationibus
1411 4106 1543 4159 enim
1571 4105 1713 4175 impii
1740 4106 1954 4158 interro-

368 4200 505 4269 gatio
544 4200 637 4252 erit
676 4198 831 4268 (Sap.
855 4215 906 4266 1,
935 4198 1025 4267 9),
1058 4196 1123 4251 ad
1152 4192 1594 4252 manifestandum
1622 4210 1745 4250 eum
1775 4195 1948 4250 nobis.

369 4288 478 4344 Sed
506 4290 644 4343 mitte
670 4306 873 4343 manum
900 4298 1037 4342 tuam
1055 4328 1070 4352 ,
1099 4297 1144 4342 et
1171 4296 1319 4359 tange
1347 4288 1513 4341 omnia
1536 4303 1650 4360 qum
1678 4288 1821 4341 habet
1845 4303 1864 4341 :
1888 4288 1952 4341 da

368 4389 706 4449 potestatem.
752 4380 871 4433 Nisi
906 4381 957 4433 in
984 4381 1162 4451 faciem
1192 4388 1329 4433 tuam
1358 4379 1659 4433 benedixerit
1685 4380 1790 4433 tibi.
1820 4380 1956 4434 Pen-

368 4469 501 4526 dens
540 4471 767 4537 locutio,
809 4471 861 4525 id
900 4479 1011 4537 est,
1052 4471 1107 4527 Si
1133 4486 1237 4525 non
1265 4471 1358 4525 tibi
1385 4472 1437 4525 in
1465 4471 1652 4526 faciem
1677 4470 1955 4525 benedicct

372 4562 531 4616 tactis
552 4562 712 4616 rebus
733 4562 841 4616 suis
862 4602 877 4627 ,
904 4562 1053 4631 quasi
1085 4562 1456 4616 subaudiretur
1474 4602 1489 4628 ,
1521 4562 1644 4631 quid
1671 4562 1864 4631 jubes?
1885 4562 1953 4616 Et

371 4652 597 4706 discessit
638 4652 865 4706 diabolus
904 4669 936 4705 a
977 4653 1108 4723 facie
1145 4651 1392 4706 Domini:
1420 4667 1449 4704 a
1473 4653 1859 4707 consultatione
1885 4653 1951 4707 ad

369 4743 652 4796 actionem.
680 4742 747 4795 Et
770 4753 1003 4797 venerunt
1022 4743 1187 4796 hostes
1205 4752 1253 4796 et
1275 4753 1510 4813 ceperunt
1530 4759 1630 4796 eos.
1653 4727 1950 4798 Secundum

367 4833 517 4899 illud,
543 4834 640 4899 Qui
655 4851 787 4888 nunc
807 4836 1108 4903 operaturin
1128 4835 1247 4903 ﬁliis
1264 4835 1552 4905 di/ﬁdentia:
1566 4835 1775 4906 (Ephes.
1794 4853 1850 4903 11,
1868 4836 1948 4907 ‘2),

367 4923 526 4978 etiam
575 4924 704 4978 istos
749 4925 1022 4978 excitavit.
1067 4923 1365 4977 Notandum
1404 4932 1577 4979 autem
1605 4925 1870 4994 quomodo
1898 4927 1949 4980 in

368 5012 671 5066 hominibus
700 5012 942 5067 habuerit
963 5021 1280 5083 potestatem
1301 5053 1315 5078 ,
1343 5022 1396 5068 et
1426 5013 1477 5067 in
1508 5014 1786 5069 elementis
1808 5055 1823 5079 ,
1854 5016 1950 5071 sed

369 5110 543 5159 tamen
586 5105 762 5159 datam
794 5121 821 5157 a
856 5106 981 5159 Deo.
1016 5104 1201 5158 Nudus
1224 5105 1325 5158 exii
1353 5105 1415 5159 de
1437 5116 1577 5159 utero
1603 5108 1777 5161 matris
1807 5124 1946 5162 mete.

2049 2373 2348 2430 Notandum
2374 2392 2530 2447 quam
2558 2382 2909 2438 consolatorie
2931 2386 2947 2415 ³
2971 2384 3217 2455 loquatur
3236 2426 3251 2453 ,
3280 2387 3519 2457 quamvis
3538 2402 3623 2444 se-

2050 2467 2278 2520 cundum
2306 2472 2737 2527 consuetudinem
2765 2475 2959 2531 luctum
2986 2477 3188 2533 fecerit.

2124 2555 2221 2627 [lb.
2267 2559 2348 2631 11.]
2370 2560 2498 2614 Ecce
2530 2564 2674 2618 trado
2711 2565 2854 2619 illum
2891 2568 3014 2631 tibi;
3049 2578 3238 2623 tantum
3269 2571 3489 2627 animam
3512 2572 3621 2639 ejus

2050 2648 2245 2701 custodi
2289 2665 2307 2703 :
2343 2666 2409 2705 ne
2434 2652 2590 2706 vitam
2617 2655 2825 2723 eripere
2850 2672 3006 2726 posse
3030 2670 3392 2727 praesumeret.
3421 2660 3486 2713 Et
3511 2660 3623 2715 tulit

2050 2735 2145 2789 sibi
2174 2746 2383 2806 testam,
2416 2749 2469 2794 ut
2496 2743 2691 2797 raderet
2717 2746 2926 2799 saniem.
2959 2746 3058 2801 Per
3083 2750 3381 2816 passionem
3412 2749 3619 2803 Domini

2051 2826 2311 2896 signiﬁcat
2339 2831 2449 2885 radi
2480 2845 2693 2901 peccata
2722 2835 3103 2890 conﬁtentium.

2125 2916 2223 2989 [lb.
2254 2920 2352 2992 111.]
2380 2921 2439 2973 Et
2465 2939 2565 2976 nox
2591 2924 2643 2977 in
2662 2941 2759 2993 qua
2783 2926 3031 2991 dixerunt,
3052 2926 3327 2997 Conceptus
3356 2937 3427 2983 est
3452 2928 3622 2982 homo.

2054 3008 2266 3087 Aliqua;
2300 3013 2599 3080 superiores
2643 3024 2957 3083 potestates,
2998 3033 3115 3086 qua:
3150 3017 3251 3072 hoc
3280 3019 3416 3072 scire
3441 3026 3625 3088 potuc-

2054 3109 2193 3153 runt.
2224 3099 2345 3155 Nox
2369 3102 2457 3155 illa
2484 3105 2583 3157 sint
2613 3105 2823 3159 tenebra:
2850 3122 2870 3159 :
2899 3122 2965 3161 ne
2992 3109 3217 3176 patiatur
3238 3107 3346 3177 jam
3372 3124 3488 3177 quae
3508 3122 3628 3176 pas.

2055 3204 2145 3242 sus
2188 3200 2288 3245 est.
2335 3191 2459 3248 Nox
2498 3193 2593 3246 illa
2632 3195 2731 3248 sint
2765 3197 3013 3261 tenebrae;
3044 3196 3093 3250 id
3124 3205 3235 3261 est,
3264 3198 3333 3251 sit
3356 3198 3627 3251 oblivioni.

2057 3279 2235 3351 Neque
2275 3284 2495 3348 requirat
2536 3300 2645 3338 eam
2686 3283 2932 3339 Dominus
2959 3286 3186 3356 desuper.
3213 3286 3328 3341 Non
3357 3295 3631 3357 reparetur

2056 3384 2151 3439 per
2184 3371 2671 3443 immortalitatem;
2713 3374 2765 3428 id
2800 3382 2909 3440 est,
2950 3384 3133 3443 pereat
3172 3376 3485 3430 mortalitas.
3520 3374 3630 3428 Nec

2056 3461 2217 3513 veniat
2255 3461 2307 3513 in
2348 3478 2457 3514 eam
2494 3461 2659 3516 lumen
2686 3478 2703 3515 :
2727 3464 2907 3517 lumen
2936 3463 3224 3517 memoriae.
3254 3463 3359 3518 Sed
3382 3464 3632 3533 excipiant

2056 3550 2198 3603 illam
2218 3551 2429 3605 tenebrce
2445 3561 2493 3605 et
2512 3554 2688 3606 umbra
2708 3554 2883 3633 mortis
2903 3570 2922 3608 :
2942 3553 3049 3609 vita
3070 3554 3188 3619 ista,
3211 3570 3327 3624 qua:
3348 3555 3531 3611 umbra
3549 3565 3633 3611 est

2056 3638 2247 3694 futurae
2289 3656 2497 3710 paenae;
2540 3651 2595 3697 ut
2630 3644 2699 3697 sit
2736 3648 2950 3710 sensus,
2983 3644 3163 3700 Justus
3186 3646 3275 3715 qui
3302 3645 3479 3700 lumen
3509 3656 3589 3701 est
3612 3687 3629 3711 ,

2058 3747 2164 3785 non
2208 3747 2323 3786 cam
2368 3733 2574 3798 videat,
2604 3734 2699 3789 sed
2728 3736 2960 3791 tenebrze
2979 3777 2995 3801 ,
3021 3735 3122 3791 hoc
3146 3745 3227 3791 est
3254 3744 3556 3806 peccatores
3581 3744 3635 3791 et

2058 3824 2296 3880 carnales
2322 3825 2685 3881 tribulationcs
2710 3826 2777 3881 de
2796 3826 2902 3881 vita
2929 3827 3048 3883 ista.
3077 3826 3145 3880 Et
3172 3826 3461 3881 conturbent
3486 3843 3595 3880 eam
3616 3867 3631 3892 ,

2058 3917 2201 3983 quasi
2229 3916 2583 3972 amaritudines
2605 3918 2704 3972 diei
2733 3934 2751 3971 :
2777 3928 3038 3988 prmcepta
3068 3919 3221 3974 bonae
3240 3919 3381 3983 vitae,
3412 3918 3492 3974 vel
3519 3920 3633 3974 dies

2055 4005 2238 4075 judicii
2257 4048 2271 4071 ,
2304 4006 2494 4075 quibus
2516 4007 2893 4077 perturbantur
2911 4008 3170 4063 carnales.
3195 4007 3265 4062 Et
3285 4017 3476 4062 noctem
3492 4007 3635 4061 illam

2058 4096 2307 4165 accipiant
2351 4097 2561 4151 tenebrae
2596 4112 2615 4151 :
2652 4106 2939 4167 perpetuat.
2969 4097 3090 4151 Non
3114 4100 3177 4152 sit
3202 4099 3255 4151 in
3280 4098 3450 4152 diebus
3474 4098 3594 4151 anni
3617 4113 3635 4150 :

2054 4187 2212 4255 juslis
2239 4187 2600 4257 spiritualibus
2622 4189 2711 4258 qui
2733 4188 2845 4243 sole
2863 4186 3139 4255 fruuntur,
3162 4197 3217 4244 et
3240 4189 3467 4258 majores
3491 4195 3633 4243 sunt.

2060 4277 2167 4332 Sed
2192 4295 2291 4332 nox
2315 4277 2405 4331 illa
2426 4279 2487 4332 sit
2517 4277 2663 4331 dolor
2694 4294 2713 4332 :
2739 4279 2863 4347 quia
2886 4278 3124 4357 dolorem
3154 4278 3279 4333 facit
3296 4278 3636 4348 diligentibus

2058 4383 2136 4423 se.
2187 4368 2365 4440 Neque
2406 4380 2690 4424 numeretur
2725 4372 2778 4424 in
2807 4371 2977 4425 diebus
3001 4372 3264 4425 mensium.
3294 4370 3428 4426 Justi
3458 4370 3511 4424 in
3536 4371 3637 4426 Ec-

2057 4460 2215 4514 clesia
2245 4469 2459 4530 propter
2488 4461 2664 4514 lunam
2693 4470 2941 4530 tanquam
2972 4461 3231 4515 minorem
3260 4478 3272 4515 :
3305 4462 3369 4515 ad
3397 4461 3635 4531 quosdi-

2056 4551 2220 4617 citur,
2260 4551 2325 4604 Et
2352 4568 2443 4621 ego
2460 4592 2475 4617 ,
2504 4551 2683 4620 fratres
2703 4592 2717 4615 ,
2746 4566 2848 4604 non
2877 4551 3018 4619 potui
3045 4551 3180 4605 vobis
3208 4552 3345 4622 loqui
3367 4553 3510 4622 quasi
3532 4553 3636 4623 spi-

2056 4641 2320 4710 ritualibus
2362 4640 2403 4709 (l
2432 4639 2548 4707 Cor.
2581 4656 2670 4707 111,
2703 4638 2755 4712 l)
2781 4656 2795 4705 ;
2828 4648 2884 4694 ut
2909 4640 3019 4709 ipse
3044 4641 3236 4696 Paulus
3263 4642 3330 4696 sit
3354 4642 3421 4697 de
3450 4642 3635 4699 diebus

2055 4734 2199 4787 anni.
2241 4732 2346 4786 Sed
2385 4729 2649 4785 maledicat
2684 4732 2826 4785 illam
2855 4731 3155 4786 maledicens
3182 4733 3260 4787 illi
3285 4734 3384 4787 diei
3410 4751 3428 4789 :
3459 4734 3637 4789 Domi-

2056 4839 2193 4891 nus,
2245 4824 2333 4893 qui
2374 4822 2657 4878 maledicet
2695 4830 2934 4877 amantes
2976 4824 3226 4878 carnalia.
3270 4823 3636 4880 Tenebrescant

2054 4919 2219 4973 sidera
2248 4918 2405 4972 noctis
2433 4917 2571 4971 illius
2596 4931 2615 4969 :
2639 4917 2932 4971 eminentes
2958 4916 3009 4971 in
3033 4918 3283 4986 peccatis.
3306 4916 3631 4986 Permaneat,

2055 5020 2101 5064 et
2141 5010 2195 5064 in
2233 5010 2393 5063 lucem
2436 5025 2537 5062 non
2566 5009 2750 5061 veniat.
2782 5007 2911 5074 Quia
2943 5022 3047 5061 non
3074 5017 3479 5075 convertentur,
3507 5008 3636 5064 dicit

2054 5120 2149 5175 per
2175 5101 2501 5173 prophetiam
2524 5101 2564 5152 ³.
2595 5098 2725 5166 Quia
2752 5116 2852 5153 non
2871 5098 3114 5153 conclusit
3138 5107 3307 5169 portas
3326 5099 3506 5161 ventris
3525 5115 3633 5153 ma-

1584 5239 1841 5277 ΔΒΜΟΝΠῚΟ
1873 5244 1945 5280 PP.
1978 5235 2397 5278 ΒΕΝΕΒΙΟΊΊΗΟΗΠΙ.

427 5286 709 5388 necensitus
743 5322 833 5388 fuit
862 5325 940 5388 hic
960 5322 1086 5372 liber
1105 5325 1167 5388 ad
1200 5330 1307 5374 Mss.
1344 5327 1591 5374 victorinte
1624 5326 1929 5379 bibliotheca:
1951 5330 2088 5387 duos,
2116 5326 2278 5388 Regia:
2300 5336 2479 5388 unum,
2503 5325 2732 5388 [Savarrici
2753 5322 2949 5385 Collegit
2981 5336 3154 5381 unum,
3179 5322 3236 5371 ad
3260 5329 3553 5375 Becccusem
3586 5331 3633 5380 et

364 5383 741 5444 Floriacensem,’
758 5387 816 5434 ad
842 5387 1081 5435 variantes
1103 5385 1337 5434 lectiones
1360 5400 1421 5435 ex
1440 5400 1538 5435 uno
1554 5394 1635 5437 Ms.
1661 5389 1850 5451 Belgico
1870 5383 2166 5452 descriptas:
2186 5383 2383 5436 necnon
2404 5386 2462 5433 ad
2481 5385 2719 5434 editiones
2739 5393 2839 5433 Am.
2864 5383 2936 5434 Er.
2964 5393 3014 5434 et
3034 5390 3144 5435 Lov.

444 5464 953 5543 Comparavimus
969 5475 1271 5545 pra’terea
1298 5486 1395 5527 eas
1431 5486 1634 5527 omnes
1659 5470 1959 5532 editiones
1994 5471 2180 5533 initio
2226 5470 2393 5531 Retr.
2419 5475 2480 5529 ct
2494 5468 2807 5539 Confess.,
2832 5476 2877 5527 t.
2909 5468 2965 5540 1,
2995 5477 3373 5530 memoratas.
3460 5471 3545 5532 M.

429 5565 445 5595 ⁸
484 5565 557 5613 sic
586 5572 666 5613 Ms.
703 5566 893 5631 Regius.
933 5572 989 5614 At
1026 5565 1302 5631 Victorinus
1328 5566 1479 5631 codex
1502 5601 1517 5626 ,
1549 5567 1675 5631 quod
1709 5567 1945 5631 signiﬁcat

368 5632 676 5694 Decumum."
686 5634 758 5694 Er.
775 5624 831 5674 ct
852 5626 948 5675 duo
966 5634 1093 5694 Mss,
1112 5625 1239 5687 quod
1261 5624 1787 5690 signiﬁcat'o'ominun'i.
1813 5624 1903 5681 [λον
1927 5672 1945 5694 ,

365 5685 497 5750 quod
519 5686 756 5751 signiﬁcat
778 5694 886 5736 ante
911 5685 1178 5736 Dominum.

433 5771 505 5832 (a)
528 5773 737 5833 Scriptus
758 5771 949 5821 circiter
971 5784 1045 5820 an.
1071 5770 1235 5820 Christi
1261 5770 1367 5820 400.

2116 5570 2131 5600 ί
2159 5576 2258 5617 Duo
2279 5572 2407 5623 1155.,
2437 5563 2764 5614 consolatoria.

2150 5628 2291 5688 Editi,
2316 5639 2401 5690 per
2429 5625 2723 5688 Prophctmn.
2751 5632 2805 5675 At
2827 5634 2949 5688 Mss,
2978 5640 3061 5690 per
3085 5627 3396 5692 prophetiam.
