4068 6360
510 307 619 367 εει

517 427 609 478 tris
635 435 760 476 mete
793 433 812 474 :
837 419 1104 478 civitatem
1129 400 1396 474 terrenam
1420 455 1437 483 ,
1469 429 1626 486 quam
1653 412 1915 487 signiﬁcat
1934 410 2108 483 Baby-

515 513 632 570 lon.
671 510 1124 568 Concluderentur
1164 511 1308 566 enim
1351 515 1519 578 porta:
1540 547 1556 574 ,
1592 507 1639 562 si
1673 521 1780 562 non
1804 505 2112 562 laudaretur

514 614 768 677 peccator
809 604 864 660 in
902 602 1179 658 desideriis
1217 600 1409 656 anima:
1446 613 1558 654 sua:
1605 598 1775 671 (Psal.
1813 615 1867 654 ιι
1889 639 1905 665 ,
1934 597 1998 666 2,
2024 597 2104 668 4).

516 697 688 762 Quare
731 697 864 752 enim
906 697 961 750 in
1003 703 1171 748 ventre
1209 709 1310 747 non
1339 692 1792 762 obiiiantequam
1815 689 2106 746 eminerem

515 789 612 845 tibi
655 804 750 860 per
787 789 1018 859 aliquam
1067 787 1351 841 actionem.
1380 785 1678 854 Conceptus
1703 784 1842 838 enim
1867 781 1932 836 ad
1957 796 2104 850 spem

514 881 765 950 pertinet.
814 879 897 934 Ea:
933 889 1073 933 utero
1109 878 1240 943 exii,
1286 888 1334 930 et
1359 893 1460 930 non
1484 875 1714 946 protinus
1742 874 1908 945 perii?
1938 872 2107 941 Hujus

514 985 644 1043 ergo
665 971 829 1042 ﬁgura
854 967 1192 1040 intelligenda
1217 976 1300 1023 est
1326 967 1381 1022 in
1405 966 1489 1021 his
1516 967 1712 1032 verbis,
1735 965 1822 1036 qui
1844 965 1896 1019 in
1915 963 2106 1018 talibus

515 1061 956 1134 concupiscentiis
993 1061 1166 1116 fuerat
1197 1051 1540 1115 inveteratus.
1573 1057 1642 1112 Et
1673 1056 1848 1128 utquid
1873 1056 2132 1110 constite-‘

512 1164 631 1209 runt
673 1153 797 1208 mihi
845 1169 1008 1224 genua
1046 1169 1063 1207 :
1109 1161 1170 1207 ut
1211 1152 1283 1207 ibi
1327 1149 1712 1206 coniirmarer?
1759 1147 1927 1214 Quare
1951 1146 2106 1200 ubera

511 1245 672 1299 sumi?
699 1243 954 1300 doctrina:
985 1244 1282 1300 nutrientes
1309 1241 1375 1298 ad
1413 1241 1720 1313 nequitiam.
1756 1238 1908 1293 Nunc
1936 1240 2104 1308 utique

512 1335 769 1391 dormiens
789 1337 1089 1407 quiescerem
1118 1353 1136 1391 :
1168 1334 1446 1391 moriendo
1471 1333 1594 1389 huic
1625 1331 1843 1387 mundo.
1871 1330 1997 1386 Cum
2019 1345 2102 1385 re-

509 1425 653 1497 gibus
678 1427 937 1482 honoratis
967 1437 1112 1482 terra:
1141 1444 1160 1482 :
1185 1428 1238 1481 in
1270 1425 1528 1482 Ecclesia.
1563 1425 1665 1492 Qui
1687 1422 2033 1496 glariabantur
2050 1422 2104 1475 in

510 1519 720 1591 gladiis.
748 1519 902 1576 Unde
924 1529 1007 1576 est
1026 1562 1042 1589 ,
1073 1519 1139 1574 Et
1155 1521 1379 1592 gladium
1400 1519 1609 1590 spiritus
1627 1560 1642 1586 ,
1666 1517 1800 1588 quod
1815 1525 1887 1571 est
1903 1516 2103 1571 verbum

510 1611 608 1671 Dei
633 1611 846 1686 (Ephes.
873 1630 958 1680 v1,
991 1612 1104 1686 l7).
1133 1614 1229 1667 Aut
1255 1630 1370 1667 cum
1395 1610 1705 1684 principibus
1723 1653 1738 1678 ,
1766 1610 1944 1681 quibus
1971 1609 2104 1663 mul-

507 1709 619 1761 tum
654 1702 753 1773 fuit
790 1720 970 1757 aurum
1011 1721 1030 1758 :
1072 1703 1350 1772 sapientia.
1395 1703 1494 1770 Qui
1529 1702 1899 1772 compleverunt
1928 1701 2104 1755 domos

506 1808 630 1851 suas
673 1803 882 1866 argento
908 1811 927 1850 :
952 1794 1163 1864 eloquio
1192 1794 1420 1849 Domini.
1449 1794 1548 1848 Aut
1569 1803 1806 1865 tanquam
1825 1793 2104 1847 abortivum

508 1887 808 1959 prolapsum
835 1888 896 1942 de
922 1888 1068 1942 vulva
1093 1888 1266 1941 matris
1290 1905 1302 1940 :
1326 1895 1386 1942 ut
1405 1903 1672 1958 nunquam
1700 1887 1978 1943 emineret.
2004 1887 2106 1940 Aut

507 1985 752 2050 tanquam
775 1979 994 2050 infantes
1019 1980 1106 2050 qui
1135 1997 1236 2034 non
1265 1979 1494 2034 viderunt
1523 1980 1684 2033 lucem
1715 1997 1732 2034 :
1761 1979 1828 2035 ad
1854 1980 2104 2035 nobilita-

507 2076 621 2126 tem
667 2071 897 2141 aliquam
943 2086 1050 2126 non
1082 2080 1457 2142 pervenerunt.
1490 2070 1572 2124 Ibi
1598 2071 1742 2142 impii
1770 2072 2104 2142 deposuerunt

505 2159 733 2232 furorem
762 2177 909 2215 suum
945 2178 965 2215 :
1001 2162 1052 2215 in
1081 2171 1251 2216 morte
1279 2162 1346 2217 ab
1374 2161 1476 2216 hoc
1502 2161 1722 2216 mundo.
1751 2160 1832 2215 lbi
1857 2162 2106 2232 requieve-

505 2259 624 2305 runt
649 2252 848 2323 fatigati
878 2269 1086 2323 corpore
1115 2269 1137 2307 :
1164 2261 1255 2307 aut
1281 2252 1481 2323 fatigati
1509 2267 1735 2322 corpore
1762 2267 1869 2306 non
1891 2253 2102 2319 animo,

506 2352 604 2400 aut
623 2344 784 2399 linem
806 2343 1160 2413 corporalium
1181 2345 1473 2399 consecuti.
1509 2343 1631 2398 Non
1648 2343 1914 2397 audierunt
1940 2357 2106 2397 vocem

507 2437 778 2493 exactoris.
805 2436 980 2492 Iudex
1003 2437 1164 2492 tradet
1193 2446 1240 2491 te
1263 2439 1484 2492 επιστονὶ
1513 2436 1658 2510 (Luc.
1686 2452 1764 2490 xu
1783 2477 1799 2502 ,
1828 2434 1956 2507 58),
1984 2434 2107 2490 inde

505 2536 622 2595 est;
644 2527 749 2584 hoc
767 2539 868 2592 est.
891 2529 1086 2584 donata
1107 2529 1210 2586 illis
1231 2545 1350 2586 esse
1370 2539 1613 2599 peccata:
1637 2528 1704 2584 de
1724 2528 1900 2597 impiis
1912 2527 2106 2598 quippe

506 2619 743 2678 dicebat.
777 2621 1007 2677 Pusillus
1036 2631 1082 2676 et
1103 2639 1316 2693 magnus
1336 2622 1403 2675 ibi
1421 2630 1513 2676 est.
1541 2622 1613 2676 De
1635 2635 1741 2676 uno
1761 2620 1957 2676 dictum
1982 2627 2108 2689 puto

505 2708 648 2768 bene
687 2711 943 2784 intelligi,
984 2713 1274 2770 secundum
1316 2713 1442 2768 illud
1481 2713 1621 2782 quod
1645 2713 1732 2783 qui
1756 2729 1809 2767 se
1832 2713 2102 2768 humiliato

504 2803 812 2860 mltabitur
833 2803 940 2876 (ld.
965 2819 1071 2869 xw,
1101 2804 1160 2858 Η
1177 2804 1216 2873 ).
1239 2802 1308 2857 Ει
1324 2820 1493 2858 servus
1513 2819 1612 2856 non
1636 2803 1813 2857 timens
1831 2802 2106 2856 Dominum

507 2910 680 2950 suum.
709 2895 833 2952 Sive
862 2895 1156 2951 secundum
1184 2895 1336 2959 illud,
1363 2894 1451 2948 Vis
1471 2911 1570 2948 non
1593 2896 1766 2950 timere
1787 2896 2106 2964 potestatem?

507 2983 710 3040 Bonum
734 2991 817 3056 fac
847 2984 1021 3054 (Rom.
1051 3002 1174 3052 ιιιι,
1207 2984 1262 3057 '5)
1289 3002 1303 3050 ;
1331 2986 1444 3040 sive
1463 2986 1752 3052 secundum
1775 2987 1902 3041 illud
1925 3028 1939 3053 ,
1963 2988 2102 3042 Con-

509 3083 766 3128 summata
789 3075 989 3129 dilectio
1018 3079 1158 3146 foras
1185 3076 1337 3128 mittit
1360 3075 1588 3129 timorem
1614 3075 1656 3148 (Ι
1683 3075 1840 3130 Ῑοαη.
1865 3078 1916 3132 iv
1936 3119 1952 3144 ,
1984 3077 2098 3148 18).

511 3161 704 3234 thuid
722 3165 854 3218 enim
876 3164 1027 3219 datur
1045 3167 1118 3221 eis
1136 3166 1222 3231 qui
1241 3167 1293 3220 in
1313 3165 1650 3220 amaritudine
1667 3175 1804 3232 sunt,
1829 3167 1921 3222 lux
1937 3169 1962 3222 .’
1977 3182 2103 3238 pec-

503 3262 748 3311 calorum
792 3255 981 3312 honor.
1007 3244 1095 3312 'Et
1131 3259 1235 3313 vita
1260 3259 1527 3314 animabus
1551 3275 1664 3331 qua:
1687 3270 1803 3315 sunt
1828 3262 1882 3315 in
1907 3262 2101 3316 dolori-

507 3345 648 3400 bus?
689 3344 744 3400 in
780 3345 1022 3404 dolorum
1067 3349 1286 3405 materia
1307 3391 1322 3418 ,
1359 3349 1460 3404 hoc
1495 3359 1578 3404 est
1609 3352 1663 3405 in
1691 3351 1939 3422 peccatis.
1973 3351 2102 3418 Quae

506 3435 800 3493 desiderant
827 3449 1036 3494 mortem
1054 3479 1070 3504 ,
1100 3449 1147 3494 et
1170 3455 1271 3495 non
1290 3440 1532 3511 contingit
1556 3441 1660 3496 illis
1684 3457 1705 3496 :
1724 3441 2056 3512 adeptionem
2080 3445 2096 3476 ³

500 3524 710 3584 fructus
732 3530 955 3600 peccati.
987 3529 1132 3586 Mors
1155 3531 1260 3585 viro
1283 3531 1498 3604 requies,
1523 3533 1666 3604 cujus
1692 3534 1793 3586 vita
1807 3535 2099 3589 abscondita

504 3627 584 3674 est
605 3635 626 3675 :
653 3620 737 3676 vel
776 3623 899 3692 quia
930 3637 1111 3678 coram
1145 3623 1258 3678 Deo
1285 3623 1370 3678 vel
1397 3623 1521 3694 quia
1552 3625 1731 3694 paucis
1759 3634 1904 3680 nota.
1935 3627 2009 3682 De
2035 3643 2097 3683 ea

504 3725 636 3769 vero
678 3713 790 3784 jam
834 3723 1008 3770 morte
1042 3715 1447 3786 accipiendum,
1495 3731 1591 3786 per
1635 3733 1794 3788 quam
1839 3721 2099 3776 morimur

502 3806 724 3862 mundo.
766 3805 825 3862 In
864 3807 953 3862 illa
993 3807 1135 3862 enim
1177 3823 1283 3864 non
1313 3817 1396 3863 est
1421 3809 1654 3878 requies.
1681 3807 1939 3865 Conclusit
1965 3812 2097 3866 enim

507 3895 653 3953 Deus
680 3899 920 3953 adversus
939 3915 1051 3953 eum
1079 3917 1098 3955 :
1127 3914 1231 3954 non
1259 3915 1380 3956 eum
1407 3901 1583 3956 dando
1608 3903 1660 3956 in
1686 3902 1946 3959 desideria
1977 3918 2098 3960 cor-

501 3985 586 4043 dis
625 3987 728 4042 sui.
775 3987 906 4043 Ante
938 4005 1077 4043 escas
1114 3991 1300 4061 quippe
1334 4008 1470 4046 meas
1507 3994 1719 4063 gemitus
1758 3994 1946 4050 adest:
1970 4004 2095 4052 ante

499 4076 755 4148 gaudium
777 4078 1015 4134 ciborum
1043 4080 1137 4136 Dei
1162 4081 1530 4138 tribulationes
1556 4083 1879 4152 prmcedere.
1909 4085 1975 4139 Et
1995 4088 2094 4157 ﬂeo

497 4177 786 4224 coarctatus
806 4171 982 4225 timore
1001 4187 1022 4226 :
1043 4171 1230 4228 videns
1253 4174 1374 4243 quia
1393 4175 1592 4230 evitare
1612 4189 1717 4230 non
1741 4191 1953 4246 possum
1975 4193 2093 4247 qua:

497 4258 674 4316 timui.
713 4259 889 4316 Timor
909 4262 1042 4317 enim
1069 4279 1215 4334 quem
1241 4265 1442 4318 verebar
1458 4307 1474 4334 ,
1501 4267 1634 4320 venit
1661 4267 1785 4321 mihi
1811 4284 1830 4321 :
1860 4267 2090 4324 adversa

495 4364 620 4423 qua:
645 4351 714 4408 de
727 4353 1089 4411 misericordia
1111 4356 1206 4412 Dei
1229 4356 1296 4412 ad
1315 4358 1709 4428 correptionem
1733 4359 1883 4414 ﬁunt.
1909 4359 2088 4434 Neque

498 4441 556 4496 in
583 4457 738 4513 pace,
768 4460 928 4515 neque
953 4445 1006 4499 in
1031 4446 1262 4510 silentio,
1291 4463 1448 4518 neque
1469 4449 1524 4503 in
1546 4449 1736 4520 requie.
1767 4448 1918 4505 Falsa
1946 4451 2090 4507 enim

499 4531 747 4600 fuerunt,
785 4543 1006 4605 propter
1045 4552 1166 4608 qua:
1207 4538 1448 4594 timebat.
1487 4538 1634 4595 Venit
1657 4543 1791 4596 enim
1813 4543 1940 4597 mihi
1967 4543 2092 4603 ira:

500 4620 758 4690 vindicta,
776 4625 1068 4681 secundum
1096 4642 1255 4698 quam
1276 4628 1453 4700 justus
1473 4630 1562 4686 vix
1586 4631 1768 4688 salvus
1793 4632 1851 4688 lit
1875 4634 1920 4703 (l
1945 4633 2086 4689 Petr.

499 4713 586 4782 ιν,
619 4713 735 4787 ιε).

501 4861 505 4865 ,
573 4803 675 4878 [lb.
694 4805 794 4880 iv.]
816 4806 989 4864 Verba
1011 4809 1248 4880 Elipbaz.
1266 4810 1484 4870 Pondus
1509 4824 1678 4872 autem
1700 4818 1960 4873 verborum
1978 4826 2089 4874 tuo-

497 4911 615 4952 rum
653 4897 764 4968 quis
793 4899 1099 4956 sustinebit?
1127 4903 1224 4958 llic
1251 4919 1380 4976 ergo
1401 4905 1531 4962 dicit
1551 4921 1611 4964 se
1635 4908 1749 4980 cogi
1775 4907 1844 4964 ad
1868 4908 2089 4980 loquen-

495 4985 623 5042 dum
646 5027 664 5055 ,
699 4990 824 5060 quia
852 5006 960 5046 non
984 4995 1211 5051 sustinet
1235 4996 1376 5053 dicta
1406 4998 1545 5068 ejus.
1576 4997 1765 5054 Nonne
1793 5001 1944 5056 timor
1971 5009 2088 5056 tuus

495 5080 680 5135 stultus
702 5091 775 5136 est
790 5084 816 5138 .’
833 5083 1056 5142 Paratus
1075 5087 1218 5144 enim
1236 5088 1303 5144 ad
1322 5090 1437 5146 haec
1455 5105 1576 5147 esse
1596 5091 1878 5161 debueras,
1901 5093 1947 5148 si
1968 5093 2087 5150 aliis

493 5171 758 5228 veraciter
777 5175 1058 5232 suadebas.
1079 5178 1190 5235 Nec
1214 5179 1338 5235 talia
1357 5180 1494 5236 bene
1516 5181 1735 5236 timuisti
1758 5199 1774 5249 ;
1796 5199 1919 5239 cum
1939 5185 2087 5242 dice-

491 5276 582 5318 res
597 5304 614 5331 ,
644 5263 816 5320 Timor
835 5269 970 5323 enim
995 5287 1140 5341 quem
1165 5272 1396 5338 verebar,
1422 5274 1554 5327 venit
1579 5274 1704 5327 mihi
1729 5274 1850 5345 (Job
1871 5293 1946 5343 ιιι,
1967 5275 2081 5347 25).

492 5352 564 5408 Et
607 5372 721 5426 spes
766 5367 854 5412 tua
877 5371 923 5415 et
949 5361 1245 5432 simplicitas
1265 5363 1378 5418 vita
1400 5372 1500 5418 tua:
1524 5365 1670 5434 quasi
1696 5367 1907 5420 stultitia
1937 5385 1955 5422 :
1981 5383 2082 5438 qua

491 5443 594 5500 ista
619 5446 757 5504 bona
784 5459 1055 5520 putantur.
1083 5451 1337 5508 Fremitus
1367 5453 1522 5510 leonis
1547 5465 1593 5510 et
1619 5471 1716 5512 vos;
1738 5457 1908 5512 letente
1929 5474 1948 5513 :
1970 5459 2085 5529 ipse

495 5536 742 5596 diabolus
760 5583 774 5608 ,
801 5552 855 5598 et
878 5545 1140 5615 superbia:
1162 5547 1376 5615 civitas,
1404 5565 1523 5620 quae
1552 5564 1696 5622 saepe
1721 5553 1878 5608 etiam
1901 5554 2084 5611 bestize

493 5640 647 5684 more
662 5645 691 5684 a
709 5631 987 5701 Prophctis
1007 5637 1236 5704 ponitur.
1263 5637 1328 5692 Et
1345 5641 1589 5712 gaudium
1608 5643 1884 5700 draconum
1896 5647 2084 5703 exstin-

496 5793 499 5798 ,
565 5742 582 5774 ι
610 5746 658 5791 tn
683 5743 844 5806 editis,
865 5747 1182 5811 adoptionem.
1208 5757 1259 5802 In
1278 5758 1408 5817 uss,
1432 5754 1747 5820 adeptionem.

1477 295 2018 360 ANNOTATIONUM
2057 295 2124 353 IN
2161 295 2301 365 JOB,
2341 295 2400 356 S.
2441 297 2807 360 AUGUSTINI

2221 419 2358 466 ctum
2398 422 2474 469 est
2504 430 2523 469 :
2550 417 2900 487 superborum
2936 423 2992 474 et
3017 418 3410 477 insidiosorum.
3440 422 3805 497 ngmicoleon

2218 507 2402 578 periit,
2443 524 2502 563 eo
2539 509 2673 580 quod
2701 525 2801 564 non
2829 511 3031 566 haberet
3057 528 3241 566 escam.
3269 513 3399 581 Quia
3430 515 3482 569 in
3513 517 3804 576 novissimo

2217 613 2322 654 non
2343 607 2520 665 erunt,
2543 616 2676 672 quos
2695 601 2949 658 inducens
2969 605 3232 660 comedat.
3250 604 3649 675 Separabuntur
3661 611 3804 666 enim

2216 690 2288 760 pii
2327 690 2397 745 ab
2435 691 2630 762 impiis.
2662 694 2759 750 llic
2784 704 2962 751 autem
2991 705 3166 762 errat,
3198 698 3338 769 quod
3365 715 3426 754 ea
3452 716 3571 771 quae
3599 701 3667 760 de
3696 703 3806 760 dia-

2215 778 2339 834 bolo
2382 782 2620 838 audierat
2663 785 2974 855 prophetata
2997 828 3011 852 ,
3058 787 3125 844 de
3161 788 3262 845 Job
3291 790 3634 862 intelligebat.
3666 794 3806 867 Myr-

2213 870 2474 928 micoleon
2513 890 2642 930 vero
2668 878 3005 948 accipiendus
3035 891 3150 949 est,
3181 882 3264 938 vel
3294 884 3724 957 quia'utrumque
3751 889 3807 944 in

2215 977 2280 1017 eo
2305 972 2423 1028 est,
2450 979 2570 1019 cum
2597 976 2650 1020 et
2675 969 2812 1039 rapit
2839 977 2894 1024 et
2919 971 3126 1027 occulte
3157 975 3493 1043 persequitur
3512 975 3776 1032 frumenta
3805 1020 3820 1045 ,

2213 1069 2334 1125 qua:
2357 1055 2567 1112 sublato
2587 1059 2740 1113 oculo
2763 1059 2884 1115 facit
2907 1076 3010 1117 non
3036 1064 3366 1133 germinare;
3389 1067 3472 1120 vel
3492 1067 3612 1137 quia
3632 1069 3808 1125 avaris

2213 1145 2338 1199 etin
2361 1155 2499 1201 terra
2523 1147 3001 1208 thesaurizantibus
3024 1152 3366 1220 dominatur;
3389 1157 3474 1211 vel
3494 1158 3614 1226 quia
3632 1157 3809 1228 justos

2212 1237 2586 1306 persequitur,
2629 1241 2779 1309 quasi
2821 1239 3074 1298 formicas
3116 1254 3475 1314 praeparantes
3514 1249 3615 1304 sibi
3655 1264 3810 1305 escas

2212 1334 2395 1382 aestate
2422 1327 2489 1383 ad
2513 1327 2762 1398 hiemem,
2794 1332 2982 1402 quibus
3009 1350 3115 1389 non
3141 1346 3388 1408 pascetur
3406 1379 3422 1404 ,
3449 1353 3570 1394 cum
3595 1340 3718 1396 boni
3739 1343 3810 1399 ab

2213 1416 2388 1486 impiis
2431 1417 2627 1474 fuerint
2665 1423 2908 1492 separati.
2948 1423 3017 1478 Et
3039 1427 3194 1480 catuli
3221 1427 3423 1482 leonum
3443 1429 3586 1484 divisi
3607 1432 3809 1486 suntab

2210 1508 2439 1564 invicem.
2466 1509 2800 1582 Conspiratio
2837 1516 3134 1587 principum
3162 1519 3390 1574 civitatis
3406 1521 3543 1576 illius
3555 1522 3814 1594 dissipata

2212 1611 2294 1655 est
2314 1643 2329 1668 ,
2361 1602 2452 1672 qui
2474 1603 2582 1657 nati
2610 1614 2734 1659 sunt
2753 1605 2820 1661 de
2842 1607 2930 1661 illa
2952 1608 3226 1664 societatis
3245 1610 3460 1667 civitate
3483 1620 3539 1668 et
3557 1612 3810 1682 diabolo;

2212 1693 2294 1746 vel
2314 1693 2434 1763 quia
2455 1708 2514 1749 se
2534 1694 2758 1750 invicem
2777 1707 3132 1753 vastaverunt.
3152 1700 3278 1755 lnde
3290 1710 3388 1768 est,
3416 1701 3668 1774 Exsurget
3685 1721 3814 1775 gens

2211 1795 2385 1838 contra
2399 1787 2622 1856 gentcm‘
2643 1786 2833 1859 (Marc.
2849 1804 2960 1856 xm,
2978 1790 3214 1860 8).Nihil
3224 1792 3404 1847 horum
3419 1793 3506 1848 tibi
3521 1796 3814 1852 accidisset:

2214 1877 2300 1932 vel
2329 1877 2417 1932 illa
2442 1878 2636 1935 damna
2659 1888 2714 1934 et
2739 1881 2940 1938 orbitas
2977 1893 3031 1939 et
3051 1886 3200 1956 plaga
3223 1887 3491 1954 vulneris;
3519 1889 3601 1944 vel
3628 1898 3679 1944 te
3700 1905 3814 1945 non

2212 1969 2516 2036 penetraret
2533 1969 2685 2024 dolor
2702 1972 2886 2039 animi,
2913 1974 3032 2044 quia
3059 1983 3114 2031 et
3139 1984 3190 2032 te
3215 1977 3589 2047 consolareris,
3619 1979 3665 2034 si
3691 1981 3814 2036 aliis

2213 2074 2279 2114 ex
2313 2060 2475 2117 corde
2515 2062 2772 2132 dixisses,
2799 2064 3067 2138 Numquid
3088 2085 3189 2123 non
3210 2071 3346 2140 capit
3368 2073 3506 2126 auris
3529 2088 3639 2126 mea
3662 2074 3726 2127 ab
3753 2089 3816 2128 eo

2213 2151 2482 2221 magniﬁca
2502 2153 2528 2206 .9
2567 2151 2701 2220 Quia
2723 2154 2821 2209 ista
2847 2173 2966 2226 quae
2987 2156 3142 2224 dicit,
3168 2174 3234 2214 ex
3254 2161 3576 2218 revelatione
3601 2178 3661 2219 se
3681 2163 3818 2220 dicit

2212 2240 2412 2296 dicere.
2441 2241 2508 2295 Et
2533 2244 2738 2314 spiritus
2756 2246 2809 2300 in
2833 2246 3014 2317 faciem
3033 2248 3159 2303 mihi
3178 2252 3414 2305 occurrit.
3439 2252 3600 2319 Quasi
3623 2252 3816 2312 ﬂatum

2213 2335 2448 2390 sensisse
2484 2337 2596 2392 vult
2633 2338 2856 2412 intelligi
2890 2359 2904 2395 :
2938 2356 3062 2396 nam
3093 2352 3252 2413 negat
3279 2343 3333 2398 in
3359 2347 3818 2416 consequentibus
3899 2351 3902 2354 ’

2216 2427 2377 2484 fuisse
2403 2429 2643 2500 ﬁguram.
2674 2432 3143 2490 Reminiscendum
3174 2436 3245 2491 ita
3273 2437 3431 2492 etiam
3462 2437 3722 2508 Spiritum
3759 2442 3817 2497 in

2213 2519 2256 2572 Α
2265 2521 2498 2588 postolos
2521 2521 2880 2580 descendisse.
2916 2524 3051 2591 Quid
3077 2528 3252 2582 enim?
3281 2530 3525 2601 numquid
3554 2531 3705 2586 homo
3725 2549 3817 2588 co-

2215 2626 2325 2663 ram
2368 2610 2586 2667 Domino
2624 2613 2842 2670 mundus
2877 2616 3016 2670 erit?
3039 2617 3146 2672 Aut
3170 2618 3286 2674 haec
3311 2620 3526 2676 audisse
3552 2637 3611 2678 se
3636 2622 3814 2690 dicit;

2213 2710 2305 2756 aut
2329 2701 2457 2757 dicit
2480 2703 2600 2760 ideo
2623 2721 2684 2761 se
2709 2705 2982 2764 horruisse
3000 2748 3016 2776 ,
3044 2709 3167 2779 quia
3193 2725 3352 2765 nemo
3379 2711 3607 2767 mundus
3624 2726 3815 2770 coram

2216 2795 2480 2861 Domino;
2524 2807 2616 2852 aut
2643 2798 2765 2854 ideo
2794 2800 2872 2855 sic
2894 2799 3122 2868 vidisse,
3151 2803 3274 2872 quia
3304 2817 3461 2858 nemo
3487 2818 3671 2860 coram
3697 2805 3816 2862 Deo

2214 2886 2285 2940 ita
2310 2887 2541 2943 mundus
2560 2897 2644 2944 est
2661 2891 2705 2956 ²,
2729 2898 2787 2944 ιιι
2807 2891 2973 2946 Deum
3000 2899 3058 2947 ut
3083 2902 3164 2948 est
3184 2893 3378 2949 videat.
3401 2894 3556 2951 Modo
3577 2897 3817 2954 mundus

2212 2980 2506 3036 secundum
2528 2981 2907 3052 perfectionem
2929 2983 3291 3054 accipiendus,
3317 2995 3374 3042 ut
3392 2986 3532 3058 quod
3552 2989 3815 3059 superius

2211 3083 2369 3144 negat
2392 3073 2645 3128 mundum
2671 3073 2942 3130 hominem
2963 3077 3140 3146 perire
3155 3119 3172 3146 ,
3203 3079 3496 3134 secundum
3519 3081 3816 3151 quemdam

2210 3164 2426 3218 modum
2465 3164 2844 3236 intelligamus.
2877 3166 2941 3222 Si
2965 3178 3141 3223 contra
3166 3187 3334 3225 servos
3356 3187 3471 3226 suos
3493 3189 3597 3226 non
3625 3173 3816 3230 credit.

2209 3253 2362 3320 Quod
2400 3255 2578 3310 evenit
2615 3271 2738 3311 cum
2772 3257 2975 3313 diceret
3012 3259 3186 3326 Elias,
3229 3259 3482 3328 Domine,
3517 3250 3818 3334 Prophetas

2209 3354 2320 3398 tuos
2345 3346 2632 3400 occiderunt
2662 3362 2681 3400 :
2706 3356 2762 3403 et
2783 3347 2912 3403 dicit
2930 3348 3027 3415 illi,
3063 3349 3264 3422 Reliqui
3284 3352 3408 3406 mihi
3427 3363 3615 3424 septem
3637 3355 3813 3411 millia

2207 3435 2428 3488 virorum
2454 3433 2545 3507 (Ill
2574 3435 2702 3508 Reg.
2733 3453 2847 3506 xix,
2879 3439 2964 3506 14,
2993 3440 3107 3510 18).
3135 3440 3252 3496 Non
3277 3443 3420 3498 enim
3451 3443 3573 3500 inde
3596 3455 3816 3516 septem

2207 3527 2372 3581 millia
2411 3527 2648 3583 virorum
2683 3529 2792 3600 jam
2831 3531 3028 3586 munda
3073 3543 3248 3590 erant.
3292 3534 3424 3590 Nam
3462 3537 3644 3608 angeli
3673 3539 3809 3596 dicti

2205 3624 2332 3672 sunt
2374 3626 2428 3672 et
2467 3617 2770 3689 Prophetas.
2812 3618 2884 3674 Et
2922 3623 3164 3678 adversus
3205 3625 3422 3696 Angelos
3447 3643 3562 3681 suos
3592 3645 3816 3698 prauum

2203 3708 2328 3776 quid
2365 3706 2567 3779 reperit.
2605 3708 2701 3765 Vel
2728 3710 2868 3780 quod
2893 3711 3152 3770 adversus
3182 3730 3276 3770 eos
3295 3715 3519 3782 dicitur,
3550 3720 3638 3774 vel
3664 3721 3813 3791 quod

2205 3797 2304 3867 ipsi
2343 3797 2548 3852 dicunt.
2587 3798 2700 3854 Hoc
2729 3808 2916 3857 tamen.
2934 3811 3109 3872 potest
3136 3806 3296 3860 etiam
3323 3805 3391 3862 de
3417 3808 3556 3864 veris
3581 3809 3812 3882 Angelis

2203 3888 2390 3958 accipi.
2416 3887 2716 3945 Habitantes
2737 3900 2908 3946 autem
2923 3893 3099 3948 domos
3117 3893 3278 3952 luteas
3301 3913 3320 3951 :
3340 3912 3563 3967 quorum
3588 3914 3815 3966 convcr.

2203 3978 2339 4033 satio
2376 3994 2483 4034 non
2525 3989 2608 4037 est
2642 3981 2695 4036 in
2731 3981 2906 4038 caelis.
2951 3981 3210 4038 Percussit
3234 3986 3349 4041 illos
3375 3995 3612 4060 tanquam
3645 3993 3807 4048 tinea.

2202 4069 2309 4125 Aut
2327 4070 2502 4142 aliqua
2514 4073 2798 4142 corruptio
2817 4075 3081 4144 percussit
3125 4090 3219 4131 eos
3239 4084 3488 4147 tanquam
3512 4079 3653 4134 tinea
3671 4122 3688 4145 ,
3720 4092 3814 4138 aut

2205 4162 2345 4218 Deus
2384 4178 2477 4219 eos
2515 4166 2776 4234 percussit
2804 4185 2817 4220 :
2842 4167 2926 4222 vel
2970 4165 3072 4222 hac
3096 4168 3238 4224 tinea
3262 4211 3278 4237 ,
3309 4171 3391 4226 vel
3415 4171 3547 4227 sicut
3571 4176 3812 4243 mrcutit

2203 4252 2342 4307 tinea
2359 4295 2373 4320 ,
2405 4252 2506 4309 hoc
2530 4265 2610 4310 est
2631 4296 2647 4322 ,
2676 4256 2903 4313 latenter
2925 4257 3249 4318 intrinsecus
3268 4263 3608 4333 corruptione
3633 4266 3711 4320 ab
3730 4268 3813 4322 eis

2204 4343 2332 4414 ipsis
2361 4354 2542 4400 exorta
2572 4361 2669 4416 per
2690 4350 3148 4420 concupiscentias
3168 4353 3411 4408 carnales
3430 4395 3446 4421 ,
3475 4355 3578 4410 hoc
3599 4366 3692 4411 est
3715 4358 3812 4410 lia-

2201 4433 2460 4490 bitatione
2481 4437 2532 4491 in
2557 4436 2802 4494 domibus
2821 4439 2996 4496 luteis.
3027 4441 3092 4496 Et
3119 4459 3152 4496 a
3178 4459 3326 4497 mane
3352 4460 3507 4514 usque
3529 4444 3600 4497 ad
3622 4462 3808 4517 vespe-

2200 4539 2309 4576 ram
2338 4525 2473 4579 ultra
2501 4543 2604 4582 non
2633 4538 2770 4583 sunt.
2795 4530 2902 4584 Aut
2926 4531 3061 4585 ultra
3093 4535 3348 4588 saeculum
3373 4533 3476 4588 hoc
3502 4550 3609 4588 non
3639 4547 3805 4605 sunt,

2200 4623 2296 4669 aut
2314 4629 2344 4669 a
2367 4617 2638 4686 prosperis
2657 4619 2818 4674 rebus
2840 4635 3008 4689 usque
3032 4620 3097 4674 ad
3122 4622 3512 4678 tribulationem
3537 4640 3552 4676 :
3580 4639 3807 4694 penam

2197 4705 2338 4760 enim
2355 4708 2624 4762 consecuti
2647 4717 2791 4764 sunt.
2813 4708 2892 4763 Eo
2916 4711 3049 4779 quod
3070 4727 3169 4766 non
3196 4722 3398 4781 possent
3421 4713 3516 4768 sibi
3531 4715 3660 4785 ipsis
3679 4719 3808 4772 sub-

2196 4795 2394 4860 uenire,
2423 4797 2674 4865 perierunt
2701 4815 2719 4853 :
2747 4814 2867 4853 cum
2890 4800 2942 4854 in
2965 4815 3023 4854 se
3045 4799 3240 4857 habent
3257 4818 3427 4873 spem.
3451 4804 3802 4878 Interierunt,

2194 4887 2314 4956 quia
2341 4903 2443 4941 non
2475 4888 2717 4942 habebant
2746 4891 3044 4959 sapientiam
3075 4907 3094 4945 :
3120 4907 3224 4946 non
3249 4892 3380 4949 inse
3401 4895 3654 4965 Sperandi
3682 4897 3730 4952 ³.

2267 4977 2366 5050 [lb.
2398 4978 2474 5052 v.]
2500 4979 2687 5034 lnooca
2727 4993 2917 5048 autem,
2959 4983 3006 5037 si
3047 4985 3160 5054 quis
3197 4985 3284 5039 tibi
3317 4987 3638 5056 respondeat.
3693 4989 3804 5046 Illis

2195 5068 2339 5124 enim
2365 5069 2734 5138 respondetur,
2761 5074 2850 5142 qui
2876 5074 3060 5128 mundi
3082 5084 3206 5130 sunt
3225 5091 3403 5131 coram
3427 5078 3555 5134 Deo.
3579 5078 3802 5135 Etenim

2194 5159 2404 5214 stultum
2431 5162 2627 5231 perimit
2657 5162 2734 5216 ira
2765 5179 2784 5218 :
2811 5164 3120 5234 indignatio,
3154 5181 3254 5237 qua
3287 5168 3509 5239 quisque
3547 5171 3796 5242 angitur,

2194 5258 2442 5320 tanquam
2473 5250 2651 5322 inique
2676 5253 2777 5308 sibi
2806 5254 3003 5326 aliquid
3034 5256 3308 5322 acciderit,
3335 5258 3459 5314 dum
3490 5276 3596 5315 non
3625 5265 3794 5334 cogi-

2195 5350 2271 5396 tat
2294 5357 2460 5412 usqne
2483 5342 2618 5399 adeo
2643 5359 2702 5399 se
2729 5344 3058 5402 immundum
3079 5363 3203 5404 esse
3227 5364 3404 5406 coram
3434 5351 3575 5419 Deo,
3606 5363 3666 5408 ut
3704 5356 3791 5410 in.

2258 5453 2275 5485 ι
2296 5461 2396 5502 Am.
2413 5460 2484 5503 Er.
2504 5461 2556 5503 et
2572 5452 2796 5528 plerique
2817 5462 2944 5508 uss:
2966 5464 3336 5571 Exsurget
3356 5473 3504 5524 supra
3521 5462 3594 5512 uel
3614 5472 3790 5519 contra

2258 5520 2395 5564 atem.
2421 5515 2727 5571 Evangehum
2752 5532 2800 5566 In
2819 5532 2996 5571 amco.
3022 5520 3186 5571 etlutos
3239 5535 3288 5571 in
3317 5522 3499 5571 ethnos.

2191 5520 2398 5594 905W:
2421 5515 2731 5594 ειβεεεέἱιξειξ
2748 5518 2804 5594 i9,
3022 5515 3186 5594 συνεῖπε
3209 5515 3288 5585 ἔρξ
3317 5515 3499 5594 sitias
3525 5581 3536 5593 .
3615 5583 3628 5594 .

2257 5578 2276 5646 ξ
2301 5582 2350 5624 ιιι
2373 5578 2566 5626 excusis
2589 5578 2869 5649 excideram
2894 5578 3058 5649 istbajc
3075 5578 3248 5642 verba,
3265 5589 3347 5632 aut
3368 5583 3480 5649 ideo
3493 5581 3562 5636 sic
3583 5583 3789 5649 vidisse,

2192 5636 2467 5709 quiaqnemo
2489 5651 2652 5709 coram
2673 5648 2770 5709 1_)eo
2795 5640 2861 5690 ita
2882 5643 3091 5709 numdus
3109 5652 3177 5696 est
3200 5636 3351 5709 {quae
3375 5646 3469 5696 huc
3489 5636 3790 5700 revocatum2

2196 5699 2258 5750 ex
2286 5707 2389 5748 MSS.
2416 5699 2696 5750 Floriacensi
2721 5709 2772 5751 ct
2794 5707 3034 5754 succensi.

2162 5798 2167 5803 .
2259 5762 2279 5794 ³
2297 5767 2368 5810 Er.
2397 5760 2536 5824 legit,
2559 5762 2812 5825 sperando.
2852 5771 2906 5812 ιιι.
