4110 6440
338 389 442 445 8Ξ9

339 505 548 561 vocanti
575 520 680 560 non
706 504 893 576 Angeli
933 502 1290 575 respondere,
1321 509 1413 558 aut
1451 517 1510 558 se
1545 502 1917 559 demonstrare

335 597 536 668 dignati
560 596 684 651 sint.
716 595 816 663 Qui
844 595 986 650 enim
1013 595 1116 650 hoc
1141 610 1248 650 non
1276 588 1493 666 cogitat,
1521 595 1713 650 stultus
1739 601 1841 658 est,
1864 602 1919 649 ct

337 687 412 742 ira
444 685 789 741 irrationabili
818 686 1160 741 interimitur.
1192 687 1298 741 Aut
1324 685 1523 741 idcirco
1549 685 1782 756 Angelos
1809 698 1917 739 non

333 776 540 844 audire,
563 792 668 833 non
689 776 868 832 videre
890 787 1065 847 petest
1085 777 1296 843 stultus,
1319 777 1440 847 quia
1471 778 1548 831 ira
1569 775 1918 844 interemptus

333 877 418 924 est
439 908 456 935 ,
487 876 542 923 et
567 883 595 922 a
625 867 741 923 zelo
769 867 1000 922 occisus.
1032 866 1304 922 Errantem
1337 875 1501 920 autem
1530 867 1709 920 occidit
1734 866 1869 920 zelus
1898 880 1918 920 :

334 959 402 1014 ad
451 960 763 1015 imitandum
818 969 1146 1031 peccatores.
1191 959 1304 1032 Ego
1347 970 1514 1014 autem
1562 959 1665 1013 vidi
1714 959 1914 1026 stultos,

318 1053 555 1106 'radicem
575 1053 841 1107 mittentes.
859 1051 1061 1108 Stultos
1077 1066 1218 1106 nunc
1234 1051 1424 1121 impios
1449 1049 1835 1120 accipiendum,
1859 1057 1917 1104 ut

332 1157 365 1198 e
389 1143 658 1198 contrario
685 1143 944 1213 sapientia
975 1143 1204 1198 hominis
1230 1143 1398 1214 pietas
1421 1143 1509 1209 sit,
1543 1143 1680 1197 sicut
1708 1142 1760 1196 in
1783 1157 1913 1196 con-

331 1235 673 1306 sequentibus
711 1234 922 1290 dicitur.
961 1233 1031 1288 Et
1075 1243 1401 1288 conterantur
1429 1249 1580 1305 super
1603 1235 1796 1304 januas
1830 1233 1914 1286 in-

332 1327 596 1394 ﬁrmarunt
636 1341 656 1381 :
689 1325 986 1392 humilium,
1032 1340 1150 1382 cum
1193 1325 1394 1396 recepti
1431 1325 1624 1380 fuerint
1669 1325 1722 1379 in
1762 1323 1915 1378 cubi-

331 1415 508 1471 culum
546 1431 578 1471 a
614 1432 814 1488 sponso
835 1459 850 1482 ,
877 1424 934 1473 et
969 1417 1114 1472 stulti
1140 1416 1272 1472 foris
1318 1416 1670 1471 remanserint
1699 1413 1908 1486 (Matth.

329 1507 498 1582 xxv)?
525 1508 653 1574 Quae
677 1510 808 1565 enim
833 1509 911 1564 illi
938 1517 1381 1582 congregaverant,
1395 1510 1524 1581 justi
1543 1508 1816 1562 comedent.
1847 1507 1914 1561 Et

329 1600 398 1656 de
422 1600 620 1656 Judazis
646 1609 820 1670 potest
845 1601 1087 1673 intelligi,
1115 1601 1558 1673 congregantibus
1584 1601 1908 1671 prophetias,

326 1706 463 1762 quas
500 1692 739 1748 Gentiles
781 1694 955 1763 potius
995 1684 1373 1758 comederunt;
1406 1699 1461 1748 et
1487 1693 1555 1746 de
1590 1691 1674 1748 his
1714 1691 1805 1762 qui
1833 1690 1912 1746 fa-

326 1785 528 1841 cientes
556 1785 841 1840 comedunt
869 1800 987 1856 qure
1022 1786 1111 1839 alii
1143 1784 1455 1856 praecipiunt
1477 1793 1531 1839 et
1555 1800 1660 1840 non
1686 1782 1905 1838 faciunt.

323 1875 440 1946 Ipsi
459 1893 572 1931 vero
593 1877 656 1931 de
675 1877 823 1930 malis
839 1893 940 1930 non
958 1876 1296 1931 liberabuntur
1319 1891 1337 1930 :
1361 1875 1598 1946 quamvis
1623 1874 1910 1945 praedicent

324 1981 431 2022 non
461 1981 580 2023 esse
611 1966 873 2021 facienda.
905 1965 1256 2021 Exhauriatur
1285 1967 1529 2038 fortitudo
1554 1982 1724 2020 eorum
1755 1983 1773 2019 :
1805 1979 1907 2034 qua

323 2057 639 2128 superbiunt
666 2057 922 2113 adversus
949 2057 1206 2112 inﬁrmos.
1240 2057 1595 2112 Exhauriatur
1627 2065 1825 2120 autem,
1851 2062 1909 2108 ut

318 2148 429 2218 jam.
475 2148 691 2218 incipiat
725 2147 987 2203 laborare.
1030 2146 1151 2202 Non
1189 2149 1321 2203 enim
1359 2149 1552 2218 prodiet
1580 2149 1642 2202 de
1674 2156 1806 2200 terra
1826 2147 1906 2200 la-

320 2241 411 2294 bar
439 2257 458 2294 :
483 2241 534 2296 id
564 2249 645 2296 est
669 2239 736 2298 de
763 2250 1008 2297 creatura
1034 2256 1140 2295 non
1167 2251 1577 2311 conquerantur,
1610 2240 1706 2296 sed
1735 2239 1802 2295 de
1825 2254 1904 2295 se.

322 2333 428 2389 Sed
453 2335 600 2388 homo
621 2335 674 2388 in
701 2334 870 2389 labore
899 2336 1141 2389 nascitur.
1167 2334 1467 2390 Secundum
1496 2335 1548 2389 id
1574 2334 1772 2390 dictum
1801 2343 1904 2399 est,

319 2427 578 2491 nascitur,
625 2425 918 2481 secundum
959 2425 1101 2496 quod
1150 2425 1202 2480 in
1255 2425 1575 2480 laboriosam
1626 2425 1784 2479 vitam
1839 2439 1906 2479 ex

319 2519 496 2588 quieta
533 2519 757 2588 quisque
779 2519 1126 2572 convertitur.
1160 2516 1300 2572 Pulli
1328 2527 1495 2570 autem
1522 2517 1730 2570 vulturis
1757 2516 1904 2570 altis-

317 2612 442 2664 sime
482 2609 712 2663 volitant.
743 2608 933 2663 Vultur
960 2609 1097 2663 bene
1134 2608 1443 2677 intelligitur
1468 2608 1750 2674 Dominus,
1780 2606 1903 2676 quia

317 2701 594 2756 altitudine
624 2700 916 2772 prophetiae
946 2700 1078 2755 vidit
1107 2700 1486 2755 mortalitatem
1518 2709 1776 2763 nostram,
1799 2713 1900 2768 qua

317 2792 647 2849 descendens
697 2803 1034 2864 pasceretur,
1092 2803 1409 2848 convertens
1464 2808 1560 2847 nos
1610 2793 1662 2847 in
1709 2807 1902 2862 corpus

315 2899 492 2939 suum.
537 2884 675 2939 Pulli
705 2900 832 2954 ergo
859 2885 1084 2941 vulturis
1107 2926 1122 2952 ,
1155 2885 1246 2938 ﬁlii
1272 2884 1451 2955 sponsi
1482 2885 1606 2938 dicti
1629 2891 1754 2939 sunt
1782 2901 1793 2937 :
1818 2885 1897 2938 al-

315 2973 519 3029 tissime
569 2983 747 3029 autem
798 2974 1101 3042 volitantes,
1149 2975 1605 3030 conversationem
1650 2976 1701 3029 in
1747 2974 1899 3030 oculis

313 3067 573 3124 habentes
595 3067 852 3143 (Philipp.
884 3083 940 3122 ιιι
961 3108 977 3134 ,
1005 3065 1097 3141 20)
1121 3109 1135 3134 ,
1158 3075 1216 3122 ut
1249 3083 1279 3122 a
1317 3067 1500 3123 labore
1527 3067 1818 3122 liberentur
1845 3067 1898 3120 in

313 3175 420 3230 quo
451 3160 610 3215 homo
653 3160 909 3215 nascitur.
957 3159 1136 3214 Secuti
1177 3169 1301 3214 sunt
1346 3159 1541 3228 quippe
1581 3172 1766 3213 vocem
1811 3157 1896 3211 di-

313 3253 482 3309 centis
509 3294 526 3322 ,
570 3251 744 3307 Venite
790 3252 858 3306 ad
901 3269 998 3318 me,
1042 3269 1211 3306 omnes
1256 3252 1342 3322 qui
1391 3251 1632 3306 laboratis
1684 3249 1894 3322 (Matth.

313 3360 390 3410 ιι,
430 3343 547 3414 28).
581 3343 812 3399 Possunt
853 3353 908 3400 et
955 3343 1082 3414 pulli
1123 3344 1349 3398 vulturis
1400 3344 1452 3398 in
1496 3344 1636 3398 malo
1677 3343 1897 3414 intelligi

312 3438 472 3494 aeriae
515 3445 833 3507 potestates,
874 3453 993 3508 quae
1035 3437 1320 3505 mortibus,
1365 3436 1470 3492 hoc
1511 3445 1594 3491 est
1641 3437 1893 3506 peccatis,

310 3538 618 3599 pascuntur.
647 3528 906 3596 Quoniam
937 3528 1237 3599 huiusmodi
1261 3529 1691 3598 prtevaricatores
1721 3529 1896 3600 angeli

309 3634 420 3675 non
449 3628 572 3676 sunt
592 3619 829 3694 perducti
847 3619 914 3673 ad
935 3619 1284 3674 humilitatem
1313 3619 1648 3674 mortalitatis
1669 3621 1895 3674 multum

310 3709 626 3765 laboriosam
648 3750 664 3775 ,
695 3710 749 3787 in
775 3724 878 3779 qua
921 3709 1082 3764 homo
1127 3709 1378 3773 nascitur,
1420 3709 1570 3764 valde
1606 3709 1681 3764 illi
1710 3724 1897 3781 supcr-

309 3787 480 3866 biunt,
503 3801 604 3857 hoc
624 3809 704 3858 est
719 3801 977 3857 altissime
1003 3801 1237 3856 volitant.
1272 3800 1372 3866 Qui
1392 3801 1477 3855 dat
1501 3802 1721 3873 pluviam
1745 3820 1898 3873 super

308 3893 490 3964 faciem
529 3901 675 3946 terra:
716 3909 734 3946 :
780 3901 1026 3961 tanquam
1071 3891 1446 3948 conﬁtentibus
1484 3893 1640 3949 faciat
1683 3895 1892 3950 miseri-

309 3985 568 4041 cordiam.
594 3984 661 4039 Ut
685 4002 783 4038 non
813 3985 967 4055 faciat
988 3998 1170 4038 manus
1193 4001 1365 4038 eorum
1384 3986 1660 4039 veritatem.
1683 3985 1798 4041 Non
1821 3986 1895 4040 fa-

235 4141 238 4144 ,
308 4079 452 4133 ciant
491 4077 632 4148 quod
675 4079 1009 4148 promittunt,
1045 4077 1308 4133 minantes
1331 4077 1605 4149 dominari
1645 4080 1892 4137 inﬁrmis.

309 4170 378 4224 In
401 4170 483 4224 die
518 4179 781 4225 occurrent
810 4170 912 4224 illis
941 4169 1154 4223 tenebra:
1196 4185 1215 4223 :
1255 4177 1312 4224 ut
1349 4169 1566 4239 Iudaeis,
1599 4173 1688 4242 qui
1718 4172 1895 4228 Domi-

309 4277 435 4316 num
461 4276 565 4316 non
587 4260 1082 4332 cognoveruntquis
1101 4268 1264 4316 esset.
1286 4260 1386 4314 Aut
1410 4270 1651 4332 tanquam
1678 4264 1731 4317 in
1749 4273 1893 4320 nocte

311 4353 589 4424 palpabunt
620 4354 675 4407 in
695 4353 900 4408 meridie
923 4368 941 4406 :
967 4352 1102 4407 sicut
1130 4351 1368 4407 videntes
1397 4355 1563 4424 signa,
1589 4362 1766 4410 tamen
1795 4355 1895 4410 du-

310 4444 480 4499 bitant
503 4444 739 4499 dicentes
765 4485 781 4510 ,
817 4442 1076 4514 Propheta
1111 4452 1215 4510 est;
1239 4443 1325 4497 alii
1351 4485 1365 4509 ,
1402 4443 1613 4498 Sedncit
1649 4445 1893 4516 populum

311 4532 488 4606 (Joan.
516 4549 610 4599 vn,
649 4535 718 4589 40
759 4533 849 4605 12)
882 4551 894 4587 :
925 4532 1137 4603 quando
1176 4549 1275 4588 nec
1302 4532 1367 4587 ad
1397 4533 1667 4588 lucernam
1713 4535 1894 4590 videre

309 4625 610 4680 voluerunt.
640 4624 705 4678 Et
744 4634 948 4696 pereant
984 4625 1038 4678 in
1083 4625 1211 4678 bello
1239 4639 1260 4678 :
1297 4625 1350 4678 in
1393 4625 1790 4680 tentationibus.
1825 4624 1894 4679 Et

309 4718 594 4788 egrediatur
639 4717 700 4770 de
744 4733 898 4768 manu
945 4716 1157 4789 potentis
1203 4715 1435 4783 inﬁrmus
1477 4731 1495 4768 :
1537 4714 1754 4769 diaboli.
1811 4715 1893 4770 Sit

307 4819 475 4864 autem
496 4810 700 4879 infirmo
729 4825 864 4879 spes.
895 4808 972 4862 llli
1001 4809 1144 4863 enim
1176 4806 1341 4862 fortes
1365 4823 1482 4862 rem
1515 4807 1601 4862 hic
1624 4816 1888 4878 quaerunt.

309 4901 493 4956 Beatus
520 4911 690 4955 autent
727 4901 800 4954 vir
823 4916 968 4971 quem
1000 4899 1166 4969 arguit
1200 4897 1468 4952 Dominus.
1510 4899 1565 4952 In
1609 4897 1710 4953 hoc
1748 4899 1888 4953 enim

308 5002 473 5057 errat,
515 4993 639 5063 quia
666 4992 872 5047 videtur
891 4992 992 5047 sibi
1023 4991 1123 5046 Job
1151 4991 1166 5021 ³
1185 5032 1199 5056 ,
1231 4990 1352 5061 quia
1390 4991 1750 5060 iniquitatibus
1780 4992 1892 5048 suis

309 5084 423 5139 lucc
454 5084 704 5154 patiatur,
733 5098 854 5138 cum
879 5098 944 5138 ex
971 5081 1073 5136 hoc
1101 5081 1288 5137 beatus
1316 5082 1403 5147 sit,
1434 5081 1555 5153 quia
1581 5082 1634 5137 in
1660 5081 1761 5138 hac
1785 5083 1890 5138 vita

306 5192 426 5232 cum
457 5177 718 5248 arguitur,
743 5175 902 5231 habet
937 5175 1237 5246 corrigendi
1267 5175 1693 5246 possibilitatem.
1736 5174 1805 5229 Et
1837 5176 1891 5231 in

306 5269 517 5338 septimo
558 5285 657 5322 non
687 5277 734 5322 te
771 5275 938 5339 tanget
977 5266 1189 5320 malum.
1229 5267 1630 5322 Sacramentum
1663 5267 1888 5323 sabbati.

308 5356 375 5414 In
405 5361 542 5428 fame
566 5368 612 5414 te
639 5359 867 5414 liberabit
890 5377 922 5412 a
946 5368 1120 5414 morte.
1152 5359 1329 5414 Verbo
1352 5359 1495 5414 enim
1522 5361 1653 5427 alit,
1683 5369 1738 5416 et
1767 5361 1892 5418 facit

307 5450 522 5506 ﬁrmum
553 5450 618 5505 ad
651 5451 990 5506 tentationes.
1031 5449 1097 5503 In
1136 5449 1311 5520 prwlio
1340 5465 1453 5503 vero
1489 5449 1552 5502 de
1589 5467 1743 5504 manu
1769 5452 1893 5522 ferri

306 5542 465 5597 solvet
501 5552 547 5597 te
578 5541 684 5598 :de
710 5550 974 5613 potestate
1014 5541 1369 5596 vinculorum.
1409 5541 1454 5594 Α
1480 5542 1684 5614 ﬂagello
1704 5543 1892 5615 lingua.-

311 5768 488 5880 “tu,
503 5772 610 5820 Mss.
634 5768 830 5819 habent.
847 5765 967 5819 mliti
983 5778 1122 5826 vero,
1141 5763 1329 5817 videtur
1345 5764 1436 5819 sibi
1455 5765 1582 5832 quod
1607 5766 1692 5818 Job
1714 5765 1889 5832 imqtd~

1759 381 1966 444 LlBER
2004 385 2200 446 UNUS.

3506 399 3612 456 850

2027 502 2296 559 abscondet
2309 514 2356 558 te
2372 521 2390 560 :
2407 520 2474 561 ne
2498 507 2693 564 sentias
2709 508 3088 574 contumelias;
3107 524 3211 564 non
3240 524 3306 564 ne
3328 509 3542 580 patiaris
3561 513 3605 567 ι.

2024 592 2254 665 Iniustos
2281 604 2328 651 et
2346 597 2545 668 iniquos
2572 598 2821 655 deridebis
2843 616 2863 655 :
2889 607 2946 656 ut
2972 601 3228 671 sapientia
3255 601 3604 671 perditionem

2025 684 2327 754 iniquorum
2364 687 2605 744 irridebit
2646 688 2825 761 (Prov.
2861 707 2899 758 ι,
2936 691 3054 764 26).
3097 692 3164 746 Et
3195 696 3382 763 feroces
3421 691 3602 748 bestias

2025 790 2125 828 non
2153 776 2345 831 timebis
2376 793 2394 831 :
2421 777 2473 832 id
2511 787 2627 843 est,
2671 781 2888 837 Judaeos
2931 797 3037 837 non
3082 783 3325 850 timebis;
3355 784 3476 854 quia
3511 783 3604 840 tibi

2024 866 2223 923 Gentes
2245 868 2550 924 obaudient.
2584 869 2710 927 Haec
2745 881 2919 928 autem
2949 872 3017 928 de
3044 873 3269 928 Domino
3297 873 3604 944 accipienda

2022 969 2164 1014 sunt.
2184 960 2402 1031 Eliphaz
2423 961 2510 1016 hic
2526 971 2687 1030 errat,
2710 965 2832 1033 quia
2854 973 3002 1035 putat
3025 964 3091 1020 de
3115 965 3216 1021 Job
3237 965 3598 1037 intelligenda,

2021 1065 2139 1120 quas
2165 1051 2213 1105 ei
2242 1053 2472 1106 revelata
2515 1063 2659 1118 sunt,
2697 1068 2818 1108 cum
2858 1063 3024 1109 totum
3053 1056 3279 1111 Domino
3313 1064 3600 1128 competat.

2025 1141 2158 1207 Quia
2185 1161 2300 1197 cum
2332 1144 2584 1215 lapidibus
2612 1146 2721 1216 agri
2761 1145 2962 1200 habebis
2988 1147 3170 1217 flectus.
3199 1147 3423 1218 Lapides
3452 1149 3600 1220 agri,

2021 1235 2140 1303 quia
2173 1236 2225 1288 in
2253 1235 2509 1292 Gentibus
2548 1239 2689 1293 nulla
2719 1239 2982 1294 ordinatio
3011 1239 3165 1311 chis
3194 1239 3294 1295 fuit
3319 1281 3334 1306 ,
3364 1250 3421 1296 ut
3446 1243 3598 1312 quasi

2019 1326 2086 1381 de
2121 1327 2344 1384 aediﬁcio
2385 1329 2589 1399 lapides
2628 1341 2830 1391 essent.
2863 1330 3048 1388 Bestia:
3086 1333 3218 1386 enim
3257 1336 3376 1404 fera:
3410 1341 3602 1403 pacata:

2019 1430 2162 1473 erunt
2183 1420 2290 1475 tibi.
2328 1422 2452 1478 Sive
2481 1422 2547 1477 de
2587 1423 2808 1491 Judaeis,
2845 1424 2958 1479 sive
2995 1424 3062 1480 de
3093 1423 3368 1481 Gentibus.
3407 1425 3602 1480 Deinde

2017 1514 2142 1568 scies
2170 1514 2304 1585 quod
2332 1515 2383 1568 in
2415 1532 2537 1586 pace
2557 1517 2650 1570 erit
2679 1516 2857 1570 domus
2881 1526 2966 1570 tua
2994 1533 3012 1570 :
3037 1514 3089 1571 id
3113 1528 3214 1583 est,
3247 1517 3501 1572 Ecclesia.
3533 1517 3602 1572 Et

2017 1605 2114 1674 ﬁlii
2128 1607 2202 1661 tui
2229 1619 2371 1662 erunt
2400 1617 2636 1679 tanquam
2662 1610 2823 1665 omnis
2845 1610 2996 1664 herba
3019 1610 3071 1664 in
3100 1626 3277 1682 campo
3305 1625 3324 1664 :
3349 1609 3466 1665 sine
3493 1609 3600 1664 ari-

2016 1697 2201 1754 ditate.
2224 1698 2292 1754 Et
2313 1701 2474 1755 venies
2499 1702 2552 1755 in
2573 1703 2860 1773 sepulcrum
2887 1713 3126 1772 tanquam
3155 1706 3460 1773 frumentum
3483 1719 3595 1755 ma-

2017 1797 2185 1842 turant
2209 1803 2228 1843 :
2253 1798 2372 1858 post
2395 1791 2714 1860 passionem.
2739 1791 2870 1845 Ecce
2893 1791 3000 1845 hau:
3020 1792 3092 1844 ita
3112 1792 3480 1858 exquisivimus.
3503 1790 3599 1847 llic

2013 1880 2305 1934 auctoritas
2340 1881 2498 1950 hujus
2528 1883 2821 1952 pr0phetize
2845 1881 3208 1936 confirmatur.
3236 1882 3310 1935 Tu
3333 1899 3446 1936 vero
3471 1883 3598 1936 scito

2015 1973 2360 2041 temetipsum,
2406 1973 2527 2042 quid
2553 1974 2732 2043 egeris.
2777 1973 2893 2027 Non
2931 1972 3074 2027 enim
3117 1973 3311 2042 injuste
3353 1971 3468 2028 lucc
3504 1973 3594 2028 tibi

2013 2063 2153 2117 Deus
2179 2065 2421 2133 permisit
2445 2064 2708 2119 accidere.

2082 2150 2181 2224 [lb.
2213 2152 2310 2226 γι]
2339 2154 2504 2209 Verba
2535 2153 2781 2224 Job.iSed
2805 2162 2856 2207 ut
2882 2154 3094 2219 videtur,
3125 2153 3272 2208 verba
3298 2162 3412 2207 sunt
3438 2153 3592 2206 mala.

2010 2242 2125 2297 Non
2151 2244 2290 2298 enim
2320 2245 2478 2299 verba
2517 2243 2618 2300 Job
2643 2245 2710 2300 de
2740 2244 3064 2314 impatientia
3092 2254 3210 2299 sunt
3241 2244 3592 2315 ﬂagellorum,

2011 2350 2131 2390 cum
2175 2335 2475 2406 significent
2519 2335 2793 2403 dolorem,
2823 2351 2926 2390 non
2964 2335 3284 2404 peculiarem
3328 2335 3449 2400 Job,
3497 2334 3589 2390 sed

2009 2443 2168 2497 quem
2200 2427 2382 2482 habuit
2415 2427 2481 2482 de
2517 2428 2661 2481 omni
2691 2443 2888 2498 genere
2925 2427 3176 2482 humano.
3219 2425 3431 2496 Sagitta:
3458 2426 3590 2478 enim

2009 2519 2216 2574 Domini
2243 2519 2297 2572 in
2333 2535 2542 2589 corpore
2567 2536 2674 2572 meo
2695 2527 2830 2573 sunt.
2859 2518 3029 2572 Verba
3063 2516 3174 2582 Dei,
3203 2516 3390 2586 quibus
3414 2514 3589 2568 anima

2008 2609 2367 2679 transﬁgitur,
2404 2624 2524 2663 cum
2564 2610 2769 2680 cogitur
2803 2607 2870 2662 ad
2907 2593 3317 2663 confessionem.
3364 2606 3585 2671 Quarum

2008 2703 2152 2773 furor
2179 2702 2297 2754 bibit
2329 2700 2626 2771 sanguinem
2654 2717 2837 2754 meum.
2869 2699 3085 2753 Tollunt
3110 2697 3250 2753 enim
3286 2705 3588 2769 peccatum.

2008 2793 2132 2845 Cum
2165 2792 2296 2845 enim
2324 2791 2510 2862 incipio
2541 2791 2712 2860 loqui,
2745 2791 3003 2846 stimulant
3029 2807 3124 2844 me.
3156 2788 3473 2855 Quod'cnint
3504 2788 3586 2842 lo-

2004 2899 2159 2954 quor,
2190 2884 2290 2938 illa:
2319 2891 2533 2952 cogunt.
2567 2881 2701 2947 Quid
2722 2881 2894 2935 enim?
2922 2879 3164 2952 numquid
3185 2879 3374 2950 frustra
3401 2894 3588 2948 onager

2004 2974 2260 3039 clamabit,
2289 2973 2385 3025 nisi
2395 2988 2558 3026 escam
2580 2970 2880 3041 requirens?
2902 2981 2957 3024 ιιι
2973 2970 3094 3023 inde
3116 2967 3309 3023 famem
3335 2969 3580 3038 patiatur,

2004 3065 2126 3134 quia
2155 3064 2288 3118 liber
2318 3077 2437 3117 esse
2472 3061 2659 3116 voluit.
2701 3061 2799 3113 Aut
2824 3061 2910 3114 bos
2941 3059 3162 3129 mugiet,
3185 3074 3300 3110 cum
3329 3057 3506 3110 habeat
3532 3057 3586 3109 in

2003 3155 2216 3224 prresepi
2241 3153 2412 3208 cibos?
2439 3153 2600 3207 Asino
2612 3151 2808 3206 cibaria
2826 3149 3007 3204 labore
3025 3149 3174 3203 bovis
3196 3156 3585 3218 prteparantur,

2002 3248 2138 3302 sicut
2163 3246 2422 3302 Gentibus
2462 3245 2641 3299 labore
2686 3243 3071 3312 Prophetarum
3098 3250 3153 3297 et
3183 3240 3582 3311 Apostolorum,

2001 3340 2091 3410 qui
2137 3341 2318 3409 utique
2361 3337 2797 3394 Judeei'fucrunt.
2843 3336 3024 3406 Itaque
3059 3335 3176 3391 haec
3215 3335 3372 3390 Verba
3406 3333 3581 3388 cibum

2000 3429 2350 3486 desiderantis
2385 3440 2542 3495 sunt,
2585 3427 2635 3482 id
2673 3436 2754 3483 est
2784 3427 3063 3494 auxilium,
3111 3441 3216 3479 non
3261 3424 3584 3494 impatientis

1999 3521 2064 3576 ad
2095 3521 2353 3576 dolorem.
2376 3518 2639 3589 Numquid
2661 3526 2818 3588 potest
2845 3518 2952 3572 sine
2977 3517 3083 3571 sale
3103 3515 3183 3570 edi
3208 3516 3353 3586 panis
3376 3516 3400 3568 ?
3425 3513 3584 3581 Quasi

1999 3616 2048 3670 ei
2076 3614 2364 3681 diceretur,
2396 3613 2500 3669 Cur
2528 3611 2605 3666 sic
2647 3626 2709 3666 ea
2741 3626 2835 3682 per
2858 3610 3048 3680 ﬁguras
3076 3609 3246 3664 dicis?
3276 3606 3578 3676 respondet,

1999 3707 2120 3776 quia
2143 3706 2185 3761 si
2214 3722 2276 3761 ex
2301 3719 2525 3774 persona
2556 3718 2649 3758 sua
2679 3718 2740 3758 ea
2769 3701 3003 3766 diceret,
3034 3700 3230 3754 insulsa
3255 3707 3453 3753 essent.
3482 3696 3583 3751 Aut

1999 3808 2071 3853 est
2092 3815 2246 3865 sapor
2274 3798 2328 3850 in
2350 3795 2660 3850 sermonibus
2688 3794 2869 3848 vanis?
2890 3793 3067 3848 Vanos
3099 3807 3378 3847 sermones
3407 3790 3584 3845 homi-

1998 3907 2126 3946 num
2155 3890 2318 3956 dicit;
2350 3888 2470 3959 quia
2495 3887 2646 3958 panis
2669 3885 2829 3941 verba
2856 3884 2956 3952 Deij
2981 3891 3124 3950 sunt,
3155 3883 3251 3939 sed
3292 3882 3442 3952 panis
3468 3897 3581 3938 ete-

1997 3981 2168 4036 lestis.
2198 3980 2287 4036 Sic
2311 3996 2401 4033 nec
2429 3979 2600 4032 anima
2627 3993 2736 4030 mea
2758 3983 2913 4048 potest
2934 3991 3143 4029 cessare.
3172 3973 3449 4040 Quomodo
3475 3987 3584 4027 non

1999 4080 2174 4143 potest
2198 4069 2315 4125 sine
2343 4070 2455 4124 sale
2485 4068 2570 4123 edi
2598 4068 2766 4138 panis,
2797 4068 2873 4120 sic
2904 4081 3043 4120 nunc
3068 4066 3414 4120 ministerium
3445 4080 3583 4134 prm-

1997 4161 2100 4217 bco
2127 4161 2290 4216 verbo
2329 4160 2456 4224 Dei;
2499 4167 2713 4229 propter
2743 4156 2868 4210 illud
2893 4196 2909 4223 ,
2942 4155 3204 4220 Quomodo
3235 4155 3438 4208 audient
3475 4155 3585 4208 sine

1999 4254 2304 4325 praedicante
2334 4251 2508 4325 (Rom.
2540 4267 2595 4315 Χ,
2635 4247 2754 4322 Li)?
2780 4247 2991 4303 Fetidas
3020 4249 3151 4300 enim
3181 4264 3317 4300 escas
3348 4264 3480 4300 meas
3505 4248 3580 4300 vi-

1998 4345 2093 4400 deo
2118 4346 2245 4398 sicut
2271 4355 2342 4397 est
2385 4343 2512 4396 odor
2542 4342 2720 4395 leonis.
2758 4339 2890 4394 Nam
2921 4338 3079 4392 verba
3116 4353 3232 4392 mea
3263 4335 3424 4392 fetida
3455 4346 3583 4391 sunt

1996 4437 2134 4490 sicut
2155 4436 2237 4490 leo
2267 4452 2279 4487 :
2315 4434 2395 4487 vel
2425 4441 2647 4502 promer
2670 4430 2993 4499 superbiam,
3027 4443 3120 4498 per
3139 4444 3295 4498 quam
3319 4428 3585 4498 jactantes

1996 4535 2212 4597 putent;
2242 4525 2324 4579 vel
2370 4532 2585 4594 propter
2615 4521 2755 4591 quod
2797 4520 3160 4589 amplexantes
3201 4519 3464 4585 carnalia,
3503 4518 3576 4574 fe-

1999 4626 2170 4671 torem
2212 4614 2382 4668 leonis
2426 4613 2640 4676 habent,
2692 4611 2782 4679 qui
2839 4611 3068 4680 propriis
3114 4609 3288 4664 verbis
3325 4609 3577 4678 gaudent.

2001 4706 2150 4774 Quod
2177 4707 2218 4760 si
2248 4705 2348 4772 det,
2375 4715 2422 4759 et
2457 4705 2478 4735 ³
2509 4703 2671 4756 veniat
2703 4702 2976 4774 postulatio
3004 4719 3134 4756 mea.
3164 4701 3580 4757 Postulationcm

1995 4797 2144 4866 dicit,
2164 4811 2276 4852 rem
2306 4810 2463 4865 quam
2489 4792 2721 4864 petebat.
2753 4791 2820 4846 Et
2845 4809 2984 4864 spem
3014 4809 3174 4845 meam
3200 4792 3281 4846 det
3305 4791 3552 4846 Dominus

1997 4891 2086 4947 Sic
2113 4890 2254 4946 enim
2280 4887 2556 4944 conﬁdens
2584 4887 2653 4942 ob
2679 4901 2828 4956 spem
2867 4894 2986 4955 post
3027 4885 3418 4939 tribulationem
3450 4900 3579 4939 ven-

1997 4992 2130 5038 turae
2157 4979 2567 5045 consolationis,
2609 4986 2907 5048 opportune
2946 4985 3199 5030 tentatur.
3228 4976 3370 5030 Bene
3399 4983 3577 5029 autem

1995 5089 2144 5146 spem
2174 5073 2330 5138 dicit;
2363 5074 2486 5142 quia
2527 5086 2646 5126 cum
2678 5085 2764 5125 res
2801 5069 3007 5124 venerit
3030 5110 3045 5133 ,
3068 5068 3176 5137 jam
3210 5067 3429 5122 tentatio
3467 5082 3577 5123 non

1995 5169 2097 5223 erit
2122 5165 2442 5233 necessaria,
2473 5165 2554 5219 Sit
2578 5164 2698 5217 mihi
2718 5163 2893 5217 civitas
2919 5162 3226 5231 sepulcrum,
3259 5177 3408 5232 super
3433 5163 3579 5230 cujus

1996 5273 2166 5312 muros
2191 5255 2453 5311 saliebam.
2488 5253 2805 5310 Societatem
2835 5252 2979 5305 illam
3004 5251 3307 5321 Babylonia)
3335 5251 3446 5303 vult
3477 5250 3579 5305 sibi

1941 5349 1947 5358 ”
1995 5348 2302 5420 sepulcrum
2349 5365 2361 5401 :
2399 5361 2507 5402 non
2546 5355 2602 5400 ut
2645 5361 2767 5401 eum
2811 5345 3022 5410 obruat,
3049 5341 3143 5396 sed
3185 5350 3244 5396 ut
3286 5342 3418 5396 sciat
3459 5343 3577 5413 quia

1997 5451 2235 5496 mortuos
2263 5439 2389 5510 tegit
2415 5439 2735 5508 quicumque
2761 5436 2812 5490 in
2842 5436 2927 5490 illa
2956 5433 3166 5497 fuerint,
3189 5433 3256 5488 de
3284 5433 3434 5503 cujus
3464 5442 3579 5487 tan-

1994 5547 2152 5603 quam
2201 5530 2639 5609 ﬁrmamento'et
2689 5526 2980 5580 munimine
3038 5523 3398 5592 superbiebat.
3453 5522 3580 5577 Non

2059 5637 2648 5736 igﬂihii'gmpatieris
2668 5636 2867 5702 injustas
2879 5643 2973 5688 etc.
2995 5633 3021 5687 ?
3042 5642 3098 5686 At
3118 5615 3409 5696 Mss.,n'onue
3430 5635 3563 5700 patia

1994 5717 2065 5756 ras
2082 5708 2105 5754 γ
2124 5708 2342 5765 Infestos,
2367 5709 2461 5751 etc.

2060 5770 2079 5798 ¹
2105 5766 2224 5815 Β(ὶὶιὶ
2243 5779 2352 5814 eum
2370 5763 2568 5825 Vulgata
2593 5775 2605 5810 :
2629 5760 2831 5821 Quisdet
2853 5758 2944 5814 ut?
2965 5766 3019 5812 At
3033 5765 3159 5811 Ilss.:
3187 5759 3320 5822 Quod
3343 5757 3386 5812 si
3409 5757 3488 5811 det
3509 5766 3571 5811 er.

1997 5828 2130 5884 Apud
2155 5834 2280 5886 LXX,
2307 5825 2348 5877 si
2370 5824 2592 5875 minute!
2613 5829 2675 5874 et.
