4110 6458
570 495 797 552 parcam.
840 475 959 531 Non
994 476 1126 530 enim
1165 475 1395 529 mentitus
1441 488 1554 526 sum
1589 487 1608 526 :
1648 469 1794 525 verba
1830 477 1944 524 sunt
1972 477 2148 522 sancta

571 571 665 624 Dei
692 570 810 624 mei.
840 568 972 635 Quia
999 584 1107 622 non
1141 566 1242 620 alia
1271 565 1405 620 dixit
1441 577 1598 633 quam
1637 561 1840 615 audivit
1868 577 1898 614 a
1925 560 2056 613 Deo.
2089 558 2146 612 Id

570 668 654 713 cst
691 660 760 713 de
790 657 1004 714 homine
1031 656 1350 727 generaliter
1384 651 1772 723 pr0phetantis,
1800 650 1923 720 quia
1951 649 2147 703 auxilio

571 749 773 818 indiget
789 749 839 802 in
857 748 1210 803 confessione.
1234 746 1361 811 Qua:
1379 755 1450 799 est
1462 745 1593 799 enim
1608 745 1764 797 virtus
1781 759 1908 807 mea,
1929 741 2150 808 utsu/I'e-

569 839 722 892 ram?
751 837 901 906 Quod
931 837 1258 908 signiﬁcabat
1280 837 1474 890 vulnus
1500 834 1634 904 ejus.
1664 835 1764 887 Aut
1793 833 1927 905 quod
1955 842 2147 900 tempus

568 946 752 996 nteant,
778 939 830 982 ut
859 930 1099 983 sustineat
1121 929 1291 981 anima
1310 927 1460 982 utea?
1484 925 1618 993 Quia
1645 926 1955 978 imminente
1975 923 2166 976 morte'

527 1058 537 1069 .
569 1028 835 1074 terrentur
870 1019 1132 1085 homines,
1179 1025 1238 1072 ut
1279 1025 1676 1082 convertantur,
1705 1025 1760 1070 et
1796 1014 2149 1069 conﬁteantur

569 1088 680 1164 Deo
709 1109 1040 1179 putredinem
1068 1118 1404 1178 peccatorum
1423 1149 1437 1173 ,
1465 1108 1615 1178 cujus
1643 1107 2068 1162 consideratione
2089 1120 2147 1160 se

567 1198 698 1253 dicit
724 1199 839 1268 cogi
873 1199 940 1252 ad
973 1199 1379 1253 confessionem.
1416 1196 1681 1267 Numquid
1721 1198 1878 1250 virtus
1919 1197 2146 1267 lapidum

568 1288 725 1342 virtus
752 1289 903 1342 mea?
931 1288 1101 1342 Duros
1127 1297 1181 1342 et
1210 1286 1837 1358 impenetrabilesjaenlis
1863 1287 2146 1341 verborum

569 1377 688 1446 Dei,
718 1377 805 1447 qui
853 1393 958 1431 non
1002 1387 1281 1433 moventur
1309 1379 1375 1432 ad
1405 1378 1783 1433 conﬁtendum.
1825 1379 1922 1431 Aut
1961 1393 2060 1430 non
2094 1377 2147 1430 in

568 1467 679 1536 ipso
719 1468 1049 1535 conﬁdebam,
1093 1485 1206 1522 cum
1253 1469 1374 1522 milii
1415 1469 1536 1522 bene
1578 1478 1700 1523 esset
1747 1484 1765 1521 :
1806 1469 1858 1523 id
1895 1476 1996 1533 est,
2025 1482 2144 1522 cum

570 1573 744 1613 essem
775 1558 1087 1614 immortalis
1116 1558 1183 1613 ad
1222 1559 1505 1629 imaginem
1548 1559 1662 1614 Dei.
1703 1558 1808 1613 Sed
1835 1558 2148 1627 adjutorium

572 1664 606 1701 a
631 1665 710 1702 me
733 1650 951 1703 recessit.
975 1649 1165 1703 Factus
1193 1650 1432 1703 mortalis
1453 1649 1636 1704 volens
1662 1650 1712 1703 in
1745 1663 1830 1703 me
1854 1648 2144 1703 conlidere.

570 1738 642 1792 Et
674 1741 888 1794 visitatio
927 1740 1130 1794 Domini
1169 1757 1247 1794 me
1270 1741 1516 1810 despexit.
1554 1740 1854 1796 Secundum
1893 1739 2033 1810 quod
2061 1738 2146 1794 di-

571 1840 716 1885 ctum
755 1839 858 1899 est,
905 1833 1006 1885 Aut
1051 1833 1190 1901 ﬁlius
1234 1833 1491 1897 hominis,
1534 1832 1768 1902 quoniam
1810 1831 1981 1895 visit‘as
2033 1845 2146 1883 eum

573 1922 746 1995 (Psal.
793 1940 905 1988 VIII,
1067 1924 1349 1994 Pmpinqui
1399 1924 1496 1978 mei
1542 1940 1642 1977 non
1689 1931 2010 1993 respexerunt
2045 1939 2143 1976 me.

571 2016 766 2070 Iiorrui
809 2015 1044 2084 Angelis.
1091 2013 1356 2084 Tanquam
1397 2023 1589 2068 torrens
1631 2014 1884 2082 deﬁciens.
1937 2013 2145 2068 Miseri-

571 2105 752 2161 cordia
791 2105 933 2159 enim
963 2105 1248 2176 aliquando
1285 2105 1557 2161 inundavit
1594 2120 1712 2173 me;
1753 2113 1808 2159 et
1837 2104 2064 2175 siccavi,
2095 2115 2150 2162 et

570 2213 677 2253 non
717 2197 791 2251 l'ui
846 2198 977 2251 mihi
1005 2197 1142 2253 fons.
1179 2198 1280 2251 Aut
1319 2199 1446 2252 sicut
1475 2199 1656 2267 ﬂuctus
1692 2198 1997 2254 transierunt
2025 2216 2102 2253 me
2130 2215 2148 2252 :

571 2297 823 2358 tanquam
851 2289 958 2342 sint
983 2288 1374 2342 consolationes
1404 2296 1580 2356 potus.
1611 2288 1710 2354 Qui
1743 2306 1823 2344 me
1843 2291 2143 2354 metuebant,

575 2394 709 2431 nunc
743 2379 996 2432 irruerunt
1020 2394 1170 2447 super
1197 2393 1275 2431 me
1308 2393 1327 2431 :
1350 2377 1591 2432 diabolus
1619 2393 1742 2432 cum
1780 2379 1982 2450 angelis
2016 2378 2144 2432 suis.

572 2466 737 2534 Perii,
767 2477 813 2521 et
837 2467 980 2521 exsul
1007 2472 1070 2521 de
1089 2467 1235 2520 domo
1260 2483 1371 2520 mea
1389 2469 1553 2539 factus
1572 2484 1685 2522 sum
1713 2485 1731 2521 :
1751 2476 1842 2522 aut
1868 2469 1934 2522 de
1955 2468 2150 2522 habita-

573 2557 720 2612 tione
749 2559 973 2624 caalesti,
1001 2566 1092 2612 aut
1120 2557 1186 2612 de
1215 2553 1560 2613 conscientia.
1592 2558 1796 2614 Idcirco
1833 2559 1972 2612 foras
1999 2568 2147 2613 extra

577 2646 794 2702 domum
823 2662 970 2702 suam
998 2647 1233 2701 sedebat.
1250 2645 1369 2700 Vias
1399 2646 1774 2702 Tltemanorum
1800 2648 1978 2714 videte,
2001 2649 2149 2700 semi-

572 2745 650 2791 tas
676 2738 969 2792 Sabaeorum
989 2739 1270 2792 intuemini.
1299 2739 1424 2794 Illos
1447 2739 1728 2808 signiﬁcat,
1756 2740 1843 2809 qui
1863 2739 1913 2792 in
1937 2747 2146 2808 tempo-

572 2826 769 2880 ralibus
781 2827 1072 2894 conﬁdunt,
1094 2827 1161 2882 de
1186 2828 1379 2897 quibus
1404 2843 1480 2895 se,
1506 2829 1556 2884 id
1583 2838 1684 2895 est,
1709 2829 1975 2884 hominem
1993 2845 2149 2899 quem

575 2917 858 2987 signiﬁcat,
895 2919 1022 2974 dicit
1049 2935 1154 2973 non
1201 2935 1546 2990 praisumere.
1586 2921 1742 2976 Nunc
1780 2932 1946 2976 autem
1983 2932 2030 2976 et
2065 2939 2150 2978 vos

575 3006 917 3063 insurrexistis
957 3012 1009 3063 in
1043 3027 1122 3065 me
1153 3011 1262 3065 sine
1290 3013 1631 3067 misericordia
1662 3029 1680 3067 :
1707 3023 1950 3083 putantes
1984 3015 2152 3070 beati-

577 3097 814 3153 tudinem
845 3099 1114 3156 hominum
1133 3144 1149 3171 ,
1183 3103 1227 3158 si
1257 3104 1554 3158 carnalibus
1581 3105 1865 3160 abundent.
1895 3106 2028 3173 Quia
2066 3107 2150 3162 in-

575 3187 860 3254 sultabant,
895 3191 1070 3260 potius
1097 3208 1253 3261 quam
1282 3193 1754 3263 compatiebantur.
1793 3195 1899 3250 Sed
1931 3197 2151 3254 videntes

575 3280 754 3333 vulnus
781 3297 975 3346 meum,
1003 3283 1188 3338 timete.
1228 3284 1584 3354 Intelligentes
1613 3285 1738 3356 quid
1763 3286 2052 3357 signiﬁcet,
2084 3290 2150 3343 ti-

575 3378 716 3424 mete
740 3370 940 3425 futuras
977 3387 1182 3440 poenas.
1222 3374 1356 3439 Quid
1382 3375 1552 3429 enim?
1575 3376 1816 3445 numquid
1847 3377 2042 3448 aliquid
2067 3395 2151 3434 vos

575 3462 734 3530 petii?
771 3473 857 3516 aut
892 3465 1187 3534 fortitudine
1222 3476 1383 3519 vestra
1421 3467 1656 3537 indigeo?
1694 3467 1826 3534 Quia
1873 3483 2052 3525 coram
2085 3487 2151 3527 eo

577 3551 820 3608 inﬁrmus
858 3565 962 3621 est,
1000 3556 1086 3624 qui
1117 3571 1237 3610 eum
1280 3565 1454 3625 potest
1493 3559 1716 3614 salvere.
1749 3559 1938 3616 Docete
1973 3579 2073 3632 me,
2104 3573 2162 3635 et,

574 3660 666 3714 ego
685 3645 1032 3700 obmutescam.
1059 3648 1259 3704 Idcirco
1280 3650 1421 3704 enim
1442 3651 1699 3720 patientes
1721 3652 2015 3710 debuerunt
2029 3671 2151 3712 esse

573 3735 642 3789 ad
683 3736 975 3790 doctrinam
1022 3739 1157 3808 ejus,
1191 3743 1311 3810 quia
1357 3742 1456 3811 ipsi
1501 3758 1621 3797 eum
1666 3743 1860 3800 docere
1904 3761 2009 3800 non
2051 3762 2149 3817 po-

574 3831 768 3881 terant.
800 3827 923 3894 Sed,
955 3840 1008 3882 ut
1036 3831 1206 3896 video,
1233 3849 1388 3901 parva
1416 3835 1516 3887 veri
1545 3835 1760 3891 hominis
1788 3837 1935 3890 verba
1962 3838 2146 3894 dicitis.

575 3919 709 3974 Eum
736 3920 861 3977 dicit
889 3939 1070 3979 verum
1107 3925 1375 3982 hominem
1399 3971 1414 3996 ,
1442 3929 1531 3998 qui
1568 3945 1848 3999 personam
1887 3930 2150 4001 signiﬁcat

573 4011 778 4079 agentis
812 4015 1171 4083 paenitentiam
1195 4059 1209 4085 ,
1249 4019 1598 4074 conversione
1635 4019 1701 4073 ad
1743 4021 1909 4076 Deum
1932 4063 1947 4088 ,
1995 4021 2146 4091 cujus

574 4113 736 4168 parva
756 4103 914 4158 verba
939 4105 1204 4161 dicebant.
1231 4107 1351 4162 Non
1372 4110 1504 4162 enim
1525 4125 1555 4161 a
1579 4110 1715 4164 vobis
1740 4112 1983 4164 auxilium
2010 4121 2143 4181 peto.

573 4189 746 4247 Verus
785 4194 924 4249 enim
969 4196 1127 4252 homo
1167 4213 1198 4252 a
1236 4198 1347 4253 Deo
1387 4196 1520 4268 petit
1557 4201 1832 4256 auxilium.
1871 4202 1964 4256 Ille
2002 4203 2142 4258 enim

570 4296 730 4340 verus
749 4293 830 4340 est
852 4287 938 4356 qui
968 4290 1266 4344 conlitctur.
1291 4290 1441 4346 Unde
1466 4299 1566 4355 est,
1594 4292 1692 4358 Qui
1717 4295 1838 4364 facit
1866 4295 2140 4361 veritatem,

569 4376 703 4429 venit
739 4377 807 4430 ad
844 4379 1003 4432 lucem
1041 4380 1216 4450 (Joan.
1256 4399 1342 4447 III,
1370 4383 1483 4454 21).
1517 4383 1692 4456 Neque
1726 4386 1861 4439 enim
1901 4387 2142 4441 elocutio-

570 4479 685 4518 nem
709 4469 950 4522 sermonis
977 4471 1125 4523 vestri
1147 4472 1414 4526 sustinebo.
1446 4473 1538 4527 Dei
1566 4474 1706 4528 enim
1737 4489 1795 4529 se
1818 4475 2140 4532 locutionem

569 4553 708 4608 dixit
731 4557 1012 4623 sustinere,
1037 4575 1135 4629 qua
1161 4560 1471 4618 instruatur.
1511 4562 1854 4618 Verumtamen
1870 4581 2021 4634 super
2043 4583 2140 4636 pu-

570 4642 750 4711 pillum
780 4645 795 4675 ¹
820 4645 1056 4701 irruistis.
1081 4649 1230 4714 Quod
1255 4651 1319 4704 ad
1339 4667 1431 4707 vos
1462 4655 1710 4722 pertinet,
1740 4655 1992 4710 insultare
2011 4655 2140 4710 mihi

571 4731 817 4787 voluistis
839 4776 854 4800 ,
885 4737 1124 4804 quamvis
1157 4755 1263 4794 non
1299 4741 1667 4799 intellexeritis
1692 4745 1818 4815 quid
1857 4745 2137 4816 signiﬁcet.

568 4822 701 4891 Quia
728 4840 896 4894 neque
920 4827 1039 4894 Job,
1061 4844 1218 4898 quem
1236 4832 1507 4901 videbant,
1531 4836 1786 4891 insultare
1810 4835 2137 4906 debuerant;

567 4913 718 4982 ideo,
760 4914 1108 4972 Verumtamen
1146 4921 1188 4973 ³.
1229 4920 1382 4976 Nunc
1414 4932 1580 4978 autem
1615 4925 1931 4996 inspicientes
1969 4939 2142 4983 vacate

566 5006 738 5060 mihi:
779 5023 884 5062 non
929 5009 1182 5067 habentes
1222 5013 1365 5083 quod
1401 5029 1488 5070 me
1529 5015 1784 5072 doceatis.
1825 5015 1893 5071 Et
1935 5035 2138 5074 rursum

563 5099 774 5169 iustitia:
808 5101 1045 5156 adestote.
1083 5103 1214 5171 Quia
1251 5105 1421 5176 primo
1455 5107 1769 5164 videbantur
1808 5109 1907 5164 sibi
1933 5111 2137 5180 justitia

562 5191 678 5261 cogi
703 5191 768 5245 ad
798 5191 1138 5262 loquendum.
1170 5195 1291 5251 Non
1316 5207 1388 5252 est
1406 5199 1536 5253 enim
1556 5200 1608 5254 in
1628 5217 1714 5254 ore
1737 5218 1845 5255 meo
1864 5202 2137 5272 iniquitas;

560 5290 608 5335 et
635 5283 807 5350 fauces
836 5300 958 5338 mea:
980 5302 1145 5339 nonne
1166 5288 1462 5358 sapientiam
1486 5290 1892 5345 meditabantur?
1918 5291 2052 5348 Dicit
2080 5309 2138 5350 se

560 5385 668 5427 non
702 5371 867 5426 Deum
900 5388 1177 5431 accusasse
1197 5417 1212 5442 ,
1249 5378 1342 5432 sed
1385 5378 1654 5434 hominem
1684 5381 1954 5438 induxisse
1983 5398 2138 5439 aecu-

557 5469 764 5516 santem
789 5463 1094 5534 iniquitates
1120 5481 1262 5536 suas,
1288 5469 1425 5524 sicut
1449 5470 1693 5540 superius
1714 5481 1892 5528 sermo
1919 5472 2034 5542 ejus
2055 5475 2138 5528 in-

621 5576 636 5607 ¹
662 5582 802 5645 μοι,
835 5590 977 5640 super
1008 5587 1250 5643 pusillum.
1276 5590 1372 5630 Am.
1418 5589 1489 5631 Er.
1535 5590 1586 5634 et
1630 5582 1797 5647 plures
1833 5591 1970 5647 Mss,
1993 5599 2136 5652 super

621 5637 819 5688 mllum:
839 5640 974 5688 iuxta
995 5641 1128 5688 V’ula.
1149 5650 1201 5688 et
1222 5650 1346 5688 Lxx.

556 5637 974 5699 pupiltzunnu'xta
995 5637 1128 5704 vulg.
1149 5650 1201 5692 et
1222 5650 1346 5693 LXX.
1630 5637 1645 5647 '
1956 5637 1969 5647 '
2051 5637 2062 5652 '
2090 5637 2097 5638 7

667 5700 930 5772 Miti,_ideo
953 5703 1140 5772 veniunt
1169 5710 1343 5754 tamen.
1371 5706 1545 5768 Regius
1567 5705 1720 5772 codex
1737 5707 1892 5772 ,Aideo
1912 5718 2138 5763 venerunt

554 5762 728 5809 tavrea.
754 5762 840 5812 Alii
864 5770 990 5824 uss,
1014 5763 1122 5816 ideo
1144 5762 1463 5818 verunuameri
1484 5779 1500 5816 :
1517 5767 1706 5830 supple,
1725 5762 1839 5822 dicit
1861 5773 1963 5822 Job.

1505 355 2034 417 ANNOTATIONUM
2071 356 2137 411 IN

2253 357 2314 425 Β,
2353 357 2409 413 S.
2451 357 2812 417 AUGUSTINI
3725 361 3831 419 8ὖέ

2257 471 2493 525 tellectus
2518 479 2619 526 est.
2653 471 2797 526 Ilauc
2823 470 2952 524 dicit
2980 469 3373 526 meditationem
3401 473 3695 542 sapientia.

2323 560 2544 633 [Ib.vu.]
2574 561 2833 631 Numquid
2857 577 2955 614 non
2982 563 3188 615 tentatio
3207 573 3278 616 est
3308 562 3407 615 vita
3430 565 3650 618 Inunana
3679 583 3826 636 super

2253 653 2477 705 terram?
2505 652 2600 706 Hic
2622 652 2732 721 jam
2757 652 2992 721 apertius
3018 652 3250 706 ostendit
3287 668 3351 707 ex
3389 653 3540 723 cujus
3573 657 3830 725 signiﬁca-

2253 746 2398 800 tione
2417 747 2660 816 superius
2683 747 3005 816 loqueretur.
3031 746 3399 802 Tentationem
3421 763 3548 802 vero
3569 749 3698 804 dicit
3719 759 3832 806 tan-

2252 855 2410 908 quam
2427 839 2652 893 stadium
2669 839 2994 905 certaminis,
3007 839 3099 892 ubi
3113 839 3273 894 vincit
3288 839 3469 905 homo,
3483 841 3568 896 vel
3583 842 3831 898 vincitur.

2252 928 2320 982 Et
2359 930 2484 984 sicut
2523 930 2800 1000 quotidiani
2829 931 3124 985 mercenarii
3160 931 3259 984 vita
3301 932 3409 1000 ejus
3441 946 3459 986 :
3487 933 3836 1003 temporaiem

2205 1083 2220 1099 θ
2253 1018 2552 1073 mercedem
2595 1019 2978 1087 exspectantis,
3008 1028 3067 1072 ut
3104 1019 3214 1088 jam
3256 1034 3438 1074 eorum
3483 1021 3572 1090 qui
3612 1022 3836 1091 justitire

2252 1109 2361 1162 sua:
2390 1108 2614 1163 fructum
2638 1109 2688 1162 in
2712 1108 2945 1162 futurum
2973 1119 3304 1178 exspectant,
3329 1126 3434 1164 non
3457 1113 3525 1166 sit
3548 1113 3654 1167 vita
3675 1128 3837 1183 super

2252 1206 2469 1253 terram.
2510 1198 2611 1252 Aut
2652 1207 2886 1268 tanquam
2919 1215 3091 1254 servus
3135 1209 3357 1255 metuens
3380 1203 3636 1256 dominum
3665 1222 3832 1270 suum,

2251 1297 2296 1342 et
2315 1297 2607 1342 consecutus
2628 1289 2874 1341 umbram.
2894 1288 3045 1355 Quod
3068 1290 3325 1358 signiﬁcat
3353 1291 3683 1348 absconditio
3703 1294 3834 1350 Adae

2250 1394 2281 1432 a
2308 1378 2439 1433 facie
2467 1378 2694 1443 Domini,
2719 1387 2770 1433 et
2794 1380 2950 1433 lectio
2975 1379 3220 1434 foliorum
3241 1380 3307 1436 de
3333 1382 3521 1450 quibus
3549 1385 3732 1439 umbra
3751 1388 3833 1453 ﬁt,

2250 1487 2406 1541 quam
2437 1472 2622 1526 relicto
2650 1472 2760 1526 Deo
2787 1481 3106 1527 consecutus
3133 1482 3217 1528 est
3243 1473 3425 1529 homo.
3469 1476 3568 1529 Aut
3598 1486 3840 1547 tanquam

2251 1563 2588 1617 mercenarius
2628 1565 2714 1634 qui
2746 1572 2998 1632 exspectat
3045 1566 3320 1619 mercedem
3359 1569 3525 1635 operis
3576 1569 3673 1621 sui.
3729 1568 3842 1625 Isle

2239 1643 2281 1707 4a
2329 1653 2591 1722 superiori
2631 1654 2732 1709 hoc
2777 1653 2989 1717 dill‘ert,
3029 1655 3170 1724 quod
3215 1658 3460 1725 superior
3497 1657 3710 1726 habuit,
3752 1659 3842 1715 hic

2250 1754 2426 1802 autem
2470 1747 2668 1802 habere
2708 1747 2974 1803 desiderat
3016 1747 3128 1816 ipsa
3167 1751 3500 1818 temporalia.
3543 1750 3631 1804 Sic
3660 1762 3703 1805 et
3747 1769 3842 1823 ego

2251 1840 2530 1908 exspectavi
2569 1855 2758 1892 menses
2791 1855 2962 1893 vanos.
3009 1838 3126 1910 Jam
3168 1839 3236 1893 ad
3283 1840 3523 1894 umbram
3561 1841 3694 1896 dixit
3746 1859 3845 1896 va-

2251 1947 2349 1987 nos
2369 1973 2382 1998 ,
2412 1931 2464 1986 id
2500 1941 2581 1986 est
2606 1931 2912 2001 temporalia
2940 1931 3097 1986 bona.
3144 1930 3210 1984 Et
3245 1941 3410 1988 noctes
3447 1932 3676 1986 dolorum
3703 1937 3846 1988 datae

2251 2031 2368 2077 sunt
2398 2023 2520 2075 mihi
2559 2039 2578 2076 :
2610 2023 2660 2075 in
2705 2022 2894 2091 quibus
2937 2029 2990 2076 et
3031 2021 3119 2076 lux
3163 2021 3422 2076 amittitur
3458 2023 3761 2092 sapientiae,
3792 2034 3848 2081 et

2251 2114 2500 2168 materies
2543 2121 2625 2168 est
2663 2128 2959 2182 poenarum.
3011 2113 3072 2168 Si
3117 2113 3398 2179 dormiero,
3438 2115 3578 2182 dico,
3624 2116 3848 2181 Quando

2251 2206 2392 2260 dies?
2419 2214 2466 2258 et
2504 2206 2547 2259 si
2578 2221 2840 2260 surrexere
2858 2245 2872 2270 ,
2900 2222 3100 2259 rursum
3130 2247 3145 2271 ,
3185 2205 3402 2270 Quando
3427 2210 3637 2278 vesper?
3664 2209 3847 2275 Quan-

2249 2295 2320 2350 do
2353 2295 2692 2364 cnpiditatem
2731 2295 2926 2366 negotii
2964 2298 3160 2365 patitur
3197 2295 3357 2352 homo
3393 2297 3446 2351 in
3483 2298 3626 2364 otio,
3658 2308 3710 2354 et
3750 2301 3850 2357 otii

2252 2386 2305 2440 in
2350 2387 2579 2455 negotio.
2621 2384 2845 2455 Περιεον
2887 2396 3055 2439 autem
3093 2385 3347 2441 doloribus
3381 2404 3411 2440 a
3448 2404 3646 2458 vespere
3688 2407 3849 2459 usque

2252 2477 2319 2529 ad
2345 2493 2488 2530 mane
2513 2493 2530 2530 :
2553 2489 2662 2546 quo
2683 2476 2875 2532 occidit
2895 2492 2924 2531 a
2946 2477 3074 2531 Deo.
3117 2476 3266 2532 Unde
3293 2488 3347 2532 et
3367 2479 3431 2533 ad
3459 2495 3732 2549 vesperam
3753 2482 3850 2537 de-

2252 2567 2530 2621 ambulans
2561 2568 2700 2622 Deus
2739 2583 2830 2642 eos
2859 2567 3056 2624 dimisit
3083 2567 3253 2642 (Gen.
3279 2586 3354 2634 tu,
3377 2571 3430 2637 7,
3460 2571 3516 2640 8)
3547 2590 3560 2624 :
3591 2573 3728 2642 quod
3779 2577 3849 2630 si-

2252 2659 2466 2730 gniﬁcat
2511 2639 2787 2726 dolentes,
2837 2659 3025 2728 quibus
3075 2639 3219 2714 nulla
3262 2639 3588 2731 exspectatio
3608 2639 3709 2719 iest
3760 2682 3848 2719 re-

2253 2750 2446 2814 medii,
2478 2750 2578 2805 nisi
2621 2766 2795 2805 mane.
2837 2751 2913 2805 De
2958 2765 3062 2820 quo
3105 2751 3327 2818 dicitur,
3359 2752 3514 2808 Mane
3538 2757 3710 2809 astabo
3758 2757 3848 2811 tibi

2258 2839 2424 2913 (Psal.
2450 2857 2502 2907 v,
2531 2839 2584 2911 5)
2609 2858 2623 2905 ;
2657 2841 2706 2894 id
2738 2850 2838 2904 est,
2862 2841 3076 2910 quando
3102 2853 3222 2912 post
3241 2842 3503 2913 judicium
3529 2860 3682 2900 mane
3706 2846 3848 2901 Deus

2255 2932 2766 3001 revelabiturjustis.
2795 2931 2944 2988 Unde
2972 2941 3026 2988 et
3049 2934 3301 2989 Dominus
3323 2951 3542 3005 vespere
3567 2938 3848 3005 sepelitur,

2254 3032 2308 3079 et
2333 3039 2486 3078 mane
2512 3024 2738 3094 resurgit
2766 3024 2944 3095 (Joan.
2967 3041 3055 3079 χιι
3094 3034 3142 3080 et
3174 3026 3285 3097 xx).
3328 3027 3474 3082 llanc
3519 3044 3646 3099 ergo
3677 3031 3847 3085 vitam
3899 3085 3904 3090 ,

2256 3121 2503 3183 tanquam
2534 3115 2752 3169 lucifero
2783 3123 2958 3183 potest
2980 3131 3312 3186 comparare.
3345 3117 3408 3172 Et
3428 3120 3700 3172 concrescit
3723 3136 3848 3174 cor-

2257 3222 2351 3276 pus
2375 3221 2540 3259 meum
2573 3205 2835 3275 putredine
2860 3207 3102 3260 vermium
3129 3223 3148 3262 :
3181 3209 3440 3264 vermium
3479 3211 3847 3268 multitudine.

2254 3295 2482 3367 Infando
2506 3295 2673 3367 glebas
2699 3306 2844 3351 terra:
2869 3297 2886 3328 ¹
2909 3339 2923 3363 ,
2952 3297 3136 3352 radens
3166 3300 3374 3353 saniem.
3419 3299 3708 3370 Expressio
3742 3317 3848 3356 cu-

2255 3387 2533 3456 piditatum
2559 3387 2641 3441 vel
2681 3402 2928 3442 curarum
2965 3388 3346 3458 confessionis,
3377 3391 3430 3445 in
3464 3407 3566 3461 qua
3610 3393 3847 3462 gaudent

2254 3477 2422 3547 iniqui
2447 3494 2462 3543 ;
2493 3476 2632 3547 quod
2663 3477 2729 3532 ad
2759 3479 3092 3534 occasionem
3132 3481 3376 3552 redigunt
3417 3484 3691 3553 peccandi,
3722 3501 3849 3556 qua:

2253 3573 2340 3626 alii
2391 3588 2486 3643 per
2529 3575 2890 3645 pmnitentiam
2933 3577 3293 3634 conﬁtentur:
3326 3580 3465 3635 unde
3493 3590 3618 3635 sunt
3657 3593 3848 3651 canes,

2253 3663 2342 3734 qui
2371 3664 2554 3719 Lazari
2582 3667 2801 3721 vulnera
2844 3668 3112 3738 lingebant
3154 3669 3302 3739 (Luc.
3332 3687 3439 3737 xvr,
3468 3670 3582 3744 2|).
3627 3671 3692 3724 Et
3739 3673 3848 3726 vita

2251 3771 2362 3809 mea
2383 3755 2563 3810 exilior
2592 3767 2664 3812 est
2699 3776 2852 3828 quam
2881 3759 3097 3830 loquela.
3138 3761 3309 3816 Minus
3346 3761 3488 3816 enim
3517 3764 3649 3818 facio
3674 3779 3844 3833 quam

2251 3845 2461 3917 loquor.
2502 3847 2788 3904 Recordare
2832 3867 2949 3922 ergo
2986 3853 3106 3923 quia
3133 3854 3342 3923 spiritus
3371 3863 3442 3908 est
3471 3856 3572 3908 vita
3599 3872 3708 3909 mea
3740 3872 3760 3910 :
3795 3857 3848 3912 id

2251 3947 2360 4007 est,
2389 3940 2440 3994 in
2485 3939 2625 3996 fame
2660 3944 2680 3973 ¹
2707 3943 2991 4012 spirituali.
3033 3943 3099 3998 Et
3120 3962 3219 4000 non
3246 3935 3462 4000 revertar
3488 3948 3557 4000 ad
3595 3948 3840 4002 visibilia.

2253 4029 2374 4084 Non
2397 4047 2474 4084 me
2498 4041 2757 4102 cognoscet
2778 4035 2950 4088 oculus
2971 4035 3180 4089 videntis
3198 4054 3216 4090 :
3234 4037 3354 4106 quia
3381 4037 3654 4102 mutabor;
3682 4047 3741 4092 ut
3767 4041 3846 4093 vi.

2250 4120 2446 4174 dentem
2469 4122 2574 4190 hic,
2597 4123 2864 4178 diabolum
2886 4126 3206 4197 accipiamus
3228 4127 3567 4183 invidentem.
3592 4129 3741 4183 Oculi
3761 4133 3844 4184 tui

2248 4209 2301 4263 in
2326 4227 2422 4279 me,
2447 4220 2491 4266 et
2511 4228 2613 4266 non
2633 4213 2865 4268 subsiste.
2890 4214 3151 4270 Interﬁcis
3170 4217 3311 4271 enim
3336 4218 3386 4271 in
3412 4233 3500 4273 me
3526 4219 3685 4273 vitam
3711 4235 3842 4276 car-

2248 4301 2422 4356 nalem
2452 4303 2504 4356 in
2527 4319 2629 4374 qua
2657 4303 2772 4359 fuit.
2814 4305 3076 4378 Tanquam
3105 4309 3258 4364 nubes
3289 4320 3564 4381 expurgatu
3587 4312 3649 4366 de
3670 4314 3803 4368 coelo
3824 4330 3843 4368 :

2246 4383 2338 4448 aut
2365 4409 2461 4464 per
2503 4396 2696 4451 caelum
2737 4409 2996 4469 purgata;
3025 4401 3292 4470 quomodo
3321 4402 3544 4458 dicimus
3579 4404 3644 4458 de
3687 4405 3842 4461 ferro

2248 4495 2465 4556 purgata
2491 4505 2504 4542 :
2531 4496 2589 4543 ut
2611 4487 2699 4543 hic
2725 4491 3099 4560 signiﬁcaverit
3135 4494 3390 4549 auxilium
3427 4495 3526 4550 sibi
3556 4495 3720 4552 fuisse
3764 4497 3839 4554 de

2245 4577 2383 4633 cmlo
2407 4620 2422 4647 ,
2448 4588 2505 4633 ut
2551 4592 2862 4650 purgaretur
2890 4601 2902 4636 :
2932 4593 3023 4639 aut
3065 4595 3211 4642 certe
3243 4597 3298 4640 ut
3335 4587 3445 4656 jam
3482 4605 3584 4642 non
3625 4590 3693 4644 sit
3733 4607 3837 4645 nu-

2245 4665 2361 4734 bes,
2393 4668 2486 4724 sed
2513 4670 2564 4724 in
2601 4685 2778 4725 aerem
2805 4687 2992 4742 purum
3035 4685 3368 4741 extenuetur,
3398 4687 3641 4748 tanquam
3667 4680 3836 4736 radiis

2243 4758 2372 4812 solis
2397 4769 2706 4832 expurgata,
2737 4771 2795 4817 ut
2819 4764 3112 4821 obscuritas
3142 4768 3318 4822 carnis
3346 4778 3400 4824 et
3427 4771 3697 4839 sanguinis
3722 4788 3831 4826 non

2243 4849 2312 4904 sit
2349 4851 2400 4905 in
2446 4853 2603 4908 etelo.
2643 4853 2757 4910 Non
2788 4857 2929 4911 enim
2972 4873 3097 4912 caro
3140 4866 3195 4914 et
3236 4862 3446 4931 sanguis
3484 4878 3703 4932 regnum
3736 4863 3833 4919 Dei

2243 4941 2606 5011 possidebunt,
2621 4959 2738 4998 cum
2755 4947 3095 5016 corruptibile
3111 4947 3211 5004 hoc
3232 4949 3460 5005 induerit
3476 4951 3832 5024 incorruptio-

2243 5047 2388 5096 nem,
2411 5041 2465 5088 et
2483 5035 2852 5092 absorbebitur
2871 5055 3015 5095 mors
3040 5042 3090 5095 in
3114 5041 3390 5096 victoriam
3426 5043 3614 5114 (ICor.
3634 5061 3723 5110 xv,
3738 5046 3828 5110 50,

2244 5120 2333 5188 55,
2352 5121 2464 5192 54).
2498 5122 2561 5178 Si
2585 5125 2716 5178 enim
2743 5126 2892 5182 homo
2917 5130 3222 5184 descenderit
3247 5131 3316 5187 ad
3339 5133 3547 5202 inferos,
3564 5135 3697 5187 ultra
3729 5152 3829 5188 non

2241 5215 2490 5268 ascendet.
2531 5217 2610 5272 Ad
2639 5218 2738 5274 hoc
2754 5235 2881 5290 ergo
2900 5221 3201 5291 recordare,
3222 5233 3278 5279 ut
3297 5241 3402 5280 non
3419 5226 3732 5282 descendas.
3763 5227 3828 5281 Et

2241 5319 2343 5358 non
2362 5315 2633 5360 revertetur
2659 5311 2878 5380 amplius
2909 5313 2961 5366 in
2984 5313 3188 5367 domum
3211 5331 3357 5369 suam
3383 5331 3402 5370 :
3427 5315 3477 5370 id
3507 5325 3610 5383 est,
3643 5316 3706 5370 ad
3739 5333 3826 5371 reo

2241 5396 2417 5466 quiem
2445 5413 2616 5454 suam.
2658 5399 2938 5474 PrOpterea
2974 5406 3142 5476 itaque
3177 5416 3223 5461 et
3260 5424 3349 5478 ego
3379 5425 3478 5462 non
3517 5425 3722 5474 parcam
3747 5410 3824 5463 ori

2242 5505 2351 5542 meo
2378 5490 2715 5547 :conﬁtendo
2733 5535 2748 5561 ,
2776 5509 2894 5549 cum
2919 5505 3124 5566 tempus
3143 5507 3242 5552 est.
3273 5497 3518 5552 Utrumne
3545 5516 3681 5552 mare
3713 5515 3822 5551 su":

2243 5595 2358 5650 ego,
2392 5589 2477 5633 aut
2515 5581 2712 5637 draco?
2739 5585 2852 5638 Non
2883 5587 3022 5641 enim
3050 5589 3186 5643 sicut
3225 5588 3414 5658 impios
3443 5589 3818 5669 ant‘iiaholnm

2309 5717 2326 5785 ξ
2350 5717 2422 5785 S_ic
2443 5723 2548 5766 Mss.
2571 5719 2709 5785 juxta
2733 5728 2856 5785 LXX.
2886 5730 2936 5772 At
2960 5723 3100 5780 editi,
3133 5733 3183 5772 In
3212 5723 3362 5785 fime
3382 5723 3540 5785 globos
3564 5731 3724 5775 terra.

2307 5777 2328 5808 ³
2359 5783 2431 5827 Er.
2455 5787 2505 5828 et
2527 5777 2655 5840 tom,
2681 5781 2730 5831 in
2755 5781 2863 5832 vita.
2893 5793 2990 5832 Am.
3020 5794 3071 5834 et
3092 5777 3222 5845 Mss,
3244 5785 3292 5835 in
3319 5777 3457 5844 fame.
