4110 6464
324 338 499 396 853⁴

327 450 584 521 repulisti.
628 448 757 511 Quia
787 447 1001 501 statuisti
1046 463 1196 517 super
1240 460 1317 499 me
1358 443 1634 499 custodiam
1666 450 1761 495 :ut
1790 456 1895 494 non

330 561 413 599 me
436 556 676 598 moveam
697 541 760 594 ad
783 540 1251 609 perturbationem,
1272 549 1328 593 ut
1346 549 1469 594 sunt
1489 539 1647 592 maris
1670 536 1899 591 termini.

335 638 464 701 Quia
492 635 634 700 dixi,
662 633 1014 687 Consolabitur
1052 649 1131 686 me
1167 633 1321 687 lectus
1354 648 1533 686 meus:
1560 630 1787 685 carnalia
1808 670 1824 696 ,
1851 630 1904 683 in

334 725 523 795 quibus
548 723 928 794 requiescebat.
969 723 1037 777 Et
1066 724 1280 793 referam
1312 723 1380 776 ad
1405 724 1644 793 meipsum
1665 720 1899 775 consola-

335 819 517 871 tionem
538 817 589 869 in
611 826 719 869 toro
745 833 872 869 meo.
902 815 981 870 Ad
1009 824 1061 871 te
1080 817 1222 871 enim
1244 815 1411 871 debeo
1436 815 1633 869 referre
1661 814 1904 869 consola-

334 910 531 962 tionem
558 921 751 961 meam.
790 906 1027 961 Exterres
1051 923 1129 960 me
1158 923 1246 977 per
1269 906 1481 972 somnia,
1499 914 1546 959 et
1566 923 1653 976 per
1671 906 1908 959 visionem

340 1016 420 1052 me
447 997 781 1067 obstupefacis
806 1012 825 1051 :
851 1012 946 1067 per
972 996 1332 1051 tribulationes
1356 997 1479 1050 vitae
1495 995 1670 1065 hujus,
1692 1011 1808 1066 quae
1834 996 1908 1050 ita

339 1092 543 1146 somnia
570 1100 724 1156 sunt,
751 1089 1016 1159 quomodo
1057 1096 1112 1143 et
1154 1089 1291 1143 bona
1319 1088 1441 1142 vitae
1483 1087 1639 1158 hujus
1680 1087 1904 1142 somnia.

339 1183 569 1237 Absolves
596 1200 627 1235 a
655 1183 831 1251 spiritu
855 1198 962 1236 meo
977 1182 1197 1235 animam
1219 1196 1416 1253 meam:
1440 1190 1651 1250 propter
1676 1180 1908 1236 visibiles

337 1284 586 1336 terrores,
619 1289 649 1327 a
691 1275 881 1343 quibus
912 1273 1221 1328 liberabitur
1256 1273 1430 1327 anima
1458 1281 1701 1328 metuens
1730 1272 1909 1329 venire

336 1364 401 1417 ad
422 1379 533 1419 eos.
563 1364 631 1417 Et
655 1382 686 1416 a
715 1372 872 1417 morte
891 1380 1003 1417 ossa
1018 1380 1127 1417 utea
1145 1362 1329 1433 repuli.
1355 1362 1486 1417 Nam
1510 1363 1681 1418 ierant
1696 1364 1746 1418 in
1767 1378 1910 1418 mor-

338 1464 443 1509 tem
471 1471 592 1510 ossa
621 1472 736 1510 mea
756 1498 768 1519 ,
790 1456 888 1510 nisi
920 1456 1001 1509 his
1021 1455 1302 1510 exterritus
1326 1455 1511 1510 fortior
1544 1471 1715 1511 essem
1739 1464 1794 1511 et
1820 1470 1907 1527 pa-

339 1545 494 1607 tiens,
514 1545 653 1615 quod
671 1554 751 1600 est
776 1546 973 1600 ossium
1002 1546 1240 1599 ﬁrmitas.
1264 1544 1384 1600 Non
1414 1547 1544 1600 enim
1572 1546 1624 1600 in
1648 1549 1907 1618 sempiter-

337 1656 454 1693 nunt
474 1641 653 1707 vivam,
681 1649 735 1693 ut
759 1642 998 1711 patienter
1026 1641 1204 1709 feram.
1233 1640 1495 1695 Brevitate
1521 1642 1663 1709 vitm,
1686 1650 1739 1696 et
1765 1650 1909 1696 metu

335 1731 523 1785 mortis
544 1745 629 1785 me
653 1731 881 1785 correxi.
904 1731 1057 1786 Unde
1078 1732 1492 1786 inconvertibilis
1509 1732 1769 1801 diabolus,
1787 1732 1908 1803 quia
1932 1804 1937 1811 _

338 1835 443 1873 non
482 1822 723 1886 moritur,
751 1822 843 1876 sed
872 1824 1172 1876 damnatur.
1215 1821 1425 1876 Initium
1466 1824 1725 1894 sapientia:
1762 1826 1910 1878 timor

336 1911 521 1979 (Ereti.
555 1929 592 1977 ι,
622 1913 707 1983 l6)
728 1956 741 1979 ,
770 1915 892 1970 inde
916 1924 1015 1969 est.
1059 1915 1267 1970 Discede
1291 1933 1322 1968 a
1360 1933 1438 1969 me
1463 1932 1483 1981 ;
1508 1933 1637 1971 vana
1667 1927 1740 1973 est
1777 1919 1909 1971 enim

336 2006 435 2058 vita
457 2023 565 2060 mea
586 2023 604 2059 :
631 2008 748 2076 quia
777 2022 879 2061 non
907 2008 1100 2063 sull‘ero
1123 2009 1457 2063 tentationes.
1500 2009 1597 2063 Aut
1620 2011 1737 2079 quia
1762 2026 1908 2063 sensu

336 2106 421 2148 tuo
441 2097 694 2150 intendisti
711 2100 761 2151 in
783 2115 893 2152 eum
912 2114 930 2153 :
951 2108 1165 2167 prOpter
1183 2099 1323 2169 quod
1346 2100 1613 2154 rationalis
1634 2109 1732 2155 est.
1756 2100 1908 2156 Unde

334 2187 484 2253 illud,
510 2187 620 2242 Nos
641 2200 805 2243 autem
825 2207 1025 2244 sensum
1044 2191 1247 2244 Domini
1267 2192 1503 2245 habemus
1522 2192 1540 2264 (
1556 2191 1700 2245 lCor.
1716 2208 1769 2255 ll,
1792 2192 1906 2262 16).

334 2275 574 2331 Rationis
600 2294 726 2333 vero
755 2295 947 2334 munus
970 2281 1096 2335 dicit
1117 2283 1477 2337 extensionem
1506 2283 1818 2337 intellectus.
1841 2283 1908 2338 Et

332 2368 385 2419 in
406 2370 575 2436 requie
591 2372 845 2440 judicabis
870 2389 983 2427 eum
1008 2392 1027 2427 :
1046 2373 1261 2443 dignum
1290 2375 1492 2445 requie.
1537 2375 1803 2447 Usquequo
1830 2394 1909 2431 me

333 2474 433 2513 non
462 2460 669 2516 dimittis
692 2464 717 2516 ?
741 2464 970 2518 vinctum
1001 2465 1442 2521 tribulationibus.
1492 2466 1668 2538 Neque
1696 2469 1903 2535 deseris,

332 2548 488 2603 donec
515 2552 787 2622 deglutiant
827 2555 1035 2607 salivam
1073 2557 1276 2610 meam?
1301 2557 1351 2609 in
1379 2556 1564 2611 dolore
1596 2572 1658 2612 ac
1688 2558 1905 2627 ﬂagellis

331 2641 629 2694 contineam
658 2651 712 2695 et
750 2643 1059 2698 obsorbeam
1094 2646 1419 2713 voluptatum
1455 2645 1645 2712 ﬂuxus,
1666 2662 1761 2716 per
1808 2648 1904 2701 tri-

331 2727 625 2786 bulationes
648 2732 967 2788 admonitus.
1011 2734 1072 2788 Si
1096 2751 1184 2805 ego
1212 2736 1430 2805 peccavi,
1453 2737 1572 2807 quid
1595 2753 1795 2806 possunt
1818 2738 1906 2790 tibi

329 2819 534 2887 Iacere?
570 2823 769 2879 Sensus
798 2825 883 2880 hic
910 2835 1009 2892 est,
1042 2827 1097 2882 Si
1128 2827 1375 2896 peccavi,
1407 2828 1535 2882 nihil
1568 2843 1778 2899 possum
1811 2830 1903 2885 tibi

329 2910 521 2965 facere.
563 2913 642 2967 An
673 2914 805 2969 forte
829 2917 1091 2986 loquendo
1115 2919 1322 2973 molesti
1356 2918 1446 2973 tibi
1476 2929 1598 2973 sunt
1627 2921 1904 2977 homines?

328 2999 408 3053 Tu
434 3016 559 3071 ergo
579 3005 665 3073 qui
692 3006 796 3059 scis
821 3020 1053 3073 sensum,
1077 3023 1240 3078 quare
1269 3011 1586 3065 c0nstituisti
1612 3011 1901 3080 hominem,

329 3102 387 3146 ut
416 3094 718 3164 loqueretur
745 3098 999 3154 adversus
1028 3110 1100 3164 te,
1129 3108 1186 3154 ut
1212 3111 1356 3155 esset
1382 3102 1473 3155 tibi
1504 3104 1697 3157 oneri?
1735 3104 1789 3157 Si
1811 3119 1905 3157 au-

330 3192 433 3239 tem
453 3196 722 3254 peccatum
753 3190 1003 3257 hominis,
1025 3206 1121 3245 nec
1148 3190 1286 3246 laeto
1317 3207 1416 3247 nec
1438 3192 1581 3248 dicto
1609 3194 1699 3248 tibi
1726 3204 1900 3261 nocet,

328 3291 494 3343 quare
522 3294 626 3332 non
654 3279 980 3335 Oblivisceris
1019 3292 1293 3351 peccatum
1320 3285 1462 3354 ejus,
1489 3285 1582 3340 sed
1612 3300 1804 3356 purgas
1840 3288 1903 3341 il-

330 3368 418 3422 lud
456 3372 660 3439 potius;
692 3372 791 3427 nisi
833 3375 953 3443 quia
1000 3375 1087 3429 illa
1126 3391 1244 3446 qua:
1281 3391 1440 3447 supra
1484 3378 1620 3433 dicta
1651 3388 1805 3445 sunt,
1835 3380 1902 3435 ad

330 3458 616 3516 bonitatem
645 3472 781 3517 tuam
810 3464 1146 3520 referuntur?
1176 3467 1311 3531 Quid
1333 3477 1402 3521 est
1422 3470 1551 3522 enim
1578 3469 1747 3535 homo,
1768 3472 1904 3540 quod

329 3555 562 3607 exaltasti
585 3556 732 3609 eum?
767 3556 895 3623 Quae
924 3572 1030 3612 non
1059 3558 1410 3629 intelligentes
1442 3561 1597 3614 amici
1634 3561 1767 3631 ejus,
1801 3577 1901 3631 pu-

332 3653 577 3701 taverunt
609 3647 675 3702 ab
705 3663 769 3702 eo
799 3648 961 3702 Deum
990 3649 1326 3718 reprehendi.
1367 3650 1422 3705 Si
1470 3652 1610 3705 enim
1644 3668 1748 3706 non
1782 3666 1904 3721 pro-

331 3738 509 3803 pterea
539 3738 663 3793 lacis
686 3740 811 3793 mihi
834 3742 1150 3796 tentationes
1171 3752 1226 3796 ut
1244 3742 1517 3798 eohibcam
1539 3742 1709 3798 ﬂuxos
1726 3753 1902 3800 motus

331 3842 500 3895 meos,
529 3838 584 3883 ut
613 3830 741 3884 mihi
762 3832 832 3885 ita
852 3832 1134 3898 consulas;
1163 3849 1282 3903 qum
1307 3834 1409 3887 alia
1430 3850 1589 3889 causa
1608 3844 1689 3889 est
1708 3844 1762 3890 ut
1779 3850 1900 3890 cor-

331 3917 492 3987 ripias
529 3919 840 3976 hominem?
877 3922 991 3977 Non
1033 3925 1172 3978 enim
1203 3940 1395 3979 nocere
1438 3926 1530 3979 tibi
1571 3935 1745 3994 potest
1780 3926 1900 3996 quia

332 4021 555 4077 peccat;
586 4020 676 4065 aut
711 4013 876 4067 sentis
907 4015 1058 4083 quasi
1095 4014 1467 4069 adversitatem
1504 4016 1726 4086 loquelae
1762 4019 1898 4087 ejus,

330 4117 451 4155 cum
481 4102 617 4157 scias
654 4117 867 4158 sensum
912 4104 1229 4170 humanum,
1257 4114 1310 4159 et
1338 4106 1515 4174 utique
1556 4122 1736 4175 posses
1761 4107 1901 4177 quod

334 4192 425 4246 tibi
463 4186 825 4247 adversarium
869 4203 952 4249 est
992 4211 1097 4249 non
1141 4197 1480 4250 constituere.
1521 4196 1589 4249 Et
1621 4214 1774 4267 quare
1801 4215 1902 4253 non

333 4302 382 4338 es
397 4284 575 4339 oblitus
594 4285 866 4353 iniquitatis
882 4303 1003 4341 mea:
1019 4304 1037 4341 :
1056 4288 1097 4342 si
1121 4302 1223 4341 non
1250 4304 1312 4342 ea
1329 4304 1486 4342 causa
1509 4298 1563 4343 ut
1580 4277 1711 4343 mihi
1734 4291 1898 4359 prod-

330 4389 511 4434 essent
548 4380 863 4434 tentationes
891 4381 1024 4443 istae,
1049 4389 1103 4434 ut
1131 4381 1376 4435 bonitatis
1406 4390 1505 4435 tuae
1535 4382 1602 4436 sit
1630 4391 1815 4448 totum,
1848 4391 1903 4438 et

331 4471 469 4540 quod
500 4486 585 4526 me
608 4471 868 4541 corripis?
904 4470 1055 4525 Nunc
1094 4481 1258 4524 autem
1295 4472 1348 4524 in
1392 4482 1575 4526 terram
1617 4474 1717 4526 ibo.
1766 4473 1898 4527 Cum
1946 4490 1950 4494 '

331 4563 470 4615 enim
509 4577 702 4632 purges
730 4570 1000 4631 peccatum
1031 4577 1227 4629 meum,
1254 4571 1419 4616 restat
1448 4563 1575 4616 mihi
1606 4574 1779 4617 tamen
1802 4563 1898 4617 ad-

332 4655 432 4709 huc
472 4656 521 4708 in
576 4663 767 4710 terram
829 4656 908 4709 ire
953 4671 1047 4724 per
1097 4665 1320 4711 mortem
1370 4656 1719 4726 corporalem.
1762 4655 1901 4709 Nam

329 4748 585 4817 evigilabo,
611 4757 657 4800 et
681 4749 813 4802 ultra
838 4764 935 4801 non
965 4764 1048 4801 ero
1070 4764 1089 4802 :
1120 4749 1168 4801 in
1200 4748 1298 4803 hac
1328 4760 1485 4803 terra.

401 4836 496 4909 [lb.
520 4837 656 4910 vm.]
698 4838 864 4893 Verba
884 4838 1079 4893 Baldad
1108 4838 1392 4892 Saucbitis.
1435 4838 1575 4892 Misit
1613 4840 1667 4892 in
1698 4856 1850 4893 manu
1880 4842 1897 4874 ⁸

326 4930 605 4999 iniquitates
633 4948 821 4985 eorum.
877 4930 933 4985 In
963 4947 1121 4985 manu
1148 4932 1311 4996 misit,
1339 4940 1430 4985 aut
1454 4932 1506 4986 in
1534 4931 1782 4997 vindicta,
1810 4942 1899 4987 aut

327 5024 694 5093 supputatione
721 5024 988 5079 debitores
1014 5038 1126 5089 eos,
1155 5023 1208 5077 id
1233 5031 1315 5078 est
1342 5033 1645 5093 peccatores
1672 5023 1895 5079 demon-

324 5118 527 5172 stravit.
573 5118 637 5171 Et
657 5119 878 5172 restituet
914 5118 1000 5171 tibi
1043 5117 1194 5169 vitam
1229 5116 1442 5185 justitia:
1469 5132 1487 5169 :
1516 5132 1634 5186 quas
1677 5116 1899 5170 debetur

320 5209 556 5278 jnstitiaa,
588 5209 639 5263 id
669 5219 751 5263 est
786 5209 1013 5264 beatam.
1056 5206 1123 5260 Et
1157 5214 1303 5261 erunt
1336 5207 1506 5277 priora
1535 5216 1621 5260 tua
1650 5207 1855 5260 minima
1877 5223 1896 5260 :

324 5302 375 5354 in
402 5301 794 5371 comparatione
826 5300 1199 5370 posteriorum,
1227 5314 1346 5367 quae
1372 5299 1571 5353 inﬁnita
1597 5307 1770 5353 erunt.
1797 5299 1896 5352 Aut

322 5393 562 5460 numquid
591 5409 691 5446 non
720 5392 771 5445 hi
797 5390 1039 5446 docebunt
1066 5400 1131 5457 te,
1153 5401 1199 5443 et
1224 5391 1437 5458 referent
1473 5390 1559 5443 tibi
1575 5392 1600 5445 .’
1634 5390 1892 5456 Quoniam

321 5484 691 5537 nonnullorum
716 5482 885 5551 major
906 5490 989 5536 est
1006 5481 1312 5535 auctoritas.
1336 5480 1452 5534 Jam
1473 5489 1521 5535 et
1547 5482 1630 5535 hic
1655 5481 1719 5535 de
1742 5482 1894 5536 Chri-

320 5584 406 5627 sto
441 5574 678 5628 dicturus
711 5574 887 5628 audita
930 5582 1130 5635 narrat,
1161 5571 1425 5640 quomodo
1456 5570 1669 5640 Eliphaz
1707 5588 1892 5628 narra-

385 5688 400 5717 ¹
420 5687 556 5744 mliti,
572 5689 621 5755 in
639 5700 830 5737 numam
856 5699 1115 5748 :moxque,
1135 5691 1216 5734 aut
1232 5683 1671 5755 supplantationem.
1693 5693 1744 5736 At
1764 5694 1889 5747 Mss,

321 5754 372 5798 tu
392 5761 551 5810 ntanu,
574 5754 707 5813 juxta
732 5758 836 5799 LXX
860 5764 869 5797 :
896 5757 945 5797 et
970 5758 1152 5810 postea,
1178 5754 1259 5796 aut
1278 5751 1619 5809 supputatione.

1768 326 1967 383 LIBER
2010 327 2204 385 L'NUS.

2012 442 2083 495 vit
2142 443 2532 501 revelationem.
2576 447 2838 520 Numquid
2874 454 2996 508 viret
3034 456 3227 526 scirpus
3264 461 3371 513 sine
3408 465 3578 531 aqua!

2009 534 2080 588 ιω
2107 550 2234 605 ergo
2261 545 2315 591 et
2340 538 2482 608 impii
2510 550 2752 597 arescent
2780 545 2894 600 sine
2928 548 3286 605 misericordia
3323 551 3435 607 Dei.
3466 556 3576 607 Ad-

2009 624 2103 677 huc
2141 626 2192 678 in
2234 643 2327 680 sua
2361 629 2530 684 radice
2564 633 2807 702 consistit,
2827 645 2874 689 et
2911 653 3011 691 non
3044 649 3250 694 metetur
3270 640 3351 696 :si
3387 659 3577 713 aquam

2010 730 2113 769 non
2142 716 2348 797 habeat.
2389 720 2666 789 Antequam
2703 723 2837 779 bibat
2863 729 3023 782 omnis
3061 729 3212 784 herba
3231 771 3247 798 ,
3278 749 3442 787 nonne
3468 752 3556 789 are

2008 808 2144 862 scit?
2181 810 2281 863 nisi
2318 810 2462 864 bibat
2490 829 2502 864 :
2530 826 2633 867 non
2678 814 2819 869 enim
2855 817 3136 887 aliquando
3161 822 3319 877 viruit
3363 823 3575 894 impius.

2009 897 2166 966 Atque
2190 901 2388 954 araneis
2412 903 2733 973 complebitur
2760 906 3132 965 tabernaculum
3152 913 3259 981 ejus
3278 930 3297 967 :
3319 929 3479 984 opera
3501 916 3578 971 in-

2010 989 2175 1043 utiiia.
2214 988 2328 1044 Jam
2360 1006 2484 1047 vero
2506 992 2573 1048 de
2599 993 2794 1050 Judzeis
2818 1006 2871 1053 et
2899 998 3119 1054 Domino
3148 1002 3353 1057 videtur
3373 1004 3577 1062 dicere.

2013 1080 2163 1145 Quod
2200 1083 2243 1136 si
2271 1090 2317 1136 et
2356 1083 2633 1149 stt/fulserit
2670 1088 2872 1142 domum
2907 1107 3082 1158 suam,
3125 1109 3226 1147 non
3266 1096 3461 1151 stabit:
3488 1106 3584 1153 aut

2010 1172 2297 1242 Scripturis
2324 1176 2520 1230 sanctis
2539 1217 2554 1241 ,
2576 1187 2667 1232 aut
2701 1195 2795 1249 spe
2828 1183 3195 1250 promissionis
3225 1186 3464 1257 Domini,
3491 1200 3583 1246 aut

2010 1280 2228 1335 regnum
2251 1265 2441 1335 ipsum.
2469 1268 2537 1321 Et
2561 1286 2675 1324 cum
2695 1275 2914 1344 coeperit,
2937 1293 3035 1330 non
3062 1280 3408 1346 permanebit:
3433 1286 3582 1353 sequi

2013 1354 2211 1423 Deum;
2242 1358 2383 1427 quod
2409 1358 2605 1415 Judmis
2634 1364 2828 1429 evenit,
2859 1366 2949 1434 qui
2976 1369 3141 1422 secuti
3168 1384 3272 1424 non
3301 1382 3425 1426 sunt
3452 1374 3584 1429 inci-

2014 1448 2233 1517 pientes.
2264 1448 2519 1506 Humidus
2539 1454 2670 1506 enim
2689 1464 2763 1508 est
2782 1465 2895 1509 ante
2914 1458 3069 1511 solem
3092 1475 3111 1512 :
3131 1463 3417 1517 carnalium
3441 1464 3585 1522 ﬂuxu

2012 1547 2377 1607 putrescentes
2405 1542 2443 1594 ⁸.
2482 1540 2611 1597 Ante
2634 1545 2788 1598 solem
2816 1561 2943 1601 vero
2961 1589 2974 1611 ,
3003 1539 3101 1603 sub
3129 1551 3581 1623 tribulationibus,

2013 1636 2070 1682 ut
2096 1638 2230 1695 ante,
2249 1630 2347 1684 sub
2372 1630 2648 1701 signiﬁcet,
2672 1634 2808 1688 sicut
2833 1634 3075 1703 dicimus,
3098 1640 3238 1695 Ante
3264 1656 3348 1696 me
3378 1642 3479 1697 fac.
3511 1644 3582 1699 Et

2012 1720 2074 1773 de
2106 1720 2366 1789 putredine
2406 1723 2512 1793 ejus
2534 1740 2734 1794 germen
2760 1727 2871 1797 ejus
2895 1728 3144 1782 ascendet.
3182 1729 3296 1785 Nisi
3322 1734 3464 1788 enim
3504 1735 3581 1789 illi

2014 1819 2117 1865 tam
2144 1813 2266 1867 mali
2294 1824 2501 1880 essent,
2530 1831 2635 1871 non
2676 1832 2769 1887 per
2806 1818 3103 1888 passionem
3132 1823 3451 1880 exaltaretur
3474 1827 3581 1882 Do-

2012 1905 2205 1971 minus,
2238 1906 2324 1975 qui
2354 1907 2421 1961 de
2449 1908 2550 1962 illis
2577 1910 2866 1965 secundum
2887 1926 3101 1966 carnem
3128 1922 3281 1971 natus
3306 1926 3387 1972 est
3406 1916 3581 1988 (Rom.

2012 2011 2094 2062 lx,
2124 1997 2216 2066 5).
2255 1996 2322 2050 In
2364 2002 2826 2070 congregationibus
2866 2004 3093 2072 lapidum
3118 2007 3321 2061 dormit.
3360 2008 3583 2078 Majores

2011 2086 2152 2140 enim
2182 2086 2327 2141 illum
2356 2088 2680 2159 cruciﬁgent.
2722 2091 2788 2143 Et
2828 2093 2881 2145 in
2907 2093 3069 2148 medio
3099 2094 3389 2165 lapillorum
3417 2100 3542 2153 vivet
3561 2115 3582 2154 :

2012 2176 2310 2245 humilium,
2337 2177 2403 2232 de
2432 2180 2621 2248 quibus
2651 2179 2863 2235 fuerunt
2889 2186 3145 2253 Apostoli.
3179 2185 3242 2240 Si
3262 2186 3579 2257 deglutietur,

2011 2268 2150 2321 locus
2178 2269 2441 2322 mentietur
2477 2286 2607 2324 eum.
2647 2270 2702 2326 Si
2741 2270 3076 2329 absconderit
3115 2276 3254 2345 quod
3284 2277 3447 2333 Filius
3489 2280 3582 2337 Dei

2011 2357 2100 2424 sit,
2128 2358 2335 2413 dicetur
2360 2360 2483 2429 quia
2508 2376 2614 2416 non
2640 2370 2731 2430 est,
2748 2362 2914 2418 Filius
2943 2364 3054 2420 Dei.
3095 2365 3239 2435 Opus
3266 2376 3349 2423 est
3373 2384 3497 2439 ergo
3527 2379 3583 2426 ut

2010 2449 2124 2519 ipse
2149 2464 2267 2505 sese
2296 2450 2525 2506 indicet:
2557 2452 2610 2506 in
2640 2452 2752 2513 hoc
2796 2453 2938 2508 enim
2968 2455 3085 2510 loco
3112 2470 3218 2510 non
3247 2469 3468 2527 possunt
3495 2461 3580 2515 di-

2010 2543 2130 2598 vina
2158 2544 2424 2613 cognosci.
2448 2544 2526 2598 De
2553 2554 2687 2598 terra
2710 2554 2878 2599 autem
2902 2545 3112 2599 alterum
3140 2550 3432 2617 germinabit
3456 2567 3474 2605 :
3496 2553 3581 2606 vel

2010 2632 2266 2689 Dominus
2314 2636 2666 2706 resurgendo,
2694 2636 2778 2692 vel
2806 2637 3026 2692 alterum
3066 2653 3230 2708 genus
3260 2641 3464 2710 piorum
3487 2684 3502 2708 ,
3528 2643 3581 2696 id

2008 2733 2091 2779 est
2113 2725 2556 2780 Christianorum.
2594 2724 2842 2781 Dominus
2881 2730 3139 2783 enimnon
3168 2731 3391 2800 probabit
3428 2733 3579 2786 inno-

2008 2824 2215 2869 centem.
2256 2817 2358 2883 An,
2389 2832 2494 2870 non
2525 2818 2867 2886 reprobabit?
2894 2820 2973 2874 vel
3014 2820 3141 2874 illud
3162 2863 3176 2887 ,
3207 2808 3429 2891 Impium
3474 2839 3579 2880 non

2011 2908 2251 2976 probabit
2282 2908 2614 2963 innocentem
2640 2908 2662 2961 ?
2704 2908 2811 2963 Nec
2838 2910 2996 2964 ullum
3022 2928 3203 2965 munus
3230 2930 3248 2965 :
3273 2914 3323 2967 id
3353 2924 3461 2981 est,
3490 2929 3578 2969 sa-

2007 2998 2203 3053 criﬁcia
2233 3014 2351 3068 qua:
2378 2998 2642 3054 habebant
2673 2999 2863 3054 Judtni.
2913 3000 3175 3057 Veracium
3203 3013 3368 3058 autent
3397 3023 3453 3060 os
3481 3008 3580 3061 int-

2010 3086 2158 3155 plebit
2194 3088 2337 3142 risu:
2365 3089 2748 3144 conﬁtentium.
2789 3090 2856 3144 Et
2887 3092 3259 3148 tabernaculum
3302 3097 3446 3167 impii
3481 3115 3581 3156 non

2008 3180 2352 3249 permanebit:
2372 3180 2456 3234 vel
2485 3181 2656 3249 ipsum
2688 3183 2970 3251 templum,
3000 3184 3085 3239 vel
3116 3200 3353 3255 regnum.

2079 3267 2176 3339 [lb.
2188 3268 2467 3341 tx.]_Verba
2482 3270 2603 3324 Job.
2618 3270 2740 3325 Vere
2752 3272 2851 3326 scio
2870 3274 2956 3344 qui
2970 3273 3042 3325 ita
3054 3283 3125 3328 est
3141 3291 3160 3339 ;
3183 3276 3232 3329 id
3245 3284 3345 3343 est,
3363 3278 3481 3348 quia
3496 3294 3582 3335 se-

2006 3359 2234 3413 cundum
2248 3360 2546 3429 iniquitates
2558 3376 2703 3416 meas
2713 3360 2828 3416 1133c
2843 3363 2969 3417 mihi
2982 3366 3235 3419 restituit:
3251 3368 3345 3422 sed
3359 3384 3463 3425 non
3478 3370 3580 3427 sic-

2007 3460 2169 3505 utvos
2188 3451 2544 3518 arbitramini;
2562 3454 2653 3525 sed
2675 3456 2795 3524 quia
2816 3470 2971 3510 nemo
2991 3465 3075 3511 est
3091 3456 3145 3513 in
3166 3472 3449 3531 conspectu
3465 3464 3580 3534 ejus

2002 3542 2197 3611 justus.
2221 3542 2340 3596 Non
2362 3545 2727 3613 respondebunt
2744 3547 2787 3600 ei
2812 3563 2968 3601 unum
2994 3549 3056 3603 de
3076 3550 3230 3604 mille.
3254 3551 3311 3605 ln
3336 3554 3581 3611 omnibus

2006 3635 2200 3705 quippe
2226 3636 2522 3691 convincet.
2567 3636 2668 3702 Qui
2696 3638 2748 3691 in
2778 3646 3065 3694 vetustatem
3092 3643 3318 3711 perducit
3352 3658 3577 3711 montes,

2008 3736 2056 3780 et
2080 3727 2306 3781 nesciunt
2330 3743 2349 3781 :
2373 3727 2425 3782 id
2455 3738 2536 3783 est
2563 3729 2628 3783 ad
2653 3729 3047 3797 inﬁrmitatem;
3081 3742 3137 3787 ut
3159 3744 3269 3800 est,
3299 3734 3581 3791 Inveteravi

2004 3816 2057 3871 in
2076 3816 2304 3873 omnibus
2329 3819 2544 3875 inimicis
2570 3821 2690 3875 meis
2715 3820 2884 3892 (Psal.
2910 3838 2996 3890 v1,
3022 3824 3097 3894 8).
3133 3826 3232 3890 Qui
3260 3828 3401 3880 vertit
3426 3843 3508 3882 eos
3526 3828 3581 3882 in

2005 3909 2103 3964 ira.
2156 3911 2436 3966 lrascendo
2462 3926 2556 3968 eos
2584 3913 2770 3979 vertit,
2794 3914 2847 3968 id
2878 3923 2995 3983 est,
3025 3924 3084 3969 ut
3135 3916 3275 3971 aliud
3315 3918 3583 3975 inveniant

2004 4017 2164 4073 quam
2210 4002 2572 4073 appetierant,
2626 4020 2749 4059 cum
2802 4006 2892 4075 qui
2955 4021 3015 4061 se
3061 4008 3289 4077 exaltat,
3338 4009 3581 4067 humilia-

2005 4096 2147 4150 bitur
2187 4093 2335 4167 (Luc.
2371 4096 2637 4167 x1v,ll).
2685 4096 2784 4162 Qui
2829 4108 3099 4152 commovet
3145 4100 3311 4154 orbem
3338 4118 3370 4154 a
3392 4102 3579 4172 funda-

2005 4189 2181 4242 mentis
2206 4204 2224 4241 :
2271 4204 2365 4258 per
2406 4190 2771 4255 vocationem,
2812 4205 2931 4261 qua:
2970 4190 3103 4245 facta
3146 4200 3256 4257 est,
3297 4208 3393 4261 per
3420 4210 3578 4264 quam

2003 4280 2255 4335 commoti
2284 4291 2407 4336 sunt
2431 4281 2751 4336 excellentes
2777 4282 2830 4335 in
2856 4282 3071 4336 mundo.
3105 4282 3172 4335 Et
3200 4284 3444 4337 columna:
3470 4287 3579 4356 ejus

2005 4371 2348 4424 movebuntur.
2398 4371 2497 4436 Qui
2537 4372 2761 4441 praecipit
2792 4372 2915 4439 soli,
2957 4381 3003 4425 et
3042 4389 3141 4425 non
3171 4373 3367 4426 oritur:
3407 4383 3463 4428 ut
3489 4385 3581 4431 aut

2007 4462 2264 4532 sapientia
2291 4478 2399 4516 non
2424 4463 2761 4532 intelligatur,
2783 4471 2872 4516 aut
2899 4464 2987 4532 qui
3016 4464 3374 4532 scripserunt;
3396 4474 3451 4519 ut
3472 4477 3574 4534 est,

2005 4551 2170 4623 Signa
2195 4553 2377 4607 librum
2405 4551 2562 4624 (Dan.
2592 4568 2695 4619 xu,
2727 4552 2804 4623 4).
2841 4552 2939 4619 Qui
2966 4555 3183 4607 extendit
3203 4555 3535 4611 cazlumsolus
3558 4573 3577 4612 :

2006 4645 2296 4701 Ecclesiam
2314 4685 2328 4711 ,
2358 4660 2475 4716 quae
2504 4647 2711 4715 proprie
2741 4645 2835 4700 Dei
2864 4646 3017 4701 sedes
3048 4654 3162 4713 est,
3208 4662 3367 4717 quam
3392 4658 3577 4705 exten-

2003 4738 2079 4792 dit
2106 4754 2202 4808 per
2232 4745 2397 4792 totum
2428 4737 2645 4803 orbem;
2677 4738 2815 4792 solus
2834 4778 2848 4805 ,
2878 4736 2944 4792 ad
2969 4737 3365 4813 signiﬁcandam
3402 4741 3576 4796 unita-

2004 4840 2109 4887 tem
2140 4830 2430 4887 Trinitatis.
2482 4830 2613 4885 Nam
2660 4832 2839 4901 utique
2883 4846 2980 4901 per
3028 4829 3219 4885 Filium
3272 4830 3328 4887 in
3378 4831 3577 4903 Spiritu

2002 4934 2185 4979 sancto
2209 4923 2384 4978 omnia
2408 4921 2545 4978 facta
2568 4931 2710 4977 sunt.
2750 4921 2819 4975 Et
2859 4922 3083 4991 ambulat
3120 4939 3272 4994 super
3297 4939 3435 4976 mare
3458 4933 3574 4977 tan-
3632 4912 3637 4917 ’

2001 5034 2151 5087 quam
2170 5034 2319 5086 super
2340 5026 2542 5071 terram.
2567 5015 2734 5087 Super
2761 5024 2962 5080 terram,
2992 5013 3045 5069 id
3070 5022 3179 5081 est,
3209 5012 3429 5068 ﬁrmiter
3447 5028 3577 5068 con-

2004 5111 2218 5165 lirmans
2261 5109 2553 5165 Ecclesium
2598 5108 2652 5162 in
2701 5106 2932 5174 smculo,
2975 5105 3060 5160 vel
3104 5103 3435 5174 subjiciendo
3473 5104 3575 5160 sibi

2002 5214 2336 5275 peccatores,
2379 5204 2432 5256 in
2477 5202 2668 5271 quibus
2710 5215 2815 5255 non
2864 5199 3142 5269 mergitur,
3192 5212 3295 5251 non
3337 5196 3575 5252 cedendo

2002 5295 2376 5350 tentationibus
2402 5308 2607 5349 eorum.
2638 5293 2698 5348 Si
2722 5300 3057 5362 transgressus
3076 5305 3153 5344 me
3171 5289 3349 5359 fuerit,
3373 5306 3473 5343 non
3503 5290 3576 5343 vi-

2000 5390 2141 5443 debo.
2172 5390 2232 5444 Si
2252 5389 2402 5443 altior
2428 5405 2503 5441 me
2528 5387 2713 5457 fuerit,
2736 5398 2822 5438 aut
2842 5383 3090 5438 celeritate
3112 5381 3453 5452 perstrinxerit
3473 5398 3572 5446 me,

1999 5498 2100 5535 non
2120 5498 2232 5535 eum
2252 5497 2537 5551 agnoscam.
2571 5477 2716 5547 Opus
2737 5485 2814 5531 est
2841 5489 2966 5544 ergo
2993 5482 3050 5528 ut
3074 5484 3129 5528 et
3147 5483 3401 5543 congruat
3430 5472 3575 5526 inﬁr-

2001 5573 2167 5627 mitati
2196 5588 2355 5637 mem,
2389 5581 2440 5625 et
2470 5585 2575 5624 non
2609 5584 2693 5622 mc
2718 5567 2949 5622 deserat.
2981 5564 3041 5621 Si
3070 5566 3201 5620 enim
3230 5565 3380 5618 morti
3410 5565 3570 5618 tradi~

2027 5688 2078 5797 dt
2106 5691 2160 5795 11:]
2180 5685 2373 5734 excusis
2389 5717 2403 5744 ,
2428 5688 2717 5746 putrescens.
2744 5686 2794 5729 tn
2817 5688 2919 5729 Mss.
2940 5714 2954 5739 ,
2978 5685 3297 5741 putrescentes
3321 5690 3338 5728 :
3362 5679 3569 5729 refertur

2075 5755 2131 5796 Ju
2166 5759 2276 5795 (eos.

1999 5755 2056 5797 ad
2075 5755 2276 5796 Judu'os.
