4110 6438
574 318 678 375 835

575 433 703 486 derit
721 475 735 498 ,
766 431 876 500 quis
903 432 1124 487 avertet!
1151 430 1300 486 Morti
1325 428 1466 484 enim
1495 429 1683 494 tradit,
1711 443 1832 483 cum
1866 427 1950 482 vel
1979 435 2153 480 trans-

574 523 831 593 greditur,
858 524 942 579 vel
970 524 1158 578 transit
1186 533 1243 578 ut
1275 523 1561 599 nesciatur.
1593 519 1718 575 ch
1752 530 1832 574 est
1863 532 2008 573 mors
2035 517 2153 571 aui-

575 632 711 680 maz,
763 625 819 670 ut
858 617 1020 672 Deum
1063 615 1282 670 nesciat.
1332 612 1502 682 Ipsius
1544 612 1676 666 enim
1703 609 2027 664 inavertibilis
2054 608 2150 661 ira.

574 707 810 761 Aliorum
837 707 976 761 enim
1005 715 1178 775 potest
1197 704 1363 759 averti
1392 719 1421 757 a
1452 702 1767 772 potentiore.
1801 701 1875 754 Ab
1899 701 2009 769 ipso
2038 698 2155 754 sub-

575 800 682 851 dita
707 807 820 852 sunt
847 807 1024 851 ca’tera
1049 797 1140 850 sub
1166 796 1288 850 coelo
1308 797 1323 827 ³
1352 813 1364 848 :
1398 802 1620 864 excepto
1652 793 1766 862 ipso
1795 791 1963 855 coelo,
1993 791 2042 845 id
2071 799 2154 846 est

575 888 816 943 rationali
851 897 1121 948 creatura;
1150 887 1271 957 quia
1299 886 1342 940 si
1375 885 1484 956 ipsa
1525 885 1622 938 sibi
1651 892 1844 939 czctera
1883 882 2152 938 subdidis-

575 993 683 1045 set,
735 994 998 1049 nunquam
1054 994 1148 1048 per
1185 993 1278 1044 ea,
1329 992 1446 1047 qum
1485 977 1585 1031 sibi
1627 975 1966 1041 subdiderat,
1996 973 2154 1043 puni-

576 1082 756 1126 retur:
797 1071 914 1140 quia
966 1085 1096 1124 vero
1143 1070 1281 1124 Deus
1319 1068 1371 1122 ei
1415 1069 1500 1121 illa
1530 1066 1792 1132 subdidit,
1817 1069 2034 1135 punitur
2059 1079 2154 1133 per

573 1177 633 1217 ea
652 1204 666 1228 ,
689 1160 899 1231 quando
919 1160 1198 1215 oﬂ'cndcrit
1218 1175 1341 1215 eum
1363 1160 1451 1229 qui
1473 1157 1728 1213 subdidit.
1763 1156 1910 1222 Quod
1929 1157 1976 1210 si
2002 1155 2154 1210 etiam

568 1255 734 1325 justus
777 1257 918 1323 fuero
937 1295 952 1319 ,
984 1249 1085 1306 non
1123 1251 1354 1306 exaudiet
1382 1266 1502 1304 me:
1543 1265 1734 1319 rogans
1761 1264 1883 1303 eum
1903 1288 1919 1315 ,
1953 1261 2156 1317 pratsu-

571 1360 725 1400 mens
765 1344 833 1398 de
871 1358 984 1398 mea
1012 1342 1233 1412 justitia.
1259 1344 1585 1411 Comparaus
1631 1341 1772 1394 enim
1817 1354 1878 1394 ea
1919 1339 2002 1392 his
2033 1353 2152 1407 quae

571 1435 707 1506 apud
739 1451 796 1491 se
823 1443 946 1489 sunt
975 1432 1486 1488 incommutabilibus
1505 1439 1559 1485 et
1580 1429 1877 1500 perpetuis,
1905 1436 2150 1497 tanquam

571 1529 825 1598 injustam
849 1543 933 1582 me
959 1542 1064 1581 non
1089 1526 1350 1580 exaudiet.
1388 1525 1528 1594 Ergo
1553 1523 1669 1592 ejus
1693 1523 1820 1576 mihi
1849 1521 2152 1576 misericor-

570 1623 654 1678 dia
694 1623 992 1678 necessaria
1031 1628 1131 1676 est.
1178 1619 1438 1673 Iudicium
1483 1621 1593 1686 ejus
1635 1615 1822 1686 rogabo
1847 1630 1866 1669 :
1905 1615 2026 1685 quia
2055 1628 2154 1684 ego

568 1714 804 1784 judicare
827 1729 931 1767 non
962 1727 1177 1781 possum
1208 1725 1293 1765 me
1323 1709 1522 1778 justum
1563 1722 1700 1763 esse.
1733 1705 1885 1763 Unde
1905 1715 2016 1772 est,
2047 1705 2154 1760 Sed

571 1820 728 1874 neque
751 1805 990 1874 meipsum
1004 1803 1213 1872 judico;
1241 1801 1327 1872 qui
1357 1808 1521 1853 autem
1538 1799 1738 1871 judicat
1764 1813 1871 1865 me,
1903 1796 2154 1851 Dominus

569 1905 642 1948 est
669 1893 712 1966 (1
739 1893 856 1948 Cor.
884 1909 958 1956 tv,
988 1895 1051 1960 5,
1079 1893 1157 1964 4).
1191 1892 1248 1945 Si
1272 1907 1386 1944 vero
1418 1891 1740 1954 invocavero,
1781 1897 1830 1942 et
1868 1905 1970 1942 non
1997 1904 2156 1942 exau-

569 1987 740 2050 dierit;
760 2002 858 2039 non
882 1985 1082 2038 credam
1101 1983 1336 2052 quoniam
1355 1980 1604 2035 exaudivit
1628 1996 1795 2034 vocem
1816 1995 1997 2033 meam.
2020 1978 2152 2034 Cum

571 2077 822 2147 judicium
862 2075 976 2146 ejus
1012 2089 1176 2143 rogo,
1215 2074 1259 2127 si
1300 2087 1404 2126 non
1445 2070 1773 2137 exaudierit,
1805 2085 1909 2126 non
1938 2069 2154 2125 credam

571 2171 712 2242 quod
733 2169 813 2224 vel
836 2167 1118 2238 aliquando
1143 2165 1438 2221 exaudierit
1463 2178 1550 2218 me
1573 2181 1586 2216 :
1619 2163 1842 2218 occultis
1859 2162 2002 2218 enim
2023 2177 2152 2218 cau-

572 2262 647 2316 sis
673 2276 758 2316 me
797 2259 1030 2324 audivit,
1067 2272 1174 2312 non
1210 2256 1398 2311 merito
1434 2253 1822 2324 deprecationis
1860 2267 2013 2308 mea).
2049 2253 2155 2307 Aut

571 2362 748 2418 certe,
795 2365 900 2406 non
944 2348 1155 2404 credam
1205 2363 1312 2401 non
1359 2361 1445 2402 me
1490 2343 1797 2400 exauditam
1838 2357 2015 2398 nunc:
2055 2343 2156 2396 ali-

571 2442 783 2513 quando
817 2441 960 2496 enim
992 2438 1269 2494 exauditus
1299 2451 1437 2491 sum.
1477 2441 1583 2490 Aut
1621 2435 1722 2500 ita,
1752 2435 1884 2502 Quia
1921 2434 1966 2488 si
1992 2449 2155 2490 exau-

570 2533 728 2589 dierit
751 2532 892 2603 quod
920 2540 1072 2602 peto,
1100 2529 1311 2585 credam
1335 2528 1498 2583 etiam
1536 2527 1843 2583 exauditum
1875 2541 1959 2582 me
1983 2544 1997 2580 :
2029 2541 2151 2580 nam

571 2624 616 2680 si
644 2639 751 2678 non
781 2623 1085 2688 credidero,
1110 2621 1350 2692 quamvis
1377 2620 1466 2674 liat
1485 2618 1627 2688 quod
1658 2627 1812 2688 peto,
1843 2627 2015 2672 tamen
2046 2634 2150 2672 non

570 2715 848 2772 exauditus
894 2729 1044 2778 sum;
1100 2723 1158 2768 ut
1204 2713 1411 2782 signum
1465 2711 1820 2766 exauditionis
1867 2710 2153 2765 credulitas

571 2807 884 2878 postulantis
912 2806 999 2860 sit.
1051 2803 1132 2858 Ne
1157 2808 1286 2875 forte
1329 2804 1382 2856 in
1410 2802 1605 2856 turbine
1633 2818 1712 2856 me
1736 2809 1975 2855 conterat.
2017 2801 2152 2855 Pro-

570 2905 752 2968 pterea
780 2912 960 2968 quzero
985 2895 1241 2966 judicium
1269 2895 1414 2965 ejus,
1444 2909 1513 2950 nc
1539 2895 1590 2948 in
1623 2895 1832 2949 turbine
1859 2909 1942 2949 me
1969 2903 2154 2949 eonte-

570 2997 673 3044 rat.
715 2988 904 3042 Multas
933 2987 1064 3040 enim
1103 2986 1445 3040 tribulationes
1487 3001 1620 3038 meas
1659 2985 1774 3055 fecit
1813 2985 1919 3038 sine
1957 3001 2111 3040 causa
2134 3001 2153 3040 :

571 3095 798 3152 quorum
822 3093 978 3134 causa
1002 3093 1086 3132 me
1109 3077 1276 3131 latuit.
1309 3077 1415 3131 Aut
1434 3084 1580 3131 certe
1605 3075 1904 3130 confitentis
1925 3091 2028 3130 vox
2047 3087 2148 3142 est,

572 3170 794 3242 ﬂagellis
827 3171 917 3225 Dei
947 3169 1248 3224 conliteutis
1275 3181 1378 3221 non
1405 3181 1463 3221 se
1484 3181 1605 3221 esse
1632 3176 1928 3221 correctum
1945 3207 1959 3232 ,
1983 3177 2037 3221 et
2069 3167 2150 3221 icl-

573 3264 718 3318 circo
755 3277 912 3332 posse
938 3261 1148 3316 turbine
1177 3261 1411 3324 conteri,
1452 3259 1602 3329 quasi
1639 3259 1825 3329 majori
1866 3259 2151 3329 supplicio.

578 3355 699 3411 Non
721 3357 851 3410 enim
872 3355 989 3409 sinit
1018 3369 1096 3407 me
1123 3353 1372 3423 respirare
1391 3368 1411 3406 :
1439 3360 1545 3406 tam
1575 3351 1757 3406 multa:
1782 3359 1905 3406 sunt
1932 3352 2150 3408 tribula-

572 3449 743 3504 tiones
784 3462 936 3502 meos.
976 3445 1175 3500 Etenim
1221 3445 1340 3516 quia
1393 3454 1584 3515 potest,
1617 3445 1822 3499 obtinet.
1857 3445 2064 3514 Vincit,
2097 3451 2154 3500 ut

573 3541 902 3597 voluntatem
919 3540 1034 3610 ejus
1055 3539 1260 3604 faciam,
1288 3555 1392 3593 non
1420 3553 1614 3593 meam.
1640 3537 1788 3602 Quod
1803 3539 1894 3592 etsi
1911 3540 2155 3610 fueroju-

572 3639 700 3700 stus,
719 3648 775 3686 os
800 3647 963 3686 meum
989 3631 1145 3701 impia
1175 3629 1403 3700 loquetur
1421 3645 1440 3684 :
1469 3630 1513 3684 si
1544 3646 1628 3684 me
1647 3629 1847 3700 justum
1876 3639 2150 3699 putavero.

580 3724 933 3781 Verumtamen
966 3728 1221 3795 auferetur
1259 3723 1358 3777 vita
1389 3740 1518 3778 mea.
1562 3723 1816 3790 Quamvis
1849 3725 2079 3779 nesciam
2107 3724 2151 3779 si

573 3819 733 3888 impie
751 3817 852 3888 egi,
868 3825 1043 3872 tamen
1061 3816 1329 3872 auferetur
1346 3815 1452 3870 vita
1470 3831 1607 3880 mea,
1624 3824 1679 3870 ut
1695 3816 1866 3887 patiar
1877 3834 1994 3887 quae
2006 3818 2150 3886 nolo,

571 3919 662 3965 aut
679 3923 782 3964 non
806 3908 991 3962 faciam
1007 3924 1124 3977 qua:
1140 3907 1279 3962 volo.
1300 3905 1466 3962 Unum
1483 3916 1553 3961 est
1567 3907 1702 3978 quod
1717 3907 1842 3975 dixi,
1861 3924 2095 3979 magnum
2107 3917 2153 3962 et

573 4009 821 4072 potentem
841 3999 1083 4070 disperdit
1111 4000 1210 4053 ira.
1241 3997 1295 4052 ld
1313 4006 1394 4053 est
1411 4039 1425 4064 ,
1448 4007 1665 4069 propter
1692 3998 1794 4054 hoc
1832 4013 1993 4053 unum
2020 4000 2152 4055 fiunt

573 4093 938 4148 tribulationes
951 4089 1270 4157 hominibus,
1284 4099 1340 4144 ut
1355 4105 1570 4161 magnus
1580 4091 1676 4145 sibi
1693 4099 1984 4160 potensque
1995 4107 2153 4146 nemo

572 4185 832 4250 videatur,
858 4199 1182 4255 prmsumens
1203 4183 1268 4238 de
1287 4183 1487 4238 viribus
1515 4185 1646 4239 suis.
1673 4184 1804 4249 Quia
1832 4201 2044 4257 nequam
2070 4185 2155 4240 ho-

572 4278 730 4331 mines
757 4277 810 4330 in
837 4293 1019 4346 magna
1047 4285 1203 4329 morte
1228 4285 1372 4328 erunt
1397 4290 1418 4328 :
1447 4290 1550 4329 non
1579 4276 1630 4328 in
1661 4275 1935 4340 mediocri,
1968 4277 2018 4330 iu
2050 4292 2149 4347 qua

572 4378 696 4424 sunt
719 4368 877 4423 etiam
898 4367 1176 4436 justi,cum
1203 4366 1538 4431 tribulautur,
1557 4366 1692 4421 etab
1717 4367 1794 4421 eis
1819 4367 2148 4423 deridentur.

576 4459 731 4513 Terra
761 4458 944 4512 tradita
963 4466 1034 4511 est
1059 4459 1110 4511 in
1135 4474 1314 4511 manus
1341 4457 1484 4528 impii
1505 4473 1523 4512 :
1547 4469 1636 4512 aut
1657 4473 1848 4528 corpus
1862 4459 2148 4530 justorum,

575 4567 682 4606 non
712 4551 1041 4617 auima,cum
1073 4565 1165 4604 cos
1190 4559 1596 4619 persequuntur,
1616 4551 1930 4620 autquando
1956 4552 2152 4621 impius

574 4643 834 4698 dominari
857 4641 1197 4711 permittitur.
1231 4641 1408 4695 Potest
1429 4649 1484 4696 ct
1510 4641 1676 4711 accipi
1713 4641 1873 4698 homo
1908 4652 2154 4712 peccator

577 4736 630 4792 in
657 4751 846 4790 manus
870 4734 1062 4788 diaboli
1094 4732 1384 4788 secundum
1412 4733 1785 4787 mortalitatem
1825 4748 1996 4788 suam.
2039 4731 2153 4786 Fa-

573 4830 710 4884 ciens
715 4829 966 4900 judicium
981 4825 1057 4899 (a)
1079 4827 1186 4897 ejus
1201 4826 1362 4897 operit
1382 4846 1401 4882 :
1426 4835 1515 4880 aut
1535 4825 1698 4896 ipsius
1715 4827 1858 4898 impii
1871 4827 2148 4897 judicium,

575 4931 665 4976 aut
681 4921 807 4992 illin
828 4936 842 4986 ;
867 4921 916 4974 in
939 4919 1038 4973 hoc
1057 4919 1199 4972 enim
1231 4927 1468 4986 tempore
1494 4926 1735 4986 opertum
1762 4927 1862 4973 est.
1885 4921 1988 4974 Aut
2007 4929 2154 4975 certe

576 5015 679 5070 hoc
714 5015 827 5085 ipso
856 5013 980 5068 facit
1003 5011 1256 5082 judicium
1307 5009 1454 5080 ejus,
1485 5009 1536 5064 id
1564 5019 1671 5078 est,
1703 5027 1769 5066 eo
1795 5012 1939 5067 illum
1969 5015 2150 5084 punit,

575 5121 683 5176 quo
708 5106 937 5160 occultat
957 5105 1004 5158 ei
1034 5101 1415 5173 providentiam
1443 5116 1592 5156 suam
1620 5120 1633 5157 :
1664 5111 1722 5156 ut
1748 5113 1827 5158 est
1845 5146 1860 5170 ,
1897 5104 2014 5159 Prte
2041 5123 2152 5159 ma-

575 5196 838 5270 gniludine
878 5197 970 5250 ira:
1005 5209 1112 5250 suae
1150 5209 1248 5246 non
1277 5191 1488 5262 requiret
1513 5191 1683 5264 (Psal.
1711 5209 1774 5260 ιι,
1804 5194 1918 5264 25).
1965 5195 2060 5249 Vel
2089 5211 2154 5250 eo

572 5290 773 5358 justum
812 5287 1076 5353 vindicat,
1117 5299 1222 5357 quo
1255 5286 1484 5341 occultat
1520 5289 1844 5355 persecutori
1872 5288 1986 5357 ejus
2007 5289 2154 5358 judi-

641 5401 657 5430 ¹
680 5406 734 5462 in
759 5405 868 5462 LXX
895 5412 910 5462 ξ
939 5397 1046 5447 λ’ἐιὲ
1069 5395 1135 5462 _tt‘t
1147 5395 1507 5462 hup’ouranon,
1532 5395 1624 5462 ceti
1653 5397 1734 5460 qui
1765 5396 1868 5462 sub_
1887 5397 2023 5462 coelo.
2062 5399 2155 5449 Sed

572 5461 818 5510 credimus
840 5458 1015 5522 labem
1038 5458 1229 5522 allatam
1255 5473 1424 5522 eorum
1455 5458 1694 5520 versioni',
1714 5473 1824 5522 quae
1847 5459 1973 5510 forte
2004 5461 2154 5511 habe-

574 5524 675 5582 bat,
693 5521 848 5573 kéthoi
863 5522 930 5572 tés
945 5520 1344 5584 huperéphanias,
1361 5519 1605 5584 adjutores
1627 5519 1865 5584 superbia:
1881 5523 2039 5585 :quod
2062 5522 2154 5572 bc-

575 5597 707 5634 δι·ωο
731 5588 887 5635 textui
910 5592 1155 5633 consonat.

637 5667 709 5734 (a)_
731 5665 1209 5734 t'tebaturmendoso
1229 5664 1394 5734 codice
1419 5675 1431 5712 ε
1452 5663 1708 5734 apud
1730 5671 1839 5715 LXX
1860 5663 2058 5731 legitur,
2077 5667 2153 5732 fa-

579 5728 671 5781 ries
682 5726 905 5792 judicum
916 5741 936 5789 ;
959 5730 1007 5776 in
1031 5727 1245 5790 Vulgata,
1269 5727 1445 5776 vultum
1456 5726 1698 5787 judicam.

1565 307 2096 370 ANNOTATIONUM
2134 307 2198 365 IN
2235 308 2372 379 JOB,
2413 311 2471 368 S.
2513 313 2876 372 AUGUSTINI

3741 332 3841 392 858

2261 425 2399 479 cium
2425 440 2579 479 suum
2597 468 2609 490 ,
2635 425 2684 480 id
2707 437 2790 481 est
2811 427 3193 496 providentiam
3215 446 3365 487 sitam
3390 476 3404 501 ,
3429 444 3483 490 ut
3505 438 3701 493 arctius
3721 456 3842 508 pec-

2260 526 2499 570 catorum
2534 517 2737 588 laqueis
2782 534 2877 588 per
2920 521 3286 589 impunitatem
3323 527 3583 595 capiatur.
3631 530 3844 596 Quodsi

2261 623 2360 660 non
2407 617 2512 673 est,
2565 609 2676 677 quis
2706 625 2824 680 ergo
2869 613 2976 664 est?
3008 611 3191 669 Potest
3232 614 3333 670 hoc
3374 616 3442 672 de
3493 618 3714 676 Domino
3765 623 3846 678 itt-

2261 697 2452 766 telligi,
2500 700 2588 768 qui
2631 710 2685 753 et
2726 699 2938 755 derisus
2970 713 3081 768 est,
3118 713 3174 760 et
3211 706 3365 776 cujus
3395 718 3564 777 terra,
3605 711 3704 767 hoc
3731 726 3811 770 est

2258 802 2451 858 corpus
2469 791 2718 845 traditum
2737 801 2819 847 est
2839 793 2891 847 in
2918 810 3104 850 manus
3135 797 3437 854 Judzcorum
3461 843 3475 867 ,
3507 811 3561 857 et
3589 804 3738 872 Cujus
3764 805 3844 874 ju-

2257 877 2454 933 dicium
2484 879 2681 935 faciens
2707 885 2991 938 occultavit
3039 887 3370 956 majestatcm
3403 890 3586 961 ipsius.
3628 894 3779 958 Quod
3805 897 3847 950 si

2259 969 2366 1038 ipse
2385 985 2483 1022 non
2510 982 2611 1036 est,
2635 973 2746 1041 quis
2771 990 2888 1045 ergo
2908 986 2980 1029 est
2997 1017 3012 1042 ,
3035 977 3124 1046 qui
3149 979 3345 1048 majora
3374 980 3555 1044 faciat,
3579 998 3735 1053 quam
3769 984 3847 1040 fc-

2255 1061 2328 1114 cit
2349 1060 2510 1130 ipse?
2539 1062 2628 1117 Vel
2653 1063 2750 1127 sic,
2770 1064 2922 1131 Quod
2943 1067 2986 1120 si
3009 1084 3112 1121 non
3142 1069 3264 1124 facit
3293 1072 3430 1128 Deus
3452 1073 3848 1145 judiciumjusti

2256 1149 2340 1202 vel
2371 1150 2554 1220 impii,
2585 1152 2704 1222 quis
2735 1164 2910 1222 potest
2937 1155 3150 1213 facere?
3197 1159 3308 1214 Vita
3345 1173 3513 1216 autem
3553 1182 3662 1219 mea
3694 1167 3849 1220 levior

2256 1249 2328 1293 est
2347 1257 2568 1295 cursore.
2603 1243 2874 1314 'l‘anquam
2901 1247 3147 1316 fugitivos
3166 1250 3292 1304 dicit
3321 1251 3564 1308 homines
3590 1271 3618 1307 a
3641 1255 3848 1324 justitia

2256 1331 2626 1398 discedentes;
2656 1346 2709 1390 ut
2732 1337 2820 1393 ille
2848 1337 2984 1393 lilius
3005 1341 3178 1395 minor
3199 1343 3466 1412 profectus
3494 1347 3543 1399 in
3576 1349 3849 1417 regionem

2257 1423 2598 1496 longinquam
2624 1426 2775 1498 (Luc.
2802 1446 2897 1495 xv,
2930 1433 3042 1502 15).
3067 1433 3168 1486 Aut
3186 1439 3334 1505 quasi
3348 1437 3532 1505 aquin
3550 1441 3784 1504 volantis,
3803 1448 3850 1494 et

2255 1515 2520 1582 qttwrentis
2544 1533 2728 1571 escam.
2772 1519 2851 1574 De
2890 1523 3283 1588 superioribus,
3328 1526 3378 1579 in
3414 1527 3603 1595 quibus
3624 1539 3847 1583 natura-

2256 1602 2379 1658 liter
2409 1605 2601 1661 animze
2637 1608 2922 1664 rationales
2947 1611 3113 1667 beatae
3134 1623 3284 1681 sunt,
3309 1615 3360 1670 id
3390 1627 3472 1672 est
3497 1619 3747 1688 operibus
3764 1620 3851 1688 ju-

2256 1695 2441 1762 stitiac,
2468 1697 2851 1755 inclinaverunt
2887 1716 2945 1756 se
2981 1702 3047 1757 ad
3077 1711 3319 1762 terrenas
3348 1700 3664 1776 voluptates.
3695 1708 3850 1774 Quod

2255 1787 2300 1840 si
2343 1797 2390 1841 et
2427 1791 2621 1844 locutus
2663 1792 2840 1860 fuero,
2876 1794 3136 1849 obliviscor
3173 1796 3294 1850 dum
3343 1799 3538 1869 loquor.
3583 1801 3848 1867 Locutio;

2257 1880 2698 1947 quemadmodum
2727 1885 2974 1940 allectum
2998 1887 3180 1943 habuit
3206 1889 3273 1943 ad
3306 1892 3601 1960 exteriora,
3627 1895 3706 1949 sic
3727 1894 3853 1949 ani-

2256 1985 2339 2024 ma
2367 1970 2491 2026 dum
2520 1975 2856 2044 progreditur
2884 1977 2950 2030 ad
2976 1993 3036 2032 ea
3071 1994 3190 2049 qua:
3217 1979 3344 2036 foris
3368 1991 3520 2047 sunt,
3556 1984 3853 2054 cupiditate

2257 2058 2462 2115 fruendi
2493 2073 2766 2133 creatura,
2809 2066 3140 2124 obliviscitur
3179 2071 3482 2128 interiorem
3513 2074 3850 2130 Creatorem.

2255 2149 2531 2208 Declinans
2557 2156 2609 2208 in
2634 2156 2813 2226 facient
2835 2159 3176 2229 ingemiscant.
3202 2162 3348 2217 Illam
3374 2165 3516 2219 enim
3536 2165 3855 2221 declinatio-

2258 2258 2380 2297 nem
2405 2243 2616 2301 dolorcs
2639 2257 2950 2317 sequuntur.
2979 2250 3302 2308 Commoveor
3321 2257 3548 2310 omnibus
3573 2257 3854 2312 membris:

2257 2333 2435 2401 timor,
2462 2350 2568 2405 quo
2589 2337 2770 2407 incipit
2791 2355 3083 2396 recurrere.
3115 2343 3178 2396 Et
3197 2345 3314 2415 quia
3332 2363 3442 2401 sum
3465 2348 3668 2418 impius,
3688 2365 3854 2419 quare

2255 2443 2357 2482 non
2385 2445 2498 2482 sum
2525 2441 2780 2496 mortuus,
2813 2443 2858 2486 ct
2886 2434 3099 2490 laboro?
3123 2436 3266 2505 Scio,
3296 2439 3566 2494 subaudis.
3591 2444 3698 2494 Aut
3717 2440 3854 2496 dicit

2255 2532 2316 2572 se
2341 2519 2580 2575 laborare
2598 2561 2614 2587 ,
2640 2523 2759 2590 quia
2793 2524 3044 2594 impietati
3073 2537 3312 2584 mortuus
3339 2546 3442 2584 non
3470 2539 3572 2586 est.
3601 2531 3664 2584 Et
3692 2548 3850 2585 muri.

2255 2607 2406 2662 datus
2443 2612 2586 2680 [uero
2626 2614 2826 2668 mundis
2867 2616 3134 2671 manibus:
3175 2627 3270 2673 aut
3308 2619 3400 2673 Dei
3445 2622 3718 2684 manibus,
3754 2631 3853 2676 aut

2255 2698 2400 2765 suis;
2434 2700 2481 2753 id
2508 2710 2591 2756 est
2609 2743 2624 2767 ,
2647 2704 2802 2758 bonis
2823 2705 3070 2774 operibus
3090 2723 3182 2777 per
3203 2713 3678 2778 regenerationem.
3704 2712 3853 2768 Satis

2255 2793 2308 2846 in
2333 2794 2482 2848 sorde
2501 2812 2584 2864 me
2599 2796 2790 2850 tinxisti
2810 2813 2829 2851 :
2859 2799 2910 2852 in
2934 2800 3085 2854 istam
3109 2805 3480 2860 mortalitatem
3505 2806 3851 2874 perductum.

2259 2885 2326 2939 Et
2348 2898 2654 2940 exsecratum
2677 2905 2754 2942 me
2773 2899 2844 2943 est
2863 2892 3205 2946 vestimentum
3229 2911 3428 2949 meum:
3450 2897 3850 2965 immortalitas,

2256 2994 2356 3048 qua
2382 2980 2625 3049 cupimus
2645 2982 2986 3051 supervestiri
3019 2984 3085 3052 (11
3114 2983 3232 3039 Cor.
3259 3002 3312 3052 v,
3341 2987 3432 3056 4);
3465 2988 3557 3042 sed
3587 2988 3708 3058 quia
3736 3005 3851 3044 non

2258 3085 2540 3138 possumus
2566 3071 2617 3126 in
2647 3072 2745 3126 hac
2773 3073 3142 3143 Corruptione,
3175 3076 3292 3132 ideo
3319 3077 3482 3144 dicit,
3515 3079 3854 3135 Exsecratusn
3911 3082 3915 3086 ’

2256 3177 2334 3213 me
2361 3171 2432 3214 est
2462 3163 2801 3216 vestimentum
2826 3181 3009 3218 meum.
3051 3164 3169 3219 Non
3199 3184 3250 3220 es
3277 3170 3407 3222 enim
3433 3171 3582 3224 homo
3599 3212 3613 3234 ,
3640 3171 3772 3224 sicut
3802 3181 3853 3226 et

2256 3268 2367 3322 ego,
2379 3253 2463 3305 cui
2477 3253 2834 3307 contradicam.
2859 3256 3064 3311 Homini
3083 3259 3223 3312 enim
3244 3276 3456 3330 possem
3471 3263 3854 3322 demonstrare

2251 3342 2508 3411 justitiam
2545 3358 2752 3410 meam;
2796 3348 2847 3400 in
2888 3356 2978 3402 tuo
3002 3358 3178 3403 autem
3213 3350 3410 3419 judicio
3438 3354 3679 3410 invenior
3703 3355 3852 3427 inju-

2255 3443 2389 3489 stus.
2415 3434 2622 3490 Utinam
2639 3448 2763 3492 esset
2785 3439 2926 3493 nobis
2953 3441 3176 3497 arbiter!
3205 3442 3421 3498 Videtur
3447 3446 3849 3516 blasphemare,

2256 3526 2357 3581 nisi
2384 3528 2531 3582 illum
2561 3528 2903 3586 Mediatorem
2939 3533 3030 3588 Dei
3059 3543 3111 3588 et
3140 3533 3412 3590 hominum
3453 3537 3492 3608 (I
3525 3537 3658 3592 Tim.
3687 3555 3752 3604 tt,
3787 3540 3848 3613 5)

2255 3629 2440 3688 optare
2478 3621 2826 3692 intelligatur,
2868 3635 2927 3679 ut
2956 3641 3051 3694 per
3093 3642 3216 3682 cum
3257 3629 3450 3699 alleget
3486 3645 3672 3699 preces
3696 3645 3850 3688 suas.

2256 3708 2370 3763 lloc
2399 3709 2557 3764 modo
2581 3711 2723 3766 enim
2753 3712 2842 3768 ille
2881 3715 3026 3769 audit
3051 3715 3191 3771 inter
3219 3728 3500 3789 utrumque
3525 3720 3756 3788 positus,
3797 3729 3855 3775 et

2254 3801 2427 3870 arguit
2454 3802 2738 3858 hominem.
2775 3804 2912 3860 Filio
2941 3807 3082 3861 enim
3108 3823 3266 3864 omne
3285 3808 3540 3879 judicium
3570 3811 3726 3866 Pater
3744 3811 3851 3867 dc-

2255 3891 2332 3946 dit
2364 3891 2538 3962 (Joan.
2568 3909 2620 3958 v,
2647 3892 2761 3966 22).
2791 3895 2856 3948 Et
2888 3898 2974 3966 qui
3010 3909 3268 3966 argueret,
3295 3911 3342 3954 et
3376 3902 3463 3971 qui
3492 3902 3688 3956 audiret
3714 3902 3855 3957 inter

2255 3992 2539 4054 utrumque.
2586 3985 2788 4038 Avertat
2819 4002 2852 4038 a
2884 4003 2964 4041 me
2995 3988 3186 4058 virgam
3206 4005 3372 4043 suam.
3403 3989 3659 4044 Trauseat
3685 3993 3854 4047 timor

2256 4074 2414 4145 Legis
2433 4117 2446 4139 ,
2481 4085 2536 4129 ut
2561 4075 2858 4145 adoptionis
2887 4078 3133 4134 libertate
3159 4088 3211 4134 et
3233 4080 3490 4136 charitate
3517 4081 3588 4136 illi
3617 4084 3852 4150 conjun-

2253 4180 2369 4235 gar.
2403 4164 2523 4220 Non
2551 4167 2681 4220 enim
2708 4184 2819 4220 sum
2845 4185 3036 4223 mecum
3060 4185 3080 4223 :
3113 4170 3234 4241 quia
3263 4171 3344 4226 his
3369 4171 3544 4226 laureo
3569 4188 3686 4242 qua:
3713 4169 3853 4228 loris

2257 4268 2373 4312 sunt
2386 4296 2400 4310 .

2327 4345 2429 4421 [lb.
2448 4346 2528 4421 ι]
2559 4347 2818 4419 Proferam
2845 4362 3019 4405 contra
3047 4370 3124 4406 me
3148 4370 3416 4408 sermones.
3439 4355 3561 4410 [huc
3586 4359 3852 4410 eonliten-

2257 4442 2326 4495 tis
2357 4450 2499 4496 sunt.
2543 4439 2609 4494 Et
2641 4442 2806 4496 dicant
2844 4444 2912 4496 ad
2949 4443 3256 4508 Dominum,
3290 4445 3413 4500 Noli
3444 4464 3522 4500 me
3544 4447 3726 4501 docere
3740 4448 3851 4502 ins-

2258 4531 2394 4602 pium
2420 4547 2543 4586 esse.
2579 4531 2697 4587 Noli
2728 4549 2811 4588 me
2841 4544 3046 4590 tentare
3081 4537 3216 4592 ultra
3249 4554 3406 4608 quam
3429 4555 3640 4608 possum
3670 4539 3846 4604 ferre,

2256 4641 2354 4680 nec
2381 4626 2510 4682 mihi
2535 4626 2679 4681 sinas
2702 4627 2942 4682 accidere
2962 4667 2977 4693 ,
3001 4629 3190 4698 quibus
3213 4631 3341 4684 mihi
3364 4631 3605 4700 impietas
3625 4646 3849 4700 persua-

2256 4717 2463 4773 deatur.
2489 4720 2586 4772 Aut
2613 4720 2792 4774 bonum
2811 4731 2882 4774 est
2907 4722 3024 4786 tibi,
3053 4723 3099 4776 si
3121 4723 3289 4794 inique
3307 4725 3490 4794 egero?
3514 4724 3624 4778 Non
3647 4734 3730 4780 est
3750 4741 3850 4780 au-

2256 4815 2362 4862 tem
2392 4809 2486 4863 tibi
2515 4808 2738 4876 bonum,
2763 4810 2804 4864 si
2836 4810 3010 4880 inique
3032 4827 3192 4882 egero
3216 4830 3229 4865 :
3263 4829 3368 4868 non
3389 4829 3516 4884 ergo
3543 4814 3737 4884 injuste
3757 4829 3848 4870 tne

2258 4901 2328 4956 ila
2356 4902 2696 4956 constituisti.
2725 4901 2856 4967 Quia
2883 4903 3097 4976 despicis
3131 4923 3259 4976 opus
3278 4906 3411 4977 quod
3431 4923 3610 4961 manus
3638 4917 3738 4960 tute
3761 4909 3846 4976 fe-

2257 4991 2461 5046 cerunt?
2507 4991 2562 5047 Si
2604 4994 2743 5062 quod
2773 4994 3001 5064 despicis
3037 5011 3171 5065 Opus
3217 5013 3469 5052 manuum
3501 5007 3729 5053 tuarum.
3762 4997 3847 5051 Ad

2258 5084 2525 5138 consilium
2548 5084 2819 5156 impiorum
2848 5087 3279 5143 animadvertisti?
3319 5089 3412 5144 sed
3451 5104 3557 5142 non
3596 5089 3712 5158 ejus
3737 5089 3844 5143 im-

2258 5176 2469 5245 pietatis
2494 5192 2612 5246 quzn
2642 5177 2943 5233 hominibus
2963 5191 3200 5249 apparet.
3233 5181 3328 5248 Et,
3360 5182 3440 5235 Ad
3458 5183 3725 5236 consilium
3750 5182 3847 5236 im-

2259 5269 2457 5339 piorum
2481 5269 2912 5325 animadvertisti?
2939 5288 3044 5327 non
3083 5275 3203 5342 quia
3241 5275 3415 5344 placet
3453 5276 3524 5329 illi
3566 5286 3620 5330 ut
3665 5275 3845 5344 inique

2259 5368 2437 5429 agant.
2481 5360 2578 5413 Aut
2613 5361 2740 5416 sicut
2775 5364 2923 5416 homo
2951 5366 3206 5436 perspicit,
3221 5367 3638 5436 perspicis?quia
3660 5369 3845 5436 utique

2258 5467 2364 5507 non
2390 5452 2527 5506 sicut
2552 5451 2713 5507 homo
2747 5457 3035 5524 perspicis;
3065 5457 3184 5512 ideo
3215 5461 3268 5513 in
3293 5460 3515 5514 consilio
3557 5460 3840 5529 impiorum

2261 5544 2698 5598 animadvertisti.
2738 5546 2834 5600 Est
2875 5547 3016 5602 enim
3054 5548 3297 5618 impietas
3320 5565 3477 5621 quam
3509 5561 3562 5614 tu
3593 5551 3738 5604 solus
3763 5550 3844 5604 vi-

2259 5635 2354 5690 des
2374 5676 2386 5698 ,
2413 5643 2469 5690 et
2496 5635 2563 5689 ab
2595 5637 2894 5694 hominibus
2915 5655 3017 5694 non
3040 5640 3266 5696 videtur.
3291 5642 3389 5696 Aut
3410 5643 3630 5696 humana
3650 5653 3722 5697 est
3742 5642 3841 5695 vim

2261 5727 2381 5780 tua?
2419 5725 2466 5781 id
2495 5735 2612 5792 est,
2644 5727 2852 5795 brevis,
2885 5739 2937 5784 ut
2969 5746 3072 5787 non
3099 5733 3270 5802 possis
3295 5733 3360 5790 de
3389 5734 3736 5804 perpetuitate
3751 5731 3837 5803 ju-
