4110 6504
336 402 438 461 85³1

334 515 534 572 dicare.
565 511 632 566 Et
660 518 862 583 peccata
890 523 1000 562 mea
1024 501 1346 577 investigasti.
1375 499 1488 556 Non
1515 497 1657 556 enim
1681 496 1848 551 latere
1871 504 1923 550 te

335 610 621 676 potuerunt
647 615 764 670 qum
790 599 956 654 latent
982 595 1245 651 homines.
1287 591 1403 647 Scis
1422 591 1553 645 enim
1574 603 1653 642 me
1677 585 1806 640 nihil
1827 586 1925 676 im-

336 675 416 768 pie
435 696 631 766 fecisse.
652 691 785 746 Nam
807 698 1060 760 quantum
1086 687 1151 742 ad
1172 685 1435 749 homines,
1459 681 1592 736 nihil
1616 678 1776 748 impie
1798 675 1917 732 feci.

336 787 444 844 Sed
481 785 591 856 quis
625 792 696 839 est
731 782 818 853 qui
850 782 911 835 de
936 779 1164 834 manibus
1205 778 1301 831 tuis
1327 775 1585 845 eripiat“!
1615 770 1919 843 judicantis.

335 879 483 934 Sicut
510 877 648 931 Deus
670 872 911 943 judicas,
950 886 1069 926 cum
1111 867 1261 924 vides
1306 866 1463 922 etiam
1499 879 1590 918 eas
1624 862 1922 933 impietates

335 985 468 1041 quas
489 968 649 1021 homo
678 980 783 1020 non
809 962 971 1018 videt.
1011 959 1199 1016 Postea
1227 974 1340 1013 vero
1376 965 1595 1009 mutatus
1634 951 1924 1024 percussisti

338 1077 416 1116 me
439 1076 459 1114 :
485 1073 544 1113 se
572 1058 774 1112 scilicet
802 1062 1036 1119 mutato,
1062 1067 1170 1107 non
1195 1052 1339 1114 Deo;
1365 1051 1485 1118 quia
1508 1054 1738 1102 mutatus
1762 1045 1921 1099 homo

339 1158 594 1206 mutatum
625 1149 788 1202 Deum
814 1146 1002 1211 sentit,
1033 1153 1090 1198 ut
1119 1159 1211 1213 per
1241 1139 1577 1196 tenebrarum
1604 1136 1923 1191 diuturnitao

339 1252 444 1296 tem
475 1239 662 1293 mutati
687 1237 826 1292 oculi
858 1243 1113 1289 mutatum
1137 1231 1303 1288 solem
1327 1230 1578 1284 sentiunt.
1605 1225 1799 1280 Memor
1819 1235 1922 1280 esto

337 1333 453 1402 quia
477 1331 540 1385 de
562 1330 665 1384 luto
687 1328 876 1398 [intristi
906 1343 1001 1381 me.
1023 1325 1134 1380 Tua
1159 1338 1287 1394 ergo
1307 1319 1668 1376 misericordia
1691 1318 1918 1388 indigeo.

337 1421 404 1476 In
430 1431 615 1476 terram
645 1437 723 1473 me
748 1420 926 1473 iterum
951 1424 1242 1472 convertes:
1273 1421 1474 1479 morte,
1503 1427 1620 1483 qua:
1652 1425 1807 1481 paena
1841 1417 1925 1464 est

339 1513 559 1584 peccati.
593 1510 781 1565 Nonne
821 1519 1060 1582 tanquam
1084 1509 1162 1562 lac
1193 1507 1406 1560 mulsisti
1444 1506 1560 1560 me?
1605 1504 1738 1572 Quia
1763 1501 1922 1558 etiam

334 1603 440 1673 jam
468 1601 779 1657 mortalibus
809 1599 1033 1670 prtebuit
1052 1596 1469 1653 misericordiam
1489 1637 1503 1662 ,
1533 1609 1651 1649 cum
1681 1591 1923 1647 homines

333 1698 402 1752 de
440 1695 742 1751 hominibus
772 1693 984 1748 informi
1019 1689 1310 1763 primordio
1339 1687 1600 1743 formavit.
1648 1684 1770 1741 Haec
1805 1701 1922 1756 ergo

336 1805 450 1842 cum
478 1789 530 1841 in
556 1796 602 1840 te
629 1787 757 1852 sint,
799 1785 902 1840 scio
943 1786 1062 1855 quia
1096 1783 1264 1838 omnia
1289 1790 1426 1853 potes
1449 1797 1467 1836 :
1491 1780 1614 1850 quia
1643 1787 1800 1833 tanta:
1823 1777 1922 1833 bo-

337 1877 516 1931 nitatis
543 1883 704 1941 sunt,
733 1885 792 1929 ut
819 1874 1085 1930 carnalem
1131 1887 1342 1943 quoque
1389 1871 1736 1926 substantiam
1785 1883 1915 1938 epe-

334 1975 537 2022 rentur.
571 1964 718 2032 Quod
743 1965 787 2019 si
814 1973 858 2018 et
883 1979 1147 2035 peccavero
1169 2003 1182 2027 ,
1215 1961 1462 2016 custodias
1484 1977 1561 2014 me
1584 1978 1598 2014 :
1629 1967 1721 2013 aut
1752 1967 1808 2013 ut
1837 1975 1922 2014 me

337 2073 444 2112 non
473 2056 692 2126 perdas,
727 2063 818 2109 aut
847 2070 913 2110 ne
942 2055 1102 2108 lateat
1138 2060 1410 2124 peccatum
1436 2065 1633 2105 meum.
1681 2046 1747 2102 Et
1770 2050 1812 2104 si
1829 2050 1921 2119 ju-

337 2157 446 2203 stus
472 2152 634 2218 fuero,
662 2163 761 2200 non
785 2163 985 2216 possum
1015 2145 1261 2216 respirare
1284 2159 1304 2199 :
1335 2150 1389 2198 in
1420 2149 1705 2210 conspectu
1746 2141 1923 2194 homi-

345 2254 493 2292 num.
513 2237 646 2292 Nam
673 2246 729 2291 tu
749 2236 898 2291 vides
925 2244 1136 2305 peccata
1162 2250 1279 2305 quae
1309 2234 1550 2288 homines
1579 2232 1766 2286 latent.
1796 2230 1923 2285 Ple-

335 2347 429 2385 nus
451 2331 582 2384 enim
616 2347 730 2383 sum
768 2329 1038 2399 opprobrio
1065 2343 1082 2381 :
1110 2327 1162 2382 in
1193 2336 1476 2397 conspectu
1507 2335 1617 2381 tuo.
1654 2324 1722 2378 Et
1751 2326 1926 2396 capior

335 2421 462 2476 sicut
492 2421 569 2475 leo
593 2420 661 2474 ad
687 2421 1003 2475 occisionem.
1047 2419 1143 2474 Est
1184 2418 1447 2490 superbia:
1481 2428 1752 2487 peccatum
1783 2409 1931 2487 quod

333 2511 574 2569 homines
619 2511 778 2576 latet,
827 2509 1038 2580 quando
1079 2509 1237 2564 etiam
1283 2509 1333 2562 in
1379 2507 1531 2562 factis
1572 2505 1923 2562 laudabilibus

332 2603 500 2674 possit
527 2602 806 2672 obrepere.
847 2601 1039 2655 lterum
1076 2610 1245 2655 autem
1287 2609 1616 2654 commutatus
1654 2600 1924 2653 swvissitne

333 2696 529 2749 crucias
561 2712 638 2748 me
659 2711 677 2748 :
707 2703 826 2764 post
853 2709 1060 2764 poenam
1096 2691 1328 2762 peccati,
1361 2708 1460 2761 qua
1490 2691 1729 2746 mortalis
1755 2691 1923 2745 lactus

341 2796 424 2842 est
445 2789 622 2841 homo.
653 2785 954 2841 Secundum
992 2785 1086 2840 has
1113 2784 1242 2839 dicit
1277 2783 1675 2846 tribulationes,
1706 2797 1838 2852 quas
1867 2781 1920 2836 in

334 2878 435 2933 hac
469 2877 576 2932 vita
616 2870 857 2932 homines
894 2877 1194 2947 patiuntur;
1236 2876 1359 2944 quia
1396 2883 1616 2945 repente
1654 2874 1922 2944 pleraeque

334 2968 582 3024 accidunt
628 2967 1024 3031 tribulationes,
1067 2983 1184 3036 qua:
1225 2967 1438 3020 turbant
1475 2965 1708 3035 quietem
1752 2965 1921 3034 ipsius

333 3061 455 3114 vita:
478 3060 744 3126 mortalis,
773 3075 892 3114 cum
923 3059 972 3112 in
997 3059 1165 3113 salute
1196 3067 1308 3124 est,
1334 3058 1416 3112 vel
1448 3057 1497 3111 in
1527 3057 1812 3112 securitate
1834 3074 1921 3111 re-

335 3165 450 3204 rum
477 3150 718 3220 quamvis
763 3149 1166 3218 temporalium,
1209 3163 1366 3218 quam
1406 3148 1788 3203 misericordiae
1830 3149 1922 3203 Dei

334 3241 622 3311 deputavit.
668 3239 965 3295 Instaurans
1001 3241 1054 3294 in
1096 3258 1174 3294 me
1202 3249 1446 3294 tormenta
1476 3258 1607 3294 mea.
1651 3241 1782 3309 Quia
1808 3241 1917 3311 jam

334 3332 446 3401 ipsa
493 3331 784 3386 mortalitas
829 3339 1147 3386 tormentum
1179 3341 1291 3398 est,
1321 3331 1387 3386 de
1418 3347 1521 3402 qua
1555 3332 1922 3387 tribulationcs

335 3423 451 3476 alia:
479 3421 631 3476 ﬁunt.
657 3421 828 3486 Quare
851 3438 970 3493 ergo
995 3422 1056 3476 de
1079 3431 1246 3475 ventre
1265 3422 1480 3476 eduxisti
1501 3423 1618 3476 me?
1643 3422 1709 3476 de
1729 3423 1923 3478 obscu-

335 3514 488 3568 ritate
515 3511 582 3567 ad
613 3512 880 3577 notitiam,
916 3528 1034 3582 qua:
1063 3513 1176 3567 sola
1203 3511 1418 3581 majoris
1444 3512 1672 3566 miseria:
1702 3521 1783 3567 est
1811 3529 1922 3567 ma-

336 3605 497 3672 teria,
525 3621 646 3660 cum
676 3604 1002 3660 subvertitur
1039 3623 1051 3658 :
1085 3604 1222 3658 hanc
1249 3603 1642 3674 generationem
1680 3605 1924 3673 superius

335 3695 496 3749 etiam
523 3695 978 3750 commemoravit.
1008 3691 1075 3747 Et
1104 3711 1259 3748 essem
1282 3702 1518 3766 tanquam
1545 3710 1645 3747 non
1676 3695 1882 3754 fuissem
1906 3712 1924 3750 :

337 3785 549 3854 penitus
579 3785 805 3855 ignotus.
838 3785 988 3840 Unde
1013 3793 1130 3852 est,
1179 3783 1334 3838 Vocat
1378 3801 1436 3837 ea
1477 3799 1590 3855 qua:
1627 3801 1727 3838 non
1773 3796 1921 3850 sunt,

337 3884 574 3947 tanquam
614 3891 728 3946 qua:
770 3885 887 3930 sunt
927 3876 1103 3947 (Rom.
1129 3892 1202 3943 ιν,
1237 3873 1324 3947 17)
1348 3915 1368 3940 ,.
1407 3875 1457 3930 id
1485 3885 1598 3938 est,
1632 3875 1925 3930 secundum

337 3965 739 4036 ignobilitatem.
766 3965 865 4019 Aut
886 3965 1126 4035 numquid
1147 3983 1244 4019 non
1266 3976 1336 4019 est
1367 3977 1561 4036 tempus
1583 3981 1791 4035 parvum
1814 3967 1928 4020 vita:

338 4058 500 4111 mete?
527 4056 644 4111 Non
667 4057 806 4112 enim
839 4066 1050 4128 propter
1075 4057 1450 4128 l0ngitudinem
1485 4059 1605 4112 vita:
1632 4075 1763 4113 mem
1787 4074 1928 4113 mor-

339 4156 460 4204 tuus
482 4164 588 4203 non
609 4163 757 4215 sum;
785 4165 906 4204 cum
937 4149 1119 4219 utique
1152 4164 1366 4218 parvum
1389 4150 1456 4202 sit
1477 4148 1616 4218 quod
1639 4149 1777 4205 vivo.
1816 4149 1924 4202 Pa-

340 4249 443 4294 tere
479 4257 586 4307 me,
630 4241 786 4295 donec
823 4241 1125 4312 requiescam
1162 4240 1422 4310 pusillum.
1466 4241 1590 4296 Post
1617 4241 1924 4296 miscricor-

341 4330 481 4385 diam
504 4347 605 4402 qua
635 4331 702 4386 de
731 4331 856 4386 limo
883 4331 1055 4386 fecisti
1084 4347 1168 4386 me
1187 4372 1200 4394 ,
1241 4340 1293 4386 et
1325 4340 1578 4386 mutatum
1607 4334 1928 4390 mortalitate

341 4423 649 4492 percussisti
672 4439 786 4490 me,
814 4433 868 4478 et
895 4424 1006 4494 ipsa
1037 4423 1354 4477 mortalitate
1388 4423 1694 4478 consolatus
1721 4441 1779 4479 es
1810 4441 1924 4493 me,

349 4515 542 4571 deinde
567 4516 848 4570 exercuisti
879 4533 964 4570 me
989 4516 1431 4571 tribulationibus.
1462 4515 1651 4572 Patere
1670 4532 1797 4587 ergo
1817 4533 1924 4583 me,

343 4613 402 4660 ut
428 4605 756 4676 requiescam
780 4606 831 4659 in
863 4615 950 4660 te:
983 4607 1260 4677 Antequam
1280 4622 1390 4659 eam
1409 4606 1461 4658 in
1486 4621 1657 4675 poenas
1689 4607 1820 4660 unde
1844 4624 1926 4660 re-

340 4700 462 4751 verti
489 4714 590 4752 non
614 4700 747 4752 licet.
795 4698 877 4752 Ab
906 4698 988 4752 his
1014 4700 1153 4753 enim
1183 4713 1315 4769 quas
1341 4714 1499 4768 supra
1534 4713 1926 4753 commemora-

340 4791 448 4856 vit,
480 4789 603 4846 licet
642 4791 868 4857 reverti,
910 4791 954 4845 si
993 4805 1051 4845 se
1098 4790 1256 4846 homo
1282 4790 1349 4844 ad
1390 4791 1550 4844 Deum
1583 4792 1922 4845 converterit.

343 4879 466 4935 Vult
496 4896 672 4937 autem
697 4883 1040 4952 requiescere
1060 4889 1344 4951 antequam
1371 4890 1457 4935 eat
1483 4881 1535 4934 in
1568 4895 1750 4949 ptenas
1773 4891 1928 4936 teter-

339 4987 471 5038 nas,
502 4973 569 5029 ad
601 4974 703 5029 hoc
749 4975 958 5044 utique,
1005 4982 1061 5028 ut
1100 4989 1204 5027 non
1247 4981 1351 5027 eat.
1396 4972 1850 5040 Quemadmodum
1881 4974 1924 5028 si

337 5064 580 5120 dicamus
610 5064 799 5133 alicui,
823 5065 1041 5135 Corrige
1062 5073 1146 5133 te,
1174 5073 1456 5134 antequam
1487 5063 1786 5119 damneris:
1821 5081 1923 5119 non

339 5156 481 5209 enim
509 5171 628 5211 cum
651 5171 708 5211 se
734 5157 1054 5221 correxerit,
1086 5155 1441 5211 damnabitur.
1475 5155 1571 5210 Ubi
1594 5172 1692 5210 non
1719 5165 1789 5210 est
1813 5158 1922 5222 lux,

340 5265 430 5303 nec
459 5259 532 5303 est
561 5250 727 5303 videre
755 5250 904 5304 vitam
932 5249 1208 5303 hominum.
1240 5247 1331 5302 illa
1357 5256 1440 5302 est
1458 5249 1598 5303 enim
1621 5249 1726 5304 vita
1757 5248 1926 5304 homi-

341 5354 466 5392 num
489 5380 502 5402 ,
553 5339 640 5394 ubi
669 5348 749 5394 est
778 5339 958 5393 lumen
996 5354 1211 5404 verum,
1240 5338 1380 5408 quod
1420 5339 1682 5393 illuminat
1713 5354 1924 5394 omnem

341 5431 610 5484 hominem
643 5423 820 5502 (Joan.
846 5446 896 5495 ι,
924 5429 1004 5501 9).
1032 5429 1149 5484 Alia
1187 5437 1269 5484 est
1315 5437 1455 5484 terra
1493 5430 1798 5494 viventium,
1823 5432 1924 5486 alia

343 5533 482 5576 terra
512 5523 872 5578 morientium.

415 5613 432 5688 j
457 5614 534 5670 ιι).
567 5613 667 5688 ιι]
697 5615 869 5670 Verba
896 5613 1105 5684 Sophar
1126 5612 1318 5667 Minaei.
1347 5613 1444 5666 Aut
1465 5613 1706 5684 numquid
1732 5613 1922 5668 videbi-

344 5714 427 5758 tur
445 5707 679 5774 eloquens
695 5707 865 5778 justus
895 5707 1039 5760 esse?
1063 5705 1214 5760 Putat
1237 5703 1404 5770 enim,
1425 5703 1527 5760 Job
1546 5705 1724 5761 verbis
1750 5707 1924 5778 magis

407 5815 428 5847 ⁸
450 5816 525 5868 Sic
542 5822 650 5868 uss.
673 5829 783 5868 ctua
805 5822 930 5867 Lxx.
958 5822 1012 5867 At
1036 5815 1170 5878 editi,
1193 5812 1442 5880 eripiatur.

1671 429 1673 431 ,
1759 380 1960 439 LIBER
2003 381 2196 442 UNUS.

3507 389 3614 450 858

2029 512 2185 568 quam
2205 496 2456 568 operibus
2466 498 2944 556 abundare.Beatus
2959 510 3106 556 natus
3122 502 3289 569 homo,
3309 502 3466 559 brevis
3477 505 3610 562 vites.

2027 590 2354 647 Sententiam
2372 607 2521 648 suam
2551 593 2627 648 illi
2657 594 2894 664 replicat,
2921 611 3080 666 quam
3109 595 3220 650 vult
3265 596 3487 667 intelligi
3517 598 3602 653 lo-

2028 683 2265 752 quaciter
2287 683 2483 738 dictam
2517 692 2572 740 et
2597 685 2841 740 inaniter.
2872 685 2995 740 Cum
3021 703 3166 741 nemo
3195 688 3260 742 sit
3287 689 3374 758 qui
3404 699 3606 742 contra-

2029 773 2166 827 dicat
2195 774 2301 828 tibi.
2325 774 2459 842 Quia
2486 776 2698 846 quando
2741 776 2971 844 dicebat,
3002 794 3159 834 nemo
3185 779 3234 834 ei
3263 780 3609 836 contradixit.

2031 865 2138 920 Sed
2151 867 2400 934 quomodo
2428 867 2676 924 Dominus
2699 869 2931 939 loquatur
2955 871 3022 925 ad
3050 881 3114 925 te.
3156 872 3231 926 Ea
3255 873 3470 944 loquere
3513 889 3611 944 po-

2031 958 2154 1023 tius,
2183 959 2372 1029 quibus
2397 959 2711 1016 misereatur
2737 961 2812 1016 tui
2843 963 2999 1017 Deus.
3025 962 3159 1028 Quia
3182 963 3372 1033 duplex
3397 966 3489 1019 erit
3514 982 3605 1019 su-

2030 1057 2188 1119 perte
2210 1064 2229 1102 :
2253 1049 2606 1118 corripiendo,
2639 1059 2693 1106 et
2721 1053 3064 1108 consolando.
3096 1053 3164 1108 Et
3187 1063 3302 1108 tunc
3320 1055 3446 1109 scies
3485 1056 3605 1127 quia

2029 1138 2179 1208 digne
2200 1139 2396 1192 reddita
2416 1140 2514 1192 sint
2536 1140 2624 1194 tibi
2647 1157 2678 1194 a
2701 1141 2919 1196 Domino
2945 1159 3056 1215 quae
3082 1145 3334 1216 peccasti:
3363 1151 3483 1215 post
3496 1160 3613 1211 cor-

2031 1229 2321 1283 rectionem
2359 1240 2617 1300 sequente
2648 1231 3054 1289 illuminatione.
3085 1235 3186 1288 Aut
3211 1237 3471 1306 vestigium
3502 1236 3612 1291 Do-

2028 1320 2154 1373 mini
2182 1321 2437 1376 invenies:
2463 1331 2520 1376 ut
2564 1323 2697 1378 velis
2725 1323 2888 1378 Deum
2939 1325 3352 1396 reprehendere.
3385 1327 3614 1383 Sublime

2029 1419 2102 1464 est
2129 1411 2328 1477 caelum,
2354 1421 2400 1465 et
2423 1413 2544 1483 quid
2573 1415 2762 1484 facies?
2787 1424 2844 1470 ut
2881 1415 3119 1472 invenias
3148 1427 3479 1474 sacramenta
3504 1433 3614 1474 cce-

2031 1503 2088 1557 li.
2116 1503 2231 1559 Non
2262 1505 2405 1559 enim
2443 1505 2606 1561 debes
2653 1523 2775 1562 eum
2823 1509 3230 1578 reprehendere,
3259 1511 3408 1581 cujus
3451 1527 3612 1582 opera

2037 1609 2144 1649 non
2186 1595 2614 1667 comprehendis.
2649 1598 2773 1664 Quis
2823 1599 2953 1655 dicet
2997 1600 3095 1668 illi,
3125 1600 3260 1668 Quid
3305 1604 3513 1673 fecisti?
3539 1604 3609 1658 Et

2033 1683 2134 1739 hoc
2163 1685 2305 1740 enim
2339 1696 2480 1742 recte
2498 1688 2598 1742 erit
2624 1687 2841 1756 factum,
2865 1689 2910 1744 si
2933 1691 3072 1746 Deus
3097 1691 3197 1747 hoc
3217 1692 3402 1748 fecerit
3431 1712 3443 1747 :
3476 1694 3601 1764 quia

2031 1775 2203 1832 facere
2231 1778 2426 1848 aliquid
2450 1779 2538 1835 ille
2569 1780 2667 1835 nisi
2698 1791 2838 1836 recte
2868 1797 2972 1836 non
2999 1791 3194 1852 potest.
3231 1782 3352 1854 Ipse
3366 1784 3497 1838 enim
3516 1802 3610 1839 na-

2030 1868 2096 1921 vit
2122 1885 2274 1939 epera
2319 1870 2577 1923 hominum
2623 1871 2934 1942 iniquorum.
2967 1872 3080 1928 Non
3112 1875 3277 1945 iniqui
3307 1876 3485 1945 operis
3509 1886 3611 1932 est.

2031 1955 2182 2013 Unde
2207 1959 2317 2012 vult
2338 1959 2558 2028 intelligi
2602 1960 2722 2030 quia
2749 1962 2910 2018 stulte
2941 1962 3045 2030 hic,
3071 1980 3228 2033 quem
3250 1964 3484 2035 iniquum
3516 1982 3612 2036 pn-

2032 2055 2126 2113 tat,
2157 2049 2561 2119 reprehenderit
2584 2051 2746 2106 Deum
2774 2069 2786 2106 :
2815 2054 2892 2107 sic
2926 2055 3066 2108 enim
3091 2071 3212 2111 eum
3262 2056 3406 2126 loqui
3434 2057 3616 2112 existi-

2031 2140 2219 2193 mavit.
2252 2139 2419 2194 Homo
2450 2155 2562 2194 vero
2593 2141 2742 2197 aliter
2794 2153 2935 2197 nutat
2968 2145 3296 2200 sermonibus.
3352 2148 3508 2204 Modo
3537 2148 3615 2204 illi

2030 2231 2207 2301 placet
2237 2231 2396 2298 Deus,
2421 2232 2578 2287 modo
2609 2232 2682 2286 illi
2707 2233 2990 2302 displicet;
3023 2249 3142 2288 cum
3171 2236 3309 2305 apud
3347 2225 3616 2297 Deum’sit

2032 2319 2275 2376 firmitas.
2300 2321 2366 2375 Et
2396 2322 2471 2376 vir
2497 2331 2644 2375 natus
2674 2325 2897 2379 mulieris
2933 2334 3171 2397 tanquam
3208 2343 3394 2400 onager
3437 2331 3531 2386 erit
3560 2332 3616 2387 in

2033 2413 2586 2483 deserto:cupiditate
2633 2413 2912 2482 libertatis,
2956 2417 3233 2486 impatiens
3264 2419 3614 2478 dominatoris

2030 2513 2188 2574 atque
2209 2504 2503 2559 domitoris.
2529 2503 2597 2558 Et
2618 2505 2888 2560 extendens
2915 2507 2982 2560 ad
3004 2525 3119 2561 eum
3163 2526 3342 2566 manus
3380 2521 3530 2567 tuas:
3559 2522 3618 2568 ut

2029 2604 2268 2664 acccptet
2295 2610 2456 2665 opera
2483 2606 2590 2650 tua.
2647 2595 2709 2651 Si
2734 2597 2962 2667 iniquum
2983 2599 3106 2667 quid
3131 2607 3202 2653 est
3245 2601 3297 2654 in
3325 2619 3478 2656 manu
3507 2613 3612 2658 tua.

2031 2683 2148 2752 Ipsa
2179 2685 2286 2739 duo
2305 2686 2569 2756 repetivit,
2601 2686 2693 2741 sed
2721 2687 2906 2742 ordine
2937 2698 3156 2744 mutato.
3189 2691 3251 2744 Et
3275 2693 3512 2764 iniquitas
3551 2696 3607 2748 in

2031 2778 2180 2830 domo
2209 2787 2296 2830 tua
2328 2795 2428 2831 non
2451 2787 2670 2832 maneat.
2697 2778 2808 2832 Hoc
2846 2778 2977 2834 dixit
3001 2795 3112 2834 cor.
3147 2781 3236 2836 Sic
3257 2784 3386 2836 enim
3407 2785 3616 2855 fulgebit

2031 2869 2186 2938 facies
2226 2877 2314 2922 tua
2347 2880 2588 2938 tanquam
2619 2886 2751 2937 aqua
2778 2885 2795 2923 :
2828 2885 2955 2939 pura
2985 2873 3324 2928 conscientia.
3352 2873 3616 2946 Tanquam

2029 2961 2239 3029 fluctum
2261 2960 2347 3031 qui
2395 2976 2494 3014 non
2522 2962 2760 3030 praeterit,
2807 2971 2853 3014 et
2901 2978 3000 3015 non
3037 2965 3274 3018 terreris:
3300 2967 3399 3020 nisi
3428 2984 3615 3024 omnes

2032 3057 2209 3120 tangat
2231 3051 2280 3103 in
2309 3050 2410 3105 hac
2437 3051 2565 3104 vita.
2606 3049 2674 3104 Et
2704 3053 2866 3106 oratio
2893 3061 2979 3106 tua
3001 3063 3235 3122 tanquam
3281 3057 3460 3128 lucifer
3479 3061 3571 3112 erit
3597 3075 3616 3112 :

2031 3152 2157 3196 ante
2199 3142 2646 3197 illuminationem
2696 3143 2946 3212 praeibit;
2983 3145 3128 3213 quasi
3161 3156 3212 3199 et
3244 3147 3341 3201 ista
3370 3147 3436 3201 ad
3482 3164 3608 3219 pro-

2031 3234 2264 3304 phetiam
2297 3245 2495 3290 sancta:
2533 3235 2764 3290 civitatis
2811 3236 2892 3291 vel
2943 3237 3008 3291 ad
3037 3239 3288 3308 populum
3338 3241 3427 3295 Dei
3453 3242 3615 3312 perti-

2032 3329 2230 3392 nentia,
2261 3326 2458 3390 audita,
2493 3327 2576 3381 vel
2605 3327 2836 3380 revelata
2856 3327 3122 3392 dicuntur,
3152 3329 3287 3383 sicut
3309 3345 3337 3383 a
3361 3331 3610 3400 superio-

2031 3417 2178 3471 ribus
2199 3416 2382 3471 amicis
2402 3419 2517 3486 ejus
2546 3417 2685 3472 dicta
2715 3427 2857 3472 sunt.
2884 3417 2948 3471 Et
2983 3419 3228 3490 rogabunt
3267 3421 3449 3490 [aciem
3471 3431 3610 3476 tuam

2032 3508 2193 3561 multi.
2224 3507 2410 3562 Omnia
2438 3509 2535 3562 ista
2567 3507 2634 3562 de
2656 3509 2913 3563 Ecclesia.

2111 3599 2130 3672 [
2153 3601 2233 3656 Ib.
2262 3618 2352 3655 xu.
2378 3600 2398 3674 ]
2431 3601 2603 3656 Verba
2624 3601 2742 3657 Job.
2769 3601 2876 3656 Sed
2903 3603 3074 3673 justus
3112 3601 3187 3656 vir
3205 3611 3255 3657 et
3278 3605 3385 3658 sine
3412 3607 3620 3664 crimine

2032 3695 2162 3748 venit
2189 3695 2241 3748 in
2263 3694 2501 3749 derisum.
2526 3695 2599 3749 De
2621 3683 2843 3749 Domino
2866 3695 3234 3765 intelligendus
3251 3707 3350 3752 cst.
3371 3698 3572 3755 Sensus
3599 3718 3613 3750 :

2032 3785 2146 3839 Non
2177 3801 2303 3856 ergo
2344 3786 2532 3840 mirum
2563 3787 2608 3841 si
2653 3795 2704 3840 et
2733 3802 2831 3857 ego
2858 3786 3006 3842 vobis
3038 3789 3087 3842 in
3118 3789 3351 3845 derisum
3381 3791 3520 3845 veni.
3545 3790 3615 3845 Et

2033 3876 2211 3930 domus
2249 3878 2356 3947 ejus
2382 3887 2433 3929 ut
2461 3877 2801 3931 devastaretur
2825 3877 2886 3930 ab
2911 3879 3095 3950 iniquis
3118 3896 3135 3933 :
3166 3880 3405 3938 Ecclesia
3435 3897 3464 3936 a
3491 3898 3615 3952 per‘

2033 3968 2384 4023 secutoribus.
2417 3966 2530 4022 Imo
2553 3985 2665 4022 vero
2690 3969 2859 4023 nullus
2888 3971 3128 4038 conﬁdat,
3155 3988 3270 4025 cum
3290 3973 3354 4027 sit
3378 3991 3614 4045 nequam,

2032 4073 2085 4113 se
2127 4059 2425 4129 impunitum
2472 4060 2695 4128 {utin-um
2724 4076 2744 4114 :
2772 4061 2891 4130 quia
2935 4061 3191 4130 judicium
3243 4079 3272 4117 a
3316 4063 3476 4120 domo
3522 4067 3618 4124 Dei

2036 4149 2090 4221 (1
2123 4148 2265 4204 Petr.
2291 4165 2362 4214 tv,
2389 4149 2452 4204 i7
2544 4149 2805 4221 Tanquam
2835 4151 3091 4220 inquisitio
3118 4155 3170 4207 in
3197 4171 3281 4208 eos
3309 4173 3409 4209 non.
3439 4158 3501 4211 sit
3527 4160 3617 4229 fu-

2034 4251 2146 4295 tura
2171 4260 2189 4297 :
2218 4257 2323 4296 non
2341 4243 2628 4297 conﬁdant.
2660 4243 2763 4297 Sed
2787 4253 2952 4297 tamen
2973 4240 3226 4318 interroga
3243 4249 3617 4319 quadrupedia,

2033 4335 2079 4388 si
2123 4335 2210 4388 tibi
2227 4337 2578 4406 respondeant.
2611 4335 2734 4390 ldeo
2762 4346 2908 4392 recte
2949 4338 3163 4407 inquirit
3212 4339 3441 4410 iniquos,
3490 4343 3614 4412 quia

2033 4443 2100 4483 ex
2129 4428 2379 4498 operibus
2403 4438 2681 4498 potuerunt
2710 4445 3032 4500 cognoscere
3073 4431 3408 4498 Creatorem,
3439 4442 3493 4488 et
3512 4449 3608 4490 co-

2035 4521 2146 4576 lere
2165 4521 2480 4576 debuerunt.
2508 4521 2619 4576 Non
2667 4522 2808 4577 enim
2856 4532 3217 4578 creaturarum
3267 4528 3614 4594 responsione

2035 4611 2214 4668 doceri
2245 4612 2538 4668 debuerant
2566 4631 2579 4678 ;
2613 4628 2732 4668 cum
2769 4615 3067 4684 acceperint
3089 4616 3346 4671 rationem
3377 4634 3478 4688 qua
3509 4620 3608 4678 ista

2035 4713 2435 4774 cognoscerent.
2463 4703 2523 4759 Si
2546 4721 2645 4758 non
2691 4705 2742 4758 in
2773 4723 2925 4759 manu
2954 4709 3066 4776 ejus
3094 4716 3165 4760 est
3194 4707 3365 4762 anima
3391 4713 3616 4766 omnium

2033 4797 2320 4850 viventium.
2363 4797 2495 4851 lli-nc
2519 4812 2647 4868 ergo
2687 4798 2872 4865 scitur,
2905 4801 3026 4870 quia
3049 4800 3164 4872 ipse
3192 4804 3368 4858 omnia
3395 4807 3618 4872 creavit,

2032 4888 2153 4957 quia
2180 4888 2353 4942 anima
2382 4889 2616 4942 omnium
2645 4889 2933 4945 viventium
2969 4892 3019 4946 in
3049 4909 3213 4948 manu
3246 4898 3384 4964 ejus.
3417 4896 3480 4950 Et
3505 4899 3614 4967 spi-

2033 4983 2159 5035 ritus
2189 4982 2350 5035 omnis
2373 4983 2536 5036 carnis
2565 4982 2780 5036 hominis
2808 5000 2826 5038 :
2855 4986 3029 5039 omnis
3057 4992 3233 5042 carnis
3257 4986 3522 5053 humanm,
3556 4990 3610 5045 id

2033 5082 2118 5128 est
2146 5073 2419 5128 rationalis
2447 5075 2644 5129 anima.
2693 5075 2846 5130 Auris
2872 5077 3005 5130 enim
3033 5094 3287 5134 sermones
3346 5081 3616 5151 dijudicat.

2034 5164 2492 5233 Quemadmodum
2538 5181 2728 5222 sensus
2768 5169 3040 5223 sensibilia
3079 5170 3368 5240 dijudicat,
3402 5172 3470 5225 ita
3503 5175 3617 5242 spi-

2041 5257 2250 5314 ritualia
2296 5259 2534 5328 Spiritus,
2563 5259 2652 5329 qui
2691 5258 2876 5314 debuit
2904 5276 3252 5331 cognoscere,
3285 5266 3534 5333 quoniam
3565 5264 3619 5322 in

2033 5364 2193 5404 manu
2247 5349 2460 5403 Domini
2503 5358 2606 5416 est,
2636 5365 2797 5420 opera
2828 5352 3055 5407 Domini.
3107 5353 3175 5408 In
3216 5355 3373 5408 multo
3399 5364 3618 5427 tempore

2031 5443 2278 5513 sapientia
2299 5454 2389 5498 est.
2415 5443 2530 5498 Non
2563 5444 2745 5514 utique
2776 5445 2830 5499 in
2857 5447 3023 5500 multo
3048 5456 3320 5516 tempore;
3351 5451 3443 5506 sed
3472 5452 3613 5519 apud

2033 5533 2334 5598 Dominum,
2362 5547 2391 5587 a
2421 5549 2526 5604 quo
2548 5534 2773 5603 petenda
2804 5545 2904 5590 est.
2925 5536 2984 5592 Si
3005 5537 3325 5608 destruxerit,
3353 5542 3463 5610 quis
3486 5542 3614 5596 αδάὶ-

2034 5624 2202 5691 ﬁcabit
2225 5625 2252 5680 ἵ
2303 5633 2520 5694 propter
2564 5625 2814 5680 virtutem
2846 5627 3186 5695 destruxerit,
3219 5641 3270 5684 et
3295 5641 3517 5700 propter
3537 5647 3611 5687 sa-

2033 5715 2285 5785 pientiam
2305 5715 2574 5782 clauserit,
2605 5725 2662 5770 ut
2693 5717 2759 5771 ad
2774 5733 2890 5772 eam
2925 5734 3030 5773 non
3056 5722 3346 5790 perveniat.
3383 5723 3443 5778 Si
3486 5741 3607 5793 pro-

2032 5807 2244 5863 hibuerit
2292 5824 2508 5878 aquam,
2561 5809 2764 5864 siccabit
2812 5820 2996 5866 terram
3024 5828 3042 5867 :
3069 5813 3379 5884 sapientiam
3420 5815 3615 5887 ipsam,
