4110 6466
519 326 625 387 839

519 447 716 493 terram
733 449 858 492 vero
881 434 1170 492 hominem.
1203 435 1349 502 Quod
1374 435 1418 490 si
1436 444 1482 489 et
1492 434 1730 502 emiserit,
1759 433 1932 505 perdet
1954 449 2095 488 ever-

521 540 629 582 tens
654 538 860 582 terram.
882 527 1058 583 Multis
1087 527 1227 582 enim
1270 525 1593 598 sapientibus
1619 525 1770 581 factis
1816 522 2102 579 turbabun-

522 629 610 675 tur
639 629 965 691 peccatores.
992 620 1091 686 Qui
1114 619 1250 673 ducit
1278 617 1585 673 consultores
1612 616 1853 687 captivos.
1903 615 2101 685 Subju-

518 719 609 780 gat
633 710 773 766 enim
798 710 900 765 sibi
923 724 1015 764 eos
1030 708 1119 780 qui
1139 723 1197 765 se
1211 700 1508 764 consulunt.
1535 707 1746 762 Iudices
1765 717 1931 761 autem
1955 717 2102 761 terra:

522 799 579 854 in
608 817 841 871 pavorem
857 801 1025 855 misit:
1050 807 1141 854 aut
1165 798 1396 865 Judteos,
1420 808 1510 854 aut
1547 798 1795 866 Pilatum,
1823 807 1915 853 aut
1937 813 2100 854 sensu

522 900 737 947 terreno
757 890 1071 962 iudicantes.
1102 890 1202 957 Qui
1219 889 1433 945 collocat
1469 907 1610 963 reges
1651 907 1805 962 super
1828 890 1972 945 sedes
2002 906 2021 945 :
2045 889 2100 944 id

520 994 625 1052 est,
669 984 972 1055 Apostolos.
1003 983 1069 1037 Et
1093 983 1417 1039 circumdedit
1439 983 1599 1038 balteo
1647 983 1840 1039 lumbos
1881 999 2077 1038 eorum:

517 1076 569 1132 id
614 1086 714 1143 est,
747 1075 1091 1130 continentia.
1124 1075 1225 1141 Qui
1248 1076 1423 1130 emittit
1449 1075 1731 1130 sacerdotes
1757 1075 1979 1145 captivos
2000 1092 2019 1129 :
2044 1080 2102 1129 ut

520 1169 588 1226 ab
617 1168 920 1223 hominibus
966 1167 1261 1233 ducantur;
1289 1177 1344 1223 et
1385 1167 1751 1239 significantur
1775 1166 1968 1222 Judaei.
1999 1166 2101 1232 Qui

523 1269 770 1331 permutat
799 1261 932 1315 labia
966 1261 1212 1331 ﬁdelium.
1242 1261 1512 1316 Permutat
1552 1261 1607 1315 in
1640 1260 1860 1329 bonum,
1889 1269 1949 1316 ut
1992 1276 2099 1317 non

521 1351 589 1406 de
598 1350 802 1421 justitia
823 1366 936 1416 sua,
963 1350 1056 1406 sed
1076 1350 1143 1406 de
1158 1352 1326 1422 gratia
1351 1351 1467 1421 ejus
1492 1360 1833 1421 praesumant.
1855 1351 1925 1405 Et
1949 1351 2098 1406 intel-

522 1441 778 1512 ligentiam
824 1457 997 1495 senum
1022 1441 1273 1511 cognovit.
1301 1441 1398 1496 Cui
1428 1441 1599 1512 placet
1642 1442 1988 1512 intelligentia
2013 1456 2102 1497 se—

521 1548 670 1588 num.
700 1531 851 1588 Unde
864 1540 968 1596 est,
999 1530 1196 1603 Cogniti
1216 1531 1378 1586 estisa
1408 1532 1545 1601 Deo(
1574 1530 1741 1586 Galat.
1765 1548 1837 1599 tv,
1866 1532 1938 1603 9)
1966 1547 1981 1586 :
2015 1532 2101 1588 cui

521 1621 882 1678 adversarium
912 1630 1014 1688 est,
1048 1620 1168 1675 Non
1186 1622 1302 1676 novi
1325 1621 1453 1695 vos(
1489 1620 1679 1676 Matth.
1725 1637 1850 1691 xxv,
1878 1622 2002 1695 12).
2032 1622 2101 1678 Ει

522 1711 659 1768 bene
680 1712 841 1781 coepit
863 1726 893 1766 a
920 1710 1042 1777 fide,
1075 1719 1128 1766 et
1148 1712 1387 1781 pervenit
1409 1711 1476 1766 ad
1514 1711 1876 1783 intelligentiae
1910 1727 2094 1768 canos.

524 1802 624 1869 Qui
642 1803 823 1858 revelat
835 1802 1089 1874 profunda
1113 1803 1176 1858 de
1195 1803 1406 1859 tenebris
1426 1820 1446 1857 :
1462 1803 1748 1873 aperiendo
1770 1803 2095 1873 prophetias.

523 1893 592 1949 Et
619 1894 856 1965 produxit
892 1895 945 1948 in
968 1894 1131 1948 lucem
1170 1886 1399 1948 umbram
1426 1894 1601 1949 mortis
1625 1910 1644 1947 :
1675 1894 1726 1948 id
1751 1903 1852 1958 est,
1892 1893 2020 1950 fecit
2042 1902 2102 1950 ut

519 1995 931 2060 cognosceretur
958 1986 1065 2041 vita
1103 1986 1224 2051 ista,
1255 1987 1382 2057 quia
1410 1986 1594 2041 umbra
1631 1987 1818 2041 mortis
1860 1995 1961 2042 est.
1990 1985 2099 2041 De-

522 2080 711 2149 cipiens
729 2087 919 2149 gentes,
949 2087 995 2131 et
1025 2078 1237 2148 perdens
1256 2094 1340 2131 eas
1364 2094 1383 2131 :
1408 2084 1653 2147 putantes
1677 2076 1819 2146 quod
1849 2088 2100 2133 nocerent

525 2167 784 2223 Ecclesia:
812 2166 927 2233 Dei,
959 2181 1080 2220 cum
1110 2167 1209 2220 sibi
1238 2175 1491 2221 nocerent
1515 2182 1530 2231 ;
1558 2166 1700 2236 quod
1725 2166 1790 2221 de
1812 2167 1987 2237 impiis
2016 2168 2099 2222 in-

522 2255 862 2328 telligendum
886 2264 987 2312 est.
1015 2256 1256 2312 Sternens
1274 2266 1460 2327 gentes,
1477 2267 1521 2310 et
1540 2257 1595 2310 in
1615 2258 1746 2311 viam
1766 2259 1953 2314 ducens
1973 2276 2056 2313 eas
2079 2276 2098 2315 :

524 2348 590 2402 ad
618 2347 989 2412 humilitatem,
1027 2356 1274 2418 tanquam
1307 2349 1451 2403 illum
1477 2349 1705 2404 asinum.
1749 2348 2099 2407 Reconcilians

522 2438 676 2511 corda
725 2437 1011 2509 principum
1053 2440 1230 2509 populi
1258 2447 1405 2494 terra:
1427 2456 1446 2494 :
1474 2440 1576 2496 sibi
1624 2443 1974 2498 reconcilians
2011 2447 2097 2500 vel

522 2527 737 2583 Judmos
776 2529 861 2583 vel
908 2543 1060 2598 reges
1091 2538 1265 2594 teme,
1291 2530 1382 2600 qui
1425 2531 1596 2600 primo
1646 2535 2100 2603 persequebantur

522 2617 834 2673 Ecclesiam.
862 2618 1076 2674 Seduxit
1095 2619 1111 2650 ⁸
1141 2629 1307 2672 autem
1326 2636 1407 2673 eos
1425 2622 1479 2675 in
1506 2622 1636 2675 viam
1653 2638 1803 2693 quam
1829 2639 1929 2677 non
1949 2640 2100 2678 nove-

521 2717 679 2763 rant:
708 2708 1008 2770 subruendo
1036 2708 1197 2779 Legis
1223 2724 1403 2779 opera,
1451 2719 1513 2765 ut
1550 2712 1861 2781 simpliciter
1899 2713 2097 2769 intelli-

521 2808 806 2870 gerentur;
829 2797 955 2853 hinc
968 2800 1046 2855 eis
1061 2800 1206 2854 visus
1226 2809 1309 2856 est
1338 2810 1603 2871 peccator.
1634 2802 1743 2868 Quo
1764 2819 1934 2858 errore
1955 2813 2097 2859 tene-

526 2892 653 2945 brati
681 2900 797 2945 sunt
823 2899 1057 2960 tanquam
1080 2891 1264 2945 ebrius.

618 2982 739 3057 [ιδ.
771 2981 909 3055 χιιι]
929 2980 994 3035 Et
1020 2999 1230 3053 arguam
1248 2983 1301 3037 in
1329 2991 1592 3054 conspectu
1611 2984 1737 3054 ejus,
1766 2984 1810 3039 si
1848 2985 2056 3039 voluerit
2081 3001 2100 3040 :

526 3084 584 3130 ut
607 3083 791 3145 arguat
808 3075 1078 3144 seipsum;
1108 3073 1250 3145 quod
1285 3082 1366 3129 est
1388 3072 1758 3130 confessionis.
1793 3074 1860 3129 Et
1900 3085 2101 3130 curato-

525 3184 605 3222 res
625 3166 871 3221 malorum
890 3182 1059 3220 omnes
1084 3181 1189 3220 vos.
1211 3166 1388 3223 Bonos
1407 3168 1547 3222 enim
1591 3181 1696 3223 non
1724 3168 1946 3237 potestis
1973 3183 2103 3225 con-

524 3257 783 3313 solatione
807 3270 1013 3311 curare.
1046 3255 1227 3310 Audite
1252 3272 1368 3328 ergo
1398 3257 1800 3329 objurgationem
1828 3260 1931 3314 oris
1953 3261 2050 3315 mei
2076 3277 2097 3316 :

531 3351 584 3402 in
607 3362 721 3403 vos.
753 3345 821 3400 Et
839 3356 955 3400 ante
983 3356 1300 3417 conspectum
1337 3348 1445 3417 ejus
1476 3348 1713 3420 profertis
1741 3348 1952 3406 dolum:
1977 3367 2099 3407 cum

526 3438 684 3493 vultis
708 3453 803 3493 vos
832 3437 995 3492 videri
1022 3436 1215 3507 justos,
1241 3437 1383 3508 quod
1410 3454 1514 3493 non
1552 3441 1699 3495 estis.
1726 3440 1807 3494 An
1842 3442 2101 3496 subtrahi-

527 3531 590 3585 tis
608 3546 694 3585 vos
721 3529 1069 3600 ipsosjudices
1103 3528 1213 3598 ﬁeri
1236 3530 1261 3584 ?
1283 3528 1547 3601 Numquid
1581 3531 1803 3600 potestis
1841 3531 2099 3588 dissimu-

530 3621 664 3690 lare,
693 3628 747 3677 et
780 3637 883 3676 non
907 3620 1165 3691 judicare,
1207 3622 1329 3692 quia
1366 3622 1432 3677 de
1456 3623 1605 3678 vobis
1636 3639 1818 3680 verum
1856 3624 2012 3681 dico?
2039 3626 2102 3682 Si

527 3714 659 3769 enim
705 3714 875 3768 omnia
917 3714 1146 3785 facietis,
1187 3714 1494 3785 adjiciemini
1544 3716 1627 3771 ei:
1658 3715 1709 3771 id
1738 3725 1842 3782 est,
1884 3717 2094 3774 etiamsi

528 3805 702 3859 omnia
726 3812 987 3874 praecepta
1004 3802 1227 3869 faciatis,
1242 3802 1471 3859 inveniet
1489 3806 1540 3859 in
1561 3806 1711 3861 vobis
1731 3807 1873 3877 quod
1890 3816 2098 3879 arguat.

528 3892 697 3949 Nemo
714 3893 853 3949 enim
875 3893 1052 3963 justus
1076 3893 1128 3947 in
1157 3904 1442 3963 conspectu
1469 3895 1602 3965 ejus.
1630 3897 1776 3962 Quod
1798 3897 1842 3951 si
1864 3908 1911 3952 et
1930 3899 2103 3953 occul-

530 3992 579 4038 te
598 3999 834 4055 personas
871 3983 1040 4035 mirati
1081 3983 1309 4053 fueritis:
1329 3999 1473 4051 suas,
1506 3985 1707 4055 seipsos
1740 3986 2100 4058 justiﬁcando,

533 4088 639 4129 non
682 4073 854 4128 solum
894 4071 961 4126 ad
1005 4071 1268 4137 homines,
1300 4073 1393 4128 sed
1423 4076 1585 4129 etiam
1623 4075 1689 4131 ad
1718 4078 1941 4147 seipsos.
1974 4078 2102 4135 Cor-

534 4180 629 4236 pus
655 4171 820 4217 autem
846 4162 1035 4217 luteum
1061 4178 1080 4217 :
1107 4170 1164 4217 ut
1206 4162 1503 4234 fragilitatis
1531 4165 1717 4221 saltem
1755 4176 1946 4223 vestra:
1970 4184 2102 4224 cnu-

530 4253 850 4310 siderationc
877 4252 1125 4308 timentis.
1160 4254 1548 4325 Apprehendens
1571 4273 1706 4310 meas
1733 4274 1906 4312 carnes
1934 4260 2101 4314 denti-

531 4345 622 4400 bus
641 4346 783 4400 meis.
811 4343 928 4399 Non
949 4344 1077 4399 mihi
1100 4360 1329 4415 parcam,
1352 4354 1411 4401 ut
1431 4364 1534 4401 non
1559 4348 1731 4403 solum
1744 4365 1839 4405 vos
1857 4366 2097 4422 arguam,

532 4437 627 4493 sed
656 4436 814 4493 etiam
839 4451 946 4491 me.
977 4434 1046 4490 Et
1070 4437 1291 4491 animum
1320 4454 1480 4511 meam
1510 4455 1694 4509 ponam
1723 4439 1776 4494 in
1800 4458 1954 4496 manu
1977 4459 1997 4499 :
2018 4444 2103 4499 in-

529 4525 873 4597 spiciendam,
902 4534 960 4580 ut
980 4526 1110 4580 nihil
1133 4528 1320 4594 celem,
1352 4528 1465 4583 sive
1495 4536 1549 4582 nt
1578 4539 1882 4600 computem
1913 4548 2103 4603 pecca-

532 4628 593 4673 ta
606 4633 742 4673 mea.
769 4616 905 4672 Licet
926 4617 1120 4672 occidat
1144 4635 1223 4672 me
1235 4619 1321 4672 ille
1342 4619 1427 4690 qui
1452 4629 1624 4689 potens
1644 4632 1736 4689 est,
1755 4625 1840 4692 qui
1856 4633 1901 4678 et
1918 4627 2064 4697 carpit
2083 4643 2104 4683 :

532 4708 773 4780 quamvis
794 4708 998 4763 occidat
1021 4716 1235 4777 peccata
1262 4724 1398 4763 mea.
1427 4702 1618 4765 Tamen
1647 4712 1844 4783 loquar,
1865 4724 1912 4769 et
1930 4708 2111 4772 coram-

534 4816 593 4855 eo
624 4815 835 4872 arguam
855 4814 967 4853 me:
993 4812 1097 4853 non
1135 4813 1221 4854 me
1261 4799 1583 4870 justillcabo,
1624 4803 1954 4863 abscondens
1981 4823 2103 4879 pec-

532 4900 649 4949 cata
676 4907 812 4947 mea.
844 4890 973 4945 Ecce
1016 4907 1106 4963 ego
1134 4893 1481 4964 appropinquo
1499 4895 1695 4964 judicio
1719 4915 1827 4952 meo
1850 4916 1870 4954 :
1897 4908 1953 4955 ut
1965 4901 2107 4970 judi-

530 5000 647 5040 cem
673 4983 741 5039 de
765 4997 879 5049 me;
908 4982 1057 5054 quasi
1081 4982 1193 5052 ipsa
1210 4982 1281 5037 sit
1295 4983 1522 5039 hominis
1553 4985 1778 5056 justitia,
1816 4988 1869 5043 in
1889 4990 2102 5048 confes-

532 5074 681 5130 sione
698 5072 798 5129 sibi
815 5086 921 5128 non
938 5087 1176 5144 parcere.
1199 5071 1343 5127 Tunc
1362 5090 1393 5128 a
1412 5075 1543 5145 facie
1561 5086 1647 5131 tua
1663 5094 1763 5133 non
1781 5079 2059 5138 abscondar
2085 5102 2106 5142 .'

532 5163 974 5236 quemadmodum
1002 5163 1400 5220 absconduntur
1430 5177 1757 5237 peccatores.
1786 5170 1998 5229 Manum
2017 5193 2107 5231 au-

534 5259 609 5327 fer
627 5274 658 5311 a
677 5273 756 5312 me
781 5271 801 5312 :
819 5265 877 5312 ut
901 5255 1031 5311 nihil
1056 5257 1109 5312 in
1152 5272 1238 5313 me
1264 5258 1333 5313 sit
1366 5259 1751 5330 castigandum,
1769 5271 1824 5318 et
1842 5266 1913 5322 sit
1938 5267 1991 5322 in
2017 5284 2106 5326 me

533 5348 784 5404 charitas.
812 5346 880 5401 Et
901 5348 1049 5401 timor
1072 5355 1187 5403 tuus
1224 5364 1327 5403 non
1355 5363 1435 5404 me
1457 5359 1656 5406 terreat.
1704 5352 1837 5419 Quot
1863 5368 1980 5413 sunt
2003 5362 2105 5415 ini-

533 5439 745 5509 quitates
756 5454 882 5493 mete
900 5438 927 5493 .’
950 5438 1084 5494 [line
1100 5446 1273 5508 potest
1287 5439 1454 5496 videri
1481 5441 1611 5499 illud
1630 5443 1848 5515 dixisse,
1874 5448 2107 5509 Animam

537 5546 698 5583 meum
720 5545 903 5600 ponam
922 5529 975 5583 in
995 5545 1149 5583 manu
1165 5546 1274 5585 mea
1291 5546 1312 5586 :
1333 5531 1401 5587 ad
1421 5535 1855 5604 computandum.
1881 5540 1984 5596 Aut
2009 5562 2106 5613 pu-

539 5659 777 5783 ὀρὶὲἓὲξῖ
814 5658 1000 5713 eduxit.
1032 5662 1333 5727 uanusa'ipti
1375 5676 1522 5729 vero,
1555 5667 1767 5733 seduxit.
1796 5673 1926 5736 apud
1962 5682 2105 5741 LXX,

1500 318 2030 380 ANNOTATIONUM
2064 316 2133 377 IN
2167 317 2307 387 JOB,
2346 317 2405 378 S.
2443 318 2811 379 AUGUSTINI

3684 327 3799 387 830

2206 441 2284 487 tas
2307 449 2385 487 me
2408 450 2513 490 esse
2552 434 2859 489 contrarium
2876 432 2963 488 tibi
2982 434 3007 490 .9
3028 431 3160 491 Cum
3189 437 3369 507 utique
3391 435 3630 496 infirmus
3647 456 3787 507 sum.

2205 533 2261 579 et
2285 528 2435 593 quasi
2452 525 2557 581 hoc
2584 526 2797 593 metuis,
2816 514 2904 581 [ne
2933 526 2976 580 si
3002 526 3323 595 justilicatus
3355 528 3531 599 fuero,
3563 547 3660 602 par
3685 535 3785 592 tibi

2203 612 2344 678 sim;
2370 628 2491 668 cum
2533 613 2715 669 folium
2756 615 2879 670 sim.
2909 615 3051 686 Ergo
3092 625 3176 671 est
3202 618 3378 688 aliqua
3405 619 3577 676 latens
3598 636 3785 699 causa,

2208 702 2419 772 quando
2443 703 2557 759 haec
2583 719 2692 759 non
2718 713 2818 760 est.
2848 704 2917 759 Et
2937 705 3218 777 imposuisti
3239 709 3365 763 milii
3384 713 3778 783 peccatajuvenv

2203 796 2342 850 tutis.
2369 796 2568 853 Uthaec
2585 798 2654 881 sit
2677 812 2856 866 causa,
2885 814 3050 868 quare
3073 799 3215 855 dicat
3236 800 3489 858 abscondi
3513 818 3545 858 a
3571 819 3631 861 se
3650 820 3779 876 pec-

2203 896 2319 941 cata
2347 901 2463 953 sua,
2493 888 2618 958 quia
2646 889 2987 958 superbierit,
3018 890 3159 959 quod
3186 900 3269 946 est
3290 902 3564 961 peccatum
3580 894 3779 965 juven-

2209 977 2355 1032 tulis.
2384 977 2452 1031 Et
2472 979 2686 1048 posuisti
2709 979 2762 1033 in
2786 979 3023 1049 compede
3048 981 3224 1049 pedem
3262 976 3470 1040 meum':
3495 985 3546 1039 in
3572 986 3786 1045 vinculo

2204 1068 2563 1124 mortalitatis.
2607 1068 2677 1123 Et
2705 1068 2901 1125 radices
2927 1070 3113 1141 pedum
3137 1089 3362 1128 meorum
3408 1078 3782 1148 contemplatus

2204 1172 2256 1211 es
2276 1173 2297 1211 :
2321 1157 2636 1227 cupiditates
2661 1174 2828 1215 meas.
2877 1158 2977 1226 Qui
3015 1171 3264 1217 veterasco
3288 1163 3415 1219 sicut
3438 1176 3548 1220 uter
3574 1183 3595 1221 :
3621 1177 3680 1223 ut
3702 1169 3787 1223 vi-

2204 1262 2331 1301 num
2377 1262 2569 1303 novum
2620 1257 2833 1317 portare
2884 1264 2990 1305 non
3035 1251 3233 1321 possim
3267 1254 3434 1323 :aut(
3463 1265 3523 1311 ut
3554 1257 3571 1288 ⁸
3603 1273 3786 1328 panno

2204 1350 2343 1391 novo
2370 1337 2554 1392 consui
2587 1336 2608 1409 )
2639 1337 2777 1392 velut
2821 1340 3163 1395 vestimentum
3207 1342 3343 1413 quod
3377 1361 3410 1397 a
3450 1345 3596 1400 tineis
3639 1364 3787 1403 com—

2204 1434 2366 1480 estum
2392 1435 2486 1480 est.

2290 1515 2389 1590 [lb.
2416 1516 2552 1592 xw.)
2579 1517 2746 1574 llomo
2772 1520 2901 1573 enim
2928 1530 3077 1575 natus
3118 1537 3181 1576 ea:
3203 1522 3431 1590 muliere,
3454 1524 3612 1582 brevis
3645 1536 3786 1596 ante,

2203 1616 2252 1662 et
2289 1608 2468 1678 plenus
2491 1609 2772 1664 iracundia:
2792 1626 2812 1665 :
2839 1612 3033 1680 ptenze’
3065 1650 3079 1664 .
3108 1611 3175 1665 Et
3198 1612 3332 1667 hunc
3351 1616 3514 1686 fecisti
3536 1618 3702 1672 venire
3728 1620 3789 1673 in

2195 1700 2450 1769 judicium
2498 1716 2669 1755 coram
2703 1710 2770 1755 te.
2797 1703 3051 1769 Quamvis
3087 1704 3159 1758 ita
3183 1706 3427 1761 mortalis
3464 1708 3554 1774 sit,
3580 1717 3637 1763 et
3666 1710 3790 1779 ipse

2205 1788 2363 1843 habet
2386 1798 2558 1844 tamen
2585 1789 2727 1846 unde
2744 1790 3003 1847 rationem
3018 1791 3203 1848 reddat
3231 1812 3245 1847 :
3277 1796 3505 1865 exigitur
3529 1798 3673 1853 enim
3702 1798 3781 1855 de

2204 1877 2296 1932 illo
2315 1878 2454 1949 quod
2478 1885 2675 1950 potest,
2716 1882 2957 1951 quamvis
2982 1896 3268 1953 perparum
3299 1885 3486 1954 possit.
3535 1885 3787 1942 Dinume-

2203 1969 2303 2022 rati
2318 1971 2448 2025 enim
2470 1980 2586 2025 sunt
2610 1988 2803 2026 menses
2831 1973 2940 2043 ejus
2958 1974 3100 2042 apud
3128 1984 3194 2029 te.
3216 1976 3294 2031 Eo
3317 1977 3459 2033 enim
3485 1979 3624 2049 quod
3645 1987 3791 2035 tem-

2205 2061 2403 2129 poralis
2432 2070 2532 2129 est,
2578 2062 2646 2118 de
2687 2073 2907 2134 peccato
2938 2067 3269 2122 convincitur
3299 2087 3313 2123 :
3342 2084 3468 2125 nam
3508 2080 3781 2128 aeternum

2204 2149 2350 2204 illum
2377 2157 2431 2205 tu
2456 2150 2677 2207 feceras.
2712 2152 2924 2209 Discede
2963 2156 3026 2209 ab
3062 2172 3162 2223 eo;
3187 2157 3313 2225 sine,
3353 2160 3667 2229 requiescat:
3694 2175 3792 2217 se-

2206 2243 2435 2298 cundum
2456 2244 2758 2315 Opinionem
2783 2246 3012 2301 carnalis
3037 2256 3093 2301 et
3132 2247 3373 2304 animalis
3400 2250 3650 2319 hominis,
3692 2253 3789 2308 cui

2204 2343 2369 2390 totum
2391 2336 2587 2393 bonum
2618 2336 2733 2392 htec
2757 2339 2860 2392 vita
2890 2348 2991 2393 est.
3015 2338 3085 2392 Et
3113 2339 3235 2394 ideo
3260 2341 3359 2395 sibi
3388 2342 3502 2395 vult
3522 2342 3689 2413 parci,
3722 2352 3790 2399 ut

2205 2424 2411 2480 fruatur
2439 2425 2539 2481 hac
2565 2426 2691 2481 vita;
2720 2426 2810 2482 Est
2837 2428 2968 2483 enim
2984 2429 3152 2505 arbori
3178 2446 3310 2499 spes.
3336 2429 3625 2487 lrrideuter
3656 2433 3778 2489 haec

2204 2515 2609 2584 pronuntianda.
2639 2517 2832 2588 Utique
2874 2519 3016 2575 enim
3067 2520 3234 2590 magis
3265 2528 3350 2576 est
3385 2536 3509 2592 spes
3533 2523 3732 2578 homini
3765 2541 3785 2580 :

2203 2606 2342 2675 quod
2371 2608 2609 2663 carnales
2636 2609 2824 2664 nolunt
2847 2609 3086 2666 credere.
3125 2610 3211 2665 Vir
3252 2628 3367 2667 vero
3411 2629 3526 2667 cum
3551 2624 3784 2670 mortuus

2205 2694 2377 2764 fuerit,
2418 2697 2559 2753 abiit.
2603 2699 2670 2753 Et
2708 2697 2795 2755 hic
2838 2700 3056 2756 ironicé.
3097 2699 3344 2773 Tempore
3381 2705 3515 2758 enim
3530 2705 3789 2759 ntittuetur

2204 2803 2527 2852 mare;nam
2557 2799 2667 2860 post
2691 2791 2948 2869 impletur.
2994 2792 3128 2847 Dicit
3172 2803 3349 2849 autem
3389 2794 3456 2850 de
3486 2795 3572 2851 his
3619 2797 3783 2863 locis,

2206 2877 2295 2932 ubi
2322 2893 2567 2935 accessus
2589 2889 2644 2936 et
2662 2896 2905 2955 recessus
2931 2881 3007 2948 fit,
3037 2882 3121 2938 vel
3146 2884 3286 2954 quod
3306 2885 3481 2940 omnia
3497 2886 3677 2942 littora
3703 2887 3787 2942 la—

2208 2974 2381 3024 tenter
2405 2969 2714 3025 minuuntur
2732 2982 2786 3026 et
2808 2980 3087 3043 augentur,
3103 2973 3250 3029 horis
3268 2975 3537 3032 lunaribus
3552 2978 3785 3045 scilicet,

2206 3072 2327 3112 cum
2352 3059 2518 3114 oritur
2541 3059 2683 3125 luna,
2716 3061 2801 3117 vel
2829 3061 2981 3117 nobis
3004 3063 3087 3118 vel
3118 3064 3239 3119 aliis
3267 3081 3433 3135 usque
3459 3067 3525 3122 ad
3544 3063 3790 3125 medium
3887 3093 3893 3099 ·

2206 3148 2400 3203 cmlum
2447 3148 2468 3180 ³
2494 3151 2718 3218 crescit,
2746 3159 2798 3206 et
2850 3151 2973 3207 inde
2996 3153 3267 3209 minuitur.
3310 3154 3792 3230 Usquequo'caelum

2206 3249 2299 3307 est,
2330 3256 2430 3295 non
2454 3251 2721 3297 consuetur
2744 3258 2764 3297 :
2789 3241 2854 3297 ad
2872 3258 3064 3298 novum
3078 3243 3119 3309 ⁸,
3152 3244 3204 3298 id
3231 3256 3313 3300 est
3331 3246 3429 3315 ipsi
3454 3248 3609 3304 cmlo.
3622 3247 3795 3319 Atque

2206 3332 2403 3385 utinam
2433 3332 2571 3403 apud
2610 3334 2799 3403 inferos
2824 3350 2902 3387 me
2937 3336 3260 3390 custodisses.
3308 3335 3489 3407 Usque
3534 3337 3670 3393 adeo
3698 3348 3792 3395 est.

2207 3436 2330 3491 spes
2359 3422 2784 3490 resurrectionis,
2811 3431 2868 3477 ut
2882 3422 2993 3494 jam
3010 3432 3063 3479 et
3091 3424 3174 3479 his
3199 3440 3435 3481 carerem
3458 3428 3580 3482 vita:
3602 3428 3785 3485 incer-

2209 3514 2295 3568 tis.
2318 3514 2386 3568 Et
2406 3515 2746 3569 abscondisses
2772 3532 2868 3581 me,
2892 3515 3048 3570 donec
3063 3518 3388 3588 requiesceret
3412 3519 3492 3573 ira
3512 3529 3619 3573 tua.
3639 3520 3786 3577 Hinc

2208 3615 2307 3671 est,
2336 3604 2649 3661 Abscondere
2678 3607 2939 3676 pusillum,
2968 3607 3125 3662 donec
3176 3618 3399 3663 transeat
3452 3610 3532 3663 ira
3574 3610 3793 3671 Domini

2209 3697 2228 3768 (
2253 3695 2382 3751 lsai.
2413 3712 2556 3762 xxvi,
2578 3695 2649 3751 20
2670 3693 2729 3766 );
2761 3696 2811 3750 id
2832 3704 2932 3763 est,
2963 3696 3130 3753 donec
3153 3707 3383 3754 transeat
3417 3700 3513 3755 ista
3540 3702 3793 3757 mortali—

2209 3796 2310 3853 tas,
2338 3796 2393 3841 et
2435 3785 2501 3840 ad
2536 3787 2981 3843 resurrectionem
3021 3789 3281 3844 veniatur.
3314 3789 3376 3844 Si
3402 3792 3537 3845 enim
3560 3803 3796 3848 mortuus

2208 3878 2361 3949 fuerit
2390 3877 2559 3943 homo,
2586 3878 2730 3931 vivet.
2758 3877 2889 3932 Nam
2923 3879 3036 3934 hmo
3061 3896 3165 3935 non
3183 3890 3265 3936 est
3293 3883 3419 3936 vita.
3450 3881 3792 3938 Consumma-

2208 3967 2271 4022 tis
2305 3966 2477 4020 diebus
2497 3967 2607 4021 vita:
2641 3984 2782 4022 sum:
2805 3977 2927 4023 tunc
2956 3969 3114 4024 vivet.
3148 3969 3338 4025 Deinde
3363 3971 3580 4040 vocabis,
3617 3983 3664 4027 et
3692 3991 3793 4044 ego

2206 4055 2515 4127 respondebo
2542 4055 2660 4111 tibi:
2684 4056 2940 4112 obcdiens
2961 4057 3075 4124 tibi,
3100 4059 3215 4114 sine
3242 4060 3619 4130 impedimento
3642 4079 3794 4118 mor-

2208 4148 2441 4203 talitatis.
2472 4146 2697 4219 Signusti
2721 4154 2773 4202 in
2789 4150 2990 4204 sacculo
3014 4151 3300 4218 iniquitates
3325 4170 3459 4208 meas
3477 4170 3496 4208 :
3522 4164 3577 4209 ut
3598 4155 3799 4210 redde-

2208 4254 2295 4294 rcs
2325 4238 2473 4294 mihi.
2501 4240 2767 4294 Annotasti
2793 4241 2837 4294 si
2883 4241 3005 4312 quid
3048 4243 3231 4296 invitus
3278 4246 3481 4300 erravi:
3500 4246 3659 4301 etiam
3684 4247 3797 4305 hoc

2208 4328 2493 4383 annotasti.
2518 4327 2743 4383 Invitum
2775 4339 2953 4384 autem
2982 4346 3165 4401 errare
3188 4348 3343 4402 poena
3373 4337 3572 4404 peccati
3599 4335 3793 4391 est.Et

2207 4418 2405 4488 quidem
2421 4433 2565 4472 mons
2594 4418 2778 4472 cadens
2804 4419 2997 4488 deﬂuit.
3028 4419 3103 4474 Ita
3133 4430 3187 4476 et
3214 4422 3372 4479 homo
3414 4440 3479 4479 ex
3508 4425 3795 4482 altitudine

2209 4517 2263 4563 et
2292 4508 2539 4564 firmitate
2560 4523 2654 4563 sua
2675 4509 2883 4564 cecidit.
2917 4508 2979 4564 Et
3007 4521 3147 4580 petra
3167 4516 3424 4568 veterascit
3446 4516 3497 4569 in
3526 4516 3637 4570 loco
3658 4533 3751 4570 suo
3767 4533 3793 4571 :

2209 4607 2267 4654 ut
2286 4600 2444 4655 homo
2465 4600 2516 4653 in
2543 4614 2737 4669 genere
2761 4615 2857 4654 suo
2886 4610 2939 4656 et
2986 4603 3288 4659 conditione
3308 4619 3424 4659 sua.
3455 4604 3520 4659 Et
3536 4607 3795 4661 alluvione

2208 4688 2535 4760 frequentium
2556 4690 2809 4761 gurgitum
2832 4706 2852 4745 :
2877 4691 3027 4761 quasi
3051 4701 3105 4747 et
3132 4695 3292 4747 homo
3317 4694 3386 4749 ita
3414 4694 3481 4750 ad
3497 4695 3792 4751 exilitatem

2210 4779 2496 4850 perductus
2524 4780 2612 4848 sit,
2640 4796 2763 4837 cum
2810 4782 3011 4838 crebris
3048 4785 3394 4854 cupiditatum
3437 4787 3793 4845 alluvionibus

2206 4872 2469 4928 atteritur.
2494 4871 2649 4942 Spem
2673 4889 2788 4927 vero
2807 4874 3023 4929 hominis
3039 4877 3321 4946 perdidisti.
3344 4879 3546 4935 Gradus
3570 4879 3694 4937 fecit
3717 4882 3792 4939 de

2210 4973 2389 5019 monte
2407 4962 2472 5018 ad
2511 4972 2739 5033 petram,
2768 4980 2799 5019 a
2837 4974 2983 5036 petra
3006 4967 3072 5021 ad
3100 4968 3324 5037 lapides,
3369 4986 3399 5025 a
3427 4971 3691 5042 lapidibus
3718 4973 3789 5028 ad

2209 5066 2424 5108 arenam
2449 5068 2464 5119 ;
2496 5054 2620 5123 quia
2644 5054 2741 5110 has
2780 5056 3104 5115 minutiones
3130 5060 3374 5115 carnales
3398 5054 3688 5130 patiuntur.
3721 5063 3794 5120 Et

2211 5142 2348 5199 bene
2370 5147 2480 5212 jam
2531 5145 2792 5216 perdidisti
2818 5146 2973 5202 dixit.
3009 5148 3265 5219 Impulisti
3289 5153 3423 5206 enim
3442 5154 3494 5207 in
3514 5155 3665 5224 finem
3688 5173 3710 5210 :
3735 5156 3790 5211 in

2210 5233 2683 5302 consumptionem.
2708 5234 2775 5291 Ut
2802 5246 2986 5306 pereat
3000 5254 3123 5310 spes
3148 5241 3245 5295 ista
3266 5256 3370 5313 qua
3390 5245 3631 5301 carnales
3654 5261 3786 5318 gau-

2212 5322 2356 5379 dent.
2383 5323 2589 5379 Mutusti
2631 5326 2811 5397 faciem
2833 5329 2965 5398 ejus,
2988 5328 3226 5387 dimisisti
3251 5349 3365 5387 eum
3386 5347 3408 5388 :
3426 5350 3547 5391 cum
3590 5337 3767 5410 imago

2275 5434 2290 5466 ι
2317 5439 2391 5485 Er.
2414 5440 2523 5484 Lor.
2547 5447 2643 5484 non
2664 5435 2845 5488 habent
2866 5443 2933 5489 ut.
2988 5445 3045 5488 ιιι.

2273 5497 2295 5527 ²
2316 5496 2389 5546 Sic
2407 5497 2634 5567 .melioris
2661 5506 2788 5547 nota:
2809 5505 2916 5550 Mss.
2942 5507 2999 5550 At
3029 5500 3173 5563 editi,
3198 5500 3330 5555 brevi
3362 5502 3519 5557 civem
3540 5511 3781 5572 tempore,

2273 5569 2379 5607 estus
2398 5557 2667 5609 sracmadia:
2689 5558 2858 5609 olente.

2213 5569 2379 5620 plenus
2398 5569 2667 5609 tractatam:
2688 5569 2858 5622 pm.
3635 5569 3645 5572 -

2218 5618 2367 5693 W’Jln
2407 5620 2601 5693 exmisis
2623 5654 2639 5680 ,
2674 5618 2755 5683 uti}
2776 5618 2989 5673 medium
3021 5636 3245 5676 mensem.
3277 5628 3449 5677 Verius
3484 5629 3533 5679 in
3567 5634 3698 5693 Itss.,
3720 5630 3785 5682 ad

2212 5678 2423 5729 medium
2442 5678 2629 5730 emtum.

2279 5724 2630 5805 ﬂiam-'1;
2647 5755 2739 5795 non
2755 5724 3004 5797 consuetur
3024 5746 3091 5799 ad
3110 5758 3300 5812 novum,
3322 5750 3429 5803 sine
3451 5759 3704 5805 commate.
3729 5759 3785 5804 ιι.
