4110 6462
362 402 463 461 861

362 512 455 568 Dei
485 512 539 565 in
568 525 633 567 eo
659 511 1008 569 exterminata
1032 523 1134 571 est.
1163 515 1232 571 Et
1277 533 1393 573 cum
1428 521 1574 575 multi
1603 526 1809 595 fuerunt
1852 526 1949 595 ﬁlii

360 604 489 674 ejus,
539 604 738 657 nescit:
766 604 887 674 quia
916 606 1158 675 moritur,
1180 610 1421 680 quamvis
1442 622 1762 683 propagetur
1783 614 1947 670 sobo-

359 693 457 750 les.
499 693 608 750 Sed
633 711 811 752 carnes
840 698 952 768 ejus
978 714 1132 770 super
1164 717 1279 756 eum
1297 702 1568 758 doluerunt
1593 720 1613 758 :
1643 704 1700 760 id
1729 715 1830 774 est,
1866 717 1915 761 ta

358 784 462 841 lem
489 784 853 843 conditionem
878 804 1030 844 suam
1057 789 1218 848 homo
1246 793 1534 850 carnaliter
1556 794 1725 861 dolet,
1753 804 1809 852 et
1832 797 1948 852 aui-

354 877 565 935 maliter
615 880 776 951 luget.
808 879 1112 951 Spirituaiis
1152 885 1294 941 enim
1320 886 1487 956 novit,
1514 888 1638 958 quia
1665 888 1767 944 etsi
1793 899 1946 944 exte-

351 971 463 1026 rior
482 970 646 1026 homo
666 973 1046 1044 corrumpitur,
1077 975 1171 1031 sed
1196 976 1419 1033 interior
1446 988 1734 1034 renovatur
1764 978 1832 1035 de
1847 978 1935 1035 die

349 1064 407 1121 in
455 1065 598 1123 diem
630 1065 855 1141 (llCor.
904 1085 976 1138 ιν,
1030 1068 1174 1143 l6):
1224 1073 1349 1144 quia
1392 1072 1495 1130 hoc
1534 1072 1651 1130 ﬁeri
1679 1074 1845 1133 sentit
1887 1074 1945 1131 in

348 1159 549 1230 seipso.

420 1250 523 1324 [ιδ.
544 1250 666 1325 xv.]
692 1236 869 1310 Verba
886 1254 1108 1326 Elipbaz
1132 1255 1482 1314 Tbemanitis.
1509 1258 1577 1313 Et
1595 1260 1817 1332 implevit
1844 1262 1940 1316 do-

346 1342 455 1399 lore
470 1354 714 1400 ventrem.
740 1345 970 1417 Spiritus
988 1349 1130 1404 enim
1151 1350 1387 1405 scientias
1406 1366 1503 1421 per
1521 1352 1939 1409 consolationem

344 1447 497 1494 sanat
518 1439 696 1510 potius
714 1454 744 1495 a
764 1439 1039 1497 doloribus
1063 1459 1076 1495 :
1096 1450 1151 1497 tu
1171 1452 1349 1499 autem
1371 1444 1463 1514 qui
1486 1444 1677 1515 imples
1697 1453 1937 1501 ventrem

343 1529 551 1598 dolore,
582 1546 688 1586 non
719 1533 908 1605 spiritu
938 1534 1175 1590 scientias
1215 1535 1526 1605 respondes.
1559 1534 1748 1591 Nonne
1772 1546 1826 1591 tu
1854 1554 1937 1592 re-

343 1625 518 1694 pulisti
545 1625 816 1680 timorem?
841 1626 1007 1681 Deum
1044 1642 1146 1683 non
1176 1629 1423 1695 timuisti,
1454 1629 1508 1683 in
1547 1645 1669 1685 eum
1699 1630 1821 1685 talia
1852 1630 1936 1686 di~

340 1732 492 1772 (ens.
518 1717 587 1770 Et
608 1719 799 1789 elegisti
820 1720 1044 1791 linguam
1068 1720 1317 1775 malorum
1339 1737 1359 1776 :
1377 1737 1483 1792 qua
1502 1721 1746 1778 homines
1772 1724 1937 1778 male-

339 1809 539 1866 dicunt.
584 1812 719 1877 Quid
754 1813 929 1867 enim?
966 1814 1209 1885 numquid
1255 1814 1447 1886 primus
1475 1815 1625 1870 homo
1653 1826 1801 1870 natus
1843 1816 1936 1870 es?

339 1905 461 1975 quia
489 1914 694 1961 tantum
737 1906 999 1976 superbis.
1043 1907 1146 1961 Aut
1186 1917 1303 1963 ante
1342 1908 1496 1964 colles
1539 1918 1798 1964 concretus
1843 1909 1935 1964 es?

339 1994 515 2054 Etiam
554 2006 763 2051 montes
792 1998 1007 2053 nomine
1042 1998 1257 2053 collium
1300 1999 1639 2068 accipiendos
1664 2042 1679 2066 ,
1726 2000 1777 2054 id
1827 2010 1928 2067 est,

336 2098 464 2144 ante
491 2103 679 2144 omnes
704 2090 944 2157 virtutes,
972 2090 1190 2160 spiritus
1208 2099 1474 2162 potentes.
1510 2092 1617 2146 Sed
1639 2101 1684 2145 et
1709 2109 1861 2147 senex
1884 2102 1932 2147 et

338 2182 621 2251 decrepitus
646 2183 701 2235 in
727 2182 870 2237 nobis
896 2194 988 2237 est.
1013 2183 1112 2252 Qui
1141 2185 1275 2239 sciat
1294 2185 1451 2239 etiam
1479 2200 1597 2255 qua:
1628 2201 1725 2240 nos
1756 2188 1930 2243 nesci-

337 2281 575 2339 mus,est
603 2274 741 2329 inter
765 2290 883 2341 nos,
919 2275 1054 2339 Quid
1081 2291 1262 2330 ausum
1283 2276 1380 2345 fuit
1407 2293 1495 2330 cor
1526 2279 1709 2331 tuum?
1736 2286 1784 2332 et
1808 2279 1930 2349 quid

338 2366 683 2419 sustinuerunt
707 2366 841 2420 oculi
857 2367 964 2420 tui?
977 2375 1344 2436 speraverunt.
1368 2366 1506 2432 Quid
1530 2369 1662 2422 enim
1681 2377 1754 2423 est
1779 2370 1929 2425 homo

335 2466 390 2509 ut
417 2458 483 2511 sit
506 2458 613 2511 sine
631 2458 881 2512 crimine?
904 2458 1045 2528 quod
1072 2466 1129 2513 et
1153 2466 1206 2513 tu
1224 2457 1425 2513 dixiSti.
1460 2458 1522 2514 Si
1541 2463 1593 2513 in
1612 2461 1800 2514 sanctis
1818 2463 1927 2533 ejus

334 2567 437 2604 non
464 2560 536 2604 est
574 2550 701 2619 ﬁdes
722 2566 741 2605 :
764 2558 982 2622 propter
1002 2552 1201 2606 incerta
1231 2560 1529 2621 temporum
1550 2592 1565 2617 ,
1592 2552 1785 2622 quibus
1808 2553 1925 2623 ple-

332 2658 563 2713 rumque
590 2644 861 2709 falluntur,
894 2652 952 2699 ut
977 2644 1140 2698 multa
1167 2644 1366 2711 dicant,
1398 2652 1453 2699 et
1478 2659 1583 2699 non
1616 2644 1826 2701 faciant.
1859 2646 1927 2700 Et

331 2736 514 2789 cwlum
540 2752 641 2790 non
668 2744 742 2790 est
765 2734 1011 2789 mundum
1036 2744 1153 2789 ante
1173 2752 1284 2789 eum
1308 2751 1327 2790 :
1348 2751 1442 2805 pro
1464 2727 1553 2791 his
1570 2736 1660 2807 qui
1685 2736 1925 2793 habitant

331 2827 386 2883 in
413 2829 583 2895 creto;
618 2838 707 2883 aut
732 2836 876 2884 certe
907 2829 1100 2884 caelum
1143 2843 1240 2898 pro
1279 2829 1408 2898 ipsis
1450 2830 1650 2884 sanctis
1687 2830 1918 2899 ponitur,

329 2921 453 2991 quia
483 2921 536 2975 in
567 2921 650 2975 bis
678 2920 879 2991 habitat
908 2922 1070 2976 Deus.
1114 2920 1240 2986 Qtaa
1272 2921 1523 2990 sapientes
1564 2921 1797 2984 dixerunt
1816 2964 1831 2989 ,
1876 2930 1922 2975 et

328 3030 431 3068 non
467 3015 748 3068 celaverunt
777 3024 1008 3086 parentes
1031 3028 1168 3067 suos.
1195 3012 1328 3078 Quia
1363 3012 1522 3067 etiam
1549 3011 1747 3067 Iudaeis
1772 3013 1919 3082 Apo-

326 3109 449 3163 stoli
481 3108 918 3178 praadicaverunt.
950 3106 1089 3178 Ipsis
1108 3106 1231 3161 solis
1262 3106 1381 3159 data
1412 3114 1481 3160 est
1509 3115 1683 3159 terra:
1710 3104 1919 3161 inhabi-

328 3198 506 3253 tanda.
540 3196 652 3252 Nec
694 3198 977 3269 supervenit
1020 3197 1123 3251 illis
1169 3198 1433 3266 quisquam
1479 3206 1743 3250 extraneus
1772 3212 1791 3250 :
1820 3212 1919 3253 nec

326 3300 543 3345 sanctus
569 3290 728 3345 homo
755 3290 837 3345 vel
867 3289 1117 3360 angelus;
1147 3287 1200 3342 id
1226 3296 1328 3354 est,
1358 3288 1410 3342 in
1436 3287 1719 3344 securitate
1747 3289 1920 3358 possi-

326 3382 547 3437 debunt.
575 3381 702 3438 Cum
743 3382 1022 3452 putaverint
1051 3398 1103 3434 se
1125 3396 1232 3435 esse
1260 3382 1377 3450 jam
1412 3380 1464 3433 in
1494 3397 1633 3451 pace.
1665 3381 1738 3435 Ita
1765 3380 1912 3447 dicit,

324 3476 472 3546 quasi
501 3475 602 3530 hoc
629 3484 775 3545 putet
814 3473 912 3543 ipsi
938 3472 1040 3529 Job
1067 3463 1330 3528 evenisse.
1360 3470 1485 3526 Non
1521 3472 1677 3526 credit
1698 3473 1918 3527 converti

323 3582 353 3619 a
380 3567 592 3622 tenebris
622 3583 641 3621 :
674 3582 779 3621 non
821 3565 992 3621 credit
1027 3574 1086 3620 ut
1127 3572 1471 3619 convertatur
1506 3579 1535 3617 a
1565 3565 1817 3633 peccatis.
1846 3564 1918 3619 Et

322 3660 547 3715 decretus
569 3669 639 3714 est
664 3660 718 3714 in
746 3675 911 3713 escam
940 3658 1194 3711 vulturum
1220 3673 1240 3712 :
1267 3657 1531 3713 aeriarum
1573 3665 1912 3724 potestatum,

322 3764 442 3820 quae
487 3749 744 3805 mortibus
786 3756 1126 3818 peccatorum
1173 3755 1478 3818 pascuntur.
1525 3746 1671 3801 Sicut
1716 3746 1822 3800 dua:
1861 3747 1917 3801 in

322 3842 488 3910 prima
512 3842 620 3895 acie
644 3840 856 3895 decidet.
880 3838 1065 3894 Audax
1076 3848 1177 3906 est,
1201 3847 1378 3894 etnon
1398 3838 1503 3893 fert
1522 3837 1911 3893 tribulationes.

324 3934 437 4000 Qua
456 3935 471 3965 ³
499 3934 705 3989 elevavit
734 3950 912 3987 manus
945 3941 1122 3986 contra
1150 3929 1334 3985 Deum.
1362 3931 1444 3984 An
1464 3971 1480 3995 ,
1511 3930 1632 4000 quia
1668 3928 1914 3983 elevavit?

318 4023 387 4079 Et
397 4025 618 4079 cucurrit
634 4034 933 4078 contraeum
947 4022 1303 4077 contumeliose
1320 4036 1338 4074 :
1355 4020 1658 4075 adversaria
1670 4018 1914 4075 faciendo

318 4133 477 4188 quam
505 4117 776 4189 praecepit.
807 4115 874 4170 In
895 4132 1067 4170 crassa
1092 4115 1280 4168 cervice
1293 4113 1422 4168 scuti
1442 4114 1519 4167 sui
1543 4128 1562 4167 :
1582 4127 1913 4183 prresumens

316 4209 385 4266 de
411 4210 741 4279 protectione
784 4223 898 4264 sua.
942 4207 1075 4274 Quia
1100 4208 1297 4277 operuit
1336 4207 1518 4276 faciem
1544 4207 1655 4277 ejus
1680 4206 1733 4259 in
1762 4205 1913 4277 adipe

316 4316 429 4355 suo.
472 4301 575 4355 Per
603 4301 816 4370 adipem
837 4343 852 4368 ,
886 4300 939 4355 id
965 4308 1063 4366 est,
1108 4315 1203 4370 per
1244 4298 1617 4353 exultationem
1648 4297 1910 4368 superbia:

317 4406 428 4447 sua:
457 4393 738 4449 abscondit
766 4409 795 4447 a
820 4408 880 4448 se
912 4394 1098 4448 Deum.
1128 4391 1195 4445 Et
1221 4391 1337 4462 fecit
1358 4391 1631 4461 capistrum
1655 4408 1808 4461 super
1832 4391 1910 4461 fe-

318 4502 460 4539 mora
496 4502 515 4540 :
544 4496 603 4541 ut
641 4486 946 4541 libidinibus
990 4485 1102 4539 suis
1144 4484 1501 4555 colligaretur,
1550 4499 1655 4553 quo
1695 4482 1910 4545 vinculo

317 4576 602 4632 duceretur
629 4579 694 4633 ad
721 4589 968 4634 mortem.
1004 4578 1132 4643 Quae
1169 4577 1301 4631 enim
1342 4575 1421 4630 illi
1454 4585 1774 4647 paraverunt,
1818 4576 1911 4629 alii

316 4668 554 4738 auferunt
581 4684 598 4723 :
624 4669 797 4739 ipsum
828 4669 989 4724 etiam
1014 4684 1237 4740 regnum
1265 4678 1532 4722 terrenum
1557 4708 1572 4735 ,
1606 4667 1690 4722 vel
1716 4682 1907 4737 quam-

316 4774 545 4829 cumque
590 4775 741 4830 spem
788 4761 1130 4833 temporalem
1155 4802 1170 4827 ,
1214 4774 1372 4829 quam
1402 4773 1522 4812 cum
1569 4766 1679 4811 toto
1709 4757 1908 4813 mundo

311 4850 438 4920 justi
458 4852 740 4921 accipient.
762 4850 831 4905 Et
847 4870 947 4906 non
968 4851 1226 4917 ditabitur,
1246 4867 1334 4904 nec
1352 4849 1658 4921 permanebit
1679 4856 1908 4903 substan-

315 4945 386 4997 tia
413 4945 522 5014 ejus
549 4944 737 5015 :impii
758 4944 977 5000 scilicet.
1003 4943 1122 4999 Non
1142 4943 1371 4997 immittet
1405 4958 1555 5012 super
1580 4950 1765 4995 terram
1789 4957 1903 4995 um-

316 5039 457 5092 bram
494 5054 513 5093 :
552 5038 605 5093 id
635 5048 736 5105 est,
780 5054 885 5094 non
929 5039 1083 5093 viret.
1131 5035 1237 5093 Sed
1276 5036 1482 5104 stirpem
1517 5035 1628 5106 ejus
1666 5034 1906 5104 arefaciet

312 5138 489 5183 uentus
514 5144 534 5184 :
554 5131 795 5185 tentatio.
840 5127 1085 5184 Prwcisio
1111 5129 1219 5199 ejus
1247 5137 1364 5181 ante
1391 5126 1566 5180 horam
1608 5141 1902 5195 corrumpe-

314 5233 399 5277 tur
434 5240 454 5279 :
484 5226 790 5295 priusquam
835 5231 1034 5294 sperat.
1080 5221 1291 5276 Decidat
1335 5230 1573 5290 tanquam
1600 5220 1699 5290 ﬂos
1736 5218 1900 5274 olivis.

314 5314 536 5370 Decidat
564 5331 591 5369 a
619 5331 771 5386 pace,
793 5315 875 5371 vel
897 5316 1017 5385 quia
1038 5313 1255 5369 meliora
1273 5312 1369 5367 hos
1384 5319 1695 5381 sequuntur,
1719 5326 1903 5380 quem-

312 5405 601 5461 admodum
648 5405 833 5461 ﬂorcm
876 5406 1099 5460 fructus.
1148 5403 1512 5458 Testimonium
1551 5402 1683 5455 enim
1718 5401 1899 5470 impii,

310 5515 449 5556 παθη
478 5514 499 5556 :
532 5501 762 5571 signum.
808 5499 878 5554 Et
921 5500 1053 5572 ignis
1097 5497 1350 5551 comburet
1393 5497 1569 5550 domus
1614 5512 1785 5549 eorum
1818 5498 1902 5566 qui

312 5609 523 5647 munera
544 5594 817 5664 accipiunt.
842 5593 906 5648 lii
934 5602 1056 5648 sunt
1080 5592 1220 5647 enim
1245 5590 1390 5660 impii
1414 5589 1501 5659 qui
1525 5604 1743 5643 munera
1769 5596 1905 5644 tem-

309 5684 513 5754 poralia
544 5694 859 5756 praeponunt
878 5684 1115 5754 jttstitiae.
1145 5682 1401 5752 Concipiet
1419 5690 1466 5735 et
1485 5681 1537 5734 in
1558 5689 1723 5735 ventre
1750 5681 1904 5752 gemi-

308 5782 410 5830 tus.
444 5776 518 5831 Ea
542 5793 663 5848 qua:
690 5785 891 5849 sperat,
925 5776 976 5830 in
1006 5789 1216 5845 poenam
1249 5775 1321 5829 illi
1351 5772 1652 5844 proficiunt.

375 5889 397 5920 ⁸
420 5888 558 5952 Quia,
579 5891 720 5954 juxta
742 5898 816 5941 Er.
845 5899 896 5942 et
916 5897 1022 5941 Lov.
1050 5898 1105 5939 tu.

512 5973 741 6041 8mm.
774 5978 1055 6041 Ausus'r.
1100 5975 1209 6038 IlI.

1769 411 1972 469 LIBER
2012 414 2209 475 UNUS.

3537 450 3642 507 849

2130 530 2376 609 [1ὺ.ινι.]
2395 535 2567 596 Verba
2592 541 2710 598 Job.
2734 544 2917 601 Audivi
2941 548 3065 604 talia
3092 554 3252 608 multa
3282 571 3300 609 :
3330 572 3435 614 non
3465 564 3638 624 solum

2056 636 2176 692 quae
2204 640 2298 681 vos
2337 626 2532 686 dicitis.
2576 631 2926 695 Consolatores
2965 644 3211 699 malorum
3252 665 3440 706 omnes.
3472 654 3637 715 Malos

2055 716 2278 779 potestis
2299 721 2583 791 consolari,
2608 727 2729 795 quia
2750 729 2849 798 ipsi
2876 747 2969 787 vos
2994 733 3411 806 imitantur,non
3432 744 3634 803 bonos:

2053 811 2107 907 et
2132 815 2214 907 est
2240 810 2529 907 vocativus.
2562 817 2603 868 A
2633 818 2777 873 nullo
2802 821 2942 875 enim
2971 836 3202 881 vestrum
3235 832 3409 889 audivi
3434 835 3631 907 aliquid

2051 893 2197 951 boni.
2229 898 2365 966 Quid
2392 907 2561 961 enim?
2589 914 2835 979 numquid
2858 917 2982 971 ordo
3011 919 3061 972 in
3098 924 3404 981 sermonibus
3427 938 3501 982 est
3524 893 3635 1001 spiv

2050 989 2215 1045 ritas?
2237 997 2517 1064 superbiae.
2535 1000 2635 1054 Aut
2655 1003 2707 1057 in
2732 1021 2829 1075 quo
2850 1009 3110 1064 molestum
3135 1014 3223 1067 tibi
3244 1018 3337 1070 erit
3352 989 3634 1089 liquamvis

2050 1094 2155 1134 non
2201 1097 2368 1181 ames-
2393 1089 2534 1157 quod
2578 1092 2741 1149 dicas.
2774 1095 2841 1150 Et
2869 1114 2959 1169 ego
2999 1106 3271 1158 secundum
3300 1123 3385 1163 vos
3412 1111 3588 1181 loquor
3615 1094 3653 1169 :-

2046 1175 2316 1274 quomodo
2336 1175 2479 1248 digni
2505 1183 2652 1237 estis.
2676 1184 2737 1240 Si
2762 1188 2986 1258 subjecta
3011 1203 3139 1247 esset
3160 1197 3331 1252 anima
3352 1175 3515 1256 vestra
3539 1220 3632 1274 pro

2045 1278 2175 1318 mea.
2194 1266 2252 1321 Si
2273 1282 2365 1324 vos
2380 1274 2691 1337 pateremini
2706 1279 2847 1347 quod
2861 1296 2988 1351 ego;
3012 1284 3255 1353 loquerer
3270 1266 3625 1362 sermonibus,
3663 1326 3675 1353 ι

2045 1370 2150 1451 non
2178 1358 2330 1414 factis
2347 1379 2359 1415 :
2379 1362 2447 1417 ita
2469 1367 2599 1421 nihil
2624 1377 2708 1423 est
2724 1368 2867 1441 loqui
2893 1376 3030 1443 quod
3055 1392 3158 1431 non
3178 1377 3346 1436 facitis
3360 1383 3397 1435 ¹.
3418 1382 3480 1438 Si
3494 1358 3627 1440 enim

2044 1447 2242 1544 loquar,
2269 1470 2368 1507 non
2389 1454 2564 1512 dolebo
2582 1460 2804 1516 vulnere.
2828 1463 3144 1523 Ostendistis
3166 1486 3260 1527 vos
3282 1489 3452 1544 neque
3472 1476 3525 1531 in
3546 1477 3626 1534 lo-
3646 1448 3669 1489 ’ᾇ

2043 1542 2272 1609 quendo,
2296 1560 2469 1638 neque
2483 1548 2538 1604 in
2559 1551 2784 1609 tacendo
2799 1556 3085 1624 prudentes
3102 1576 3241 1618 esse.
3256 1542 3387 1620 Nam
3408 1569 3623 1638 sapien-

2043 1638 2124 1731 tes
2141 1642 2325 1731 etcum
2342 1637 2645 1711 loquuntur,
2668 1644 2723 1699 in
2737 1648 3189 1707 consolationibus
3208 1637 3624 1731 condolescunt;

2040 1726 2124 1822 vel
2145 1726 2197 1780 in
2218 1728 2554 1789 confessione
2580 1751 2675 1791 sua
2703 1737 2998 1809 loquentes,
3024 1742 3204 1800 dolent
3221 1747 3409 1806 vulnus
3434 1726 3621 1822 suum;

2039 1815 2121 1870 vel
2136 1831 2255 1873 cum
2279 1830 2474 1891 tacent,
2501 1827 2792 1896 prudenter
2814 1842 3006 1888 tacent.
3042 1835 3199 1892 Nunc
3224 1851 3390 1897 autem
3420 1815 3624 1902 lassavit

2038 1924 2135 1974 me,
2165 1918 2210 1965 et
2230 1913 2347 1982 fecit
2371 1918 2600 1987 stultum,
2630 1930 2676 1974 et
2698 1935 2895 1992 putrem
2920 1941 2940 1979 :
2991 1934 3049 1980 ut
3074 1944 3181 1984 non
3205 1942 3389 1989 contra
3412 1950 3509 1991 vos
3535 1937 3621 1994 lo-

2036 2014 2189 2099 quar,
2222 2004 2360 2060 Deus
2380 2006 2885 2082 frcgitsuperbiam;
2915 2026 2973 2072 ut
3000 2021 3192 2076 stultus
3216 2022 3384 2080 factus
3411 2028 3623 2099 sapiens

2038 2091 2180 2185 llam.
2222 2096 2610 2168 Appreltendisti
2633 2120 2712 2157 me
2734 2147 2749 2171 ,
2779 2114 2825 2160 et
2855 2107 2909 2161 in
2937 2110 3270 2166 testimonium
3300 2091 3619 2185 factus-sum.

2035 2181 2440 2245 Convicisti-me
2472 2191 2538 2247 de
2581 2196 2812 2262 peccatis
2839 2198 2994 2265 meis,
3023 2212 3076 2255 et
3100 2181 3380 2260 adversum
3406 2223 3493 2263 me
3521 2224 3623 2281 ego

2032 2288 2151 2330 sum
2199 2279 2368 2335 testis.
2413 2280 2480 2335 Et
2523 2288 2738 2340 surrexit
2775 2304 2926 2361 super
2953 2307 3032 2343 me
3074 2294 3391 2349 mendacium
3420 2279 3622 2355 meum:

2033 2380 2152 2422 cum
2184 2370 2315 2425 mihi
2338 2372 2513 2441 justus
2537 2376 2774 2434 videbar.
2809 2379 2994 2435 Contra
3019 2383 3198 2451 faciem
3227 2403 3387 2441 meam
3415 2407 3623 2461 respon-

2032 2456 2112 2551 di.
2138 2458 2273 2515 Hinc
2301 2469 2403 2529 est,
2434 2463 2667 2519 Statuam
2694 2476 2742 2521 te
2764 2478 2881 2524 ante
2901 2471 3081 2541 faciem
3106 2485 3244 2529 tuam
3273 2476 3441 2549 (Psal.
3471 2456 3614 2551 nux,

2029 2546 2144 2621 21).
2169 2550 2446 2607 Iracundia
2469 2571 2589 2610 usus
2612 2558 2790 2628 dejecit
2824 2577 2920 2615 me.
2950 2562 3246 2633 Benedixit,
3271 2546 3393 2622 usus
3411 2546 3616 2626 iracun;

2030 2640 2153 2705 dia;
2178 2657 2282 2696 non
2328 2645 2467 2698 enim
2499 2661 2615 2701 eam
2658 2649 2892 2718 patitur:
2923 2651 3117 2722 dejecit
3155 2668 3331 2713 autem
3366 2668 3617 2733 tanquam

2028 2732 2338 2800 superbum.
2369 2734 2599 2790 Fremuit
2622 2755 2771 2809 super
2790 2757 2869 2795 me
2887 2743 3133 2800 dentibus.
3165 2732 3613 2822 Ohjurgavitme;

2028 2829 2087 2875 ut
2117 2822 2305 2879 dentes
2342 2840 2438 2895 pro
2461 2827 2638 2883 verbis
2668 2830 3045 2902 intelligantur.
3090 2837 3303 2909 Sagitta:
3336 2844 3616 2913 piratarum

2026 2915 2137 2985 ejus
2176 2934 2327 2987 super
2369 2936 2449 2973 me
2497 2920 2805 2977 deciderunt.
2859 2928 3045 2981 Aerias
3099 2939 3388 2999 potestates
3427 2939 3618 3006 quibus

2029 3007 2190 3062 utitur
2216 3008 2378 3076 Deus,
2408 3018 2464 3066 et
2490 3013 2567 3067 eis
2594 3015 2850 3082 permittit
2886 3027 2945 3071 ut
2969 3027 3060 3073 aut
3084 3034 3440 3080 exerceantur
3467 3029 3615 3096 boni,

2024 3106 2117 3152 aut
2152 3100 2438 3167 puniantur
2462 3103 2609 3159 mali.
2640 3104 2832 3160 Piratae
2857 3116 3063 3176 autem,
3095 3112 3216 3181 quia
3256 3113 3309 3169 in
3354 3116 3456 3172 hoc
3483 3121 3619 3174 mari

2024 3188 2393 3259 navigantibus
2443 3191 2783 3250 insidiantur.
2832 3197 2953 3252 Acie
2991 3201 3252 3257 oculorum
3287 3206 3454 3261 irruit.
3497 3208 3617 3266 Non

2023 3280 2376 3338 dissimulavit
2400 3298 2431 3339 a
2461 3286 2694 3355 peccatis
2723 3288 2879 3356 meis,
2905 3299 3153 3361 tanquam
3181 3294 3351 3352 innuit
3378 3309 3434 3354 ut
3457 3302 3615 3370 puni-

2023 3387 2131 3428 rer.
2160 3374 2279 3445 Ipse
2302 3377 2442 3431 enim
2469 3386 2717 3449 tanquam
2748 3382 2922 3438 lumen
2949 3394 3052 3453 est,
3078 3390 3409 3456 punitoribns
3436 3404 3616 3451 osten-

2021 3463 2155 3519 dens
2174 3467 2487 3535 puniendos.
2512 3471 2683 3526 Ruina
2706 3474 2837 3527 mihi
2863 3474 2961 3531 fuit
2974 3482 3210 3548 aSpectio
3226 3483 3359 3552 ejus.
3380 3488 3484 3541 Aut
3504 3488 3572 3541 ita
3594 3507 3609 3543 :

2022 3555 2170 3612 Fecit
2192 3567 2247 3613 ut
2270 3560 2508 3617 viderem
2541 3574 2813 3632 peccatum
2841 3584 3048 3637 meum;
3076 3582 3198 3628 ante
3212 3564 3368 3631 enim
3398 3595 3502 3633 non
3534 3582 3613 3639 sic

2021 3649 2150 3703 mihi
2195 3650 2262 3705 ad
2302 3667 2518 3708 sensum
2553 3657 2865 3725 perductum
2897 3659 3013 3716 fuit.
3043 3662 3238 3718 Acriter
3263 3672 3506 3736 percussit
3532 3690 3614 3729 me

2019 3740 2073 3794 in
2099 3742 2326 3812 genibus,
2353 3755 2401 3798 et
2427 3747 2581 3800 simul
2600 3760 2960 3805 concurrerunt
2986 3752 3039 3806 in
3069 3771 3165 3809 me.
3196 3756 3306 3814 Deo
3328 3760 3471 3815 enim
3489 3778 3613 3833 per-

2020 3834 2274 3901 cutiente,
2305 3836 2379 3891 illi
2404 3850 2790 3895 concurrerunt
2812 3843 2983 3913 angeli
3008 3856 3225 3901 satanas.
3255 3847 3323 3902 In
3351 3868 3472 3920 pace
3495 3871 3611 3909 cum

2019 3941 2196 3993 essem,
2228 3925 2495 4014 discerpsit
2523 3946 2620 3983 me.
2649 3930 2732 3985 Ab
2767 3930 2879 4000 ipsa
2919 3928 3047 4002 pace
3090 3944 3181 3990 aut
3226 3952 3257 3992 a
3295 3944 3609 4013 memetipso
3640 4011 3645 4019 ,

2018 4015 2317 4088 discerpsit,
2347 4027 2402 4073 ut
2425 4019 2493 4074 ab
2517 4020 2833 4076 adversariis
2852 4031 2906 4077 et
2929 4024 3029 4079 sibi
3049 4026 3451 4087 adversantibus
3471 4034 3603 4090 dila-

2018 4124 2250 4164 cerarer.
2280 4109 2350 4163 Et
2387 4121 2556 4167 tenens
2581 4130 2777 4167 comam
2804 4132 2966 4170 meam
2996 4118 3202 4174 divulsit
3224 4137 3243 4175 :
3272 4138 3366 4192 per
3390 4136 3608 4194 peccata

2017 4217 2135 4257 mea
2156 4218 2243 4257 me
2262 4203 2541 4259 adversum
2567 4221 2653 4260 me
2672 4205 2870 4261 divisit.
2899 4207 3091 4263 Statuit
3114 4228 3190 4265 me
3216 4214 3344 4267 sicut
3366 4216 3566 4286 signum
3586 4234 3608 4273 :

2016 4293 2069 4347 in
2098 4310 2254 4365 quem
2276 4294 2640 4364 jacularentur
2659 4340 2674 4365 ,
2700 4307 2757 4353 ut
2781 4300 2917 4355 solet
2942 4302 3148 4369 signum
3174 4305 3296 4372 poni
3319 4306 3605 4374 jaculanti-

2016 4385 2149 4451 bus,
2181 4400 2286 4455 quo
2306 4387 2482 4455 jacuia
2506 4387 2753 4458 dirigant.
2793 4388 3243 4446 Circumdederunt
3278 4412 3356 4449 me
3393 4397 3599 4463 lanceis,

2015 4478 2290 4532 emittentes
2315 4478 2368 4530 in
2395 4494 2537 4533 renes
2563 4495 2731 4542 meos;
2752 4496 2851 4532 non
2884 4494 3206 4551 pepercerunt
3225 4501 3245 4539 :
3266 4498 3481 4558 propter
3506 4491 3603 4547 de-

2014 4571 2207 4625 sideria
2247 4571 2499 4637 carnalia,
2532 4588 2648 4640 qua:
2684 4572 2784 4626 sibi
2830 4573 3055 4643 impacta
3100 4576 3246 4645 dicit,
3296 4596 3394 4651 per
3436 4586 3602 4641 malas

2013 4664 2387 4733 persuasiones
2424 4665 2491 4719 ab
2515 4665 2714 4735 angelis
2754 4667 2927 4720 malis.
2962 4668 3267 4735 Effuderunt
3294 4675 3347 4728 in
3374 4686 3507 4731 terra
3537 4680 3604 4748 {el

2012 4772 2179 4809 meum
2199 4772 2218 4810 :
2240 4764 2297 4809 ut
2313 4765 2525 4811 terrena
2548 4757 2685 4811 bona
2711 4759 2916 4813 zelarer
2936 4761 2988 4815 in
3009 4761 3073 4814 iis
3093 4764 3178 4832 qui
3206 4763 3289 4819 liis
3309 4767 3602 4829 abundant,

2014 4846 2317 4917 Dejecerunt
2343 4864 2422 4901 me
2450 4850 2784 4918 prostratione
2812 4868 2996 4923 magna
3022 4870 3041 4906 :
3069 4870 3134 4908 nc
3160 4859 3425 4913 carnalem
3473 4878 3599 4931 pro-

2012 4941 2323 4996 strationem
2372 4941 2805 5013 intelligeremus.
2858 4943 3089 4998 Ciliciam
3147 4960 3407 5003 assuerant
3465 4955 3599 5008 corio

2011 5047 2121 5086 meo
2146 5048 2164 5085 :
2190 5041 2404 5101 peccata
2435 5033 2710 5100 interiora,
2740 5035 2929 5103 quibus
2961 5037 3319 5092 reminiscitur
3347 5055 3404 5094 se
3434 5042 3596 5100 fuisse

2012 5123 2065 5180 in
2091 5126 2264 5180 bonis.
2295 5125 2363 5179 Et
2398 5143 2550 5197 super
2572 5126 2839 5197 palpebras
2868 5144 3003 5181 meas
3032 5128 3209 5181 umbra
3237 5134 3429 5187 mortis.
3466 5134 3598 5191 Volo

2009 5218 2191 5273 videre
2212 5258 2226 5283 ,
2267 5227 2321 5272 et
2358 5216 2580 5287 impedit
2604 5233 2688 5271 me
2717 5218 3043 5273 consuetudo
3070 5220 3316 5274 carnalis.
3352 5221 3505 5277 Terra
3539 5243 3599 5279 ne

2010 5313 2206 5383 aperiat
2229 5329 2381 5383 super
2413 5312 2711 5383 sanguinem
2740 5313 2906 5366 carnis
2931 5327 3055 5366 mete
3081 5328 3099 5365 :
3122 5314 3172 5367 id
3203 5324 3303 5380 est,
3330 5332 3394 5370 ne
3420 5318 3464 5372 si
3494 5319 3597 5373 im-

2009 5407 2205 5461 munda
2232 5406 2388 5461 fuerit
2404 5405 2575 5460 oratio
2604 5418 2720 5459 mea
2752 5404 2985 5472 optando
3010 5413 3243 5473 terrena,
3268 5409 3485 5464 accedat
3507 5428 3599 5466 cu-

2010 5498 2188 5553 mulus
2229 5506 2383 5551 terra:
2413 5510 2573 5565 super
2596 5495 2866 5549 vinculum
2896 5495 3231 5550 mortalitatis
3258 5513 3423 5565 meae;
3452 5503 3594 5571 quod

2010 5588 2322 5661 signiﬁcavit
2350 5589 2564 5642 nomine
2594 5586 2865 5656 sanguinis
2897 5605 2909 5640 :
2946 5587 2997 5640 id
3038 5596 3151 5652 cst,
3199 5604 3265 5643 ne
3308 5592 3596 5661 cupiditate

2010 5687 2221 5736 terrena
2274 5677 2563 5745 majoribus
2624 5677 3011 5733 calamitatibus
3059 5679 3336 5734 voluntarii
3393 5688 3595 5752 peccati

2011 5770 2405 5844 Operiar,.quod
2438 5780 2515 5825 est
2558 5769 2685 5823 illud
2718 5769 2954 5823 naturale
2982 5779 3255 5839 peccatum
3297 5772 3364 5829 de
3404 5777 3592 5833 condi-

2077 5885 2094 5919 ι
2112 5892 2239 5946 κει,
2266 5883 2391 5949 quod
2409 5880 2601 5945 facitis:
2631 5882 2816 5931 absvue
2838 5884 3115 5943 negatione.

2856 5967 3317 6051 (Vingt—scpt.)
