4110 6504
518 507 624 564 845

519 623 666 682 tione
689 615 925 684 mortali,
953 613 1062 684 Nec
1085 614 1150 670 sit
1175 614 1316 668 locus
1335 610 1545 664 clamori
1564 627 1691 666 meo.
1716 606 2102 665 [intercludatur

518 714 772 771 meritum
797 709 1050 767 orationis
1073 722 1226 763 meae.
1253 705 1473 760 Et—nunc
1495 720 1606 760 ecce
1631 705 1686 758 in
1711 703 1848 758 ctelis
1873 712 1944 757 est
1969 701 2104 756 testis

468 851 478 862 κ
519 825 678 868 meus.
704 807 779 863 De
806 803 1031 860 Domino
1048 802 1254 858 videtur
1281 799 1481 868 dicere,
1503 799 1626 869 quia
1661 796 1892 853 nondum
1921 796 1973 850 in
2002 806 2106 851 ter-

518 917 636 960 ram
664 898 1030 957 descenderat.
1061 894 1129 950 Et
1143 897 1374 951 conscius
1387 910 1527 948 uicus
1551 893 1604 946 in
1625 891 1868 947 excelsis:
1892 897 2104 960 propter

518 991 982 1066 participationem
1008 987 1364 1044 mortalitatis.
1397 985 1720 1056 Dijudicetur
1747 983 1822 1038 vir
1849 999 1964 1036 cum
1993 978 2103 1034 Do-

519 1085 676 1140 mino.
707 1081 898 1139 Veniat
927 1079 1178 1135 Dominus
1199 1119 1214 1145 ,
1244 1086 1302 1134 ut
1324 1092 1445 1134 cum
1464 1092 1530 1132 eo
1565 1075 1954 1144 virjudicetur,
1986 1080 2103 1127 tan-

517 1192 677 1248 quam
705 1173 940 1231 Joannes
980 1186 1103 1228 cum
1129 1169 1360 1227 Christo.
1395 1167 1453 1223 in
1480 1183 1706 1238 quorum
1732 1164 2108 1236 dijudicatione

517 1263 828 1336 intelligitur
862 1261 989 1333 quid
1034 1261 1196 1317 distet
1240 1261 1377 1316 inter
1403 1259 1674 1316 hominem
1701 1257 1993 1327 perlectum
2011 1297 2026 1322 ,
2053 1264 2108 1312 et

515 1360 687 1416 Deum
710 1354 982 1412 hominem
1005 1353 1223 1409 factum.
1254 1352 1400 1408 Sicut
1431 1351 1569 1422 ﬁlius
1603 1350 1820 1406 hominis
1843 1349 1910 1402 ad
1935 1348 2110 1418 proxi-

517 1469 655 1508 mum
683 1466 834 1505 suum
859 1465 879 1504 :
903 1447 1160 1504 Dominus
1199 1445 1416 1505 homine
1443 1453 1709 1515 suscepto,
1753 1442 1820 1499 ad
1849 1457 1974 1498 eum
2017 1440 2109 1512 qui

514 1544 777 1604 inciderat
797 1544 852 1598 in
876 1542 1112 1598 latrones
1136 1539 1288 1612 (Luc.
1316 1555 1374 1606 ι,
1409 1537 1521 1609 50).
1555 1537 1689 1592 Anni
1713 1536 1847 1592 enim
1881 1535 2109 1588 dinume-

513 1643 616 1702 ηιιέ
641 1650 881 1697 renuunt
921 1640 1045 1693 mihi
1070 1655 1089 1693 :
1119 1638 1260 1709 quod
1302 1636 1432 1693 mihi
1475 1650 1569 1705 per
1602 1634 1872 1692 ὼιὶδιυω
1910 1631 2106 1687 subve-

515 1736 694 1792 niatur
711 1734 1038 1806 plenitudine
1056 1742 1354 1802 temporum
1373 1727 1570 1802 (Galat.
1592 1744 1662 1792 tv,
1679 1729 1758 1796 4).
1780 1725 1848 1780 Et
1869 1725 1999 1779 viam
2020 1739 2109 1794 per

513 1835 668 1899 ﬁam
684 1843 787 1882 non
805 1835 1044 1892 revertar,
1067 1823 1327 1894 ingrediar
1343 1837 1362 1876 :
1380 1821 1518 1876 viam
1536 1817 1871 1878 renuntiandi
1889 1815 2105 1871 saeculo.

565 1917 688 1992 '[Ibs
715 1914 870 1989 xvn.]
893 1915 1069 1986 Defeci
1093 1915 1312 1985 agitatus
1332 1913 1554 1983 spiritu:
1580 1909 1734 1977 ordo,
1752 1907 1929 1964 Defeci
1951 1905 2108 1976 spiri-

514 2019 594 2078 tu;
625 2007 891 2064 laboribus
910 2019 1222 2062 concussus.
1259 2005 1363 2059 Oro
1388 2014 1442 2057 ut
1464 2002 1696 2072 sepeliar,
1723 2010 1770 2054 et
1790 2016 1891 2054 non
1915 1997 2112 2052 contin-

511 2102 585 2173 git
609 2101 735 2155 mihi
757 2116 778 2154 :
807 2109 864 2154 ut
886 2097 1236 2154 absorbeatur
1255 2095 1482 2150 mortale
1508 2110 1536 2148 a
1558 2093 1682 2148 vita.
1708 2089 2108 2161 ingemiseimus

511 2193 657 2250 enim
683 2191 918 2261 gravati,
949 2190 1002 2244 in
1030 2203 1137 2258 quo
1180 2187 1426 2242 nolumus
1451 2185 1699 2256 spoliari,
1732 2181 1826 2238 sed
1855 2195 2102 2250 superve-

508 2284 629 2340 stiri
653 2289 670 2355 (
691 2282 733 2337 ll
762 2281 938 2349 Conv,
964 2280 1053 2351 4);
1083 2279 1136 2335 id
1159 2287 1562 2354 estptnutemur
1591 2275 1766 2346 potius
1791 2287 1950 2344 quam
1987 2287 2105 2326 mo-

509 2377 732 2433 riamur.
765 2374 920 2441 Quod
949 2373 1152 2442 utique,
1185 2371 1426 2440 quamvis
1452 2370 1552 2425 hoc
1575 2368 1738 2424 homo
1763 2365 1965 2436 cupiat,
1998 2378 2108 2420 non

511 2469 789 2538 contingit.-
813 2466 981 2522 chet
999 2465 1141 2520 enim
1160 2469 1388 2518 ιιιῠτιθιη
1409 2459 1853 2516 condemnatione
1881 2456 2104 2528 peccati.

511 2560 698 2616 Preces
717 2559 959 2614 adhibebo
984 2573 1098 2611 cum
1125 2555 1311 2621 labore,
1338 2561 1383 2609 et
1404 2553 1524 2624 quid
1547 2553 1680 2624 feci:
1701 2551 1940 2607 nonnihil
1965 2549 2068 2606 feci
2087 2551 2106 2582 ¹

506 2655 820 2723 irnpetrans.
849 2649 1033 2705 Furati
1087 2656 1206 2703 sunt
1236 2647 1431 2702 externi
1469 2647 1601 2701 bona
1628 2661 1759 2698 mea.
1793 2643 1965 2713 ipsam
2001 2642 2106 2696 im-

506 2744 886 2802 mortalitatem
905 2783 922 2810 ,
949 2756 1052 2812 qua
1083 2739 1361 2810 Spoliatur,
1393 2736 1674 2808 signiﬁcat,
1703 2735 1794 2804 qui
1819 2733 2106 2789 semivivus

506 2854 539 2894 ι
563 2837 859 2894 latrbnibus
878 2842 962 2891 est
981 2834 1215 2888 relictus.
1241 2829 1366 2896 Quis
1386 2840 1432 2884 et
1450 2829 1582 2884 iste?
1600 2827 1690 2897 qui
1717 2825 1849 2880 mihi
1875 2825 2106 2881 subven-

507 2938 658 2984 turus
683 2937 802 2994 est,
827 2925 1107 2981 Dominum
1139 2921 1462 2993 signiﬁcans.
1501 2917 1610 2976 Sed
1635 2917 1753 2974 ideo
1781 2916 1913 2971 dicit
1935 2957 1948 2980 ,
1981 2915 2106 2980 Quis

508 3022 622 3078 est?
645 3020 768 3091 quia
799 3018 938 3074 inter
962 3016 1206 3071 homines
1221 3013 1428 3068 iuturus
1453 3019 1587 3076 erat,
1616 3019 1673 3064 ut
1698 3008 1784 3062 vix
1813 3008 1879 3062 ab
1895 3007 1972 3061 eis
1997 3005 2105 3061 dis-

509 3120 834 3172 cerperetur.
892 3109 974 3164 Ad
1008 3119 1216 3163 manum
1241 3121 1406 3160 meum
1430 3104 1651 3175 ligetur:
1677 3099 1889 3155 vinculo
1918 3097 2093 3153 chari-

508 3207 669 3272 tatis,
711 3212 770 3260 ut
805 3201 1070 3258 custodiat
1094 3187 1218 3265 nte,-
1264 3201 1318 3254 et
1345 3196 1504 3252 ducat
1531 3197 1637 3264 q'u'o
1677 3192 1808 3247 vult.
1861 3190 1994 3255 Quia
2019 3206 2106 3242 cor

507 3313 680 3357 eorum
708 3294 1014 3350 abscondisti
1040 3309 1072 3346 a
1102 3291 1390 3362 prudentia.
1421 3288 1521 3356 Qui
1546 3302 1668 3342 eum
1705 3299 1812 3340 non
1838 3296 2105 3353 cognove-

505 3393 630 3449 runt
652 3387 998 3445 abSCOndisti.
1035 3384 1251 3454 Propter
1276 3383 1370 3436 hoc
1413 3397 1516 3435 non
1555 3377 1800 3434 exultabis
1827 3393 1941 3441 eos,
1969 3376 2103 3443 Quia

504 3482 736 3540 humiles
764 3495 871 3535 non
896 3477 1129 3542 fuerunt,
1160 3475 1279 3530 ideo
1308 3473 1492 3529 caecati
1516 3481 1660 3538 sunt,
1690 3479 1746 3526 et
1781 3485 1888 3546 non
1915 3478 2105 3538 potue-

507 3582 633 3631 runt
691 3570 990 3628 humilitate
1026 3567 1224 3623 Christi
1266 3563 1504 3620 exaltari.
1557 3563 1705 3615 Parti
1745 3560 2106 3615 annuntientur

506 3666 667 3720 mla.
694 3660 850 3730 Quod
877 3659 1088 3714 caecitas
1115 3673 1182 3712 ex
1208 3665 1356 3727 parte
1385 3671 1440 3709 in
1464 3652 1621 3708 lsrael
1653 3650 1788 3707 facta
1815 3659 1897 3705 est
1921 3648 2098 3719 (Rom.

505 3769 581 3822 ιι,
608 3755 725 3826 25),
749 3755 861 3810 sive
898 3751 1021 3823 quia
1058 3750 1136 3805 eis
1179 3748 1315 3803 mala
1357 3745 1673 3800 videbantur
1699 3760 1817 3813 quae
1857 3740 2104 3796 Christus

506 3847 872 3913 annuntiabat,
894 3854 953 3901 ut
971 3845 1230 3909 dicerent,
1257 3839 1462 3897 Seducit
1483 3839 1653 3892 turbas
1674 3835 1851 3906 (Joan.
1873 3851 1968 3900 vn,
1985 3834 2099 3904 12);

504 3941 620 3996 sive
661 3954 757 4010 per
782 3936 1078 4007 Prophetas
1117 3948 1234 4004 qua:
1263 3931 1574 3986 annuntiata
1617 3937 1742 3984 sunt
1768 3927 1834 3983 de
1863 3925 2105 3982 emcitate

505 4030 701 4097 hrael,
724 4045 832 4085 non
859 4028 1040 4098 utique
1062 4027 1194 4092 toti,
1223 4025 1317 4081 sed
1356 4025 1491 4095 parti
1518 4022 1842 4078 acciderunt.
1877 4019 1946 4074 Et
1970 4018 2104 4073 oculi

505 4133 660 4195 super
679 4123 814 4192 ﬁlios
832 4133 1004 4175 eorum
1020 4117 1284 4173 tabuerunt
1302 4133 1318 4170 :
1338 4113 1686 4170 admiratione
1703 4112 2103 4178 miraculorum,

505 4215 698 4288 quibus
723 4214 923 4269 dictum
947 4219 1050 4278 est,
1078 4209 1138 4265 Si
1159 4224 1248 4278 ego
1276 4207 1329 4260 in
1348 4204 1622 4259 Beelzebub
1649 4203 1798 4273 cjicio
1825 4201 2098 4268 daemonia,

505 4307 606 4382 ﬁlii
641 4307 790 4364 vestri
836 4307 892 4360 in
927 4321 1026 4374 quo
1075 4302 1279 4373 ejiciunt
1321 4297 1548 4372 (Matth.
1575 4313 1680 4364 xu,
1707 4297 1850 4365 27)?
1876 4294 2102 4349 Posuisti

504 4411 674 4456 autem
702 4415 779 4454 me
804 4398 859 4452 in
885 4395 1134 4466 loquelam
1162 4389 1490 4445 nationibus:
1528 4387 1796 4442 hominem
1825 4401 1982 4456 quem
2011 4403 2098 4442 re-

504 4492 742 4558 demisti,
798 4489 851 4544 id
890 4495 993 4555 est,
1019 4484 1310 4541 Ecclesium
1361 4481 1428 4538 de
1471 4495 1575 4551 qua
1613 4480 1958 4550 loquerentur
2005 4495 2101 4533 na-

506 4584 702 4649 tiones,
733 4584 848 4638 sive
876 4594 995 4650 quae
1026 4579 1334 4646 loqueretur
1379 4573 1701 4628 nationibus.
1741 4568 1808 4625 Et
1848 4571 1904 4624 in
1943 4571 2100 4624 risum

506 4675 610 4730 illis
635 4674 846 4730 deveni:
867 4680 958 4727 aut
977 4669 1302 4735 nationibus,
1344 4682 1466 4722 cum
1511 4666 1561 4722 ei
1599 4663 1978 4730 detraherent;
2009 4672 2101 4718 aut

507 4769 741 4836 Iudaeis,
782 4767 873 4838 qui
910 4764 1263 4835 loquebantur
1313 4759 1634 4816 nationibus.
1685 4756 1948 4812 Obscurati
1981 4767 2099 4812 sunt

507 4863 570 4919 ob
607 4863 739 4917 iram
775 4857 910 4914 oculi
939 4855 1054 4910 mei.
1087 4853 1364 4911 Obscurati
1393 4860 1518 4906 sunt
1559 4849 1699 4906 oculi
1728 4850 2012 4918 Ecclesiae,
2045 4849 2098 4905 id

505 4963 590 5012 est
614 4950 874 5024 Apostoli,
917 4963 1036 5004 cum
1078 4944 1329 5001 intellecti
1375 4958 1483 4997 non
1523 4941 1738 4998 suntab
1777 4941 1843 4996 iis
1879 4941 1970 5010 qui
1999 4941 2098 4997 hac

505 5059 662 5118 pretia
681 5049 834 5098 erant
848 5037 1118 5111 puniendi.
1141 5036 1204 5089 Et
1220 5044 1537 5106 expugnatus
1555 5048 1669 5088 sum
1687 5031 1833 5086 valde
1855 5031 1917 5086 ab
1937 5032 2098 5087 omni-

507 5139 620 5196 bus.
656 5137 790 5192 Tam
830 5131 1000 5189 Judaei
1030 5129 1172 5185 enim
1219 5141 1380 5198 quam
1421 5125 1624 5182 Gentes
1667 5131 2100 5194 expugnaverunt

506 5227 824 5307 Ecclesium.
847 5223 912 5277 Et
927 5221 1095 5276 mirati
1111 5222 1258 5273 sunt’I
1279 5234 1430 5289 super
1450 5217 1544 5271 hoc
1562 5229 1760 5271 veraces
1783 5232 1800 5271 :
1823 5215 1906 5270 vel
1935 5230 2099 5285 quare

505 5327 743 5393 potestas
768 5317 890 5372 data
915 5315 984 5368 sit
1026 5311 1200 5383 impiis
1237 5311 1290 5364 in
1335 5309 1630 5365 Ecclesiam
1650 5307 1690 5374 ³,
1726 5308 1810 5363 vel
1833 5323 1998 5378 quare
2031 5310 2098 5365 ab

512 5411 694 5482 impiis
720 5405 1063 5477 Evangelium
1091 5401 1325 5473 agnitum
1353 5414 1463 5454 non
1495 5398 1584 5453 sit.
1616 5397 1793 5452 Justus
1817 5407 1985 5451 autem
2012 5414 2097 5452 su»-

507 5518 598 5576 per
619 5500 879 5556 inimicum
901 5501 1170 5564 consurgat
1186 5508 1205 5546 :
1225 5490 1328 5561 ,qui
1355 5488 1716 5558 temporaliter
1743 5487 1884 5544 cadit
1914 5503 2098 5558 perse-

505 5590 828 5654 cutlonihus,
856 5593 916 5642 ut
954 5593 1136 5656 postea
1163 5579 1468 5636 inﬁdelibus
1500 5578 1819 5635 dominetur.
1846 5578 1910 5633 Et
1937 5596 2097 5647 purus

573 5770 590 5800 ¹
614 5768 686 5817 sic
708 5773 814 5816 Mss.
833 5761 1084 5814 Beocensis
1107 5766 1158 5809 et
1178 5756 1582 5817 Flor-incensam
1604 5755 1752 5817 editi:
1774 5764 1943 5807 Preces
1954 5755 2097 5809 aditi-

515 5829 599 5881 beo
621 5815 731 5879 cum
752 5815 912 5876 labore
936 5837 952 5874 :
972 5829 1016 5873 et
1039 5820 1154 5885 quid
1173 5818 1266 5884 reci
1282 5819 1304 5870 ?
1319 5832 1412 5885 non
1428 5815 1547 5867 mihi
1562 5816 1674 5880 feci.

574 5894 595 5923 ³
622 5886 858 5940 Admirati
877 5892 1001 5948 sinu,
1025 5882 1256 5948 juxtattr.
1276 5882 1423 5946 Lugd.
1439 5887 1557 5948 Ven.
1577 5885 1634 5948 tt.

575 5954 596 5984 ι
611 5958 660 6004 in
677 5959 725 6000 Β.
1085 5944 1230 6008 Lugd.
1255 5940 1394 6005 Veri,
1418 5940 1697 5995 Ecclesium.
1721 5947 1778 5992 tt.

1473 491 2012 560 ANNOTATIONUM
2051 490 2116 547 1N
2154 487 2291 564 JOB,
2333 491 2390 547 S.
2431 488 2798 548 AUGUSTINI

3697 471 3799 554 illi

2211 607 2440 661 pictilibus
2463 616 2626 666 swmu
2642 604 2907 660 audaciam
2925 623 2942 659 :
2962 603 3075 674 spei
3093 591 3392 670 audaciam,
3409 611 3466 660 ut
3487 603 3801 662 conﬁteatur

2211 697 2485 754 Christum
2510 708 2565 754 et
2593 698 2645 753 in
2671 697 3060 769 persecutione.
3093 694 3216 752 Non
3238 695 3375 774 enim
3407 677 3591 758 invenit.
3623 679 3677 772 in
3715 713 3800 753 vos

2212 791 2486 845 veritatem.
2509 790 2766 848 Omnibus
2785 791 2929 848 enim
2952 798 3057 845 tam
3081 789 3282 846 Iudaeis
3306 804 3470 862 quam
3487 789 3608 846 aliis
3633 790 3804 862 gratia

2213 883 2509 942 necessaria
2535 892 2634 938 est.
2665 881 2732 935 Et
2752 882 3003 940 convulsae
3029 890 3146 936 sunt
3173 861 3438 953 compages
3464 881 3629 940 cordis
3645 861 3762 956 inici
3784 897 3802 936 :

2213 983 2272 1030 ut
2299 991 2404 1032 non
2430 976 2600 1032 celem
2628 985 2842 1046 peceata
2866 989 3006 1032 mea.
3031 973 3247 1030 Noctem
3265 974 3320 1028 in
3340 973 3471 1030 diem
3487 982 3763 1045 posuerunt
3782 991 3800 1028 .-

2215 1067 2381 1143 impii.
2420 1068 2572 1126 Unde
2605 1077 2721 1136 est,
2763 1067 2850 1125 Vte
2887 1069 2989 1123 illis
3018 1069 3104 1144 qui
3133 1068 3306 1123 dicunt
3346 1068 3487 1144 quod
3518 1067 3702 1144 bonum
3731 1078 3806 1123 est

2212 1159 2403 1212 malum
2421 1200 2436 1226 ,
2470 1170 2516 1214 et
2541 1161 2733 1214 malum
2775 1162 2959 1215 bonum
2975 1175 2996 1226 ;
3026 1160 3113 1232 qui
3141 1168 3333 1230 ponunt
3361 1137 3586 1214 tenebras
3617 1142 3805 1232 lucem,

2213 1260 2260 1304 et
2284 1251 2448 1310 lucem
2475 1251 2700 1312 tenebras
2743 1249 2911 1326 (Isai.
2943 1267 3014 1328 v,
3040 1231 3114 1326 720
3136 1249 3176 1323 ).
3208 1249 3270 1312 Si
3307 1250 3590 1324 sustinuero
3611 1290 3626 1315 ,

2213 1340 2392 1400 domus
2418 1361 2530 1399 mea
2549 1355 2731 1401 erunt:
2757 1343 3026 1414 pertulero
3055 1333 3270 1414 peccata
3299 1358 3438 1414 mea,
3466 1345 3524 1398 ut
3548 1356 3655 1398 non
3677 1350 3805 1414 con-

2214 1431 2384 1488 fitear.
2413 1432 2682 1490 Interitum
2702 1413 2954 1508 appellavi
2976 1413 3170 1506 patrem
3191 1451 3375 1492 meum.
3407 1413 3521 1489 Non
3546 1449 3640 1492 ero
3665 1413 3807 1493 illius

2211 1524 2356 1580 vitae.
2397 1527 2700 1599 Appellavit
2726 1507 2904 1584 autem
2931 1529 3090 1606 Deus.
3123 1527 3342 1606 Matrem
3372 1544 3534 1606 meam
3557 1507 3572 1557 ί
3596 1519 3643 1581 el
3662 1543 3808 1581 sero--

2213 1635 2318 1672 rem
2344 1597 2525 1674 tabem.
2557 1620 2637 1676 Ex
2663 1635 2728 1676 eo
2765 1619 2906 1690 quod
2931 1601 3354 1690 inseparabiliter
3380 1597 3618 1674 haereant
3637 1659 3655 1686 ,
3684 1627 3806 1672 tan-

2212 1725 2374 1780 quam
2395 1712 2620 1788 cognati.
2649 1711 2775 1791 Qua:
2794 1721 2865 1767 est
2885 1712 3016 1766 enim
3037 1711 3160 1765 mihi
3166 1693 3279 1794 jam
3299 1703 3451 1794 spes?
3470 1699 3807 1775 subauditur,

2212 1799 2268 1857 Si
2299 1785 2622 1860 sustinuero.
2655 1785 2754 1858 Αυι
2776 1804 2906 1858 bona
2932 1819 3040 1858 mea
3069 1785 3282 1858 videbo?
3319 1785 3510 1874 quibus
3551 1800 3809 1858 seductus

2212 1898 2452 1953 converti
2481 1897 2671 1966 noluit,
2701 1908 2754 1954 et
2781 1897 3032 1954 sustinuit
3057 1905 3410 1968 peecatorem.

2285 2013 2384 2086 [ib.
2415 2011 2595 2085 xvnt.]
2618 2012 2788 2068 Verba
2818 2011 3017 2068 Baldad
3054 2011 3341 2068 Sauehitis.
3384 2008 3454 2066 Et
3491 2007 3664 2064 lumen
3700 2007 3808 2062 im-

2214 2108 2414 2178 piorum
2439 2106 2806 2176 exstinguetur.
2835 2104 2954 2178 Noli
2981 2117 3110 2174 ergo
3135 2102 3316 2168 mirari
3347 2102 3394 2156 si
3420 2110 3476 2158 et
3504 2110 3652 2158 tuum
3678 2109 3809 2156 tan-

2213 2213 2371 2269 quam
2415 2197 2562 2268 impii
2590 2196 2772 2252 lumen
2804 2195 3128 2252 exstinctum
3165 2202 3265 2250 est.
3314 2191 3430 2248 Lua;
3455 2193 3568 2263 ejus
3595 2192 3810 2260 (uerunt

2213 2288 2429 2344 tenebne
2466 2288 2522 2342 in
2563 2287 2754 2342 domo:
2791 2285 3008 2345 claritas
3047 2284 3239 2346 domus
3283 2283 3397 2353 ejus
3415 2297 3438 2347 ;.
3479 2281 3536 2338 id
3564 2290 3676 2346 est,
3706 2289 3811 2335 aut

2213 2379 2456 2436 diabolus
2497 2388 2584 2434 aut
2625 2376 3004 2435 Antichristus.
3045 2375 3113 2430 Et
3141 2376 3348 2430 lucerna
3383 2389 3536 2444 super
3565 2389 3680 2428 eum
3704 2388 3806 2429 ea:-

2213 2473 2532 2544 stinguetur:
2572 2472 2821 2541 exiguum
2873 2479 2928 2528 et
2972 2478 3242 2528 terrenum
3290 2467 3490 2524 lumen.
3537 2465 3811 2539 Accipiunt

2213 2564 2378 2633 infimi
2415 2562 2745 2618 substantiam
2787 2563 2918 2632 ejus.
2967 2560 3098 2628 Qua:
3145 2557 3347 2622 habere
3391 2556 3481 2612 ille
3533 2555 3703 2612 voluit
3735 2557 3770 2632 γ’
3790 2596 3810 2624 ,

2214 2656 2446 2712 habeant
2489 2655 2736 2710 humiles.
2785 2653 3052 2716 Immissus
3071 2660 3143 2707 est
3179 2637 3312 2705 enim
3351 2665 3437 2720 pes
3474 2649 3582 2718 ejus
3630 2650 3684 2702 in
3725 2647 3812 2730 la-

2212 2763 2417 2818 queum.
2441 2747 2560 2817 Ipse
2578 2747 2719 2803 enim
2747 2753 2932 2815 captus
2958 2753 3072 2809 est,
3101 2742 3386 2798 Dominum
3406 2737 3810 2811 persequendo.

2215 2838 2528 2910 Confortuvit
2567 2853 2718 2907 super
2763 2852 2878 2890 eum
2903 2835 3129 2905 sitiens:
3169 2841 3225 2888 ut
3267 2833 3482 2887 vincant
3522 2845 3645 2886 eum
3675 2845 3811 2885 esu-

2212 2933 2414 2988 rientes
2457 2940 2514 2988 et
2553 2931 2796 2986 sitientes
2831 2928 3109 3000 justitiam.
3151 2925 3488 2980 Absconditus
3531 2935 3605 2980 est
3648 2941 3811 2995 super

2213 3033 2400 3078 terram
2421 3023 2678 3095 funiculus
2711 3023 2822 3092 ejus
2841 3036 2860 3074 :
2888 3035 2994 3092 quo
3027 3021 3286 3089 capiatur,
3314 3017 3418 3098 hoc
3443 3026 3556 3084 est,
3581 3031 3648 3072 ea
3677 3032 3810 3087 quae

2210 3115 2286 3170 illi
2313 3115 2464 3185 quasi
2501 3113 2886 3170 conceduntur.
2918 3109 2988 3165 Et
3014 3110 3181 3180 captio
3208 3110 3317 3184 ejus
3343 3109 3397 3163 in
3432 3109 3651 3185 semita:
3693 3122 3810 3178 qua
3874 3140 3878 3145 -

2212 3177 2419 3260 transit.
2453 3204 2555 3258 Per
2583 3203 2848 3258 circuitum
2874 3177 3088 3272 perdant
3117 3177 3242 3254 eum.
3265 3179 3464 3254 dolores
3496 3213 3515 3252 :
3545 3177 3812 3268 undique.

2211 3297 2280 3353 Et
2309 3299 2457 3353 multi
2484 3298 2620 3352 circa
2659 3296 2808 3368 pedes
2832 3297 2943 3368 ejus
2985 3295 3187 3350 veniant
3235 3295 3290 3348 in
3329 3293 3566 3365 angustia
3606 3293 3762 3365 famis
3792 3307 3812 3347 :

2210 3388 2362 3443 multi
2400 3389 2491 3459 qui
2533 3403 2654 3444 eum
2690 3395 3014 3457 sequuntur,
3068 3386 3153 3441 vel
3187 3384 3280 3456 qui
3321 3383 3373 3442 ei
3415 3383 3810 3453 obsequuntur.

2209 3480 2550 3538 Comedantur
2589 3481 2721 3536 rami
2745 3480 2930 3551 pedum
2969 3479 3077 3546 ejus
3101 3494 3120 3533 :
3165 3477 3525 3536 decu-inarum
3563 3461 3716 3547 eius,
3753 3475 3812 3532 id

2212 3584 2333 3640 est,
2383 3588 2487 3644 qua
2529 3573 2588 3628 it.
2647 3571 2938 3644 Rumpatur
2975 3571 3040 3624 de
3085 3568 3370 3626 habitacula
3413 3569 3524 3638 ejus
3565 3569 3766 3623 sanitas
3789 3583 3810 3624 :

2212 3665 2564 3737 tranquillitas
2584 3664 2740 3734 hujus
2762 3665 2906 3719 vitaz.
2934 3661 3003 3718 Et
3027 3671 3192 3717 teneat
3215 3678 3328 3716 eum
3350 3660 3616 3715 necessitas
3636 3674 3813 3714 causa

2210 3758 2436 3828 regalis:
2471 3756 2840 3828 opportunitas
2863 3754 3156 3825 punitionis
3181 3752 3327 3823 ejus,
3359 3768 3478 3822 quae
3508 3751 3708 3806 valebit
3735 3751 3813 3808 ad

2210 3849 2434 3920 gloriam
2461 3847 2556 3904 Dei
2573 3888 2588 3913 ,
2615 3856 2830 3918 propter
2855 3846 2996 3918 quod
3024 3845 3185 3902 modo
3212 3844 3288 3899 illi
3310 3844 3636 3914 permittitur
3658 3842 3812 3912 cupi-

2212 3941 2350 3996 ditas
2374 3955 2490 3996 sua.
2533 3940 2756 3998 Causam
2788 3939 3021 4010 regalem
3048 3938 3175 3996 dicit
3198 3978 3214 4003 ,
3259 3938 3382 4008 quia
3429 3951 3490 3992 se
3525 3933 3813 3992 Christum

2207 4031 2446 4102 iactabit.
2496 4030 2704 4085 Habitet
2747 4032 2800 4086 in
2847 4029 3168 4085 tabernaculo
3218 4029 3327 4100 ejus
3369 4029 3425 4082 in
3475 4037 3619 4086 nocte
3669 4027 3812 4102 ejus.

2208 4122 2511 4178 Necessitas
2540 4138 2718 4179 causa:
2754 4121 2946 4193 regalis
2969 4121 3172 4176 cruciet
3213 4099 3596 4176 Conscientiam
3639 4099 3809 4187 ejus;

2208 4217 2464 4288 appetitio
2492 4214 2825 4286 tyrtmnidis:
2871 4215 2925 4268 in
2957 4222 3136 4279 nocte,
3167 4213 3221 4265 in
3245 4211 3505 4282 supplicio
3539 4208 3811 4265 caecitatis

2208 4308 2364 4377 ejus,
2415 4308 2628 4378 quando
2678 4306 2979 4362 damnatur.
3033 4305 3370 4375 Aspergcntur
3418 4301 3644 4372 speciosa
3689 4300 3811 4372 ejus

2207 4401 2455 4470 sulphure
2477 4415 2496 4454 :
2523 4400 2712 4470 quibus
2739 4397 3014 4468 placebat,
3039 4397 3160 4467 igne
3179 4396 3343 4452 fetido
3363 4403 3807 4452 concrementur.

2206 4494 2274 4548 Et
2301 4494 2364 4547 de
2406 4508 2608 4548 sursum
2635 4492 2794 4546 irruet
2836 4490 3017 4545 messio
3045 4490 3200 4555 eius:
3245 4503 3276 4542 a
3303 4488 3433 4544 Deo.
3481 4485 3551 4540 Et
3589 4502 3695 4540 non
3734 4487 3810 4540 si!

2205 4599 2388 4640 nomen
2429 4586 2537 4656 ejus
2578 4585 2632 4638 in
2671 4583 2802 4654 facie
2831 4583 3112 4654 platearum
3148 4581 3232 4635 ubi
3280 4590 3425 4659 erat:
3473 4579 3690 4635 tollatur

2203 4677 2462 4732 memoria
2481 4675 2766 4746 p0puli..Et
2794 4691 2895 4729 non
2909 4675 2973 4729 sit
2989 4672 3339 4744 cognoscibilis
3362 4671 3382 4703 ⁸
3397 4673 3451 4726 in
3469 4671 3659 4744 papula
3678 4688 3806 4730 suo.

2203 4770 2286 4823 Ad
2312 4776 2511 4824 tantam
2550 4766 2902 4838 dejectionem
2931 4765 3142 4831 veniat,
3175 4772 3235 4819 ut
3270 4779 3301 4818 a
3340 4746 3453 4822 suis
3478 4778 3588 4819 non
3624 4777 3804 4834 agno-

2201 4870 2401 4917 scatur.
2453 4858 2562 4915 Nec
2603 4859 2876 4914 resolvetur
2926 4858 3019 4912 sub
3054 4857 3179 4912 caelo
3217 4857 3397 4910 domus
3437 4855 3566 4926 ejus.
3615 4854 3804 4925 Aliqui

2201 4955 2347 5008 etiim
2381 4951 2805 5020 resalvabuntur.
2841 4948 2946 5006 Sed
2974 4950 3027 5004 in
3063 4949 3255 5020 populo
3289 4949 3399 5018 ejus
3423 4947 3590 5008 vivant
3623 4947 3799 5002 alteri.

2201 5044 2338 5100 Aliis
2364 5044 2674 5115 subjugetur
2699 5042 2925 5114 populus
2953 5041 3090 5112 ejus.

2273 5154 2378 5228 [ib.
2397 5155 2541 5228 ιιι]
2569 5154 2884 5212 Verbalob.
2919 5154 2986 5208 Et
3025 5152 3279 5208 destruitis
3303 5165 3389 5208 me.
3418 5150 3598 5211 verbis.
3640 5151 3803 5212 Mr-

2201 5247 2360 5302 matis
2389 5257 2475 5303 me
2493 5289 2510 5316 ,
2537 5248 2635 5318 qui
2657 5261 2744 5303 me
2769 5246 3037 5302 consolari
3063 5245 3343 5302 debuistis.
3369 5245 3568 5302 Scitote
3595 5252 3802 5300 tantum

2200 5338 2319 5408 quia
2346 5337 2486 5393 Deus
2513 5339 2630 5409 fecit
2659 5337 2783 5392 mihi
2805 5339 2879 5394 sic
2904 5354 2925 5393 τ
2969 5336 3108 5409 apud
3136 5350 3294 5408 quem
3324 5350 3543 5407 possum
3569 5334 3640 5392 de
3664 5350 3802 5405 peci-

2200 5437 2321 5487 cato
2364 5432 2644 5500 convinci,
2677 5447 2782 5487 non
2825 5429 2967 5502 apud
3015 5430 3278 5486 homines.
3330 5427 3398 5483 Et
3422 5427 3613 5484 vallum
3645 5443 3803 5484 suum

2200 5524 2337 5578 circa
2380 5535 2462 5579 me
2498 5523 2845 5580 circumdedit;
2889 5522 3054 5578 Fossa
3105 5521 3252 5577 circa
3293 5535 3478 5578 muros
3517 5529 3636 5586 est;
3685 5533 3801 5590 quo

2206 5760 2214 5768 .
2257 5697 2284 5768 ,⁸
2310 5703 2418 5747 ww
2442 5697 2605 5768 ῖςξηωι
2620 5693 3078 5768 ιη
3098 5673 3455 5768 esuriatur

2201 5747 2706 5870 ξὶὲ
2725 5747 2876 5809 etiam
2897 5763 2971 5807 Er.
2994 5791 3010 5819 ,
3035 5751 3118 5819 qui
3141 5754 3265 5820 legit
3288 5747 3479 5818 tanieh,
3511 5747 3803 5819 dpjiellavii,

2267 5857 2449 5950 {an};
2471 5857 2986 5950 “statuasque
3011 5879 3170 5950 υοιηες.

2268 5947 2286 5976 ³
2309 5946 2378 5994 sic
2401 5939 2451 5994 ni
2472 5950 2578 5994 uss.
2600 5950 2656 5995 Al.
2678 5945 2727 5994 in
2751 5939 2922 6009 editis}
