4110 6510
386 470 491 537 845

373 644 591 694 coactus
617 649 735 693 sum
762 636 830 691 ad
857 635 1271 693 confessionem.
1310 636 1440 691 Ecce
1470 637 1609 691 rideo
1646 638 1915 708 opprobria
1942 680 1954 702 ,

370 737 421 786 et
446 745 549 784 non
587 728 785 797 loquor.
822 726 1114 783 Utilitatem
1151 727 1278 784 dicit
1319 727 1697 795 confessionis;
1750 730 1871 799 quia
1913 729 1957 783 si

344 798 536 894 {vellet
561 821 739 878 ridere
764 829 1044 893 peccatum
1082 837 1237 877 suum
1261 865 1276 891 ,
1308 832 1363 877 et
1388 838 1495 878 non
1522 822 1650 878 illud
1676 824 1955 894 proloqui,

342 888 653 981 delamaret,
698 888 889 970 et—non
915 914 1278 972 exaudiretur.
1322 915 1389 971 In
1416 918 1557 972 vultu
1594 933 1704 972 meo
1733 918 1959 971 tenebras

371 1009 557 1081 posuit.
581 1008 1032 1064 lliuminationem
1059 1010 1232 1065 vultus
1252 1010 1359 1067 mei
1384 1010 1600 1066 abstulit
1624 1027 1655 1066 a
1678 1028 1794 1077 me;
1817 1009 1958 1081 quod

368 1101 631 1171 contingit
655 1100 881 1157 aversis.
910 1100 979 1154 Et
1017 1100 1224 1156 abstulit
1252 1119 1491 1159 coronam
1519 1102 1581 1158 de
1607 1104 1770 1174 capite
1802 1119 1911 1158 meo
1941 1118 1960 1157 :

367 1194 679 1265 dignitatem
717 1194 1083 1265 spiritualem,
1113 1211 1275 1266 quam
1312 1196 1403 1252 dat
1432 1196 1711 1267 sapientia.
1746 1196 1813 1250 Et
1850 1196 1957 1251 dis-

366 1288 506 1357 rupit
532 1304 613 1342 me
636 1287 887 1359 undique,
917 1297 962 1342 et
990 1288 1109 1343 abii.
1137 1288 1327 1344 Omnia
1358 1290 1631 1357 tenebam,
1664 1299 1718 1346 et
1742 1292 1960 1347 abstulit

365 1378 454 1434 illa
495 1394 529 1433 a
573 1394 702 1435 me:
752 1379 1012 1436 adversus
1040 1380 1170 1436 illud
1212 1382 1352 1453 quod
1395 1392 1672 1453 acceperat
1709 1384 1957 1439 virtutem

366 1470 672 1528 continendi
703 1472 901 1539 omnia.
933 1471 1002 1526 Et
1024 1473 1302 1529 arbitratus
1327 1484 1398 1530 est
1426 1491 1502 1530 me
1525 1483 1764 1545 tanquam
1788 1476 1959 1529 inimi-

365 1582 501 1621 cum.
534 1565 625 1623 Sic
652 1581 738 1622 me
772 1566 1061 1637 judicavit,
1093 1569 1245 1638 quasi
1275 1570 1324 1624 ei
1361 1584 1642 1635 nocerem,
1690 1571 1736 1624 si
1770 1571 1819 1626 ei
1862 1576 1957 1640 par

365 1673 562 1717 essem.
590 1658 659 1713 Et
686 1659 1121 1714 circumdederunt
1147 1661 1528 1717 tabernaculum
1552 1664 1717 1717 meum
1746 1682 1759 1731 ;
1786 1668 1880 1719 c‘or
1904 1673 1957 1719 et

365 1751 768 1807 conscientiam.
799 1750 1009 1806 Fratres
1050 1752 1147 1807 mei
1193 1763 1542 1810 recesserunt:
1598 1756 1650 1810 in
1691 1769 1786 1825 spe
1832 1770 1956 1810 cor-

364 1842 652 1911 rectionis,
702 1843 826 1913 quia
866 1841 1062 1901 fratres
1106 1852 1272 1899 sunt:
1322 1846 1563 1916 quamvis
1615 1845 1788 1916 primo
1838 1862 1956 1901 cor-

365 1934 657 1990 rectionem
681 1948 857 1989 meam
882 1935 1152 2004 aspernati
1175 1934 1284 1991 siut
1309 1953 1323 2002 ;
1352 1946 1407 1992 et
1432 1952 1525 1993 eos
1552 1938 1721 1992 secuti
1742 1936 1831 2007 qui
1855 1937 1955 1992 sibi

364 2027 567 2094 aliena,
610 2027 714 2084 hoc
750 2037 832 2083 est
874 2027 1206 2100 perniciosa,
1237 2029 1540 2084 suaderent.
1574 2026 1643 2083 Et
1666 2030 1815 2083 amici
1858 2029 1955 2083 mei

362 2120 782 2176 immisericordes
793 2121 916 2192 facti
930 2131 1045 2176 sunt
1066 2138 1085 2177 :
1104 2123 1155 2177 in
1170 2122 1321 2177 malis
1342 2122 1720 2192 spiritualibus,
1745 2123 1833 2192 qui
1848 2134 1954 2178 non

364 2213 649 2269 condolent
692 2214 948 2285 proximis
987 2215 1134 2283 suis,
1182 2214 1276 2271 sed
1324 2216 1497 2286 potius
1544 2230 1637 2271 eos
1695 2216 1950 2282 irrident;

364 2322 499 2381 quos
529 2322 635 2362 non
680 2307 965 2363 irridet-ent
992 2307 1046 2363 in
1081 2308 1237 2365 malis
1279 2310 1583 2364 carnalibus
1613 2309 1948 2365 constitutos.

362 2394 434 2451 Et
460 2399 667 2454 scientes
697 2415 877 2453 nomen
922 2415 1087 2454 meum
1116 2398 1259 2454 obliti
1286 2400 1400 2455 sunt
1434 2398 1550 2455 me:
1590 2416 1694 2455 non
1736 2416 1824 2456 me
1862 2416 1954 2456 co-

360 2499 710 2560 gnoscentes,
757 2491 901 2561 quod
956 2501 1188 2548 mutatus
1228 2502 1366 2548 sum.
1425 2491 1587 2546 Vicini
1638 2494 1853 2560 domus,
1904 2504 1953 2548 et

361 2582 564 2637 ancillis
597 2596 762 2638 ntere:
802 2598 926 2639 cum
965 2585 1157 2655 quibus
1204 2595 1410 2641 secreta
1454 2586 1948 2654 communicabam;

358 2674 665 2731 addatores
686 2716 701 2742 ,
738 2675 830 2745 qui
860 2676 1117 2731 recedunt
1158 2677 1225 2732 ab
1254 2692 1320 2733 eo
1355 2678 1444 2748 qui
1482 2676 1767 2733 conﬁtetur
1797 2678 1906 2733 Deo
1932 2696 1946 2733 :

358 2765 465 2837 isi
492 2769 635 2824 enim
664 2762 915 2825 dicuntur
943 2770 1203 2824 ancillari.
1232 2768 1447 2825 Servum
1477 2778 1640 2824 meum
1669 2770 1840 2825 vocavi
1859 2812 1873 2837 ,
1902 2777 1950 2823 et

359 2874 462 2914 non
502 2862 806 2932 respondit:
842 2874 932 2916 aut
956 2876 1178 2932 corpus,
1222 2871 1316 2917 aut
1362 2874 1453 2919 eos
1494 2865 1583 2934 qui
1627 2865 1675 2917 ei
1717 2863 1783 2917 ad
1811 2863 1949 2917 mala

357 2951 677 3009 serviebant.
715 2952 786 3008 08
811 2966 973 3007 meum
995 2952 1358 3023 deprecabatur
1398 2956 1414 2986 ¹
1438 2997 1451 3019 ,
1478 2964 1525 3009 et
1545 2954 1785 3025 rogabam
1812 2972 1945 3009 uxo-

356 3057 466 3097 rem
492 3059 659 3097 meam
684 3059 703 3098 :
745 3054 993 3115 tanquam
1024 3040 1239 3109 dicens,
1283 3044 1453 3109 Quare
1477 3046 1632 3100 tristis
1662 3062 1713 3100 cs
1732 3088 1746 3111 ,
1777 3047 1946 3099 anima

356 3134 511 3188 utea?
544 3138 593 3189 et
636 3150 791 3205 quare
833 3134 1098 3189 conturbas
1133 3153 1209 3190 me
1238 3134 1407 3209 (Psal.
1447 3148 1563 3204 xu,
1592 3136 1717 3208 12)?
1748 3138 1799 3192 id
1840 3147 1942 3205 est,

355 3228 578 3297 capiens
600 3234 659 3282 ut
684 3228 735 3283 ei
760 3228 1081 3295 consentiat,
1111 3226 1349 3282 Inuocaui
1371 3228 1634 3283 blandiens
1660 3230 1793 3298 ﬁlios
1816 3231 1943 3284 uteri

356 3319 453 3372 mei
480 3334 501 3372 :
530 3334 663 3389 quos
690 3320 973 3390 genuerat,
1003 3320 1332 3389 persuadens
1362 3321 1440 3376 eis
1467 3336 1618 3391 spem
1647 3323 1849 3377 saeculi.
1875 3321 1943 3376 Et

355 3424 481 3482 quos
505 3408 816 3477 dilexerant,
847 3420 1269 3466 consurrexerunt
1293 3413 1347 3465 in
1373 3429 1489 3467 me:
1515 3414 1570 3467 in
1601 3414 1689 3469 illa‘
1719 3412 1843 3470 vita.
1873 3414 1943 3470 1η

356 3512 469 3556 cute
508 3512 920 3572 computruerunt
963 3518 1139 3559 carnes
1182 3520 1323 3559 ntere.
1368 3505 1573 3562 Amore
1611 3522 1794 3562 eorum
1824 3524 1943 3578 quae

355 3589 655 3648 forinsecus
685 3588 988 3649 sentiuntur
1011 3637 1025 3663 ,
1052 3606 1498 3665 computruerunt
1522 3598 1773 3653 interiora
1801 3612 1938 3653 mea.

354 3680 490 3739 Nam
519 3685 701 3754 utique
728 3686 846 3741 leve
868 3694 980 3754 est,
1011 3687 1058 3742 si
1085 3687 1151 3741 ad
1176 3688 1406 3743 litteram
1432 3689 1751 3759 accipiamus
1772 3732 1787 3755 ,
1820 3690 1943 3744 tan-

356 3790 517 3849 quam
553 3777 786 3834 scabiem
816 3780 1080 3835 habuerit.
1112 3778 1183 3835 Et
1207 3792 1325 3835 ossa
1350 3780 1458 3836 mea
1483 3784 1535 3836 in
1563 3774 1792 3838 dentibus
1823 3786 1945 3842 meis

355 3870 493 3925 sunt.
531 3868 783 3926 Firmitas
810 3880 865 3927 et
890 3872 1141 3927 fortitudo
1176 3888 1294 3928 mea
1327 3874 1377 3928 in
1408 3870 1587 3930 verbis
1613 3886 1727 3942 est,
1758 3892 1861 3932 non
1891 3878 1945 3933 in

352 3959 528 4016 factis.
565 3962 873 4017 Miseremini
910 3966 1039 4030 mei,
1067 3966 1370 4019 miseremini
1398 3968 1527 4033 mei,
1559 3983 1587 4020 ο
1614 3968 1782 4021 amici.
1832 3970 1942 4023 An-

352 4056 507 4126 gelos
532 4056 741 4111 videtur
780 4058 1054 4127 postulare
1073 4100 1087 4124 ,
1129 4066 1186 4112 ut
1224 4073 1320 4127 pro
1346 4074 1410 4113 eo
1439 4059 1823 4129 deprecentur,
1854 4072 1945 4116 aut

352 4156 501 4203 certe
546 4158 759 4203 sanctos
802 4159 860 4203 ut
887 4164 985 4219 pro
1024 4150 1315 4219 paenitente
1356 4160 1529 4206 orent.
1581 4152 1769 4207 Manus
1813 4156 1945 4208 enim

352 4236 564 4292 Domini
608 4248 680 4294 est
716 4256 829 4310 qua:
874 4241 1031 4311 tetigit
1075 4258 1170 4295 me.
1202 4241 1355 4296 Manu
1394 4243 1603 4298 Domini
1648 4250 1705 4299 se
1744 4244 1945 4303 tactum

354 4327 516 4396 dicit,
561 4340 618 4385 ut
659 4332 866 4387 doleret
906 4334 1098 4387 vulnus
1146 4349 1331 4402 suum,
1362 4337 1507 4406 quod
1546 4332 1661 4392 sine
1696 4354 1855 4394 sensu
1895 4340 1943 4395 ei

352 4422 470 4478 fuit.
501 4424 675 4489 Quare
702 4426 779 4479 me
812 4428 1192 4497 persequimini,‘
1217 4428 1346 4482 sicut
1397 4440 1443 4483 et
1479 4429 1771 4485 Dominus?
1795 4432 1944 4488 dete-

353 4518 877 4573 staminietliorretis
900 4521 1035 4574 sicut
1060 4520 1346 4588 Dominus;
1376 4522 1459 4576 vel
1484 4523 1790 4594 objurgatis,
1820 4542 1941 4580 cum

351 4608 462 4678 jam
501 4610 779 4664 conﬁtear.
828 4608 907 4664 De
931 4610 1167 4665 carnibus
1216 4614 1335 4667 meis
1383 4630 1483 4667 non
1521 4608 1795 4669 satiantini.
1825 4614 1943 4672 Non

353 4699 595 4769 gaudetis
614 4741 630 4765 ,
663 4700 707 4755 si
732 4702 1013 4756 carnaliter
1039 4703 1232 4757 vivam.
1267 4702 1400 4757 Stilo
1431 4704 1592 4773 ferreo
1620 4717 1664 4759 et
1690 4707 1894 4776 plumbo
1925 4724 1942 4761 :

354 4800 415 4846 ut
455 4793 904 4861 quemadmodum
947 4795 1089 4848 cedit
1131 4796 1406 4864 plumbum
1455 4798 1577 4851 stilo
1615 4797 1825 4864 ferreo,
1865 4800 1940 4856 sic

353 4884 549 4939 cedant
570 4878 907 4941 sermonibus
937 4888 1069 4943 meis
1093 4889 1256 4943 corda
1284 4888 1577 4943 hominum.
1606 4891 1703 4943 Aut
1724 4892 1776 4945 in
1803 4893 1942 4945 testi-

352 4972 579 5031 monium
604 4979 657 5031 in
686 4979 839 5049 petris
879 4980 1172 5051 sculpantur
1196 4995 1215 5034 :
1261 4990 1319 5034 ut
1359 4980 1432 5035 illi
1468 4997 1530 5036 ea
1569 4978 1801 5049 discant,
1852 4984 1940 5054 qui

354 5062 492 5123 ﬁrmi
547 5077 675 5125 sunt
731 5071 798 5125 ad
862 5068 1352 5143 evangelizandum.
1437 5073 1557 5130 Scio
1636 5077 1768 5130 enim
1821 5078 1941 5147 quia

352 5168 571 5215 οισι-ηαδ
618 5171 692 5216 est
752 5164 839 5235 qui
904 5181 983 5219 me
1050 5164 1360 5221 resolutu‘rus
1426 5176 1496 5221 est
1538 5184 1557 5223 :
1598 5170 1720 5240 quia
1769 5178 1942 5242 potest

351 5265 441 5308 me
479 5267 751 5323 reparare.
796 5255 1023 5322 Quorum
1056 5260 1145 5330 ego
1188 5260 1315 5313 milii
1358 5262 1589 5316 conscius
1618 5278 1775 5317 sum:
1818 5262 1940 5333 quia

351 5344 524 5399 merui
549 5344 657 5399 illa.
692 5346 820 5411 Quae
853 5346 1029 5402 oculus
1055 5365 1196 5403 meus
1226 5350 1382 5418 vidit,
1411 5360 1460 5406 et
1493 5364 1593 5407 non
1632 5352 1787 5409 alius.
1827 5354 1941 5410 Hoc

350 5442 435 5488 est
452 5474 467 5500 ,
499 5432 665 5489 Nemo
693 5437 785 5490 scit
813 5437 936 5506 quid
955 5426 1135 5508 agatur
1161 5426 1213 5492 in
1243 5438 1475 5508 homine,
1506 5442 1602 5496 nisi
1626 5444 1833 5512 spiritus
1855 5444 1942 5512 qui

350 5528 407 5582 in
429 5530 542 5599 ipso
580 5539 651 5585 est
678 5531 722 5605 (l
748 5530 865 5588 Cor.
896 5549 963 5600 ιι,
994 5534 1106 5604 Η).
1138 5533 1204 5587 Et
1244 5536 1412 5589 omnia
1441 5534 1563 5590 mihi
1596 5522 1941 5593 consummata

350 5630 467 5675 sunt
494 5623 548 5676 in
575 5623 690 5678 sinu
717 5635 736 5678 .‘
777 5626 829 5679 in
859 5625 1200 5680 interioribus
1226 5627 1315 5683 ubi
1344 5644 1501 5683 nemo
1525 5629 1704 5697 videt,
1730 5631 1782 5685 in
1807 5647 1938 5686 con—

351 5711 594 5767 scientia.
634 5704 793 5780 Quod
830 5716 874 5771 si
916 5722 965 5770 et
1009 5716 1270 5784 dixeritis,
1320 5719 1455 5785 Quid
1498 5710 1717 5775 dicemus
1765 5734 1939 5777 contra

351 5819 469 5859 eum
486 5806 513 5860 ?
534 5806 838 5864 Secundum
865 5808 1006 5880 quod
1029 5808 1228 5865 dictum
1254 5819 1337 5866 est
1364 5812 1522 5866 etiam
1554 5813 1936 5883 spiritualibus,

352 5891 631 5953 Intendens
659 5900 871 5970 teipsum
891 5943 905 5967 ,
938 5917 999 5954 ne
1035 5912 1081 5955 et
1107 5911 1161 5955 tu
1185 5903 1385 5958 teuteris
1414 5903 1607 5973 (Galat.
1641 5922 1723 5973 v1,
1756 5906 1829 5980 1).
1872 5907 1940 5963 Et

416 6011 436 6042 *
461 6010 603 6073 ωω,
628 6010 944 6074 deprecabar.
969 6020 1074 6067 Mss.
1090 6016 1232 6077 juxta
1252 6022 1384 6073 LXX.
1401 6014 1770 6079 deprecabatur.

1768 522 1968 578 LIBER
1997 520 2194 579 UNUS.

3555 540 3667 597 846

2068 640 2289 695 radicem
2309 644 2553 699 sermonis
2583 645 2884 702 inveniemus
2926 650 2979 703 in
3006 665 3064 704 eo
3085 666 3104 704 :
3134 659 3191 705 ut
3215 651 3282 707 de
3306 653 3471 722 ipsius
3495 656 3511 685 ¹
3532 669 3657 711 eum

2068 732 2463 790 convincamus.
2506 735 2600 790 Ira
2641 739 2774 792 enim
2817 757 2968 811 super
3006 742 3203 815 iniquos
3244 744 3422 798 veniet.
3451 746 3550 812 Qui
3592 762 3651 803 se

2066 823 2324 879 extollunt
2364 842 2525 899 super
2566 840 2904 901 peccatores,
2954 843 3007 888 et
3053 844 3239 905 putant
3280 851 3339 891 se
3376 838 3509 893 tales
3535 848 3655 895 eSSe

2066 928 2172 968 non
2202 931 2387 985 posse,
2421 920 2565 989 ipsos
2590 921 2715 976 dicit
2739 922 2968 992 iniquos.

2137 1006 2237 1081 [lb.
2266 1010 2381 1084 xx.]
2406 1011 2577 1067 Verba
2604 1012 2811 1083 Sopliar
2835 1015 3025 1069 Minari.
3064 1014 3185 1071 Non
3209 1018 3343 1073 enim
3375 1017 3652 1092 intelligitis

2066 1104 2228 1175 magis
2270 1122 2420 1175 quant
2458 1122 2569 1177 ego.
2606 1106 2685 1161 Ad
2719 1108 2850 1163 alios
2888 1124 2947 1164 se
2988 1112 3280 1177 convertit,
3320 1113 3555 1182 quicum
3584 1130 3651 1169 eo

2065 1192 2167 1250 Job
2189 1196 2618 1252 consolabantur.
2652 1197 3001 1253 Eruditionem
3038 1202 3349 1271 confusionis
3388 1218 3513 1259 mete
3552 1222 3646 1259 au-

2065 1286 2221 1341 diam.
2251 1288 2477 1360 Oblique
2512 1290 2621 1344 vult
2649 1298 2705 1345 ut
2729 1291 2828 1346 Job
2865 1292 3045 1347 audiat
3072 1293 3423 1350 eruditionem
3462 1297 3641 1352 confu-

2064 1380 2231 1435 sionis
2255 1397 2365 1436 suae
2390 1399 2403 1435 :
2436 1392 2562 1437 tunc
2592 1385 2732 1438 enim
2761 1394 2935 1455 potest
2973 1386 3131 1441 etiam
3162 1388 3406 1457 spiritum
3441 1392 3651 1460 sapien-

2065 1472 2151 1525 tiae
2179 1475 2452 1544 consequi.
2494 1475 2620 1530 Haec
2642 1486 2819 1530 autem
2849 1478 3046 1532 locutio
3086 1479 3341 1535 Solemnis
3369 1490 3482 1549 est,
3526 1498 3648 1537 cum

2063 1563 2290 1619 dicimus
2310 1609 2324 1633 ,
2356 1566 2560 1622 Bonum
2582 1575 2665 1622 est
2690 1568 2821 1622 mihi
2850 1579 2906 1622 ut
2928 1583 3144 1624 caveam
3161 1611 3175 1635 ,
3202 1585 3327 1624 nam
3352 1570 3493 1626 male
3517 1572 3648 1627 milii

2061 1658 2163 1713 erit
2186 1676 2200 1724 ;
2229 1675 2348 1714 cum
2370 1660 2615 1716 volumus
2638 1670 2695 1716 ut
2719 1662 2853 1717 alius
2876 1671 3078 1718 caveat.
3107 1661 3373 1733 Numquid
3397 1665 3504 1719 hac
3519 1665 3651 1720 nosti

2061 1768 2095 1805 a
2137 1753 2376 1808 saxulis?
2406 1755 2481 1809 Ex
2531 1770 2633 1825 quo
2671 1764 2795 1809 sunt
2838 1755 3063 1821 saecula,
3096 1756 3200 1811 scis
3244 1755 3377 1811 bmc.
3426 1756 3492 1810 Et
3534 1757 3649 1813 haec

2063 1851 2214 1912 putat
2242 1845 2380 1915 quod
2409 1846 2509 1901 Job
2538 1848 2741 1917 ignoret
2768 1852 3019 1917 tanquam
3046 1847 3257 1917 impius.
3295 1846 3487 1901 Oculus
3512 1847 3643 1903 vide-

2060 1933 2161 2001 bit,
2194 1944 2239 1988 et
2278 1954 2377 1990 non
2418 1937 2639 2006 adjiciat.
2681 1937 2797 1992 Non
2837 1941 2979 1993 enim
3018 1938 3304 1994 videbitur.
3349 1938 3513 1993 Filios
3538 1940 3649 2010 ejus

2060 2026 2319 2097 disperdat
2348 2028 2533 2098 impius
2556 2045 2574 2081 :
2604 2031 2714 2085 sive
2742 2031 3036 2086 imitatores
3065 2030 3181 2099 ejus
3202 2072 3217 2096 ,
3250 2032 3363 2086 sive
3397 2032 3648 2088 seductos

2059 2116 2127 2171 ab
2156 2133 2240 2173 eo.
2273 2117 2339 2172 Et
2378 2136 2555 2173 manus
2584 2123 2694 2190 ejus
2732 2122 3099 2175 succendantur
3128 2121 3384 2177 doloribus
3408 2138 3429 2175 :
3466 2124 3646 2192 operi-

2058 2210 2157 2264 bus
2187 2210 2303 2280 ejus
2342 2211 2664 2267 crucientur.
2696 2211 2826 2267 Ossa
2861 2213 2969 2282 ejus
2995 2212 3203 2282 impleta
3239 2222 3357 2266 sunt
3384 2215 3650 2285 juventute

2058 2304 2186 2373 ejus.
2232 2303 2479 2374 Superbit
2520 2305 2585 2360 de
2626 2305 2878 2359 ﬁrmitate
2916 2319 3033 2360 sua.
3074 2305 3359 2361 Abscondet
3397 2323 3511 2361 eant
3556 2309 3649 2362 sub

2058 2394 2233 2465 lingua
2261 2413 2369 2450 sua.
2406 2398 2519 2451 Non
2550 2398 2691 2452 illam
2719 2398 3107 2453 demonstrabit
3130 2408 3379 2470 tanquam
3405 2400 3641 2469 dolosus,

2058 2497 2115 2541 ut
2145 2488 2300 2543 tacite
2330 2488 2420 2542 illa
2461 2498 2655 2543 utatur.
2691 2488 2877 2545 Parcet
2920 2491 2999 2558 ei,
3032 2502 3077 2544 et
3104 2507 3204 2545 non
3224 2494 3468 2563 relinquet
3507 2510 3640 2547 eam.

2055 2577 2257 2633 Amans
2283 2594 2399 2633 eam
2416 2620 2430 2643 ,
2458 2588 2511 2635 et
2537 2581 2725 2636 nolens
2751 2596 2811 2635 ea
2842 2597 3052 2647 carere,
3078 2598 3183 2636 non
3206 2599 3322 2638 eam
3351 2599 3637 2655 perseque-

2056 2675 2180 2723 tur:
2221 2678 2339 2737 aut,
2372 2680 2553 2739 parcet
2586 2672 2635 2725 ei
2668 2672 2923 2725 Dominus
2944 2715 2959 2741 ,
2987 2679 3041 2727 et
3069 2673 3170 2728 hac
3195 2674 3510 2744 impunitate
3534 2691 3642 2731 non

2054 2776 2171 2817 eam
2200 2762 2478 2832 relinquet.
2512 2763 2578 2817 Et
2617 2766 2795 2818 tenebit
2836 2781 2947 2819 eam
2976 2767 3029 2818 in
3060 2766 3223 2819 medio
3263 2776 3467 2836 gutture
3504 2784 3597 2822 suo
3620 2785 3639 2824 :

2055 2865 2303 2925 tanquam
2325 2857 2467 2927 quod
2504 2873 2624 2912 eum
2656 2858 2901 2913 delectat.
2932 2858 2996 2911 Et
3027 2875 3125 2911 non
3158 2860 3337 2928 poterit
3374 2860 3636 2915 subvenire

2051 2951 2165 3005 sibi.
2198 2950 2311 3005 Non
2340 2951 2458 3005 ideo
2482 2964 2540 3006 se
2569 2951 2833 3007 liberabit.
2867 2950 2963 3005 Fel
2988 2951 3181 3022 aspidis
3206 2952 3257 3005 in
3293 2962 3464 3007 ventre
3488 2955 3597 3023 ejus
3623 2970 3644 3007 :

2052 3040 2107 3095 in
2134 3041 2471 3097 interioribus
2492 3085 2504 3105 ,
2536 3043 2588 3096 in
2632 3042 2853 3097 occultis
2880 3042 3082 3097 habens
3106 3044 3333 3098 nocendi
3362 3045 3638 3099 malitiam.

2050 3132 2256 3189 Divitiae
2291 3136 2460 3207 inique
2485 3146 2805 3206 congregatae
2841 3145 3126 3190 evomentur
3154 3153 3171 3191 :
3212 3146 3330 3192 cum
3376 3148 3642 3194 tormento

2050 3225 2361 3282 interiorum
2405 3236 2460 3282 et
2501 3240 2751 3297 pressura
2794 3228 2991 3283 cordis.
3044 3227 3117 3281 De
3165 3229 3314 3283 domo
3363 3232 3471 3300 eius
3520 3247 3640 3299 pro-

2050 3318 2211 3373 trahet
2238 3336 2351 3372 eum
2396 3320 2625 3390 angelus.
2672 3318 3126 3389 Quandocumque
3160 3319 3640 3377 manifestabuntur

2048 3410 2255 3465 occulta
2299 3410 2413 3480 ejus
2460 3425 2553 3480 per
2598 3410 2986 3464 tribulationes.
3038 3406 3105 3462 Et
3145 3410 3321 3479 furare
3361 3411 3640 3465 draconum

2049 3500 2260 3573 fulgebit
2285 3502 2307 3532 ³
2325 3516 2344 3555 :
2374 3510 2431 3555 ut
2457 3501 2546 3554 ille
2571 3500 2658 3570 qui
2687 3502 2859 3571 primo
2878 3500 3119 3554 occultus
3142 3499 3259 3567 fuit,
3289 3501 3639 3556 tribulationi-

2047 3590 2149 3646 bus
2194 3590 2460 3661 proditus,
2506 3589 2683 3645 furore
2722 3590 3013 3645 draconum
3052 3590 3249 3662 fulgeat
3278 3592 3387 3660 jam
3436 3586 3632 3662 palam.

2049 3681 2329 3751 Inter/iciat
2358 3684 2503 3736 illum
2533 3682 2706 3752 lingua
2732 3682 2945 3735 colubri.
2977 3681 3207 3736 Seducat
3227 3699 3349 3737 eum
3369 3683 3633 3740 diabolus.

2050 3773 2119 3828 Et
2148 3789 2245 3827 non
2270 3774 2433 3826 videat
2465 3773 2731 3826 mulctram
2773 3789 3009 3843 pecorum
3040 3789 3057 3826 :
3100 3773 3300 3828 fructus
3335 3776 3541 3840 ovium,
3585 3775 3639 3831 id

2049 3875 2163 3931 est,
2201 3865 2419 3933 justitite
2458 3878 2618 3933 opera
2662 3879 2768 3918 non
2797 3863 2986 3930 faciat,
3019 3872 3078 3917 ut
3116 3880 3175 3919 se
3214 3865 3337 3919 inde
3380 3866 3640 3937 intelligat

2050 3971 2208 4028 posse
2247 3956 2455 4012 redimi.
2510 3954 2685 4025 Neque
2723 3955 2912 4026 pabula
2956 3955 3120 4009 mellis
3156 3968 3202 4009 et
3238 3958 3445 4028 butyri:
3474 3973 3639 4027 opera

2050 4050 2188 4105 bona
2226 4064 2346 4102 cum
2378 4048 2644 4119 rcbaritate
2682 4056 2734 4101 et
2762 4048 3028 4103 hilaritate
3054 4049 3259 4116 cordis,
3309 4059 3361 4105 et
3396 4051 3637 4121 largitate

2049 4142 2355 4212 prmbentis.
2389 4140 2643 4209 Butyrum
2671 4138 2811 4192 enim
2838 4138 2920 4192 lac
2945 4139 3141 4209 pingue
3166 4148 3267 4193 est.
3298 4138 3365 4193 In
3388 4156 3574 4194 vanum
3595 4150 3640 4196 et

2051 4236 2241 4304 frustra
2267 4231 2546 4285 laboravit:
2583 4231 2703 4299 quia
2731 4246 2835 4283 non
2868 4230 3112 4298 intelligit
3140 4230 3255 4284 hmc
3292 4231 3359 4285 de
3389 4231 3473 4286 his
3507 4248 3638 4301 ope-

2049 4325 2246 4390 rando,
2280 4340 2398 4394 quae
2422 4323 2489 4378 ad
2518 4322 2937 4379 misericordiam
2966 4322 3249 4389 pertinent.
3278 4321 3431 4377 Unde
3454 4332 3509 4376 et
3530 4323 3638 4377 Do-

2050 4418 2225 4471 minus
2238 4417 2484 4487 butyrum
2501 4401 2555 4468 εἰ
2570 4413 2674 4467 mel
2693 4413 2885 4469 dicitur
2899 4412 3217 4467 manducare
3238 4411 3287 4483 (1
3293 4413 3389 4466 sai.
3408 4428 3501 4479 vn,
3519 4414 3634 4483 15),

2049 4511 2170 4580 quia
2191 4509 2306 4563 haec
2327 4508 2403 4562 illi
2422 4508 2471 4561 in
2492 4506 2781 4563 humilibus
2804 4508 2918 4573 ejus
2941 4506 3260 4574 prmbentur.
3290 4506 3416 4571 Quae
3432 4516 3639 4577 egerunt

2048 4612 2105 4657 ut
2132 4603 2315 4655 durum
2343 4601 2505 4670 quid:
2543 4599 2683 4669 quod
2713 4598 2893 4653 mandi
2927 4614 3031 4653 non
3060 4608 3261 4669 potest,
3304 4616 3404 4656 nec
3434 4601 3633 4671 glutiri.

2051 4694 2250 4747 Durum
2278 4691 2456 4746 nescio
2483 4690 2608 4761 quid
2636 4700 2753 4757 est,
2782 4699 2940 4759 puto,
2970 4690 3222 4761 iniquitas
3253 4692 3336 4746 vel
3362 4690 3635 4762 superbia.

2050 4782 2117 4839 In
2143 4782 2390 4837 desiderio
2418 4798 2508 4835 suo
2537 4797 2638 4833 non
2667 4780 2941 4834 salvabitur
2960 4798 2980 4835 :
3008 4782 3131 4851 quia
3157 4782 3335 4852 iniqua
3357 4782 3634 4840 desidera-

2048 4875 2141 4929 vit.
2172 4872 2294 4929 Non
2324 4881 2469 4927 erunt
2496 4872 2721 4943 reliquid:
2746 4872 2808 4927 de
2833 4873 2953 4927 cibis
2991 4874 3119 4945 ejus.
3153 4874 3501 4929 Transierunt
3538 4891 3633 4929 cu-

2047 4968 2294 5040 piditates
2320 4966 2455 5036 ejus.
2487 4965 2613 5020 Cum
2640 4966 2881 5036 putaverit
2910 4981 2964 5020 se
2986 4966 3231 5035 repletum
3254 4983 3378 5032 esse,
3409 4976 3634 5020 coarcta-

2048 5063 2199 5116 bitur.
2226 5060 2343 5115 Non
2375 5068 2483 5114 tam
2520 5059 2737 5115 satietas
2770 5069 2851 5114 est
2883 5058 2951 5114 de
3002 5056 3329 5129 plenitudine
3377 5056 3634 5128 cupidita-

2047 5162 2187 5217 tum,
2232 5167 2390 5222 quam
2436 5166 2705 5221 pressura.
2744 5149 2807 5206 Si
2844 5166 2943 5221 quo
2984 5149 3133 5205 modo
3170 5150 3378 5221 impleat
3416 5159 3634 5205 ventrem

2047 5262 2217 5300 suum.
2260 5244 2403 5299 Talis
2438 5243 2731 5299 necessitas
2772 5242 2822 5297 ei
2859 5242 3067 5307 veniet,
3110 5248 3170 5296 ut
3210 5240 3411 5297 dubitet
3456 5250 3633 5297 utrum

2047 5336 2267 5405 impleat
2294 5343 2533 5389 ventrem
2562 5348 2716 5387 suum
2736 5348 2752 5397 ;
2778 5347 2899 5387 cum
2920 5332 3099 5402 utique
3124 5331 3222 5385 ista
3250 5331 3370 5386 ideo
3391 5347 3634 5401 quaeran-

2048 5437 2168 5493 tur,
2219 5435 2277 5493 ut
2320 5427 2547 5497 pellatur
2587 5425 2895 5480 necessitas.
2928 5422 3050 5479 Hoc
3088 5432 3264 5478 autem
3306 5422 3469 5489 dixit,
3510 5426 3633 5493 quia

2051 5528 2199 5574 tanto
2243 5518 2363 5587 plus
2401 5517 2579 5587 cupit,
2629 5523 2828 5586 quanto
2876 5515 2992 5583 plus
3036 5514 3298 5570 habuerit.
3349 5512 3421 5568 Et
3447 5515 3635 5568 emittet

2048 5626 2201 5682 super
2229 5624 2338 5662 eum
2383 5607 2605 5676 furorem
2631 5606 2909 5675 iracundia:
2930 5621 2949 5660 :
2978 5606 3101 5685 quia
3138 5620 3245 5660 non
3284 5605 3415 5659 vidit
3454 5604 3632 5675 facere

2050 5716 2209 5771 opera
2254 5699 2412 5753 bona.
2470 5696 2699 5751 Vulnerat
2742 5714 2858 5750 eum
2910 5698 3091 5767 sagitta
3134 5712 3266 5751 terea
3290 5713 3309 5751 :
3354 5706 3633 5769 perpetua.

2112 5840 2129 5868 ι
2156 5843 2253 5896 Er.,
2272 5834 2402 5896 atde
2420 5831 2555 5896 ipsis.
2606 5839 2663 5880 tu.

2295 5895 2736 5967 aliqupt,furorem
2764 5906 2782 5967 ς
2807 5895 2897 5967 sed
2923 5907 3093 5967 omnes
3114 5896 3297 5967 habent
3333 5904 3517 5959 postea,
3541 5898 3643 5967 fuit

2048 5958 2172 6023 qebit
2193 5972 2209 6020 ;
2234 5957 2401 6021 sicque
2428 5957 2611 6020 legisse
2645 5957 2838 6023 videtur
2878 5959 3169 6021 Augustinus
3187 5994 3201 6021 ,
3226 5957 3344 6010 licet
3364 5974 3489 6009 nunc
3513 5957 3641 6023 apud

2049 6019 2162 6078 LXX
2183 6019 2440 6079 habeatur.
2457 6019 2594 6085 subat
2621 6032 2638 6070 :
2658 6020 2708 6071 in
2730 6019 3123 6105 Vulgata—saga.

2296 6144 2421 6157 «γονήν
