4110 6448
496 407 600 467 847

494 523 822 580 Pertranseat
865 530 1047 587 corpus
1090 514 1198 583 ejus
1220 509 1473 582 jaculum.
1522 507 1768 562 Penetret
1809 517 1930 559 eum
1957 513 2075 557 ten-

495 613 659 681 tatio,
691 619 751 667 ut
769 617 825 666 et
861 607 930 664 de
960 606 1044 661 his
1076 620 1194 675 qua:
1227 609 1438 672 sperat,
1466 596 1612 654 etde
1634 596 1718 652 his
1755 610 1876 667 qua:
1912 594 2077 649 relin-

447 698 451 704 ’
495 706 639 778 quit,
696 702 1031 766 uulneretur,
1087 706 1338 766 tauquam
1381 706 1413 746 a
1465 701 1679 762 pectore
1726 704 1822 759 per
1872 696 2079 758 tergum

458 850 461 853 Α
492 795 770 868 trajectus.
802 790 1035 862 Fulgura
1076 789 1131 841 in
1155 784 1491 841 tabernaculis
1525 784 1633 854 ejus
1655 797 1675 836 :
1716 789 1951 836 terrores
1995 794 2082 834 re-

496 886 700 960 pentini
726 885 780 939 in
820 878 1225 952 cogitationibus
1261 877 1395 947 ejus.
1438 872 1618 929 Ltedat
1644 872 1837 926 advena
1875 870 2081 923 domum

495 980 607 1053 ejus
625 994 646 1035 :
683 975 954 1041 diabolus,
985 973 1075 1044 qui
1105 969 1429 1026 adventitius
1455 974 1539 1023 est
1564 966 1632 1021 ad
1659 964 2003 1029 tentandum;
2036 963 2081 1017 si

494 1073 709 1147 quidem
735 1070 928 1126 habeat
954 1067 1116 1122 homo
1153 1065 1312 1120 etiam
1354 1061 1596 1133 proprias
1624 1059 1966 1115 tentatlones.
2010 1053 2081 1147 Et

494 1146 691 1236 detegat
727 1161 906 1217 caelum
934 1158 1221 1230 iniquitates
1262 1156 1369 1226 ejus
1396 1169 1416 1209 :
1445 1152 1666 1209 caeleste
1693 1150 1971 1221 judicium.
2014 1146 2082 1201 Et

497 1254 743 1331 possessio
762 1254 1006 1309 bonorum
1036 1251 1146 1322 ejus
1174 1249 1236 1304 ab
1257 1248 1489 1320 episcopo
1513 1246 1555 1298 ⁸.
1586 1243 1711 1299 Haec
1735 1242 1810 1297 illi
1831 1240 2084 1311 largietur

494 1353 657 1409 Deus.

574 1443 685 1519 [lb.
714 1439 864 1514 nn]
894 1438 1067 1495 Verba
1107 1435 1231 1493 Job.
1258 1433 1330 1488 Et
1358 1449 1460 1487 non
1486 1431 1550 1488 sit
1574 1429 1699 1484 mihi
1736 1445 1769 1482 a
1800 1427 1937 1482 vobis
1972 1426 2083 1519 lites

494 1517 773 1591 consolatio
813 1548 831 1586 :
867 1546 968 1602 qua
1015 1528 1210 1600 putatis
1240 1525 1395 1581 bonis
1434 1520 1811 1594 temporalibus
1849 1517 2084 1589 gauden-

494 1630 645 1698 dum,
675 1642 797 1684 cum
818 1623 1119 1680 communia
1150 1621 1256 1674 sint
1284 1618 1384 1689 piis
1408 1628 1464 1673 et
1488 1614 1700 1685 impiis;
1733 1621 1785 1668 et
1805 1612 1850 1667 si
1873 1608 2084 1681 quando

457 1672 466 1740 ς
493 1721 613 1792 quis
630 1672 851 1790 iniquus
878 1725 1054 1783 esset,
1088 1713 1211 1768 hinc
1250 1713 1299 1766 in
1328 1725 1450 1765 eum
1479 1706 1736 1763 vindicari
1775 1722 1787 1758 :
1820 1720 1941 1759 cum
1983 1701 2084 1757 Job

497 1813 640 1869 dicat
676 1826 842 1881 usque
879 1808 945 1863 ad
980 1805 1284 1876 sepulcrum
1312 1813 1623 1872 permanere
1662 1797 1800 1853 bona
1854 1796 1953 1849 ista
1994 1794 2086 1847 im-

497 1905 620 1975 piis,
646 1911 700 1958 et
733 1916 839 1955 non
866 1900 917 1954 in
943 1912 1037 1953 eos
1063 1911 1155 1967 per
1176 1909 1240 1951 ea
1276 1891 1552 1948 vindicari.
1585 1888 1720 1955 Quid
1748 1886 1916 1943 enim?
1940 1901 2087 1939 num-

495 1996 616 2068 quid
641 1995 864 2049 humana
890 2000 964 2047 est
983 1989 1243 2062 castigatio
1268 1986 1423 2041 mea?
1453 1986 1496 2039 A
1522 1985 1631 2039 Deo
1655 1990 1739 2039 est
1760 1981 1892 2038 mihi
1922 1980 2084 2036 casti-

495 2086 658 2158 gatio.
701 2084 883 2154 Itaque
909 2092 962 2136 et
1002 2082 1116 2150 ipse
1154 2086 1328 2150 potest
1354 2073 1651 2138 consolari,
1695 2087 1799 2127 non
1829 2087 1944 2128 vos.
1986 2069 2087 2124 Aut

495 2194 652 2249 quare
679 2194 782 2232 non
806 2175 1035 2231 irascar?
1056 2172 1232 2228 Nolite
1260 2185 1389 2241 ergo
1421 2183 1507 2223 me
1534 2168 1609 2222 ita
1631 2166 1894 2222 consolari
1919 2182 1931 2218 :
1965 2179 2087 2219 nam

496 2269 783 2339 impiorum
824 2268 1005 2336 utique
1043 2263 1351 2318 felicitatem
1394 2259 1567 2315 video.
1605 2257 1859 2329 Respicite
1883 2255 1951 2311 ad
1989 2272 2085 2320 me,

497 2371 546 2416 et
574 2359 896 2415 admiramini
922 2373 940 2410 :
970 2366 1220 2425 tanquam
1248 2353 1424 2407 inania
1450 2350 1738 2405 dicentem.
1767 2349 1830 2404 Si
1857 2349 1988 2402 enim
2010 2360 2091 2402 re-

496 2449 692 2515 corder,
723 2447 1005 2520 perturbor.
1031 2443 1377 2515 lndignitates
1407 2441 1656 2495 humana;
1684 2440 1830 2504 vitae,
1872 2437 2089 2493 rediens

496 2542 566 2598 ad
594 2541 842 2597 allectum
889 2536 1213 2608 praeteritum
1240 2537 1260 2566 ¹
1300 2533 1367 2588 ab
1407 2533 1509 2587 isto
1550 2532 1603 2586 in
1648 2547 1753 2602 quo
1791 2544 1932 2585 nunc
1970 2537 2088 2596 est,

496 2633 798 2689 conﬁtetur.
827 2630 895 2684 Et
928 2633 1158 2683 tenentur
1190 2641 1366 2680 carnes
1393 2638 1519 2679 mea:
1541 2622 1802 2681 doloribus
1826 2637 1844 2676 :
1867 2621 2093 2676 carnali-

498 2734 576 2782 ter
601 2725 780 2781 doleo.
816 2724 986 2789 Quare
1015 2720 1160 2790 impii
1185 2717 1396 2772 vivunt?
1425 2715 1628 2783 Quaerit
1654 2714 1723 2769 ab
1744 2715 1822 2769 eis
1842 2728 2056 2768 causam
2074 2751 2091 2780 ,

497 2817 620 2888 quia
645 2813 897 2871 dicebant
925 2812 1012 2866 hic
1054 2812 1106 2865 in
1134 2810 1328 2879 impios
1350 2807 1627 2862 vindicari.
1659 2804 1727 2859 Et
1768 2812 2090 2874 permanent,

497 2906 625 2962 sicut
664 2912 937 2969 uetustate,
974 2918 1088 2956 oves
1118 2916 1292 2954 eorum
1315 2913 1335 2952 :
1361 2913 1467 2969 quo
1504 2896 1663 2953 modo
1692 2905 1913 2965 possunt
1938 2904 2094 2951 vetu-

499 3005 638 3055 state
658 3008 1039 3068 perseverare;
1072 3005 1180 3046 non
1200 2990 1340 3045 enim
1368 2980 1578 3058 semper
1604 2995 1779 3042 erunt.
1809 2983 1974 3039 Erant
2000 3001 2096 3039 au-

502 3096 603 3143 tem
632 3087 687 3140 in
726 3084 956 3140 manibus
984 3098 1155 3138 eorum
1197 3081 1346 3135 bona.
1376 3078 1490 3134 Non
1522 3078 1642 3132 tulit
1675 3078 1755 3132 eis
1780 3077 1917 3132 bona
1948 3076 2092 3147 ipsa,

499 3193 627 3233 cum
657 3177 775 3232 haec
795 3176 1053 3232 dicerent.
1079 3172 1194 3227 Imo
1214 3187 1350 3239 vero,
1380 3169 1653 3240 impiorum
1679 3169 1881 3222 lucerna
1905 3168 2098 3222 exstin-

502 3279 685 3342 guetur
710 3285 730 3324 :
758 3268 973 3325 claritas
1001 3264 1329 3336 temporalis,
1356 3262 1565 3319 etiamsi
1602 3274 1709 3316 non
1738 3260 1875 3315 sicut
1902 3260 1990 3315 isti
2016 3259 2098 3314 iu-

501 3361 830 3434 telligebant.
855 3358 1110 3429 Deﬁciunt
1130 3356 1226 3427 filii
1250 3357 1358 3426 ejus
1381 3354 1511 3408 bona
1538 3353 1648 3424 ejus
1675 3368 1694 3407 :
1717 3352 1855 3408 bona
1875 3367 1994 3422 qua:
2019 3350 2098 3405 eis

501 3455 788 3528 persuasit,
818 3451 1130 3525 temporalia
1153 3449 1376 3516 scilicet,
1397 3456 1490 3502 aut
1509 3444 1843 3512 Antichristi,
1871 3451 1963 3498 aut
1985 3442 2100 3499 dia-

502 3546 632 3603 boli.
673 3544 890 3601 Videant
909 3544 1045 3599 oculi
1066 3542 1177 3614 ejus
1196 3556 1366 3595 necem
1390 3554 1556 3593 suam.
1583 3535 1859 3608 Signiﬁcat
1880 3543 1936 3591 et
1958 3534 2119 3591 hanc-

503 3637 912 3709 prOSperitatem
942 3632 1175 3704 ignorari
1224 3631 1293 3686 ab
1331 3629 1413 3684 his
1459 3628 1549 3699 qui
1593 3627 1695 3683 hac
1733 3626 2011 3697 gaudent:
2041 3626 2098 3680 in

503 3729 682 3785 futuro
713 3736 893 3783 autem
914 3724 981 3783 ad
1009 3737 1228 3780 sensum
1254 3721 1415 3777 etiam
1443 3718 1726 3791 impiorum
1753 3717 2094 3786 perducetur.

506 3820 641 3887 Quia
678 3820 822 3875 nulla
849 3819 1081 3874 uoluntas
1104 3799 1213 3889 ejus
1252 3815 1308 3868 in
1348 3814 1498 3868 domo
1525 3828 1621 3866 sua
1653 3820 1764 3881 post
1788 3826 1943 3866 eum:
1972 3810 2097 3881 quia

504 3914 559 3969 in
587 3911 915 3969 conscientia
952 3924 1048 3964 sua
1089 3908 1373 3964 Dominum
1413 3919 1520 3960 non
1561 3904 1833 3959 consecuti
1880 3910 2003 3958 sunt
2042 3902 2097 3957 in

507 4000 954 4061 tribulationibus.
982 4000 1124 4055 Licet
1146 4013 1384 4053 numerus
1403 3995 1650 4050 mensium
1673 3995 1783 4065 ejus
1805 3992 2098 4048 dimidiatus

506 4097 571 4151 sit
595 4112 614 4151 :
641 4094 881 4167 quamvis
924 4097 1244 4161 praesentem
1280 4088 1505 4145 coluerit
1534 4087 1700 4142 Deum
1720 4127 1735 4152 ,
1769 4095 1947 4141 tamen
1973 4086 2098 4156 quia

506 4203 613 4244 non
647 4195 702 4243 et
721 4184 899 4240 futura
925 4183 1177 4253 speravit,
1212 4179 1352 4251 quod
1380 4188 1460 4235 est
1487 4178 1675 4250 plenus
1704 4179 1965 4233 mensium
1993 4193 2095 4232 nu-

508 4292 710 4335 merus.
761 4276 885 4347 Ipse
917 4275 1049 4330 enim
1078 4272 1351 4328 homicidia
1380 4271 1602 4342 judicat.
1629 4271 1763 4338 Quia
1800 4270 1949 4340 impii
1973 4285 2094 4325 cum

509 4370 874 4442 persuaserint
918 4366 1245 4438 impietatem
1292 4379 1386 4434 per
1429 4361 1764 4418 dilectionem
1803 4362 2094 4417 carnalium

505 4464 872 4535 impietatum,
904 4460 1081 4517 futuro
1115 4459 1313 4515 saeculo
1354 4458 1532 4528 utique
1574 4457 1840 4513 occidunt.
1871 4456 1987 4512 Non
2015 4466 2096 4513 ta-

506 4572 631 4613 men
660 4555 783 4610 talia
804 4554 1087 4610 homicidia
1103 4553 1344 4623 judicant
1366 4551 1629 4619 homines,
1651 4551 1745 4606 sed
1765 4551 1912 4607 solus
1933 4550 2093 4608 Deus.

510 4645 615 4702 Hic
636 4646 880 4701 morietur
899 4647 952 4700 in
977 4646 1154 4700 robore
1176 4644 1513 4714 simplicitatis
1536 4659 1662 4698 suta.
1691 4643 1914 4699 Videtur
1936 4658 2096 4701 exse-

513 4741 607 4811 qui
644 4739 855 4795 oceulta
882 4738 1189 4805 homicidia,
1220 4752 1647 4793 commemorans
1675 4738 1875 4809 largum
1907 4754 2092 4807 unum,

510 4839 568 4889 et
588 4831 756 4887 alium
783 4845 1037 4898 avarum;
1069 4830 1190 4900 quia
1220 4829 1463 4885 homines
1490 4830 1841 4898 abundantes,
1881 4840 1936 4886 et
1964 4831 2097 4902 largi

514 4931 768 4994 putantur
792 4931 848 4979 et
870 4923 1016 4979 boni.
1044 4920 1292 4976 Intestina
1323 4921 1434 4991 ejus
1458 4921 1606 4992 plena
1635 4931 1753 4976 sunt
1777 4925 1926 4995 adipe
1949 4939 1967 4977 :
1995 4923 2094 4977 ha-

510 5015 600 5071 bet
622 5014 881 5070 lmtitiam.
907 5012 976 5068 Et
1000 5012 1223 5068 medulla
1243 5028 1417 5066 eorum
1439 5011 1742 5079 diffunditur
1769 5029 1788 5067 :
1817 5014 2097 5070 intestino-

509 5122 662 5172 rum;
690 5106 812 5178 quia
839 5121 943 5160 non
975 5111 1123 5160 tenet
1145 5103 1286 5158 intra
1318 5118 1377 5158 se
1408 5104 1543 5158 bona
1572 5119 1687 5169 sua,
1721 5105 1816 5159 sed
1839 5106 2097 5175 impendit

506 5198 598 5253 illa
624 5197 714 5254 vel
738 5198 794 5252 in
820 5212 901 5265 se,
923 5196 1008 5251 vel
1033 5196 1089 5250 in
1113 5195 1251 5251 aliis.
1274 5192 1458 5264 Itaque
1481 5196 1585 5249 scio
1606 5211 1691 5249 vos
1708 5197 1954 5251 audacter
1970 5198 2095 5252 mihi

507 5289 756 5344 insistere.
788 5287 908 5344 Non
939 5287 1083 5343 enim
1122 5284 1456 5341 considerate
1492 5284 1685 5340 dicitis.
1736 5285 1869 5350 Quia
1905 5287 2092 5358 dicitis,

515 5381 614 5437 Ubi
645 5388 717 5438 est
750 5381 930 5436 domus
960 5380 1241 5452 principis?
1275 5378 1361 5434 vel
1398 5379 1679 5449 impiorum
1718 5380 1802 5433 vel
1836 5381 2090 5451 superbi;

504 5475 628 5545 quia
652 5474 906 5545 putabant
927 5472 1011 5527 hic
1031 5473 1110 5528 eis
1134 5472 1328 5527 auferri
1348 5471 1507 5537 bona,
1529 5485 1651 5527 cum
1674 5470 1913 5542 plerique
1932 5473 2092 5528 etiam

567 5611 587 5682 ξ
611 5609 749 5671 aditi,
772 5608 832 5661 ab
847 5606 968 5674 ipso.
986 5614 1045 5659 At
1062 5612 1192 5669 Mss”
1215 5604 1277 5659 ab
1298 5602 1518 5673 episcopo
1539 5619 1556 5658 :
1575 5606 1715 5671 juxta
1731 5612 1858 5669 Lxx,
1879 5614 2095 5672 paratou

502 5683 837 5797 mw
859 5731 1078 5797 enectum
1104 5729 1427 5797 perterritum
1457 5740 1557 5797 Am-
1586 5738 1761 5797 etﬁro,
1783 5731 1849 5797 ad
1870 5732 2096 5797 «fleam

503 5791 831 5861 perterritum.
851 5791 1221 5915 ﬂammma
1241 5791 1555 5846 Floriaceusis
1570 5794 1722 5844 codex
1744 5791 1985 5856 habetfin
2001 5808 2095 5861 quo

503 5868 633 5914 Mc
652 5864 739 5915 est.
775 5868 886 5910 cum
904 5871 961 5909 co
1160 5886 1173 5906 .

1455 387 1989 449 ANNOTATIONUM
2030 384 2095 444 IN
2132 382 2271 451 JOB,
2311 382 2368 438 S.
2411 376 2776 439 AUGUSTINI

3677 380 3791 443 εω

2193 493 2332 565 pleni
2373 491 2456 546 his
2490 490 2651 545 vitam
2687 488 2921 545 ﬁnierint
2959 503 3054 560 per
3090 503 3155 545 ea
3194 489 3465 559 puniendi.
3498 489 3564 546 Et
3604 488 3689 546 ubi
3714 504 3791 548 est

2188 584 2414 640 velamen
2438 583 2492 637 in
2530 581 2867 636 tabernaculis
2890 581 3208 652 impiorum?
3246 580 3437 636 honor.
3465 579 3793 652 Interrogata

2186 693 2271 731 eos
2301 675 2386 746 qui
2420 682 2690 728 transeunt.
2712 690 2803 745 per
2830 673 2963 727 viam
2992 689 3010 726 :
3037 673 3129 744 qui
3171 688 3278 728 non
3322 672 3655 728 delectantur
3678 673 3791 739 via,

2187 768 2282 824 sed
2311 775 2589 823 transeunt
2607 781 2703 838 per
2723 782 2861 822 eam.
2888 766 2954 820 Et
2972 768 3119 840 signa
3142 785 3316 824 eorum
3335 785 3434 823 non
3457 768 3755 840 ignorabitis
3772 784 3792 823 :

2189 859 2271 914 vel
2303 858 2588 929 impiorum
2628 874 2749 928 quae
2791 858 2920 912 dant
2961 867 3300 916 transeuntes
3323 901 3336 925 ,
3382 860 3623 915 dicentes
3660 859 3793 929 quid

2189 953 2305 1007 cis‘
2334 952 2567 1007 futurum
2607 951 2707 1019 sit;
2752 952 2838 1007 vel
2882 967 2913 1007 a
2961 953 3153 1024 quibus
3184 963 3570 1025 cognoscantur
3615 952 3789 1022 impii.

2192 1043 2319 1110 Quis
2357 1043 2679 1098 annuntiabit
2719 1060 2891 1098 coram
2932 1060 2990 1099 eo
3030 1045 3164 1099 viam
3204 1046 3351 1117 ejus?
3389 1044 3580 1101 Coram
3624 1045 3794 1115 impio

2190 1140 2329 1194 viam
2355 1153 2504 1193 suam
2532 1153 2712 1201 nemo,
2741 1138 2841 1193 nisi
2868 1138 3125 1193 Dominus
3146 1139 3425 1194 annuntiat
3448 1138 3793 1203 ﬁducialiter,

2189 1229 2312 1302 quia
2338 1229 2453 1300 ipse
2494 1229 2543 1285 ei
2572 1229 2881 1299 respondet.
2924 1229 2993 1284 Et
3023 1240 3196 1285 tamen
3224 1238 3273 1285 et
3307 1231 3415 1301 ipse
3452 1230 3710 1284 Dominus
3736 1229 3794 1282 in

2188 1322 2488 1393 sepulcrum
2518 1320 2762 1375 deductus
2798 1329 2889 1374 est.
2940 1320 3016 1375 Ita
3054 1336 3261 1377 merces
3304 1322 3515 1392 pietatis
3552 1338 3661 1375 non
3701 1320 3793 1377 hic

2191 1412 2457 1484 speranda
2497 1422 2601 1468 est.
2649 1411 2720 1467 Et
2755 1430 2909 1484 super
2946 1430 3179 1469 acervum
3206 1415 3451 1487 vigilavit.
3481 1416 3618 1470 Ante
3643 1415 3794 1469 enim

2190 1503 2305 1574 ipse
2343 1504 2672 1570 resurrexit,
2709 1518 2867 1573 quam
2897 1518 3122 1560 acervus
3161 1512 3463 1575 resurgeret
3500 1519 3792 1575 resurgen-

2191 1595 2343 1650 tium.
2380 1593 2570 1649 Dulces
2608 1594 2815 1664 fuerunt
2842 1595 2889 1650 ei
2914 1595 3109 1667 lapides
3147 1596 3378 1650 torrentis
3408 1610 3427 1650 :
3454 1611 3590 1667 quos
3621 1610 3797 1651 siccu-

2192 1687 2299 1740 lum
2331 1700 2439 1740 non
2462 1686 2741 1753 subvertit,
2775 1686 2823 1739 id
2847 1694 2929 1741 est
2955 1686 3248 1756 discipulos
3272 1702 3419 1742 suos.
3449 1686 3520 1740 Et
3546 1696 3657 1756 post
3671 1683 3796 1742 eum

2191 1781 2355 1836 omnis
2389 1780 2537 1835 homo
2580 1781 2825 1851 sequitur,
2869 1789 2916 1835 et
2937 1790 3053 1835 ante
3081 1797 3193 1835 eum
3232 1780 3638 1835 innumerabiles.
3686 1781 3799 1836 Aut

2194 1880 2304 1944 post
2322 1890 2436 1928 eum
2456 1873 2619 1927 omnis
2645 1874 2815 1939 homo,
2848 1872 2899 1927 id
2931 1881 3030 1937 est,
3055 1888 3192 1927 unus
3221 1873 3383 1928 homo
3412 1890 3425 1926 :
3455 1882 3501 1926 et
3527 1882 3644 1928 ante
3676 1890 3799 1927 eum

2192 1962 2597 2031 innumerabiles,
2617 1963 2858 2035 quinunc
2889 1964 2940 2018 iu
2970 1979 3192 2019 numero
3212 1963 3487 2018 hominum
3504 1963 3743 2033 deputati
3773 1964 3796 1995 ³

2192 2069 2335 2115 sunt.
2387 2060 2492 2114 Aut
2528 2067 2647 2129 post
2691 2073 2813 2114 eum
2851 2057 3005 2113 turba
3033 2058 3384 2123 credentium,
3416 2066 3472 2113 et
3515 2065 3639 2113 ante
3665 2072 3796 2112 eum

2193 2151 2516 2206 Patriarclue
2537 2159 2591 2206 et
2617 2149 2918 2219 Prophetas.
2949 2149 3214 2215 Quomodo
3231 2166 3347 2220 ergo
3361 2150 3692 2205 consolamini
3713 2165 3800 2205 me

2193 2242 2452 2296 inaniter?
2472 2241 2754 2311 priesentia
2784 2241 2923 2296 bona
2946 2241 3030 2296 vel
3058 2242 3196 2296 mala
3222 2242 3524 2297 suadentes.

2271 2333 2386 2408 [lb.
2414 2331 2574 2406 χιιι]
2599 2332 2773 2388 Verba
2790 2332 3007 2403 Eliphaz
3027 2332 3376 2389 Themauitis.
3405 2331 3590 2387 Nonne
3618 2329 3801 2387 Domi-

2196 2441 2290 2478 nus
2314 2432 2384 2478 est
2407 2424 2495 2488 qui
2521 2432 2666 2478 aocet
2684 2440 2885 2479 sensum
2905 2432 2953 2478 et
2976 2423 3275 2478 scientiam?
3294 2422 3453 2491 Quasi
3481 2423 3676 2479 dixerit
3697 2422 3802 2480 Job

2199 2532 2456 2590 nonﬂeum
2485 2524 2631 2572 recte
2647 2515 2922 2586 judicare;
2952 2531 3074 2573 cum
3107 2518 3286 2587 utique
3310 2516 3631 2587 reprehendi
3656 2518 3803 2573 Deus

2198 2622 2302 2663 non
2334 2605 2536 2677 possit,
2566 2606 2667 2661 nisi
2704 2622 2801 2677 per
2835 2607 3271 2677 intelligentiam,
3295 2622 3397 2677 qua
3425 2611 3669 2677 superior
3692 2618 3800 2673 est,

2198 2699 2462 2771 siquidem
2488 2699 2556 2754 ab
2591 2699 2707 2769 ipso
2733 2698 2889 2754 detur
2918 2698 3141 2754 homini.
3180 2698 3249 2754 Et
3277 2700 3433 2754 veniet
3458 2709 3621 2753 tecum
3647 2700 3701 2753 in
3711 2699 3803 2770 jn-

2200 2793 2432 2847 dicium?
2474 2799 2535 2846 ut
2576 2790 2905 2860 compareris
2949 2791 3021 2847 ei.
3063 2790 3258 2846 Lumen
3302 2801 3446 2846 tuum
3481 2792 3535 2845 in
3575 2795 3805 2847 tenebras

2202 2899 2500 2938 conversum
2520 2893 2593 2937 est
2611 2898 2630 2937 :
2649 2882 2899 2953 dignitas.
2926 2880 2992 2935 Et
3010 2882 3336 2937 dormientem
3356 2894 3403 2937 te
3420 2900 3554 2954 aqua
3571 2882 3803 2951 operuit:

2201 2991 2449 3031 securum
2478 2974 2754 3029 inundatio
2783 2974 3160 3029 tribulationis.
3189 2975 3269 3028 An
3300 2992 3389 3045 per
3413 2976 3645 3029 nebulam
3665 2974 3805 3047 diju-

2199 3067 2372 3122 dicat?
2395 3066 2547 3138 quasi
2573 3082 2669 3136 per
2697 3066 2943 3122 nebulam
2963 3066 3145 3122 videre
3173 3081 3277 3122 non
3302 3068 3488 3137 possit.
3518 3066 3693 3122 Nubes
3720 3066 3804 3123 Ια-
3859 3077 3865 3083 ·

2204 3158 2417 3212 tibulum
2438 3158 2566 3229 ejus,
2600 3167 2646 3211 et
2664 3173 2765 3211 non
2790 3156 3051 3212 videbitur.
3080 3157 3271 3213 Latent
3291 3173 3411 3212 eum
3439 3173 3558 3228 qua:
3583 3158 3635 3213 in
3663 3168 3806 3218 terra

2202 3257 2346 3303 sunt.
2381 3248 2449 3301 Et
2484 3249 2727 3302 ambitum
2750 3248 2865 3303 coeli
2894 3250 3139 3318 percurrit
3163 3265 3182 3304 :
3206 3249 3449 3320 ﬁguram,
3479 3264 3588 3306 non
3611 3260 3667 3306 et
3691 3260 3804 3306 ter-

2207 3353 2346 3393 ram.
2381 3339 2586 3412 Ergone
2609 3341 2838 3394 semitam
2856 3339 3031 3395 steculi
3059 3340 3281 3395 custodis
3302 3341 3326 3393 ?
3345 3340 3504 3408 Quasi
3531 3341 3632 3398 Job
3653 3349 3806 3412 puta-

2206 3430 2325 3484 rita
2355 3431 2464 3486 Deo
2488 3444 2577 3486 res
2602 3429 2860 3485 humanas
2885 3445 2991 3485 non
3017 3431 3214 3485 curari.
3244 3429 3378 3496 Quia
3402 3432 3538 3500 capti
3565 3442 3683 3486 sunt
3706 3432 3805 3486 int-

2204 3524 2392 3577 maturi
2415 3538 2435 3578 :
2462 3522 2756 3579 secundum
2785 3538 2845 3578 se
2872 3523 3158 3578 immaturi.
3190 3523 3455 3580 Putabant
3476 3524 3623 3580 enim
3655 3538 3717 3581 se
3747 3525 3802 3581 in

2210 3625 2526 3686 perpetuum
2554 3630 2953 3686 permansuros.
2994 3617 3101 3670 Aut
3129 3624 3275 3672 certe
3300 3624 3583 3687 antequam
3608 3631 3803 3688 perve-

2205 3706 2388 3761 nirent
2421 3705 2489 3761 ad
2525 3706 2839 3775 sapientiam
2873 3723 2886 3760 :
2918 3705 3015 3762 sed
3039 3706 3161 3776 quia
3207 3705 3310 3762 hoc
3350 3707 3627 3763 audierant
3647 3749 3664 3774 ,
3694 3722 3803 3764 non

2204 3801 2325 3869 quia
2353 3800 2452 3855 ista
2481 3798 2783 3854 sentiebant
2822 3798 2908 3853 isti
2934 3780 3093 3855 amici
3125 3798 3246 3854 Iob.
3283 3797 3351 3853 Et
3388 3800 3624 3870 cogitatio
3657 3799 3804 3871 impii

2204 3889 2352 3959 longe
2375 3898 2448 3944 est
2473 3888 2537 3942 ab
2560 3905 2639 3952 eo,
2670 3898 2717 3943 et
2740 3888 2913 3959 implet
2938 3889 3112 3943 domos
3134 3905 3307 3943 eorum
3333 3890 3495 3944 bonis.
3528 3890 3624 3945 Est
3640 3891 3804 3962 longe

2203 3980 2270 4035 ab
2299 3995 2364 4035 eo
2391 3979 2643 4050 cogitatio
2682 3979 2866 4050 impii,
2898 3981 3020 4050 quia
3047 3997 3152 4035 non
3189 3982 3265 4036 sic
3290 3980 3415 4035 facit
3439 3983 3578 4037 sicut
3618 3992 3803 4053 sperat

2202 4069 2437 4139 impius;
2474 4069 2527 4125 id
2550 4078 2661 4132 est,
2689 4079 2781 4125 aut
2823 4071 2943 4140 quia
2978 4071 3147 4140 placet
3187 4072 3234 4126 ei
3264 4072 3538 4142 impietas,
3568 4081 3660 4128 aut
3690 4089 3801 4131 non

2201 4161 2346 4217 videt
2397 4177 2536 4217 eam.
2593 4160 2829 4216 Videntes
2866 4162 3109 4233 justiores
3150 4172 3293 4217 erunt
3339 4179 3359 4217 .'
3398 4164 3797 4236 intelligentes;

2203 4251 2446 4321 quamvis
2472 4251 2561 4307 isti
2589 4266 2697 4307 non
2722 4252 3097 4319 intellexerint,
3124 4261 3372 4324 putantes
3411 4256 3535 4327 quia
3563 4256 3649 4314 hic
3676 4256 3804 4313 red-

2203 4343 2343 4397 ditur
2367 4344 2563 4414 impiis.
2606 4343 2673 4397 Et
2704 4343 3026 4416 inculpabilis
3054 4346 3379 4402 subsannabit
3414 4364 3500 4404 eos
3531 4364 3552 4403 .'
3580 4348 3798 4420 impios.

2206 4432 2330 4487 Esto
2356 4434 2533 4501 durus,
2576 4436 2620 4489 si
2640 4437 2936 4490 sustinueris
2964 4439 3158 4507 patiens
3181 4455 3200 4493 :
3227 4439 3331 4496 hoc
3357 4448 3458 4505 est,
3483 4441 3636 4496 dura.
3661 4441 3801 4497 Pro-

2203 4526 2288 4580 cul
2313 4527 2469 4597 facies
2498 4528 2813 4598 iniquitatem
2846 4545 2877 4580 a
2914 4527 3360 4586 tabernaculo‘tuo
3388 4548 3407 4587 :
3427 4533 3798 4597 conversatio-

2208 4636 2329 4675 nem
2367 4621 2450 4676 vel
2499 4621 2661 4675 vitam
2700 4629 2885 4690 tuam;
2934 4624 3178 4693 quamvis
3211 4623 3327 4680 haec
3370 4626 3455 4682 isti
3509 4627 3802 4682 carnaliter

2202 4712 2399 4768 dicant.
2429 4711 2501 4768 Et
2524 4730 2713 4784 ponens
2723 4714 3017 4787 illuasuper
3035 4733 3266 4788 aggerem
3292 4718 3346 4772 in
3366 4728 3593 4791 petram:
3608 4719 3800 4776 adver-

2205 4817 2296 4857 sus
2318 4803 2369 4859 id
2391 4804 2531 4874 quod
2548 4804 2700 4869 dixit,
2720 4804 2940 4860 Flumen
2960 4806 3226 4862 decurrens
3248 4807 3580 4880 fundamenta
3596 4826 3796 4864 eorum.

2206 4893 2338 4960 Quia
2364 4896 2646 4949 humiliavit
2672 4897 2990 4967 semetipsum
3015 4913 3036 4953 :
3064 4898 3238 4969 ipsum
3282 4902 3482 4955 lumen.
3513 4896 3584 4955 Et
3612 4901 3797 4970 dices,

2204 4984 2385 5041 Elatus
2426 4996 2497 5041 est
2547 4987 2600 5040 in
2644 4988 2930 5058 superbiam
2964 5004 2986 5043 :
3030 4989 3286 5045 adversus
3328 4993 3605 5062 superbos.
3657 4991 3802 5049 Erue

2200 5075 2533 5144 innocentem,
2578 5087 2622 5132 et
2663 5079 2936 5134 salvaberis
2982 5082 3232 5136 munditia
3277 5100 3518 5138 manuum
3567 5093 3797 5140 tuarum.

2202 5166 2321 5221 Noli
2350 5166 2577 5223 deﬁcere
2605 5168 2657 5223 in
2696 5169 2849 5226 bonis
2877 5171 3161 5241 operibus,
3201 5173 3322 5245 quia
3345 5185 3495 5230 curat
3520 5176 3662 5231 Deus
3690 5175 3799 5231 hu-

2204 5273 2381 5313 mana.

2273 5345 2392 5420 [lb.
2413 5345 2590 5420 mlh]
2618 5347 2788 5404 Verba
2809 5347 2928 5405 Job.
2958 5348 3027 5404 Et
3053 5353 3252 5420 quidem
3278 5372 3380 5408 seio
3404 5372 3525 5427 quia
3554 5357 3618 5409 de
3640 5372 3803 5413 utaut

2200 5456 2313 5495 mea
2339 5451 2411 5496 est
2445 5441 2722 5513 increpatio
2749 5458 2767 5496 :
2790 5441 2858 5499 de
2896 5446 3126 5513 peccatis
3166 5447 3318 5502 meis.
3357 5446 3426 5501 Et
3463 5464 3643 5503 manu
3679 5464 3798 5504 mea

2200 5533 2366 5603 gravis
2387 5534 2523 5603 facta
2560 5541 2631 5587 est
2654 5549 2804 5603 super
2826 5534 3064 5605 gemitum
3090 5551 3274 5592 meum.
3306 5536 3432 5594 Ideo
3458 5552 3547 5595 me
3569 5554 3796 5610 percus-

2201 5623 2316 5677 sisti
2338 5623 2380 5689 ⁸,
2429 5633 2486 5678 ιιι
2510 5622 2738 5679 doleam.
2757 5620 2837 5678 Et
2869 5626 3036 5681 venire
3060 5642 3216 5697 usque
3239 5631 3307 5683 ad
3338 5630 3523 5686 saliunt
3553 5632 3685 5703 ejus.
3719 5629 3796 5690 υι

2264 5735 2281 5800 ξ
2306 5735 2378 5785 sic
2394 5739 2469 5783 Er.
2493 5734 2761 5800 Lugd.\'en.
2788 5741 2850 5800 ln‘
2876 5742 2945 5800 3.,
2962 5748 3026 5789 et.
3045 5744 3101 5789 tl.

2263 5797 2284 5827 ²
2306 5801 2412 5845 Mss.
2439 5795 2865 5854 tres,‘deimtandi.

2264 5858 2284 5888 ³
2306 5858 2378 5907 Sic
2400 5866 2505 5908 Mss.
2525 5864 2582 5909 At
2600 5858 2734 5919 editi,
2760 5858 3078 5921 percussistis.

3558 6438 3620 6444 *‘—-
3696 6436 3769 6444 ’_--t
3830 6438 3896 6446 *———
3966 6430 4106 6446 ~__r\t
