4110 6460
367 395 475 455 8ι9

367 510 468 566 sim
497 518 603 566 tam
640 516 853 565 sanctus
875 549 892 577 ,
923 517 982 565 ut
1012 509 1317 580 perveniam
1343 508 1409 565 ad
1434 522 1619 565 eorum
1646 521 1925 562 numerum
1948 549 1965 575 ,

368 603 457 674 qui
486 604 642 659 sedes
667 605 784 672 ejus
816 612 960 658 sunt.
1000 603 1147 657 Tunc
1175 603 1315 657 enim
1358 616 1573 671 possum
1605 600 1782 655 dicere
1818 614 1963 667 vera,

368 704 419 750 et
440 694 625 749 audire
654 712 665 747 :
700 694 838 748 unde
865 704 917 747 ct
946 695 1064 748 εαξΙί
1087 694 1335 748 dicuntur
1361 693 1548 747 sancti.
1575 689 1641 744 Et
1671 706 1969 761 cognoscam

366 784 681 839 causationes
706 801 831 854 quas
856 784 1083 857 loquetur
1107 785 1232 837 mihi
1253 800 1272 838 :
1294 781 1621 839 redditiones
1645 796 1924 836 causarum
1949 822 1964 849 ,

366 878 560 949 quibus
586 892 644 932 se
664 879 841 930 omnia
862 877 1005 946 juste
1024 876 1263 947 judicare
1287 876 1633 930 demonstrat.
1670 873 1733 927 Et
1757 873 1969 928 sentiam

368 987 481 1043 qua:
523 972 790 1024 annuntiat
834 970 957 1023 milii
985 986 1004 1023 :
1030 969 1137 1038 jam
1178 968 1451 1038 proximus
1493 969 1560 1020 ei.
1602 968 1680 1020 Au
1721 968 1773 1020 in
1806 964 1968 1019 multa

364 1066 552 1118 virtute
576 1062 938 1134 dijudicabitur
966 1079 1155 1115 mecum
1186 1077 1204 1116 :
1235 1072 1291 1115 ut
1316 1077 1411 1131 per
1442 1061 1729 1130 potentiam
1754 1059 1968 1113 resistat

364 1156 538 1211 mihi?
562 1155 927 1224 Nequaquam.
960 1154 1148 1207 Tamen
1176 1154 1229 1207 in
1253 1164 1442 1207 terrore
1463 1169 1565 1206 non
1588 1152 1821 1205 abutatur
1849 1167 1926 1204 me
1947 1166 1966 1204 :

362 1255 585 1316 prOptcr
614 1255 832 1315 peccata
862 1261 980 1300 mea
1006 1288 1019 1311 ,
1054 1262 1148 1315 pro
1189 1245 1379 1313 quibus
1412 1245 1574 1299 timeo
1602 1243 1760 1298 modo
1780 1284 1794 1309 ,
1842 1258 1965 1296 cum

362 1354 477 1393 sum
523 1338 573 1392 in
622 1346 859 1402 terrore,
905 1354 1011 1392 non
1046 1337 1294 1392 abutatur
1336 1352 1441 1391 me.
1484 1336 1731 1391 Caeterum
1755 1352 1869 1389 cum
1898 1335 1967 1389 ad

360 1447 474 1484 eum
500 1445 678 1482 venero
708 1445 726 1482 :
758 1430 809 1483 in
835 1429 921 1482 illa
953 1430 1193 1483 libertate
1218 1444 1319 1498 qua
1346 1443 1445 1499 ego
1463 1427 1856 1482 annumerabor
1877 1441 1967 1480 so-

361 1525 433 1578 lio
455 1524 591 1591 ejus,
616 1524 792 1577 omnia
819 1524 1026 1587 aniabo,
1050 1532 1102 1577 ct
1122 1538 1226 1577 non
1249 1522 1377 1577 mihi
1400 1522 1613 1577 resistet
1634 1521 1800 1575 virtus
1822 1520 1960 1589 ejus;

324 1615 335 1661 ῖ
360 1616 602 1684 quamvis
632 1615 790 1669 modo
816 1616 985 1685 possit
1010 1631 1095 1670 me
1131 1616 1298 1682 abuti,
1344 1624 1524 1685 utpote
1554 1622 1833 1684 peccatore
1863 1632 1877 1669 :
1910 1613 1962 1668 id

357 1717 477 1772 est,
509 1708 665 1761 faciat
702 1708 767 1762 de
797 1723 883 1762 me
927 1708 1067 1778 quod
1096 1709 1241 1773 vult,
1280 1709 1439 1763 etiam
1471 1724 1589 1761 cum
1631 1722 1786 1775 poena
1820 1722 1958 1772 mea,

356 1800 500 1867 juste
544 1808 741 1853 tamen.
801 1799 995 1853 Veritas
1034 1800 1165 1853 enim
1195 1809 1241 1853 et
1281 1800 1557 1867 increpatio
1586 1808 1659 1853 est
1686 1800 1747 1852 ab
1778 1815 1833 1852 eo
1861 1814 1878 1852 :
1907 1797 1961 1852 id

359 1900 478 1959 est,
521 1906 625 1945 non
664 1892 857 1961 injuste
904 1892 1162 1961 increpat.
1201 1892 1382 1946 Educit
1428 1894 1477 1944 in
1520 1894 1671 1961 ﬁnem
1705 1892 1960 1963 judicium

357 2000 539 2037 meum.
577 1983 748 2036 Etiam
788 1984 830 2037 si
868 1983 1026 2037 modo
1067 1985 1310 2053 corripit,
1342 1993 1524 2052 postea
1574 1982 1953 2036 manifestabit.

363 2073 503 2126 Nam
531 2075 576 2126 si
603 2075 796 2144 primus
822 2073 1164 2141 ambulavero,
1198 2083 1370 2143 postea
1397 2090 1498 2127 non
1520 2090 1626 2126 ero.
1656 2072 1770 2126 Non
1803 2086 1956 2125 arro-

357 2176 547 2234 ganter
567 2179 799 2234 sperem,
824 2182 928 2218 non
953 2165 1237 2220 inﬁdeliter
1256 2165 1538 2234 desperem
1562 2181 1574 2216 :
1598 2163 1701 2217 hoc
1722 2172 1823 2227 est,
1850 2178 1954 2217 non

352 2257 627 2312 declinare
653 2258 840 2313 dextra
866 2268 957 2312 aut
982 2258 1215 2313 sinistra.
1244 2258 1371 2313 Inde
1397 2267 1498 2324 cst,
1524 2258 1583 2312 Si
1611 2257 1881 2310 ascendere
1902 2256 1954 2309 in

351 2350 551 2416 caelum,
579 2358 633 2403 tu
658 2350 727 2403 ibi
754 2367 803 2403 es
829 2349 998 2425 (Ρδαι.
1030 2366 1283 2417 cxxxvui,
1305 2350 1395 2421 8).
1426 2348 1555 2415 Quis
1594 2364 1680 2402 me
1709 2346 1832 2401 inde
1864 2362 1956 2416 po-

350 2452 455 2498 test
482 2444 715 2513 pellere?
741 2455 845 2498 etc.
873 2445 917 2496 A
944 2444 1068 2498 lwva
1099 2444 1220 2514 quid
1242 2452 1376 2514 aget,
1422 2460 1524 2497 non
1550 2440 1952 2512 apprehendam.

351 2533 639 2603 Superiora
672 2535 884 2604 repetit.
918 2536 963 2589 A
994 2536 1123 2589 laeva
1152 2543 1329 2589 autem
1373 2534 1497 2589 dicit
1533 2549 1637 2588 non
1667 2548 1725 2587 se
1758 2548 1952 2602 appre-

354 2626 643 2681 hensurum
675 2627 909 2681 deditum
932 2628 1332 2696 temporalibus.
1352 2625 1676 2682 Convertetur
1696 2628 1763 2681 ad
1784 2627 1955 2682 dexte-

349 2734 479 2781 ram,
510 2729 555 2770 et
587 2735 685 2772 non
714 2719 907 2773 videbo.
942 2720 1065 2773 Ideo
1095 2735 1198 2774 non
1225 2719 1400 2774 debeo
1426 2735 1545 2773 esse
1571 2735 1599 2772 a
1630 2720 1782 2774 laeva.
1815 2719 1951 2773 Con-

351 2820 571 2864 vertetur
617 2822 794 2866 autem
835 2812 1008 2879 dixit,
1042 2813 1162 2881 quia
1195 2813 1308 2881 ipse
1350 2812 1402 2865 in
1434 2812 1796 2882 spiritualibus
1831 2822 1912 2867 est
1935 2854 1949 2878 ,

349 2903 491 2958 unde
519 2920 620 2974 ego
648 2920 734 2959 ine
758 2914 966 2972 averto,
1010 2906 1057 2961 si
1098 2921 1127 2959 a
1174 2905 1302 2959 laeva
1344 2905 1514 2960 fuero.
1559 2904 1665 2960 Scit
1691 2907 1798 2975 ipse
1821 2908 1954 2959 viam

351 3014 512 3050 meam
549 3014 567 3051 :
613 3007 668 3051 ut
699 2998 907 3053 etiamsi
938 3014 1032 3069 per
1062 2998 1427 3053 tribulationes
1472 3014 1556 3053 me
1586 2998 1825 3066 duxerit,
1869 3014 1954 3054 se-

355 3107 507 3162 quar.
557 3093 797 3146 Probavit
834 3110 914 3146 me
947 3094 1073 3147 sicut
1103 3110 1285 3147 aurum
1313 3110 1331 3147 :
1361 3095 1412 3147 in
1458 3093 1884 3148 tribulationibus
1909 3094 1947 3146 ⁸.

353 3184 606 3256 Egrediar
641 3188 692 3240 in
722 3189 985 3258 praeceptis
1027 3189 1153 3258 ejus.
1198 3188 1273 3242 De
1318 3188 1551 3242 tenebris
1580 3190 1711 3243 meis
1737 3204 1947 3254 exeam,

358 3276 452 3330 sed
487 3286 661 3331 tamen
694 3278 745 3330 in
788 3278 1070 3347 praeceptis
1099 3279 1234 3346 ejus.
1273 3277 1335 3333 Si
1369 3288 1535 3331 autem
1572 3280 1679 3349 ipse
1697 3280 1951 3350 judicavit

350 3366 419 3418 sic
442 3383 461 3419 :
485 3376 542 3420 ut
584 3382 677 3435 per
720 3368 1086 3423 tribulationes
1130 3384 1212 3421 me
1244 3378 1491 3439 tanquam
1521 3386 1706 3424 aurum
1739 3373 1945 3441 probet.

352 3456 633 3529 Propterea
662 3460 730 3513 ad
755 3478 869 3513 eum
899 3462 1132 3532 festinaui
1162 3478 1181 3515 :
1216 3461 1337 3531 quia
1376 3477 1462 3517 me
1487 3462 1786 3530 tribulavit,
1828 3464 1949 3520 ideo

348 3550 551 3604 relictis
582 3553 963 3621 temporalibus
991 3553 1056 3606 ad
1083 3569 1203 3608 eum
1232 3552 1495 3609 festinavi.
1527 3553 1593 3608 Et
1618 3558 1949 3611 commonitus

345 3638 591 3694 sollicitus
620 3643 697 3712 fui
735 3648 798 3697 de
827 3659 884 3696 eo
922 3660 940 3697 :
979 3652 1038 3697 ut
1085 3644 1164 3698 bis
1203 3646 1374 3713 poenis
1408 3646 1709 3700 carnalibus
1748 3656 1945 3704 aeterna

347 3733 601 3801 supplicia
656 3733 971 3790 dcvitarem.
1026 3734 1228 3791 Idcirco
1283 3755 1314 3790 α
1356 3739 1486 3809 facie
1534 3740 1641 3808 ejus
1688 3740 1941 3796 turbabor.

346 3823 503 3878 Modo
525 3825 801 3893 turbabor,
831 3835 891 3881 ut
911 3842 1126 3883 caveam
1148 3830 1385 3899 cogitans
1407 3830 1637 3885 futurum
1661 3831 1942 3904 judicium,

348 3920 435 3974 ubi
478 3922 578 3975 erit
623 3921 738 3991 ejus
779 3924 1152 3979 manifestatio.
1206 3924 1273 3979 Et
1316 3926 1564 3982 Dominus
1606 3930 1817 3984 mollivit
1860 3948 1947 3985 cor

345 4026 528 4064 meum.
564 4012 633 4066 Et
659 4013 828 4082 ipsum
854 4015 1061 4082 timere,
1086 4031 1191 4085 quo
1219 4027 1369 4071 cavet
1391 4017 1593 4073 futuras
1620 4035 1825 4089 poenas,
1853 4022 1946 4075 mi-

346 4104 654 4159 sericordia:
691 4106 782 4160 Dei
811 4106 1046 4175 deputat.
1090 4108 1202 4162 Non
1235 4111 1375 4163 enim
1410 4110 1571 4164 sciret
1595 4124 1944 4180 superventu-

344 4211 432 4250 ras
458 4213 645 4266 pinnas
692 4209 746 4253 et
777 4200 1025 4255 tenebras
1065 4202 1218 4255 malis
1241 4243 1256 4268 ,
1297 4203 1395 4256 nisi
1427 4204 1681 4259 Dominus
1713 4207 1943 4263 molliret

344 4302 438 4342 cor
464 4290 578 4359 ejus
620 4293 972 4360 praesentibus
1009 4295 1437 4351 tribulationibus
1465 4315 1480 4352 :
1508 4299 1763 4355 adversus
1790 4300 1934 4367 illud,

347 4383 488 4452 quod
522 4384 734 4439 indurat
756 4386 898 4441 Deus
921 4401 1014 4441 cor
1044 4388 1335 4444 Pharaonis
1361 4393 1378 4460 (
1400 4390 1567 4445 Exod.
1598 4409 1690 4458 vii,
1718 4391 1803 4465 5).

416 4472 524 4546 [1b.
559 4474 729 4549 xxrv.]
768 4476 938 4541 Quare
982 4477 1257 4533 Dominum
1308 4498 1407 4535 non
1453 4483 1705 4537 latuerunt
1746 4484 1885 4537 [torte
1920 4500 1941 4539 :

343 4566 700 4631 Quamobrem
726 4608 739 4631 ,
785 4569 907 4635 vel,
962 4569 1161 4639 Itaque.
1203 4570 1384 4625 Finem
1430 4573 1726 4643 trrmsgressi
1771 4584 1940 4630 sunt:

342 4655 635 4712 Christum.
670 4658 737 4713 Et
778 4660 1147 4715 inclinaverunt
1193 4680 1436 4732 pauperes
1482 4681 1513 4716 a
1552 4665 1630 4716 via
1663 4666 1850 4736 justa:
1882 4674 1940 4721 ut

340 4749 425 4803 vel
457 4750 794 4806 imitarentur
822 4766 943 4817 eos,
980 4754 1060 4807 vel
1088 4754 1211 4809 inde
1256 4754 1641 4810 arbitrarentur
1674 4771 1780 4811 non
1818 4772 1938 4813 esse

340 4840 577 4896 divinum
604 4843 1035 4915 judicium,~quia
1070 4848 1378 4917 impunitam
1409 4848 1657 4903 videbant
1679 4852 1935 4908 malitiam

338 4948 441 5001 qua
464 4932 543 4987 eis
564 4937 826 4990 nocebant
852 4937 1208 5007 relinquentes
1230 4939 1508 5007 justitiam.
1539 4940 1708 4996 Simul
1726 4942 1937 4998 abscon-

339 5025 433 5077 diti
461 5036 580 5080 sunt
606 5029 747 5082 mites
777 5037 925 5083 terra:
953 5047 971 5084 :
997 5046 1115 5084 cum
1152 5030 1230 5084 his
1259 5032 1348 5101 qui
1377 5032 1778 5089 declinaverunt
1800 5037 1932 5091 avia

331 5116 475 5187 justa
502 5161 515 5181 ,
553 5120 848 5175 absconditi
890 5130 1014 5176 sunt
1055 5123 1245 5190 mites,
1290 5138 1356 5177 ne
1386 5123 1516 5177 mihi
1548 5124 1751 5180 ferrent
1784 5128 1933 5183 auxi-

337 5211 488 5265 lium.
537 5212 665 5265 Nam
720 5214 821 5268 tria
861 5223 984 5269 sunt
1027 5230 1224 5285 genera
1262 5215 1535 5271 hominum
1567 5218 1621 5270 in
1650 5217 1927 5287 Ecclesia,

333 5317 456 5356 cum
502 5303 561 5358 tit
601 5306 900 5373 persecutio
944 5324 957 5360 :
1000 5307 1087 5361 alii
1129 5307 1269 5362 enim
1316 5308 1689 5371 consentiunt,
1723 5310 1811 5364 alii
1844 5308 1929 5365 fu-

332 5394 504 5463 giunt,
537 5396 625 5449 alii
659 5398 949 5465 patiuntur,
982 5414 1207 5468 quorum
1233 5414 1514 5468 personam
1554 5401 1781 5455 sustinet
1804 5401 1925 5457 Job.

333 5485 400 5539 Et
430 5488 690 5544 irruerunt
714 5492 844 5545 asini
873 5492 970 5563 feri
998 5492 1049 5545 in
1079 5509 1201 5562 agro
1222 5509 1371 5561 super
1391 5510 1486 5546 me.
1519 5493 1675 5548 Stulti
1703 5501 1757 5548 et
1778 5492 1928 5547 indo-

332 5580 469 5647 miti,
499 5590 554 5636 et
582 5583 649 5635 ob
681 5584 783 5638 hoc
806 5584 1043 5653 superbi,
1073 5585 1339 5639 irruerunt
1368 5598 1531 5654 super
1556 5600 1640 5638 me
1660 5584 1926 5640 conﬁten-

332 5683 463 5740 tem,
507 5675 709 5730 scilicet
738 5675 1055 5730 Ecclesiam.
1096 5676 1162 5729 Et
1189 5687 1422 5732 exeuntes
1464 5677 1532 5730 ad
1576 5694 1705 5747 opus
1748 5694 1921 5733 suum.

329 5764 441 5820 Hoc
472 5766 615 5822 enim
639 5781 772 5836 opus
796 5778 880 5822 est
910 5783 1111 5824 eorum.
1146 5769 1272 5824 utin
1301 5785 1386 5826 me
1406 5770 1632 5838 irruant,
1656 5768 1710 5825 id
1729 5777 1831 5839 est,
1855 5771 1923 5827 ad

388 5880 407 5912 ⁸
432 5885 540 5929 ιω.
562 5887 684 5937 tres,
726 5879 1071 5931 lentatiortibus.

1791 390 1992 449 LIBER
2033 393 2233 453 UNUS.

3553 416 3659 473 350

2079 508 2179 565 hoc
2208 510 2445 582 deputati
2480 524 2604 571 sunt
2634 530 2666 573 a
2694 516 2824 573 Deo.
2853 517 3037 575 Suavis
3064 525 3229 591 factus
3267 534 3340 577 est
3365 526 3412 580 ei
3442 531 3590 598 panis
3614 532 3665 585 in

2077 604 2430 661 adolescentes.
2458 606 2628 679 lmpio
2644 619 2697 666 et
2712 615 3036 681 persecutori
3058 630 3273 674 suavem
3294 634 3487 692 panem
3513 624 3659 692 dicit,

2077 694 2129 749 id
2177 706 2257 751 est
2304 701 2748 768 persecutionem,
2790 720 2891 774 qua
2937 706 3164 763 libenter
3211 710 3500 780 fruebatur,
3543 730 3665 773 cum

2076 801 2192 841 eam
2222 787 2420 844 faceret
2456 791 2881 851 adolescentibus
2916 816 2928 851 :
2963 808 3019 851 ut
3056 800 3420 859 adolescentes
3449 815 3537 860 aut
3571 824 3667 876 pro

2074 883 2401 937 amatoribus
2430 884 2757 954 voluptatum
2798 890 3119 960 accipiamus
3141 934 3154 958 ,
3187 894 3309 964 quia
3356 896 3455 965 ipsi
3510 897 3665 956 facile

2075 972 2269 1027 talibus
2297 976 2667 1041 consentiunt;
2701 989 2792 1033 aut
2815 996 2909 1049 pro
2930 982 3009 1037 eis
3038 985 3127 1053 qui
3156 993 3362 1041 tantum
3388 987 3440 1042 in
3472 989 3665 1046 Eccle-

2074 1061 2150 1117 sia
2198 1064 2575 1135 profecerunt,
2622 1077 2679 1123 ut
2727 1072 2963 1140 pueritia:
3005 1076 3218 1145 quidem
3268 1079 3665 1150 simplicitatem

2075 1158 2416 1225 transierint,
2450 1160 2543 1214 sed
2571 1161 2804 1216 nondum
2836 1167 3174 1234 pervenerint
3220 1169 3284 1223 ad
3331 1173 3493 1226 robur
3533 1174 3665 1230 illud

2073 1247 2246 1312 virile,
2274 1264 2381 1319 quo
2410 1251 2569 1305 etiam
2596 1264 2906 1321 persecutor
2929 1261 3308 1315 contemnitur.
3340 1264 3535 1331 Agrum
3551 1274 3668 1322 ante

2073 1345 2266 1407 tempus
2294 1356 2393 1393 non
2419 1357 2567 1395 suum
2596 1344 2991 1401 demessuerunt.
3024 1349 3131 1404 Aut
3156 1366 3349 1419 genera
3377 1354 3505 1409 dicit
3540 1372 3665 1426 per-

2072 1430 2434 1499 secutionum,
2482 1442 2541 1487 ut
2579 1435 2807 1505 aliquem
2850 1440 2963 1507 agri
2999 1439 3193 1495 damno
3236 1452 3498 1500 terrerent
3530 1465 3541 1499 :
3575 1457 3666 1505 aut

2069 1537 2168 1593 pro
2194 1538 2320 1593 agro
2347 1525 2586 1581 Ecclesia
2614 1527 2952 1598 intelligenda
2975 1574 2989 1600 ,
3035 1549 3191 1603 quam
3222 1545 3345 1592 ante
3385 1541 3663 1595 maturita-

2071 1622 2178 1669 tem
2207 1618 2663 1684 persecutionibus
2704 1630 2905 1676 metere
2931 1624 3234 1693 voluerunt,
3268 1629 3315 1681 id
3358 1638 3460 1695 est,
3508 1644 3663 1688 ante-

2067 1721 2227 1775 quam
2254 1709 2410 1763 simul
2437 1710 2637 1766 zizania
2663 1724 2986 1781 crescerent,
3024 1725 3080 1770 ut
3110 1727 3348 1789 tempore
3371 1723 3559 1777 messis
3586 1740 3665 1779 se-

2068 1808 2378 1865 pararentur
2399 1800 2609 1875 (Matth.
2634 1820 2752 1871 xui,
2770 1805 2862 1873 29,
2881 1807 2995 1878 50).
3024 1808 3100 1861 De
3124 1811 3392 1867 stillicidiis
3418 1817 3660 1869 montium

2065 1893 2347 1946 madescent
2371 1910 2389 1947 :
2417 1895 2786 1966 confugientes
2821 1900 2950 1955 nudi
2974 1902 3040 1955 ad
3081 1904 3383 1971 speluncas,
3416 1907 3503 1961 ubi
3533 1924 3658 1962 saxa

2063 1981 2337 2038 distillant.
2382 1987 2683 2056 Rapuerunt
2722 1990 2784 2043 ab
2811 1991 2956 2046 ubere
2980 1996 3248 2063 pupillum.
3282 1998 3471 2068 Pupilli
3500 2013 3552 2055 et
3580 2004 3658 2055 vi-

2063 2074 2181 2128 dum
2207 2076 2521 2149 plerumque
2555 2096 2620 2135 ex
2652 2098 2881 2151 persona
2914 2085 3170 2142 Ecclesiae
3206 2090 3499 2160 accipiendi
3534 2113 3547 2148 :
3579 2106 3661 2151 est

2062 2166 2288 2235 populus
2313 2170 2413 2224 sub
2442 2179 2729 2227 tormento.
2764 2174 2829 2228 Et
2862 2192 2975 2229 eum
3000 2179 3088 2249 qui
3116 2180 3383 2249 ceciderat,
3416 2185 3658 2238 humilia-

2060 2270 2235 2313 verunt
2266 2276 2283 2315 :
2312 2262 2581 2319 desertum
2614 2266 2699 2321 vel
2741 2269 2939 2323 auxilio
2968 2270 3083 2338 Dei,
3121 2272 3199 2326 vel
3221 2272 3477 2345 alicujus;
3511 2279 3654 2347 quod

2060 2360 2142 2406 est
2168 2369 2375 2423 magna:
2402 2359 2638 2425 saevitiae,
2676 2375 2779 2415 non
2807 2362 2998 2417 talibus
3040 2380 3277 2433 parcere.
3315 2366 3381 2422 In
3412 2373 3656 2441 angustiis

2057 2444 2286 2500 insidiati
2311 2459 2425 2502 sunt
2444 2450 2613 2521 inique
2644 2468 2661 2506 :
2683 2454 2733 2506 in
2762 2458 3186 2513 necessitatibus.
3216 2459 3292 2514 De
3308 2463 3505 2518 civitate
3524 2475 3569 2519 et
3590 2467 3651 2522 de

2059 2537 2288 2592 domibus
2321 2541 2667 2611 ejiciebantur.
2720 2546 2801 2599 Ab
2838 2546 2916 2601 eis
2940 2547 3288 2616 ejiciebantur
3324 2555 3431 2609 alii.
3469 2557 3653 2612 Anima

2058 2643 2170 2681 vero
2190 2630 2518 2699 parvulorum
2542 2632 2595 2685 in
2620 2635 2805 2702 gemitu
2830 2635 2976 2691 valde
3003 2655 3022 2692 :
3045 2638 3157 2694 fuit.
3184 2640 3305 2711 Ipse
3332 2655 3496 2699 autem
3516 2646 3654 2704 Deus

2058 2735 2226 2773 eorum
2254 2738 2429 2777 curam
2456 2741 2557 2778 non
2576 2725 2747 2781 habuit
2770 2744 2789 2782 :
2812 2728 3114 2800 impiorum,
3140 2735 3259 2803 quia
3286 2738 3445 2809 modo
3469 2755 3652 2797 curam

2057 2826 2244 2866 eorum
2276 2829 2380 2869 non
2425 2816 2704 2884 habendo,
2751 2819 2878 2876 fecit
2904 2838 2996 2877 eos
3043 2824 3328 2894 desperare
3357 2829 3424 2884 de
3448 2831 3653 2899 judicio

2060 2904 2191 2969 Dei;
2218 2908 2337 2976 quia
2370 2909 2587 2979 impune
2613 2913 2749 2967 mala
2776 2913 3061 2971 faciebant.
3099 2917 3169 2972 Et
3193 2921 3305 2975 ideo
3334 2924 3384 2976 in
3425 2930 3653 2983 tenebras

2058 2997 2232 3050 traditi
2255 3010 2369 3053 sunt
2392 3017 2411 3055 :
2436 3001 2750 3072 ignorantia:
2767 3006 2948 3077 iudicii
2981 3010 3096 3065 Dei.
3126 3010 3193 3065 Et
3220 3026 3423 3083 repente
3448 3028 3503 3071 ut
3520 3023 3609 3087 fur
3630 3037 3651 3076 :

2058 3105 2149 3145 eos
2178 3094 2458 3162 occupabit
2486 3097 2598 3152 dies
2637 3099 2745 3154 ille.
2783 3098 2978 3156 Oculus
3014 3104 3230 3159 adulteri
3257 3108 3480 3164 observat
3511 3121 3650 3168 tene-

2056 3182 2190 3236 bras.
2221 3185 2517 3243 Ostendere
2544 3191 2654 3245 vult
2680 3191 2734 3245 in
2756 3208 2889 3262 quas
2923 3196 3172 3252 tenebras
3199 3200 3479 3258 tradantur
3503 3206 3650 3275 impii

2057 3290 2152 3345 per
2196 3277 2565 3346 impunitatem
2598 3301 2610 3337 :
2643 3300 2749 3339 non
2787 3287 2931 3341 enim
2970 3303 3061 3343 eas
3090 3306 3222 3359 quas
3251 3303 3468 3364 captant
3493 3297 3649 3354 adul-

2054 3367 2154 3420 teri
2179 3409 2192 3432 ,
2222 3380 2277 3424 et
2301 3373 2478 3426 caueri
2501 3374 2589 3442 qui
2614 3375 2753 3430 male
2780 3376 2979 3432 faciunt
3006 3394 3102 3449 per
3134 3392 3363 3451 noctem,
3397 3404 3464 3442 ne
3483 3403 3650 3459 agno-

2052 3468 2272 3514 scantur
2300 3478 2395 3531 per
2434 3464 2607 3532 diem;
2638 3468 2732 3523 sed
2774 3470 2889 3525 illas
2918 3488 3037 3541 quae
3063 3475 3222 3530 etiam
3254 3481 3440 3535 mane‘
3486 3498 3649 3553 super

2052 3565 2146 3607 eos
2173 3564 2316 3609 sunt.
2361 3556 2588 3624 Su/fodit
2616 3561 2671 3614 in
2695 3562 2908 3618 tenebris
2942 3564 3137 3622 domos.
3195 3570 3312 3625 Alia
3345 3575 3479 3629 mala
3509 3575 3647 3634 facta

2051 3655 2453 3701 commemorat.
2492 3648 2593 3704 Per
2621 3651 2753 3706 diem
2789 3654 3173 3727 obsignaverunt
3196 3666 3525 3736 semetipsos:
3554 3685 3647 3726 oc-

2050 3736 2402 3793 cultaverunt.
2430 3741 2550 3796 Non
2570 3758 2904 3814 cognoverunt
2922 3748 3101 3817 lucem,
3120 3754 3240 3822 quia
3266 3756 3423 3812 simul
3439 3759 3511 3814 eis
3535 3778 3645 3816 ma-

2049 3830 2169 3885 net'
2198 3832 2377 3886 umbra
2402 3840 2580 3890 mortis
2606 3854 2626 3891 :
2657 3854 2761 3893 non
2790 3842 2913 3910 quia
2940 3858 3048 3899 nox
3078 3850 3319 3917 recessit,
3360 3864 3643 3924 propterea

2048 3936 2142 3977 eos
2189 3923 2427 3981 deseruit
2457 3930 2642 3984 umbra
2688 3935 2895 3990 mortis.
2942 3937 3087 3993 Levis
3135 3951 3205 3996 est
3256 3961 3407 4016 super
3460 3923 3644 4017 faciem

2046 4029 2192 4082 aqua:
2214 4032 2235 4070 :
2282 4017 2349 4071 ad
2392 4023 2845 4090 comparationem
2879 4036 3053 4095 terrm,
3086 4032 3475 4102 splendidiores
3503 4042 3643 4096 acci-

2048 4104 2225 4172 piendi
2254 4119 2397 4176 sunt,
2441 4128 2576 4181 quos
2610 4102 2698 4168 lux
2728 4128 2971 4185 penetrat
3010 4130 3063 4175 et
3088 4122 3262 4195 imago
3289 4127 3555 4196 levitatis;
3587 4142 3643 4188 et

2045 4194 2165 4250 ideo
2213 4199 2344 4255 levis
2388 4211 2469 4256 est
2512 4219 2674 4274 super
2712 4222 2807 4261 eos
2834 4210 3020 4265 umbra
3052 4194 3258 4271 mortis.
3287 4217 3418 4272 Nam
3449 4228 3504 4274 et
3532 4194 3636 4290 ipsi

2046 4296 2260 4354 portant
2289 4305 2406 4345 eam
2439 4309 2532 4362 per
2556 4296 2919 4354 conditionem
2960 4305 3158 4359 carnis.
3210 4306 3335 4376 Vel,
3384 4308 3532 4365 Levis
3561 4322 3637 4369 est

2042 4390 2195 4446 super
2226 4381 2405 4450 faciem
2435 4400 2580 4455 aqua:
2620 4386 2790 4453 dixit,
2834 4404 2995 4459 super
3023 4408 3114 4448 eos
3151 4397 3239 4465 qui
3281 4398 3331 4452 in
3364 4399 3639 4470 Baptismo

2043 4470 2383 4526 conlitentur.
2411 4473 2750 4530 Maledicatur
2774 4498 2893 4549 pars
2917 4498 3088 4537 eorum
3108 4503 3259 4557 super
3279 4498 3483 4546 terram.
3507 4492 3633 4550 Ste-

2042 4561 2142 4616 rile
2173 4563 2241 4617 sit
2269 4565 2410 4634 quod
2455 4567 2784 4639 delegerunt.
2813 4572 2891 4627 De
2914 4575 3029 4628 sinu
3052 4578 3185 4632 enim
3211 4582 3518 4652 pupillorum
3546 4603 3638 4642 ra-

2042 4666 2259 4724 puerunt
2278 4673 2296 4711 :
2317 4658 2383 4714 de
2397 4661 2557 4716 corde
2578 4662 2907 4721 inﬁrmorum
2922 4669 3165 4739 verbum,
3190 4688 3285 4743 per
3306 4677 3498 4733 malam
3511 4695 3636 4737 sua-

2041 4746 2265 4803 sionem.
2290 4749 2488 4807 Deinde
2510 4768 2895 4813 rememoratum
2925 4771 2999 4815 est
3024 4773 3284 4833 peccatum
3308 4769 3417 4839 ejus
3443 4787 3462 4825 :
3489 4772 3637 4842 quod

2040 4841 2255 4908 putabat
2281 4843 2334 4898 in
2364 4845 2686 4902 oblivionem
2711 4852 2911 4907 venire.
2956 4854 3254 4911 Conteratur
3279 4860 3408 4914 sicut
3433 4841 3630 4933 lignum

2039 4931 2316 4990 insanabile
2342 4938 2505 4992 omnis
2528 4939 2732 5012 iniquus
2748 4958 2768 4997 .'
2789 4944 2929 5014 quod
2957 4962 3061 5002 non
3077 4959 3228 5004 sanat
3245 4950 3285 5003 ³.
3308 4931 3485 5007 Sterili
3496 4957 3630 5011 enim

2036 5041 2137 5079 non
2175 5028 2294 5097 fecit
2335 5027 2499 5086 bene:
2542 5047 2663 5102 quae
2699 5034 2816 5091 sine
2854 5039 3220 5095 consolatione
3260 5042 3486 5100 ﬁliorum
3528 5058 3632 5103 est.

2036 5116 2353 5190 Consurgens
2401 5139 2517 5194 ergo
2565 5141 2667 5179 non
2710 5128 2867 5181 credit
2904 5139 3078 5183 contra
3120 5132 3273 5185 vitam
3312 5150 3455 5189 suam
3480 5153 3501 5190 ,ο
3521 5153 3630 5195 non

2034 5209 2203 5265 credit
2242 5213 2498 5269 adversus
2546 5218 2709 5271 vitam
2758 5234 2944 5285 suam;
2994 5222 3176 5277 debuit
3214 5225 3357 5279 enim
3406 5230 3629 5289 credere

2034 5304 2225 5358 malam
2268 5319 2326 5360 se
2353 5305 2551 5363 habere
2580 5309 2763 5377 vitam,
2809 5320 2863 5366 et
2890 5327 2954 5367 eo
2982 5313 3096 5383 ipso
3123 5330 3464 5387 consurgere.
3495 5321 3624 5378 Cum

2031 5394 2282 5463 inﬁrmari
2306 5401 2527 5469 coeperit,
2561 5417 2662 5456 non
2685 5412 2849 5472 speret
2883 5408 3148 5461 sanitatem
3179 5424 3198 5462 :
3228 5408 3484 5466 tribulari.
3516 5413 3625 5470 Sed

2033 5488 2169 5541 cadit
2193 5489 2245 5543 in
2280 5490 2593 5561 languorem.
2631 5493 2787 5549 Tales
2824 5497 2967 5551 enim
3008 5497 3201 5569 impius
3230 5504 3622 5564 consolationes

2030 5583 2222 5652 quierit
2251 5584 2301 5637 in
2330 5585 2489 5640 rebus
2508 5586 2765 5656 adversis,
2795 5589 2987 5660 quibus
3008 5592 3267 5650 inﬁrmior
3292 5597 3401 5652 ﬁat.
3437 5598 3618 5656 Emar-

2091 5764 2109 5794 ⁸
2134 5761 2439 5826 EditiLmate.
2465 5770 2595 5826 Mss,
2612 5778 2770 5816 mane.

2093 5826 2206 5889 {sic
2230 5825 2348 5873 editi
2374 5832 2425 5875 et
2449 5834 2554 5877 MSS.
2581 5825 2637 5877 At
2655 5836 2781 5889 LXX,
2805 5843 2867 5879 ou

2097 5831 2114 5856 ι
2133 5831 2206 5873 Sic
2230 5831 2348 5873 editi
2374 5832 2425 5875 et
2449 5834 2637 5901 Mss._.at
2655 5836 2781 5902 Lux,
2805 5831 3005 5941 amvi,
3029 5846 3183 5884 mane.

2097 5887 2118 5918 ³
2141 5893 2247 5936 ων.
2271 5893 2483 5937 sanatur.
2508 5889 2594 5939 Alu
2617 5890 2811 5941 codices
2914 5896 2948 5941 ti
2973 5906 3028 5941 ει
3046 5902 3176 5941 ιςς..

2898 5894 2948 5943 iti
2973 5906 3028 5946 et
3046 5902 3176 5957 Mss,
3200 5904 3354 5950 sanat.
