4110 6444
405 430 710 504 pauitantia
736 429 1054 498 hominis,“
1076 428 1300 500 gratiam
1325 427 1646 500 ignoscentis
1674 426 1789 481 Dei.
1820 426 1982 496 Ergo,

408 527 534 594 ante
554 525 688 596 enim
713 533 789 590 est
812 540 929 594 spes
953 524 1150 592 impio?
1175 521 1520 593 interrogatio
1549 539 1561 575 :
1591 529 1644 576 et
1682 518 1981 590 responsio,

408 617 540 686 Quia
582 626 858 687 casm“,
885 625 934 680 et
960 615 1168 685 conﬁdit
1195 616 1251 670 in
1285 615 1524 680 Domino,
1567 615 1610 669 si
1649 617 1776 686 forte
1813 613 1982 667 solva-

402 708 537 776 tut",
556 717 643 772 aut
672 723 843 777 preces
869 708 983 779 ejus
1004 707 1241 768 exaudiat
1263 706 1528 767 Dominus.
1559 705 1742 762 Potest
1768 703 1984 776 quidem

400 809 455 870 et
481 800 618 872 alius
643 814 832 868 senties
859 813 1142 860 cccttrrcre
1191 799 1243 852 in
1289 798 1371 853 bis
1413 798 1609 864 verbis,
1651 797 1747 853 sed
1776 812 1881 852 non
1909 796 1984 852 ita

398 893 702 963 conteritur-
724 900 778 958 et
804 891 942 952 libro
971 897 1024 948 et
1052 891 1191 957 ﬁdei,
1224 899 1278 948 ut
1303 891 1452 962 quasi
1491 898 1658 946 totum
1684 905 1754 946 ex
1786 889 1982 959 despe-

397 987 607 1056 ratione
652 986 740 1053 sit,
786 985 928 1056 quod
959 1000 1110 1055 spem
1150 999 1367 1055 prorsus
1391 999 1495 1038 non
1524 984 1714 1039 habeat
1744 983 1935 1053 impius
1965 999 1984 1037 ε

397 1092 516 1142 cum
543 1077 798 1140 adversus
825 1076 926 1132 hoc
951 1077 1206 1145 scriptum
1233 1076 1321 1142 sit,
1351 1074 1582 1130 C-redenti
1603 1084 1769 1130 autem
1792 1074 1844 1140 in
1869 1090 1985 1128 eum

395 1169 481 1242 qui
516 1169 767 1240 justiﬁcat
804 1169 1036 1238 impium,
1069 1167 1338 1236 deputatur
1361 1167 1488 1235 ﬁdes
1511 1167 1622 1236 ejus
1644 1165 1710 1221 ad
1728 1166 1982 1235 justitiam

396 1261 574 1332 (Rom.
602 1276 675 1328 tv,
707 1260 784 1332 5).
818 1261 884 1316 Et
911 1261 1030 1318 ideo
1060 1261 1201 1331 quod
1231 1261 1504 1330 sequitur,
1552 1259 1719 1330 gratia
1769 1259 1980 1314 Domini

395 1352 575 1420 dicere
607 1351 933 1422 intelligitur.
967 1351 1065 1408 Aut
1103 1353 1144 1404 si
1184 1351 1395 1404 evenerit
1435 1351 1483 1405 ei
1521 1350 1788 1410 necessitas
1815 1365 1833 1404 :
1859 1349 1980 1404 ideo

395 1444 651 1512 debemus
669 1453 984 1514 exspectare
1011 1446 1236 1516 gratiam
1262 1445 1815 1516 solventis.Numquid
1835 1444 1978 1500 enim

392 1535 448 1591 in
502 1536 819 1604 necessitate
850 1579 867 1604 ,
917 1536 967 1592 id
1010 1547 1092 1592 est
1131 1539 1182 1592 in
1231 1537 1551 1604 tentatione,
1608 1535 1778 1590 habuit
1839 1536 1978 1607 ﬁdu-

391 1629 542 1696 ciam,
573 1631 886 1694 moritur-um
917 1631 970 1690 in
999 1641 1288 1703 conspectu
1315 1632 1449 1689 Dei‘i
1479 1632 1576 1686 Aut
1603 1633 1645 1686 si
1675 1632 1977 1686 invocaverit

391 1721 625 1788 exaudiet
650 1724 804 1784 eum?
829 1723 876 1780 si
902 1731 1149 1793 tanquam
1183 1724 1373 1780 fiducia
1399 1741 1620 1796 operum
1647 1740 1863 1780 suorum
1891 1726 1978 1780 in-

388 1820 572 1878 vocat,
609 1829 728 1882 quas
765 1813 907 1882 nulla
950 1823 1094 1869 sunt.
1134 1815 1453 1888 Quapropter
1489 1816 1798 1871 aununtiaba
1839 1817 1976 1871 vobis

388 1905 512 1976 quid
539 1906 602 1975 sit
630 1906 685 1966 in
724 1923 880 1966 manu
918 1906 1128 1962 Domini
1167 1925 1184 1962 :
1213 1909 1340 1979 quid
1367 1909 1614 1979 disponat
1655 1910 1812 1965 Deus.
1844 1908 1978 1964 Ecce

389 2012 563 2060 cum
599 1998 756 2061 nostis
782 1999 903 2068 quia
923 2015 1050 2055 vane
1075 2015 1203 2053 vana
1233 1999 1494 2070 loquimini
1525 2016 1545 2055 :
1582 2001 1650 2056 ob
1674 2001 1778 2056 hoc
1807 2002 1974 2072 gratia

382 2085 494 2156 jam
519 2091 880 2157 exspectanda
907 2097 1007 2145 est.
1036 2088 1316 2156 Quomodo
1341 2090 1482 2144 eiiim
1509 2091 1755 2160 allegavit
1785 2092 1973 2146 merita

386 2191 608 2246 operum
650 2193 869 2238 suerunt
913 2195 1048 2236 vane
1085 2195 1214 2234 vana
1255 2180 1512 2250 loquens?
1560 2179 1820 2236 Possessio
1859 2197 1974 2236 vero

385 2271 661 2340 potentium
708 2272 868 2330 veniet
910 2273 973 2326 ab
1007 2271 1362 2345 Omnipotente
1389 2290 1539 2345 super
1565 2290 1646 2328 eos
1679 2291 1697 2328 :
1724 2283 1778 2328 ut
1804 2277 1974 2346 possi-

383 2359 546 2426 deant
570 2375 663 2423 eas
691 2370 935 2432 patentes
960 2405 976 2431 ,
1007 2364 1060 2419 id
1107 2373 1221 2432 est,
1269 2365 1510 2424 diabolus
1537 2375 1589 2421 et
1618 2367 1790 2437 angeli
1835 2367 1970 2437 ejus.

382 2451 636 2512 Potentes
658 2463 835 2511 autem
862 2456 984 2512 ideo
1007 2457 1157 2524 dicit,
1186 2459 1307 2528 quia
1334 2459 1420 2512 isti
1445 2459 1856 2516 intirmabuntur
1882 2476 1971 2516 se-

382 2553 606 2615 quentes
633 2547 940 2612 vanitatem,
971 2556 1030 2602 ut
1056 2549 1110 2602 in
1134 2563 1228 2605 eos
1258 2549 1332 2604 illi
1376 2552 1696 2620 praevaleant
1725 2551 1888 2606 duces
1914 2560 1970 2607 et

382 2637 650 2708 principes
673 2640 920 2696 vanitatis
949 2658 962 2694 :
992 2643 1262 2712 quomodo
1284 2653 1338 2697 et
1363 2643 1617 2697 Dominus
1641 2643 1828 2698 fortem
1847 2658 1970 2699 eum

380 2730 612 2799 appellat
653 2730 805 2803 (Luc.
856 2749 940 2798 ιι,
977 2732 1092 2806 9i),
1130 2749 1236 2789 non
1264 2735 1334 2790 ob
1362 2734 1505 2789 aliud
1536 2735 1636 2790 nisi
1666 2736 1786 2806 quia
1827 2744 1970 2789 tenet

379 2821 657 2879 invalidos.
693 2823 843 2889 Quod
861 2825 906 2880 si
924 2826 1070 2882 inuiti
1101 2827 1290 2897 fuerint
1313 2826 1409 2896 ﬁlii
1432 2828 1564 2897 ejus,
1595 2826 1648 2880 in
1677 2827 1972 2882 occisionem

378 2923 545 2971 erunt.
572 2916 736 2973 Filios
762 2919 880 2988 ejus
907 2919 1055 2986 dicit,
1086 2921 1174 2990 qui
1201 2935 1321 2976 eum
1347 2921 1415 2974 ad
1444 2921 1802 2976 seducendum
1844 2922 1968 2975 imi-

379 3014 579 3074 tantur,
628 3009 882 3065 falsorum
912 3011 1226 3082 ‘dogmatnm
1255 3027 1624 3082 per-suasorem
1659 3013 1711 3067 in
1743 3013 1962 3068 damna-

377 3097 599 3155 tionem.
629 3101 692 3155 Si
719 3111 886 3156 autem
901 3104 1114 3173 juvenes
1143 3105 1266 3174 facti
1292 3105 1500 3174 fuerint,
1543 3106 1837 3177 indigebunt
1862 3122 1880 3161 :
1913 3108 1966 3163 id

377 3196 480 3258 est,
510 3191 556 3246 si
592 3191 894 3249 conﬁrmati
924 3193 1120 3249 fuerint
1148 3196 1204 3250 in
1231 3211 1438 3263 errore,
1476 3197 1787 3267 indigebunt
1812 3217 1825 3264 ;
1859 3215 1964 3255 non

377 3281 520 3348 enim
549 3297 643 3342 eos
668 3283 878 3340 satiavit
906 3286 1129 3342 vanitas.
1159 3286 1228 3341 Et
1245 3289 1332 3358 qui
1357 3289 1492 3342 circa
1511 3304 1624 3343 eum
1649 3299 1786 3357 sunt,
1810 3299 1968 3343 morte

375 3374 652 3442 morientur
681 3391 702 3431 :
731 3377 821 3446 qui
847 3376 1107 3432 simillimi
1144 3378 1193 3432 ei
1232 3388 1356 3433 sunt
1385 3378 1452 3433 ad
1481 3379 1863 3436 seducendum.
1896 3378 1966 3433 Et

373 3466 538 3524 viduis
563 3484 738 3524 eorum
765 3485 868 3522 non
895 3469 1209 3524 miserebitur
1237 3485 1258 3524 :
1288 3471 1528 3541 plebibus
1576 3486 1708 3541 quas
1755 3471 1966 3526 seduxit

374 3571 497 3618 cum
537 3558 616 3616 eis
637 3601 654 3626 ,
686 3559 785 3618 viri
823 3569 998 3616 morte
1039 3560 1298 3627 desertis,
1329 3562 1480 3631 quasi
1511 3563 1668 3618 ﬁdem
1700 3563 1807 3617 illis
1829 3578 1962 3618 con-

370 3649 603 3722 iugalem
647 3653 702 3708 in
743 3653 944 3709 erroris
987 3654 1342 3723 promissione
1385 3654 1698 3710 servaverit.
1743 3654 1893 3720 Quod
1921 3657 1964 3710 si

373 3751 420 3804 ei
451 3745 705 3815 adlegerit
731 3754 786 3805 tu
815 3755 1000 3800 terram
1031 3757 1300 3819 argentum
1322 3764 1342 3802 :
1369 3745 1422 3802 id
1452 3756 1554 3814 est,
1584 3749 1630 3802 si
1673 3747 1963 3817 prudentes

372 3844 425 3893 et
450 3839 738 3908 sapientes,
768 3854 889 3895 cum
920 3839 1094 3896 adhuc
1119 3848 1259 3896 terra
1299 3850 1354 3895 et
1389 3840 1556 3896 lutum
1582 3849 1707 3896 sunt
1726 3880 1742 3908 ,
1775 3839 1830 3895 id
1855 3848 1956 3906 est,

371 3941 492 3986 cum
521 3929 702 3998 adhuc
724 3930 886 3985 stulta
916 3939 971 3986 et
995 3932 1228 3986 carnalia
1257 3933 1527 3998 sentiunt,
1558 3934 1638 3987 eis
1664 3947 1957 3988 consense-

372 4019 508 4086 rint;
540 4029 725 4091 postea
749 4023 978 4084 correcti
1024 4033 1079 4078 et
1125 4031 1512 4094 cognoscentes
1541 4024 1607 4078 ad
1627 4024 1801 4094 justos
1826 4039 1957 4080 con-

372 4121 664 4172 vertentur.
693 4112 864 4169 Erunt
886 4115 1020 4170 enim
1048 4114 1232 4168 domus
1247 4131 1428 4170 eorum
1449 4115 1577 4170 sicut
1599 4116 1746 4169 tinea:
1773 4125 1818 4169 et
1842 4131 1959 4168 ara-

372 4220 497 4272 neis,
527 4220 642 4278 quia
665 4207 877 4264 movit
899 4223 918 4260 :.
949 4221 1062 4275 cor,
1090 4207 1172 4262 vel
1201 4207 1606 4262 conscientiam.
1641 4210 1745 4262 Aut
1766 4209 1958 4265 domus

370 4295 502 4361 dixit
525 4297 853 4360 munimenta
877 4298 1067 4368 quibus
1091 4313 1150 4357 se
1163 4307 1464 4370 protegunt,
1491 4313 1677 4354 ver-um
1704 4307 1876 4354 astuta
1903 4309 1958 4356 et

369 4387 656 4458 latebrosa,
674 4391 773 4448 sed
799 4391 1202 4460 invalidissima,
1224 4393 1363 4448 sicut
1387 4392 1542 4448 tineae
1566 4392 1829 4448 folliculus
1849 4409 1956 4464 quo

368 4495 428 4537 se
455 4481 757 4551 abscondit,
791 4494 844 4542 et
872 4500 1083 4540 araneae
1111 4499 1359 4552 caverna,
1411 4486 1464 4540 in
1507 4501 1665 4556 quam
1713 4500 1776 4541 se
1815 4487 1952 4542 rcci-

368 4574 562 4644 pieude
588 4577 851 4648 cooperit,
882 4586 937 4634 et
961 4578 1158 4634 claudit
1182 4593 1321 4645 eam.
1357 4577 1483 4644 ρυω
1516 4578 1726 4633 servavit
1752 4588 1950 4644 autem,

368 4668 680 4741 intelligitur
715 4685 776 4726 se
806 4671 920 4742 ipsa
947 4671 1000 4726 in
1045 4672 1134 4727 illa
1175 4687 1434 4736 caverna;
1465 4672 1587 4742 quia
1617 4686 1725 4726 non
1767 4687 1953 4728 omnes

367 4773 576 4820 araneae
602 4761 706 4818 hoc
731 4761 933 4818 iaciunt
965 4780 979 4817 :
1014 4773 1233 4834 propter
1256 4773 1603 4834 spontaneum
1641 4773 1695 4819 et
1735 4765 1953 4819 interio-

367 4865 481 4908 rem
523 4854 920 4923 corruptionem
963 4854 1159 4925 iniquas
1203 4854 1579 4925 cogitationis,
1631 4863 1685 4909 et
1734 4865 1954 4926 propter

367 4943 569 5010 inutilia
595 4959 779 5015 opera,
805 4961 924 5016 quae
946 4948 1100 5017 quasi
1123 4947 1403 5018 diligenter
1443 4947 1495 5002 in
1532 4946 1692 5001 domo
1717 4949 1954 5003 servavit

365 5037 466 5094 sibi
494 5038 706 5110 impius.
748 5038 901 5096 Dives
938 5041 1172 5108 dormiet,
1199 5051 1245 5095 et
1272 5056 1375 5094 non
1399 5040 1604 5112 adjiciat
1629 5057 1648 5095 :
1677 5041 1800 5111 quia
1832 5053 1952 5112 post

364 5139 594 5188 mortem
618 5147 726 5188 non
754 5133 968 5204 adjiciat
985 5133 1052 5189 ad
1074 5135 1214 5204 ipsas
1233 5133 1531 5203 impietates
1550 5133 1776 5188 divitias.
1810 5135 1946 5190 Ocu-

365 5223 439 5277 los
463 5239 582 5280 suos
605 5226 823 5294 aperuit,
856 5235 904 5279 et
929 5242 1030 5280 non
1058 5236 1150 5280 est.
1179 5225 1234 5280 ln
1258 5225 1649 5281 resurrectione
1673 5224 1816 5290 enim
1843 5242 1947 5282 non

364 5315 601 5372 inveniet
621 5317 854 5387 seipsum
882 5317 1122 5384 divitem,
1151 5317 1291 5388 quod
1318 5325 1615 5388 putaverat.
1643 5317 1809 5372 Tollet
1833 5335 1946 5374 eum

362 5417 549 5474 uastata,
593 5418 644 5464 et
679 5409 833 5464 abibit
860 5426 879 5463 :
907 5419 998 5464 aut
1036 5420 1196 5465 aestus
1221 5411 1403 5474 mar-is,
1433 5411 1704 5466 tribulatio
1731 5407 1944 5478 saeculi;

363 5509 454 5556 aut
480 5510 643 5560 aestus
679 5518 786 5574 quo
805 5515 1053 5559 arescunt
1082 5503 1282 5567 herbae,
1311 5519 1430 5574 quae
1455 5504 1686 5558 radicem
1714 5519 1818 5558 non
1858 5506 1950 5560 ha-

364 5593 508 5651 bent.
538 5593 613 5652 Et
635 5595 894 5652 mtiiabit
920 5613 1032 5652 estin
1057 5599 1120 5656 de
1142 5599 1255 5652 ioco
1282 5613 1373 5652 suo
1404 5614 1422 5651 :
1447 5606 1538 5651 aut
1561 5596 1630 5652 de
1680 5613 1776 5668 spe
1805 5613 1898 5653 sua
1928 5616 1944 5665 ;

425 5730 441 5760 ⁸
476 5735 528 5780 ιιι
565 5737 703 5797 LXX,
740 5729 992 5784 sdthésetai
1009 5767 1024 5793 ,
1047 5730 1341 5797 salvebitur.
1387 5729 1587 5797 Vulgata
1625 5743 1744 5783 vero
1788 5731 1948 5786 locum

358 5789 488 5846 hunc
509 5794 659 5846 vertit
675 5789 769 5860 per
794 5789 1019 5856 verbum;
1037 5793 1224 5848 Bm.
1476 5789 1505 5812 "
1855 5797 1858 5802 '

1811 311 2016 382 manu
2055 310 2252 370 unus.

3573 317 3681 380 854

2092 439 2180 483 aut
2214 429 2350 486 Deus
2387 446 2508 486 eum
2539 433 2814 488 ventilabit
2839 432 2908 489 de
2947 432 3065 488 loco
3107 447 3223 498 suo,
3268 439 3326 487 ut
3369 447 3473 488 non
3513 434 3582 490 sit
3612 436 3667 491 in

2090 517 2208 574 loco
2237 520 2348 589 Dei,
2381 522 2481 578 hoc
2506 532 2610 590 est,
2640 523 2691 579 in
2720 524 2913 594 poputo
2951 538 3105 594 quem
3151 523 3463 578 inhabitavit
3506 526 3671 584 Deus.

2089 609 2158 665 Et
2183 615 2411 684 proﬁciet
2445 633 2596 686 super
2625 634 2764 684 eum,
2798 626 2844 672 et
2869 633 2971 674 non
2998 625 3166 686 parcet
3197 633 3214 671 .ο
3241 625 3488 688 tanquam
3518 632 3676 689 agge-

2088 719 2206 760 rem
2237 721 2534 776 poenarum.
2566 708 2786 764 Ptaudet
2812 723 2963 778 super
2990 708 3224 764 manibus
3246 709 3349 764 suis
3382 724 3400 762 :
3426 709 3564 766 sicut
3587 710 3670 764 dic

2087 803 2231 853 ctum
2254 809 2354 868 est,
2385 799 2450 854 Et
2476 818 2564 872 ego
2592 801 2859 871 perditioni
2887 817 3058 856 eorum
3085 799 3406 870 superridebo
3433 800 3454 870 (
3461 798 3616 855 Prov.
3633 815 3674 866 ι,

2087 887 2178 958 26)
2207 906 2220 943 :
2247 905 2352 945 non
2374 892 2515 946 enim
2542 891 2902 962 superiugebit
2923 890 3274 961 perditionem
3295 890 3600 960 impiarum.
3674 939 3676 942 ,

2160 978 2258 1051 [11).
2283 981 2496 1054 xxvnt.]
2519 982 2612 1037 Est
2653 984 2784 1038 enim
2826 983 3022 1054 argenti
3067 982 3208 1038 locus
3249 982 3385 1036 unde
3421 983 3478 1054 ﬁt
3505 997 3524 1037 :
3549 997 3676 1052 prus

2086 1071 2296 1142 dentes,
2319 1074 2409 1143 qui
2437 1075 2606 1145 magis
2632 1076 2684 1130 in
2710 1076 2918 1130 actione
2945 1083 3086 1130 Sunt.
3120 1072 3289 1129 Locus
3327 1084 3492 1130 autem
3521 1091 3674 1142 auro,

2085 1165 2171 1218 ubi
2214 1176 2458 1237 purgatur
2490 1183 2508 1222 :
2537 1169 2824 1238 sapientes,
2854 1169 2942 1239 qui
2969 1169 3019 1223 in
3047 1169 3495 1240 contemplatione
3523 1178 3670 1225 sunt.
3705 1235 3710 1247 ι

2085 1255 2304 1322 Ferrum
2343 1260 2476 1313 enim
2521 1261 2583 1314 de
2621 1271 2752 1313 terra
2796 1262 2871 1330 ﬁt.
2907 1261 3035 1316 Hmc
3060 1261 3272 1316 metalla
3311 1260 3678 1317 indiderenter.

2084 1351 2389 1421 accipienda
2438 1353 2490 1408 in
2537 1354 2678 1408 bono
2723 1363 2877 1422 sunt;
2920 1370 3039 1408 nam
3087 1354 3206 1409 ideo
3261 1356 3461 1410 ferrum
3508 1355 3670 1422 dixit,

2083 1443 2206 1512 quia
2239 1443 2367 1498 nihil
2396 1445 2634 1512 interest,
2679 1447 2826 1516 quasi
2859 1448 3101 1518 superius
3130 1447 3196 1502 de
3239 1445 3380 1502 ferro
3421 1447 3670 1506 diceret:
3716 1515 3721 1519 ι

2083 1538 2322 1607 quamvis
2343 1537 2542 1592 ferrum
2567 1540 2772 1609 possint
2798 1537 2965 1594 fortes
2990 1539 3232 1609 intelligi.
3278 1539 3481 1594 Revera
3525 1540 3668 1594 enim

2082 1629 2227 1682 nulla
2258 1627 2530 1686 distinctio
2556 1639 2638 1686 est
2668 1631 2719 1683 in
2746 1630 3002 1699 sapientia
3034 1630 3304 1684 hominum
3330 1645 3487 1700 quam
3518 1631 3570 1685 in
3605 1645 3669 1686 ea

2082 1729 2224 1777 sunt.
2256 1721 2360 1778 ,Εε
2398 1734 2565 1778 autem
2602 1724 2832 1778 similiter
2855 1734 2910 1778 ut
2953 1723 3147 1795 lapides
3180 1725 3466 1778 excluditur
3498 1740 3516 1778 :
3545 1725 3668 1796 quia

2081 1822 2249 1870 totum
2300 1815 2367 1870 de
2413 1824 2557 1871 terra
2600 1823 2877 1886 separatur
2925 1834 2939 1870 :
2989 1825 3049 1870 ut
3096 1815 3341 1871 ostendat
3384 1824 3668 1886 propterea

2080 1922 2198 1961 esse
2273 1907 2442 1961 bonos
2498 1908 2651 1962 malis
2725 1909 2918 1963 mixtos
2987 1907 3052 1962 ad
3117 1916 3360 1978 tempus,
3415 1908 3536 1978 quia
3600 1907 3670 1962 de

2080 1998 2209 2067 ipsis
2261 1999 2416 2054 malis
2461 1999 2808 2054 secluduntnr
2861 2002 2876 2032 ¹
2921 2000 3068 2066 boni,
3121 2009 3174 2055 et
3223 2015 3320 2069 per
3372 2000 3491 2055 illos
3540 2015 3667 2070 pur-

2077 2097 2270 2160 gantur
2328 2098 2578 2160 tanquam
2621 2090 2831 2144 metalla
2880 2091 3028 2161 operi
3073 2092 3154 2145 vel
3211 2089 3437 2146 tedilicio
3475 2104 3666 2146 neces-

2078 2182 2251 2248 saria;
2276 2196 2396 2236 cum
2443 2181 2557 2252 ipsa
2601 2189 2742 2236 terra
2782 2196 2919 2251 Opus
2957 2183 3183 2237 habeant
3205 2181 3427 2252 eliquari
3455 2195 3518 2236 ac
3554 2180 3666 2234 for-

2077 2272 2232 2338 mari,
2263 2272 2402 2327 unde
2430 2280 2483 2327 et
2526 2272 2807 2343 separandi
2832 2282 2974 2339 sunt,
3009 2281 3066 2327 ut
3109 2282 3231 2344 post
3269 2273 3408 2327 hanc
3453 2287 3667 2343 separa-

2077 2368 2275 2423 tionem
2326 2368 2520 2423 habeat
2563 2379 2700 2424 terra
2751 2369 2923 2424 locum
2979 2376 3138 2439 atque
3184 2367 3425 2422 ordinem
3478 2383 3663 2436 suum,

2077 2461 2215 2516 sicut
2263 2461 2410 2531 impii
2459 2478 2552 2530 per
2597 2462 2992 2516 damnationem
3039 2477 3137 2531 pro
3185 2461 3387 2516 meritis
3425 2461 3554 2515 suis.
3599 2460 3666 2515 Et

2076 2568 2274 2607 omnem
2294 2554 2445 2622 ﬁnem
2468 2555 2575 2622 ipse
2595 2554 2778 2607 invenit
2801 2567 2818 2606 :
2840 2553 2962 2622 quid
2985 2567 3090 2622 quo
3113 2552 3441 2622 perduceret.
3465 2552 3665 2607 Invenit

2075 2658 2251 2703 autem
2279 2648 2432 2715 dixit,
2463 2647 2710 2702 instituit.
2741 2647 2897 2718 Lapis
2936 2647 3148 2702 tenebrae
3190 2657 3237 2700 et
3265 2646 3440 2700 umbra
3465 2645 3659 2700 mortis.

2075 2739 2250 2811 Lapis,
2285 2739 2338 2793 id
2367 2747 2467 2805 cst,
2501 2738 2667 2794 Vetus
2687 2739 3082 2792 Testamentum
3116 2737 3423 2813 tenebriset
3460 2738 3664 2792 umbra:

2074 2834 2263 2888 mortis
2284 2832 2466 2887 datum
2504 2841 2606 2898 est,
2637 2831 2688 2886 id
2719 2840 2802 2885 est
2830 2831 3061 2886 carnalia
3103 2830 3449 2897 sectantibus,
3478 2844 3665 2901 quam-

2073 2927 2153 2980 vis
2179 2924 2246 2979 ab
2269 2939 2376 2980 uno
2405 2925 2514 2979 Deo
2534 2923 2648 2978 haec
2677 2931 3050 2993 exspectarent
3085 2940 3096 2974 :
3128 2921 3268 2976 unde
3297 2921 3664 2991 superbientes

2073 3031 2178 3072 non
2220 3016 2588 3072 discindebant
2629 3023 2943 3081 torrentem,
2983 3013 3033 3067 id
3089 3021 3172 3068 est
3218 3027 3323 3067 non
3365 3013 3665 3067 transibant

2074 3124 2168 3180 per
2197 3108 2400 3179 lapsum
2433 3107 2800 3178 temporalium
2837 3107 2903 3161 ad
2937 3106 3165 3175 aliquam
3193 3105 3531 3168 soliditatem,
3566 3102 3664 3159 sed

2072 3201 2189 3270 ipso
2225 3201 2372 3271 lapsu
2417 3199 2741 3255 ferebantur.
2790 3196 2855 3250 Et
2894 3201 3028 3269 facta
3074 3205 3148 3250 est
3195 3195 3422 3249 discissio
3466 3204 3664 3248 torren-

2070 3293 2134 3346 tis
2159 3309 2191 3345 a
2213 3293 2379 3345 cinere
2405 3307 2422 3345 :
2451 3291 2552 3345 hoc
2581 3299 2682 3357 est,
2725 3303 2752 3343 a
2775 3289 3062 3344 conﬁtente
3089 3295 3303 3359 peccata
3335 3301 3448 3352 sua,
3478 3295 3533 3340 et
3557 3301 3662 3341 non

2069 3385 2409 3458 superbiente
2435 3383 2502 3438 de
2541 3382 2746 3438 meritis
2772 3395 2993 3452 operum
3027 3397 3040 3435 :
3069 3379 3208 3451 quod
3237 3377 3430 3434 factum
3457 3387 3538 3433 est
3568 3393 3664 3448 per

2069 3476 2292 3547 gratiam
2317 3475 2447 3530 Novi
2480 3473 2825 3529 Testamenti.
2854 3471 3098 3526 Discissio
3128 3471 3359 3525 torrentis
3387 3487 3418 3524 a
3447 3470 3613 3524 cinere
3643 3485 3662 3522 :

2069 3567 2136 3620 ab
2167 3566 2489 3621 hominibus.
2541 3565 2609 3618 Et
2654 3564 2886 3618 commoti
2925 3571 3038 3618 sunt
3077 3561 3138 3615 ab
3169 3561 3452 3616 hominibus
3480 3577 3498 3615 :
3524 3559 3660 3616 adu.

2068 3658 2300 3713 lantibus
2348 3671 2454 3712 non
2501 3656 2808 3724 increpante
2856 3653 2984 3717 Deo,
3029 3653 3096 3706 ab
3137 3653 3248 3722 ipsa
3296 3651 3370 3724 (α)
3421 3668 3539 3723 quae
3581 3654 3660 3710 eis

2066 3749 2326 3818 promissa
2358 3755 2510 3804 erant
2551 3745 2821 3817 perdendo
2865 3747 3146 3814 primatum
3193 3761 3368 3800 suum.
3405 3745 3563 3801 Terra
3598 3747 3662 3800 de

2065 3855 2168 3909 qua
2214 3855 2442 3910 egressus
2489 3847 2558 3892 est
2603 3837 2749 3908 panis
2781 3851 2800 3890 :
2843 3836 3284 3900 subaudiendum,
3337 3835 3485 3906 Ipsos
3536 3836 3658 3891 dico

2063 3937 2363 3986 commotos
2404 3928 2473 3983 de
2501 3927 2712 3998 quibus,
2743 3936 2992 3996 tanquam
3036 3926 3102 3982 de
3146 3936 3308 3996 terra,
3356 3926 3507 3998 panis
3550 3925 3656 3979 Do-

2063 4023 2192 4077 mini
2225 4023 2371 4078 exiit.
2408 4022 2471 4076 Et
2502 4039 2611 4076 eam
2653 4023 2946 4076 incensurus
2989 4031 3062 4077 est
3093 4037 3111 4076 :
3152 4021 3418 4077 inﬁdelem
3447 4019 3655 4076 cmlesti

2057 4113 2261 4185 judicio
2284 4114 2538 4170 Dominus
2565 4099 2640 4171 ³.’,
2656 4115 2819 4168 Locus
2836 4114 3068 4186 sapphiri
3093 4114 3287 4185 lapides
3325 4115 3432 4184 ejus
3456 4128 3474 4166 :
3499 4111 3652 4179 ordo,

2062 4207 2215 4262 locus
2249 4207 2505 4278 sapphiri,
2549 4206 2601 4262 id
2643 4217 2742 4270 est,
2773 4209 2989 4277 pretiosi
3018 4216 3071 4262 et
3115 4207 3400 4263 necessarii
3431 4205 3654 4260 aedilicio

2060 4300 2292 4357 civitatis
2316 4301 2568 4357 caelestis.
2603 4299 2671 4354 Et
2696 4317 2901 4372 aggeres
2930 4317 3110 4354 aurum
3133 4301 3178 4354 ei
3209 4315 3227 4353 :
3256 4313 3441 4352 aurum
3472 4299 3521 4353 ei
3543 4309 3650 4352 non

2062 4394 2330 4449 modicum
2374 4404 2475 4459 est,
2525 4393 2620 4448 sed
2660 4407 2901 4464 aggeres.
2937 4393 3181 4446 Semitam
3225 4407 3374 4460 quam
3423 4405 3525 4444 non
3567 4405 3652 4444 co-

2058 4488 2227 4558 gnovit
2254 4488 2358 4540 avis
2384 4503 2402 4541 :
2433 4486 2783 4542 humilitatem
2828 4485 3056 4540 Domini.
3089 4483 3198 4538 Nec
3235 4483 3359 4537 vidit
3384 4499 3496 4537 eam
3527 4499 3649 4537 ocu-

2060 4579 2138 4632 lus
2177 4579 2387 4632 vulturis
2416 4594 2434 4632 :
2472 4577 2687 4633 diaboli.
2721 4577 2844 4631 Non
2873 4577 3051 4630 transit
3078 4592 3228 4647 super
3253 4592 3363 4629 eam
3404 4575 3480 4629 leo
3509 4592 3529 4630 :
3556 4591 3650 4646 per

2060 4669 2420 4725 fortitudinem
2449 4670 2780 4739 superbiens.
2815 4667 2878 4722 In
2919 4668 3191 4724 durissimo
3217 4668 3388 4741 lapide
3428 4667 3650 4722 extendit

2059 4777 2262 4814 iit-anum
2305 4777 2466 4816 suam.
2520 4761 2712 4814 Potens
2752 4771 2832 4815 est
2875 4760 3016 4815 enim
3071 4761 3208 4815 Dens
3265 4760 3333 4815 de
3383 4760 3646 4830 lapidibus

2057 4852 2295 4907 excitare
2322 4851 2456 4906 [ilius
2496 4851 2722 4906 Abrahm
2749 4851 2956 4923 (Matth.
2993 4868 3076 4915 nt,
3099 4852 3177 4924 9).
3209 4851 3274 4906 Et
3311 4853 3451 4925 ripas
3468 4853 3640 4921 ﬂumi—

2058 4960 2177 4997 num
2203 4943 2419 5015 disrupit
2450 4960 2467 4997 :
2500 4952 2557 4997 ut
2578 4951 2742 4998 totum
2774 4944 3036 5014 irrigaret.
3068 4944 3310 4998 Flumina
3342 4944 3481 4998 enim
3519 4943 3646 4998 dicit

2055 5036 2433 5107 praedicatores
2470 5035 2636 5092 verbi.
2672 5035 2968 5090 Voluerunt.
2991 5036 3185 5106 quippe
3211 5035 3340 5105 ripis
3372 5035 3481 5089 suis
3510 5049 3641 5090 con-

2057 5128 2233 5193 tineri,
2276 5137 2333 5181 ut
2377 5135 2577 5182 tantum
2619 5129 3006 5183 circumcisioni
3057 5127 3425 5196 praedicarent.
3483 5125 3644 5181 Omne

2054 5240 2169 5278 vero
2224 5223 2496 5292 pretiosum
2533 5221 2656 5275 vidit
2703 5222 2877 5276 oculus
2930 5238 3067 5274 meus
3115 5235 3134 5274 :
3193 5219 3455 5274 humanus
3481 5259 3496 5285 ,
3549 5234 3644 5289 per

2055 5313 2290 5370 Verbum
2327 5329 2542 5370 carnem
2583 5313 2799 5368 factum.
2834 5313 3161 5368 Altitudinem
3191 5312 3458 5381 ﬂuminum
3503 5327 3643 5368 reve-

2054 5409 2194 5474 tavit.
2242 5407 2477 5462 Virtutes
2524 5405 2788 5461 tolerandi
2832 5405 3227 5476 persecutiones
3283 5405 3334 5459 in
3386 5404 3643 5476 martyrio

2054 5498 2274 5556 occultae
2300 5505 2354 5553 et
2390 5497 2508 5566 alue
2548 5504 2672 5552 sunt
2710 5494 2762 5550 in
2791 5495 3030 5564 homine,
3053 5495 3221 5558 donec
3255 5493 3642 5566 persecutionis

2115 5612 2135 5642 ι
2161 5616 2228 5661 tta
2251 5610 2387 5672 uegit
2421 5605 2600 5660 codicis
2625 5621 2720 5672 cpe
2749 5610 3042 5672 castigamus
3064 5621 3078 5659 ε
3103 5606 3289 5660 scilicet
3309 5607 3570 5671 legebatur
3592 5610 3648 5660 in

2055 5672 2216 5742 editis,
2239 5673 2549 5722 seducuntttr.
2567 5731 2580 5742 ο

2115 5731 2267 5788 His.
2291 5742 2415 5794 tres,
2441 5731 2646 5785 manui.

2117 5797 2191 5858 (α)
2215 5803 2434 5848 Fortasse
2455 5797 2515 5848 ob
2532 5794 2659 5857 ipsa.
