4110 6478
388 388 493 450 857

390 520 490 566 eos,
521 519 621 557 non
653 501 916 557 credebant
958 518 971 556 :
1020 499 1087 555 de
1133 500 1215 553 his
1254 513 1371 569 quae
1404 498 1458 553 in
1487 494 1753 568 parabolis
1782 495 1855 549 ita
1883 495 1963 547 lo-

390 594 667 665 quebatur,
722 601 777 646 ut
827 607 929 647 non
986 591 1399 659 intelligeretur;
1451 603 1557 643 non
1600 596 1781 641 tamen
1829 586 1967 640 sicut

390 687 550 741 verba
604 700 795 739 sonare
850 685 1184 749 videbantur,
1236 698 1369 737 vana
1422 682 1600 737 dicere
1668 688 1961 750 putaretur.

392 778 486 834 llic
522 787 604 833 est
643 778 780 831 risus
822 776 968 832 Sara:
1001 776 1148 847 (Gen.
1185 792 1334 841 xvnt,
1369 776 1481 845 l0),
1513 774 1600 844 qui
1640 770 1968 842 signiﬁcabat

390 872 566 925 omnia
613 885 706 925 eos
760 871 812 923 in
864 869 1137 939 prophetia
1179 868 1407 923 fecisse:
1440 865 1578 921 unde
1624 865 1713 935 qui
1744 864 1965 934 ﬁgurate

389 962 583 1031 aliquid
626 961 825 1015 dicunt.
854 958 1002 1030 Elegi
1046 974 1218 1015 eorum
1255 960 1404 1024 viam,
1447 968 1494 1011 et
1530 956 1635 1010 sedi
1674 958 1904 1027 princeps
1938 971 1957 1010 :

388 1059 479 1106 aut
506 1049 843 1119 suscipiendo
878 1049 1270 1112 mortalitatem,
1311 1056 1403 1101 aut
1439 1062 1558 1102 cum
1592 1045 1885 1119 publicanis
1913 1053 1967 1099 et

389 1140 753 1211 peccatoribus
797 1138 1147 1203 convivando,
1202 1136 1297 1192 sed
1358 1135 1428 1190 ita
1479 1144 1538 1190 ut
1594 1137 1837 1205 princeps
1889 1134 1967 1189 eis

389 1248 561 1289 essem
588 1232 653 1286 ad
692 1233 939 1286 salutem.
971 1230 1039 1284 Et
1068 1229 1351 1284 habitabam
1375 1229 1504 1284 sicut
1527 1244 1616 1282 rex
1641 1228 1829 1281 cinctus
1855 1230 1965 1297 [or-

390 1326 518 1379 tibus
542 1343 559 1379 :
583 1325 672 1395 qui
703 1326 813 1379 suis
833 1323 1067 1377 dimissis
1092 1337 1212 1377 eum
1240 1321 1407 1377 secuti
1431 1328 1572 1375 sunt.
1600 1319 1755 1384 Quasi
1783 1333 1964 1372 conso-

388 1420 498 1473 lans
542 1420 725 1471 tristes.
785 1418 888 1471 Eos
937 1417 1066 1472 dicit
1108 1417 1195 1487 qui
1249 1430 1344 1485 spe
1387 1414 1704 1485 gaudebant,
1734 1427 1855 1467 cum
1899 1410 1965 1467 de

386 1512 635 1575 prmsenti
677 1510 781 1563 vita
805 1518 954 1563 erant
997 1508 1193 1562 tristes.
1224 1506 1368 1561 Beati
1410 1507 1633 1576 lugentes
1664 1504 1876 1575 (Matth.
1904 1520 1961 1571 γ,

388 1604 464 1667 5).
510 1610 565 1655 ut
613 1602 814 1655 dictum
862 1609 979 1666 est;
1034 1606 1108 1663 et,
1145 1598 1299 1665 Quasi
1340 1598 1524 1665 tristes,
1556 1613 1751 1667 semper
1797 1603 1964 1648 autem

387 1694 654 1762 gaudentes
703 1692 784 1760 (ll
824 1691 940 1747 Cor.
972 1708 1047 1757 vt,
1078 1689 1180 1762 10)
1203 1709 1218 1745 :
1244 1691 1331 1761 qui
1358 1706 1463 1744 non
1491 1689 1752 1759 possunt‘
1785 1696 1966 1742 tenere

386 1784 529 1836 illam
560 1783 993 1852 magnitudinem,
1039 1782 1107 1836 de
1148 1797 1251 1852 qua
1296 1780 1497 1836 dictum
1541 1787 1642 1848 est,
1673 1779 1773 1845 Qui
1796 1788 1964 1833 autem

388 1875 555 1943 fecerit
581 1884 625 1928 et
666 1875 739 1929 sic
780 1875 1026 1941 docuerit,
1076 1890 1287 1945 magnus
1332 1873 1586 1928 vocabitur
1612 1874 1666 1927 in
1693 1884 1848 1943 regno
1868 1888 1967 1926 ca:-

388 1968 548 2018 lorum
573 1964 782 2034 (Matth.
800 1981 855 2030 ν,
874 1964 984 2035 19).

458 2054 555 2127 [1b.
592 2055 743 2127 χιιι]
767 2054 923 2108 Nunc
947 2063 1112 2109 autem
1140 2055 1366 2110 derident
1391 2071 1469 2109 me
1490 2055 1673 2125 inﬁmi,
1696 2071 1827 2108 nunc
1850 2071 1961 2109 mo-

387 2155 503 2199 nent
542 2163 619 2198 me
644 2148 861 2200 minores
890 2156 1109 2217 tempore
1136 2163 1155 2201 :
1179 2146 1301 2217 quia
1332 2154 1386 2202 et
1413 2152 1598 2217 postea
1626 2147 1733 2200 nati
1760 2156 1882 2201 sunt
1910 2146 1965 2201 in

387 2237 619 2291 Ecclesia
649 2237 800 2303 tales,
827 2221 1006 2292 etnon
1030 2237 1311 2308 proﬁciunt
1332 2238 1633 2308 plurimum.
1662 2237 1867 2291 Manent
1886 2254 1964 2293 me

389 2336 562 2381 autem
591 2327 742 2393 dixit,
772 2328 893 2397 quia
922 2344 1018 2397 per
1041 2328 1272 2384 honores
1293 2329 1680 2383 ecclesiasticos
1701 2328 1966 2396 accipiunt

390 2428 699 2487 potestatem
727 2419 1045 2489 praedicandi
1076 2421 1303 2490 populo,
1335 2436 1454 2490 qum
1484 2420 1582 2489 ipsi
1610 2435 1713 2474 non
1742 2418 1960 2475 faciunt.

390 2512 615 2577 Quorum
655 2514 948 2584 spernebant
996 2524 1241 2584 parentes.
1284 2515 1536 2569 Parentes
1578 2529 1763 2569 eorum
1810 2516 1961 2584 dixit,

388 2620 613 2674 quorum
643 2606 933 2661 imitatione
965 2606 1056 2660 ﬁlii
1084 2615 1240 2675 sunt,
1280 2607 1469 2677 quibus
1511 2616 1632 2662 tunc
1670 2607 1961 2675 dicebatur,

400 2695 485 2749 Va:
502 2697 657 2764 vobis,
685 2696 875 2752 Scriba:
894 2707 938 2752 et
960 2696 1212 2752 Pharisaei
1237 2698 1513 2768 hypocrita:
1537 2696 1646 2770 (Id.
1672 2714 1821 2765 χχιιι,
1848 2699 1961 2770 15).

388 2786 457 2840 Et
482 2789 636 2841 virtus
663 2805 903 2843 manuum
931 2805 1100 2844 eorum
1128 2792 1271 2860 quasi
1300 2791 1513 2844 nihilum
1539 2792 1662 2844 mihi
1689 2800 1796 2844 erat
1824 2806 1843 2846 :
1870 2806 1964 2860 pa-

388 2890 596 2935 rentum
626 2888 880 2951 potestas,
910 2883 999 2951 qui
1038 2891 1164 2935 tunc
1194 2897 1358 2951 usque
1387 2881 1521 2936 adeo
1549 2882 1834 2951 plurimum
1866 2895 1963 2951 po-

390 2980 581 3036 terant,
614 2980 670 3025 ut
694 2972 1064 3042 cruciﬁgerent
1089 2972 1388 3027 Dominum.
1419 2971 1487 3026 In
1511 2987 1566 3025 eo
1592 2972 1779 3042 peribat
1801 2972 1964 3026 omnis

386 3066 486 3118 vita
514 3080 533 3119 :
562 3066 683 3134 quia
710 3080 814 3119 non
841 3080 900 3119 se
928 3065 1010 3119 vel
1042 3065 1092 3118 in
1119 3066 1223 3120 ﬁne
1247 3074 1616 3120 correxerunt.
1657 3063 1892 3135 Egestate
1918 3072 1966 3119 et

389 3159 523 3227 fame
552 3156 805 3211 instabiles
832 3174 850 3212 :
880 3172 910 3212 a
940 3158 1100 3212 variis
1124 3157 1402 3213 desideriis
1430 3157 1832 3213 insatiabilibus.
1864 3157 1963 3223 Qui

386 3248 640 3319 fugiebant
667 3249 719 3301 in
749 3248 999 3303 desertum
1027 3250 1135 3303 heri
1163 3265 1182 3303 :
1210 3249 1532 3303 conferendo
1557 3264 1615 3303 se
1642 3248 1708 3303 ad
1737 3263 1959 3303 excusa-

390 3338 583 3392 tionem
612 3339 797 3409 Legis,
828 3354 982 3409 quam
1015 3355 1119 3394 non
1154 3340 1461 3410 simpliciter
1485 3340 1876 3410 intelligebant;
1910 3350 1964 3397 et

386 3431 506 3499 quia
537 3431 589 3483 in
614 3429 827 3485 deserto
849 3440 1181 3500 acceperant,
1211 3432 1456 3502 fugientes
1483 3432 1536 3484 in
1562 3431 1808 3485 desertum
1832 3432 1960 3486 heri.

387 3521 533 3576 Sicut
558 3522 697 3576 enim
732 3522 887 3577 hodie
926 3522 1153 3591 pertinet
1194 3522 1259 3576 ad
1301 3521 1503 3576 Novum
1545 3522 1960 3590 Testamentum,

388 3614 465 3669 sic
491 3614 557 3669 ad
586 3614 749 3669 Vetus
779 3615 891 3674 heri
921 3631 933 3667 :
966 3615 1033 3670 de
1060 3614 1207 3670 Novo
1241 3616 1384 3670 enim
1412 3616 1607 3671 dictum
1639 3627 1752 3685 est,
1796 3618 1965 3676 Hodie

388 3706 431 3759 si
456 3722 623 3759 vocem
661 3707 769 3771 eius
797 3707 1088 3772 audieritis,
1122 3706 1276 3761 nolite
1318 3707 1567 3762 obdurare
1603 3711 1757 3763 corda
1800 3720 1964 3767 vestra

392 3796 558 3868 (Psal.
588 3813 731 3863 xcrv,
760 3798 850 3868 8);
883 3806 957 3866 et,
989 3797 1157 3853 Filius
1182 3815 1322 3854 meus
1349 3814 1400 3854 es
1426 3809 1498 3864 tu,
1529 3817 1618 3872 ego
1643 3801 1793 3857 hodie
1811 3803 1964 3875 genui

387 3897 434 3942 te
461 3888 628 3959 (Psal.
656 3906 723 3955 ιι,
754 3890 827 3961 7).
874 3889 974 3955 Qui
1014 3890 1252 3945 rodebant
1294 3892 1499 3947 cortices
1531 3892 1765 3948 arborum
1794 3909 1813 3950 :
1838 3895 1961 3965 quia

388 3981 579 4052 ﬁguras
623 3981 809 4051 Legis,
858 3982 1047 4053 quibus
1094 3984 1214 4037 vina
1262 3984 1571 4055 tegebantur
1598 3987 1650 4051 ³,
1703 4002 1798 4057 pro
1843 3989 1963 4044 cibo

387 4073 668 4129 habebant.
702 4073 929 4140 Quorum
955 4084 1060 4128 erat
1088 4076 1224 4129 cibus
1258 4076 1406 4131 radix
1434 4077 1697 4131 herbarum
1728 4095 1747 4133 :
1782 4095 1960 4135 sacra-

387 4175 562 4219 menta
582 4180 698 4233 quae
718 4165 1062 4234 corporaliter
1079 4164 1212 4235 jussi
1231 4174 1381 4220 erant
1399 4167 1688 4233 celebrare,
1714 4178 1961 4240 tanquam

389 4266 542 4310 terrae
582 4254 926 4321 inhmrentia;
954 4272 1019 4310 ex
1057 4256 1249 4326 quibus
1290 4267 1461 4312 tamen
1488 4260 1740 4329 simplicis
1770 4262 1963 4317 intelli-

384 4348 575 4419 gentiae
603 4347 801 4403 fructus
827 4356 1086 4417 surgeret,
1113 4358 1165 4403 et
1190 4363 1347 4418 supra
1373 4358 1565 4405 terram
1591 4352 1645 4406 in
1666 4353 1959 4409 libertatem

385 4439 639 4506 ferretur,
666 4454 770 4509 quo
798 4440 872 4493 illi
903 4441 1180 4508 pervenire
1209 4455 1314 4495 non
1343 4449 1606 4512 poterant.
1636 4441 1957 4510 Inhonorati,

385 4540 429 4585 et
453 4532 665 4602 objecti,
698 4540 743 4586 et
767 4540 961 4603 egentes
990 4532 1124 4586 omni
1150 4533 1278 4587 bona
1308 4534 1544 4589 :amisso
1574 4535 1829 4604 primatus
1858 4536 1959 4592 ho-

385 4638 548 4690 nore,
578 4623 646 4677 ab
686 4637 782 4693 spe
812 4623 1207 4692 promissionis;
1241 4624 1361 4693 quia
1399 4632 1451 4679 et
1489 4625 1660 4694 ipsum
1692 4636 1959 4682 terrenum

386 4715 578 4770 donum
600 4729 699 4785 pro
714 4715 915 4769 meritis
936 4714 1047 4771 suis
1066 4714 1370 4783 amiserant,
1394 4724 1447 4769 et
1467 4732 1684 4786 regnum
1705 4718 1960 4773 calorum

384 4825 488 4863 non
510 4816 709 4864 tenent.
736 4807 835 4873 Qui
854 4809 1047 4862 radices
1068 4808 1317 4878 lignorum
1342 4807 1729 4877 manducabant,
1758 4820 1962 4881 propter

384 4915 616 4969 magnam
650 4902 852 4968 famem.
884 4897 1035 4964 Quod
1064 4897 1131 4952 de
1160 4896 1422 4952 radicibus
1450 4898 1728 4953 herbarum
1760 4901 1957 4956 dictum

385 4998 484 5055 est,
512 4997 728 5058 pr0pter
752 4988 977 5042 fructum
1003 4987 1273 5054 frumenti,
1299 4987 1398 5042 hoc
1422 4988 1489 5042 de
1512 4988 1774 5045 radicibus
1794 4991 1959 5062 ligno-

384 5098 502 5137 rum
533 5082 929 5153 intclligendum
961 5090 1075 5145 est,
1108 5090 1324 5151 pr0pter
1350 5081 1575 5137 fructum
1608 5084 1712 5139 vini
1751 5095 1804 5140 et
1833 5087 1955 5142 olei.

384 5173 515 5228 Nam
542 5188 729 5228 omnes
756 5175 885 5228 istos
913 5173 1214 5242 spirituales
1240 5175 1439 5228 fructus
1463 5176 1667 5247 accepit
1700 5178 1953 5247 Ecclesia,

384 5280 607 5335 quorum
648 5263 852 5319 radices
894 5272 1049 5319 terrm
1092 5265 1373 5333 implicata:
1412 5278 1741 5322 sacramenta
1784 5281 1954 5337 erant,

385 5372 502 5426 qua:
527 5356 873 5426 corporaliter
892 5355 1059 5410 Judzei
1083 5355 1366 5412 observare
1394 5358 1734 5428 cogebantur,
1764 5361 1956 5417 sabba-

284 5441 299 5448 ’
382 5456 525 5514 tum,
563 5448 1016 5503 circumcisionem
1037 5489 1051 5513 ,
1080 5456 1134 5503 et
1158 5449 1430 5517 victimas,
1464 5460 1515 5505 et
1541 5459 1732 5506 czetera
1770 5453 1957 5525 hujus-

382 5539 525 5614 mpdi
570 5539 916 5611 spiritualium
958 5539 1217 5594 ciborum.
1255 5539 1646 5595 Insurrexerunt
1688 5560 1837 5614 super
1880 5529 1997 5602 me.

382 5605 516 5705 Ῑιιῆδ
543 5650 562 5688 :
588 5605 676 5703 qui
705 5633 771 5688 ad
808 5632 1039 5688 honores
1077 5633 1375 5702 indebitus,
1416 5634 1504 5705 qui
1537 5605 1798 5705 justorum
1835 5649 1958 5697 sunt

444 5776 461 5806 ι
487 5775 716 5823 Omissam
739 5773 818 5823 hic
838 5772 1052 5837 inpeditis
1072 5782 1383 5837 negationem
1404 5776 1707 5827 restituimus
1727 5789 1794 5829 ex
1814 5783 1922 5830 lss.

445 5838 465 5868 ι
487 5843 559 5885 Er.
589 5845 641 5888 et
656 5843 786 5898 tom,
808 5834 946 5888 utilia
959 5834 1251 5900 tegebanur.
1309 5844 1367 5885 ιι.

1764 375 1967 433 LIBER
2002 373 2203 435 UNUS.

3544 389 3648 449 858

2076 494 2297 564 pr0prii,
2326 508 2421 564 per
2446 494 2751 551 tenebrosas
2771 496 3001 552 fallacias
3020 506 3395 568 pervenerunt.
3421 500 3646 567 Quorum

2073 584 2252 639 domus
2288 596 2430 640 erant
2470 603 2695 642 caverna:
2734 597 2990 657 petrarum
3019 605 3039 645 :
3066 590 3155 660 qui
3192 592 3647 661 concupiscentias

2073 691 2197 731 suas
2222 677 2597 746 defendebant,
2616 689 2670 736 et
2697 684 2943 752 tegebant
2968 683 3280 753 quibusdam
3308 686 3646 742 obscuritati-

2072 766 2173 822 bus
2199 768 2495 824 divinorum
2524 771 2821 827 Librorum.
2851 773 2918 827 Et
2946 775 3075 828 inter
3110 776 3310 841 arbores
3339 777 3637 836 clamabant.

2074 858 2345 914 Manifesta
2373 871 2525 916 erant
2562 872 2774 933 peccata
2809 880 2992 920 eorum
3015 909 3029 933 ,
3060 868 3298 937 quamvis
3322 884 3386 924 ea
3409 868 3635 939 Scriptu-

2072 966 2251 1005 rarum
2293 953 2642 1023 obscuritate,
2694 960 2842 1027 quasi
2892 961 3089 1014 umbris
3135 962 3416 1030 arborum,
3469 973 3646 1032 tegere

2072 1054 2409 1096 conarentur.
2448 1045 2578 1099 llinc
2606 1056 2706 1112 est,
2738 1046 2939 1101 Clamor
2968 1049 3304 1104 Sodomorum
3331 1054 3552 1106 ascendit
3580 1054 3645 1108 ad

2071 1149 2151 1186 me
2180 1131 2329 1205 (Gen.
2358 1150 2484 1189 xvm
2503 1177 2517 1202 ,
2545 1135 2659 1209 20).
2690 1138 2754 1191 Ει
2783 1140 3045 1209 plerisque
3075 1140 3204 1197 locis
3231 1157 3325 1211 pro
3356 1144 3647 1199 manifestis

2071 1227 2303 1295 peccatis
2344 1229 2628 1283 clamorem
2673 1231 2821 1300 ponit
2857 1231 3126 1301 Scriptura
3170 1251 3184 1286 :
3227 1243 3285 1288 ut
3320 1236 3539 1289 verbum
3580 1237 3648 1290 sit

2070 1316 2337 1389 quidquid
2362 1320 2523 1375 corde
2551 1322 2879 1391 concipitur;
2908 1323 3140 1390 clamor,
3169 1340 3290 1379 cum
3321 1327 3558 1394 procedit
3594 1327 3643 1381 in

2070 1408 2286 1465 factum.
2318 1413 2415 1478 Qui
2441 1412 2531 1467 sub
2555 1414 2792 1484 stirpibus
2820 1423 2965 1468 terrm
2994 1417 3278 1471 manebant.
3318 1417 3433 1472 Non
3460 1420 3644 1474 saltem

2070 1504 2123 1558 in
2151 1504 2419 1573 stirpibus,
2453 1505 2546 1560 sed
2572 1507 2729 1561 etiam
2756 1506 2974 1562 inferius
3002 1496 3249 1578 stirpibus
3275 1524 3490 1564 manere
3522 1526 3644 1579 pos-

2070 1606 2193 1652 sunt
2222 1598 2469 1669 intelligi,
2498 1600 2588 1669 qui
2615 1599 2697 1654 vel
2723 1602 3003 1655 carnaliter
3030 1610 3293 1670 praecepta
3321 1601 3641 1656 custodiunt.

2070 1687 2273 1758 Stirpes
2296 1692 2435 1744 enim
2460 1699 2583 1745 sunt
2605 1707 2709 1745 non
2734 1692 2842 1761 jam
2872 1691 2967 1763 ipsi
2998 1692 3219 1759 fructus,
3249 1692 3340 1746 sed
3368 1693 3505 1747 unde
3531 1708 3644 1747 sur-

2070 1791 2199 1852 gunt
2227 1793 2401 1851 partes
2431 1783 2747 1852 fructiferae,
2777 1786 2860 1839 vel
2899 1785 3143 1839 arborum
3162 1826 3178 1852 ,
3211 1786 3293 1839 vel
3323 1784 3603 1839 herbarum
3629 1803 3643 1840 :

2069 1872 2114 1926 si
2143 1880 2317 1927 tamen
2347 1872 2675 1928 fructiferum
2716 1890 2880 1944 genus
2915 1884 3015 1940 est,
3046 1876 3165 1944 quia
3190 1883 3368 1929 etnon
3393 1873 3645 1927 fructiferi

2068 1964 2277 2034 generis
2298 1965 2490 2034 stirpes
2511 1965 2771 2019 dicuntur.
2802 1965 2925 2019 Filii
2942 1966 3212 2019 stultorum
3237 1974 3282 2019 et
3308 1964 3602 2036 ignobilium
3623 1981 3643 2020 :

2070 2054 2410 2119 Iudaeorum;
2443 2070 2563 2108 nam
2594 2055 2692 2109 hos
2724 2055 2858 2109 dixit
2894 2056 3138 2124 superius
3176 2064 3421 2124 parentes
3460 2070 3645 2108 eorum

2070 2155 2287 2216 propter
2310 2146 2674 2212 imitationem,
2708 2148 2830 2217 quia
2860 2156 2914 2201 et
2939 2147 3023 2200 isti
3052 2148 3149 2201 sub
3180 2147 3273 2200 Dei
3298 2149 3510 2203 nomine
3535 2162 3648 2200 am-

2068 2238 2253 2293 bulant
2271 2280 2285 2305 ,
2312 2255 2467 2309 quem
2496 2255 2601 2294 non
2630 2241 2828 2295 colunt.
2857 2240 3053 2296 Stultos
3080 2251 3255 2295 autem
3293 2249 3349 2296 et
3384 2239 3641 2311 ignobiles

2069 2329 2197 2385 dicit
2220 2330 2434 2385 Judaeos
2454 2373 2469 2399 ,
2498 2335 2585 2401 qui
2614 2347 2645 2387 e
2671 2333 2970 2397 contrario,
2999 2346 3101 2386 non
3134 2334 3303 2385 solum
3330 2346 3387 2385 se
3408 2331 3645 2386 conﬁde-

2069 2420 2197 2475 bant
2218 2435 2337 2477 esse
2360 2422 2519 2477 duces
2547 2437 2828 2490 caecorum,
2861 2422 2955 2477 sed
2980 2424 3135 2477 etiam
3169 2424 3304 2478 ﬁlios
3332 2438 3452 2478 esse
3480 2423 3649 2477 Abra-

2070 2509 2185 2575 hae,
2218 2525 2323 2580 quo
2368 2522 2518 2581 patre
2554 2526 2612 2566 se
2652 2526 2772 2566 esse
2812 2511 3079 2580 jactabant
3117 2513 3339 2567 nobiles.
3382 2512 3485 2567 Sed
3526 2528 3648 2567 cum

2070 2601 2324 2665 audiunt,
2358 2601 2487 2657 chi
2512 2612 2660 2670 sunt,
2705 2604 2855 2658 duces
2883 2619 3125 2657 cwcorum
3153 2604 3361 2676 (Matth.
3391 2622 3457 2659 xv
3476 2647 3491 2672 ,
3521 2606 3646 2675 i4);

2069 2693 2216 2747 stulti
2237 2693 2665 2748 demonstrantur
2692 2712 2705 2745 :
2732 2704 2785 2749 et
2808 2709 2926 2749 cum
2952 2695 3197 2760 audiunt,
3230 2696 3291 2750 Si
3320 2696 3413 2765 ﬁlii
3434 2697 3651 2753 Abraha-

2068 2787 2204 2851 estis,
2229 2786 2366 2855 facta
2387 2786 2603 2840 Abrahae
2624 2788 2772 2858 facite
2792 2785 2969 2859 (Joan.
2992 2802 3104 2851 vni,
3129 2786 3249 2857 59);
3278 2787 3649 2857 degenerando

2068 2877 2497 2932 demonstrantur
2518 2877 2797 2947 ignobiles.
2831 2877 3030 2932 Nomen
3060 2888 3106 2931 et
3134 2880 3295 2932 honor
3322 2881 3589 2935 exstinctus
3618 2898 3649 2934 a

2070 2976 2220 3021 terra.
2262 2968 2392 3022 Erat
2434 2969 2608 3035 cnim,
2654 2969 2748 3023 sed
2786 2970 3105 3024 exstinctum
3146 2980 3245 3025 est.
3288 2970 3443 3025 Nunc
3479 2983 3646 3026 autem

2070 3060 2265 3114 cithara
2293 3077 2465 3115 eorum
2502 3078 2593 3131 ego
2628 3078 2740 3115 sum
2777 3077 2795 3115 :
2832 3061 3055 3125 horum,
3100 3077 3322 3129 quorum
3362 3062 3434 3116 illi
3475 3072 3650 3132 patres

2068 3159 2210 3215 sunt,
2240 3151 2328 3221 qui
2355 3166 2441 3206 me
2467 3151 2534 3204 ad
2564 3167 2746 3205 aurem
2776 3150 3074 3217 habebant,
3104 3166 3208 3205 non
3237 3150 3303 3205 ad
3327 3165 3436 3205 cor.
3483 3150 3546 3204 Et
3572 3169 3651 3207 me

2069 3244 2250 3298 habent
2280 3242 2349 3298 ad
2377 3242 2601 3315 fabulam
2638 3259 2656 3297 :
2696 3244 2906 3298 inanem
2934 3252 2987 3297 et
3022 3243 3263 3299 inutilem
3294 3246 3647 3300 narrationem

2068 3349 2122 3395 et
2151 3339 2505 3404 auditionem,
2549 3337 2791 3407 quamvis
2823 3352 2907 3391 me
2948 3345 3002 3391 et
3042 3346 3284 3402 narrent,
3320 3346 3374 3391 et
3412 3337 3646 3391 audiant.

2067 3430 2352 3485 Abominati
2376 3439 2493 3483 sunt
2521 3444 2630 3495 me,
2661 3428 2964 3482 discedentes
2998 3428 3173 3499 procul
3211 3443 3231 3481 :
3270 3428 3423 3498 longe
3465 3428 3589 3483 facti
3619 3443 3648 3483 a

2061 3522 2263 3594 justitia
2294 3521 2563 3591 peccando
2581 3562 2594 3583 ,
2627 3529 2680 3575 et
2703 3528 2964 3590 praecepta
2992 3520 3207 3589 justitia:
3236 3520 3389 3583 malis
3409 3521 3650 3576 moribus

2068 3616 2412 3672 exsecrando.
2449 3613 2557 3667 Nec
2585 3614 2638 3667 in
2667 3615 2847 3683 faciem
2885 3629 3048 3667 meum
3088 3622 3409 3684 pepercerunt
3449 3630 3646 3683 spuere.

2067 3708 2407 3764 Exsecranda
2450 3706 2609 3761 facies
2644 3722 2872 3776 namque
2900 3705 3091 3760 Christi
3123 3715 3203 3761 cst
3230 3705 3346 3773 his,
3387 3707 3475 3777 qui
3514 3721 3651 3776 prae-

2066 3810 2217 3870 cepta
2246 3800 2360 3869 ejus
2389 3814 2508 3853 cum
2538 3807 2845 3868 contemptu
2884 3797 3192 3853 cxhorrent.
3234 3795 3361 3864 Vel,
3394 3800 3532 3855 male
3561 3816 3649 3855 me

2066 3894 2398 3949 innotescere
2432 3891 2673 3947 fecerunt
2709 3906 2915 3946 morum
2951 3906 3165 3945 suorum
3193 3892 3472 3961 pravitate.
3511 3893 3647 3962 Ape-

2064 3988 2199 4039 riens
2225 3984 2356 4037 enim
2384 3983 2671 4052 pharetram
2697 3999 2839 4036 suam
2864 3982 3037 4053 afﬂixit
3060 3999 3137 4036 me
3166 3997 3184 4037 :
3215 3990 3419 4038 secreta
3446 3998 3646 4051 rerum,

2066 4074 2207 4129 unde
2237 4075 2551 4129 lentationes
2589 4073 2839 4129 existunt.
2877 4071 2942 4125 Et
2971 4073 3169 4143 [renum
3197 4074 3249 4126 in
3280 4074 3458 4144 faciem
3488 4091 3649 4131 meam

2064 4168 2305 4222 miserunt
2348 4184 2361 4221 :
2402 4175 2458 4221 ut
2498 4167 2577 4221 eis
2619 4165 2814 4219 invitus
2855 4165 3248 4231 consentirem,
3294 4173 3511 4234 portans
3556 4179 3648 4220 eos

2064 4260 2318 4316 ducentes
2346 4274 2457 4330 quo,
2477 4259 2700 4325 vellent,
2727 4258 2792 4312 ad
2820 4258 2921 4311 ima
2946 4272 3061 4311 sua.
3100 4256 3168 4309 Et
3192 4274 3223 4309 a
3252 4256 3439 4310 dextris
3463 4258 3647 4327 germi-

2064 4362 2239 4407 nantes
2274 4359 2694 4406 consurrexerunt
2723 4366 2741 4405 :
2771 4358 2826 4405 et
2858 4349 3082 4405 favendo
3121 4358 3174 4403 et
3210 4350 3345 4404 bene
3384 4350 3647 4405 monendo

2068 4445 2239 4500 exorti
2264 4451 2390 4498 sunt
2410 4442 2643 4513 quidem,
2669 4450 2726 4496 ut
2745 4456 2868 4496 suas
2887 4440 3201 4510 cupiditates
3220 4441 3513 4509 explerent,
3541 4456 3645 4496 non

2065 4536 2450 4607 persequendo.
2490 4534 2652 4587 Pedes
2679 4550 2815 4587 meos
2846 4534 3109 4587 vinxerunt
3137 4532 3456 4602 compedibus
3482 4546 3501 4585 :
3525 4530 3643 4586 ofﬁ-

2064 4628 2267 4682 ciorum
2308 4626 2786 4680 ecclesiasticorum
2807 4665 2822 4690 ,
2858 4634 2915 4678 ut
2942 4639 3046 4677 non
3075 4638 3168 4679 eos
3196 4633 3411 4693 possent
3441 4622 3641 4694 fugere.

2065 4719 2303 4775 Contritte
2329 4727 2445 4773 sunt
2483 4719 2672 4772 semita:
2707 4732 2829 4771 metr.
2868 4732 2888 4772 :
2929 4725 2986 4770 ut
3026 4731 3129 4771 non
3169 4724 3518 4788 apparerent,
3553 4732 3646 4786 per

2064 4828 2194 4883 quas
2222 4813 2396 4867 solent
2426 4812 2548 4865 boni
2578 4810 2878 4873 ambulare,
2922 4825 3026 4863 non
3066 4818 3363 4879 quaerentes
3391 4824 3481 4863 sua
3504 4851 3517 4873 ,
3550 4810 3641 4864 sed

2063 4904 2258 4960 Christi
2290 4903 2543 4977 (Philipp.
2566 4920 2621 4964 ιι,
2649 4903 2760 4974 20).
2793 4902 2946 4956 Exuit
2971 4902 3101 4955 enim
3136 4918 3214 4955 me
3244 4901 3374 4956 stola
3403 4916 3422 4955 :
3456 4910 3641 4955 aucto-

2062 4997 2219 5051 ritate
2254 4997 2500 5067 pristina,
2535 4996 2616 5051 cui
2644 4996 2760 5051 cedi
2788 4996 2956 5061 solet;
2998 4994 3137 5065 quod
3175 4994 3431 5063 contingit
3467 4994 3643 5048 multi-

2065 5088 2247 5144 tudine
2288 5097 2342 5144 et
2382 5089 2769 5145 consuetudine
2812 5098 3163 5158 peccatorum
3192 5087 3527 5156 praevalente.
3576 5085 3640 5139 Et

2052 5182 2245 5251 jaculis
2281 5182 2387 5236 suis
2430 5180 2706 5235 vulneravit
2740 5197 2817 5234 me
2851 5195 2868 5233 :
2908 5177 3185 5248 praeceptis
3206 5218 3219 5241 ,
3265 5177 3457 5247 quibus
3487 5175 3639 5229 video

2064 5272 2197 5326 mala
2218 5312 2233 5338 ,
2260 5281 2315 5327 et
2339 5272 2460 5341 quia
2487 5286 2733 5327 coercere
2774 5285 2876 5324 non
2904 5284 3118 5339 possum
3142 5309 3156 5333 ,
3186 5266 3413 5321 crucior.
3445 5267 3639 5319 Abusus

2062 5372 2132 5420 est
2159 5381 2239 5418 me
2261 5365 2385 5419 sicut
2414 5362 2569 5418 voluit
2603 5379 2621 5417 :
2658 5362 2815 5417 etiam
2846 5360 3144 5415 calamitate
3180 5366 3234 5412 et
3272 5358 3484 5412 miseria
3524 5373 3639 5412 mea

2062 5472 2188 5513 usus
2217 5465 2300 5512 est
2326 5457 2391 5511 ad
2417 5455 2673 5527 justitiam
2708 5470 2856 5510 suam
2893 5454 3059 5517 Deus,
3089 5453 3229 5507 sicut
3256 5452 3438 5505 voluit.
3481 5449 3641 5504 Dolo-

2062 5551 2196 5604 ribus
2217 5550 2466 5603 involutus
2491 5564 2600 5600 sum
2625 5563 2644 5600 :
2669 5554 2724 5601 et
2749 5547 2802 5600 in
2830 5560 2935 5609 me,
2964 5554 3017 5599 et
3041 5544 3093 5598 in
3125 5544 3242 5597 aliis
3268 5543 3455 5612 patior.
3488 5541 3637 5596 Foris

2060 5657 2270 5714 pugnae,
2297 5641 2437 5695 intus
2464 5626 2678 5693 timores
2709 5636 2775 5710 (ll
2794 5635 2911 5693 Cor.
2936 5652 3028 5701 vn,
3057 5636 3134 5706 5).
3166 5634 3293 5701 Quis
3318 5634 3637 5701 inﬁrmatur,

2060 5744 2115 5792 et
2137 5750 2238 5806 ego
2266 5750 2370 5789 non
2397 5733 2635 5789 inﬁrmor
2663 5731 2770 5803 (Id.
2801 5748 2883 5799 χι,
2915 5731 3046 5803 29)?
3078 5730 3145 5785 Et
3172 5732 3416 5785 iterantur
3442 5728 3640 5784 dolores

2059 5830 2178 5898 mei,
2208 5828 2416 5885 discedit
2443 5829 2571 5883 sicut
2602 5827 2836 5899 spiritus,
2866 5844 2979 5899 spes
3004 5845 3132 5884 mea.
3164 5827 3324 5896 Quasi
3361 5826 3516 5882 inane
3543 5824 3641 5879 ali»
