4110 6448
357 488 483 531 mea
509 488 524 528 τ
547 469 873 545 adulatores.
900 466 1025 535 Quis
1050 466 1130 522 det
1151 464 1291 521 nobis
1320 473 1373 521 ut
1395 464 1629 521 carnibus
1653 464 1763 536 ejus
1790 466 1947 521 satie-

357 585 468 624 mur
483 567 510 622 7
530 582 647 622 cum
674 567 797 620 satis
821 565 975 618 bonus
1003 577 1190 618 essem:
1209 568 1266 615 ut
1292 561 1623 617 imitarentur
1646 559 1950 615 felicitatem

358 658 625 727 carnalem
672 657 726 712 in
771 670 876 711 me.
913 653 1028 709 Non
1059 661 1234 707 tamen
1270 652 1384 706 haec
1418 651 1590 723 gessi;
1621 668 1685 705 nc
1713 651 1951 721 dicerent

357 752 502 809 enim
525 750 661 817 huic,
681 764 789 805 non
812 764 897 805 me
926 747 1227 819 praebebam
1260 747 1312 801 in
1344 745 1534 807 talibus
1561 746 1777 819 bonum.
1801 744 1949 800 Foris

357 864 459 902 non
498 845 729 905 madebat
774 841 1342 915 hospes:recipiebam
1386 841 1720 911 peregrinum
1758 838 1811 893 in
1851 854 1952 894 sce-

357 939 495 995 culo.
548 938 697 1003 Quod
736 937 781 990 si
823 945 871 997 et
918 946 1099 1005 sponte
1140 951 1382 1006 peccans,
1414 934 1650 989 abscondi
1677 934 1950 1002 ,‘peccatum

358 1048 540 1099 meum.
569 1030 875 1097 Voluntarie
905 1028 1046 1097 enim
1076 1027 1421 1099 peccantibus
1452 1025 1607 1081 nobis
1627 1068 1639 1091 ,
1665 1034 1948 1095 postquam

357 1122 659 1191 accepimus
702 1120 977 1181 scientiam
1023 1118 1256 1189 veritatis
1312 1116 1490 1188 (Hebr.
1539 1132 1605 1187 ξ,
1634 1117 1750 1187 26).
1782 1116 1878 1169 Aut
1908 1117 1951 1170 si

371 1214 539 1271 dimisi
582 1213 841 1281 inﬁrmum
885 1212 999 1269 sinu
1033 1227 1189 1264 vacuo
1237 1209 1370 1265 exire
1412 1210 1629 1278 januam
1672 1218 1952 1267 meam:ut

359 1307 482 1377 ideo
527 1305 713 1361 exierit
736 1304 976 1375 januam,
1010 1305 1129 1374 quia
1162 1304 1278 1358 sinu
1308 1317 1475 1356 vacuo
1521 1302 1635 1369 fuit.
1667 1301 1790 1365 Quis
1829 1303 1952 1367 mihi

361 1399 546 1465 tribuat
582 1397 899 1463 auditorem?
919 1396 1047 1462 Quis
1090 1395 1217 1450 mihi
1248 1403 1465 1465 praestet
1496 1402 1553 1448 ut
1578 1393 1800 1461 audiar?
1833 1394 1950 1449 Ma-

357 1505 477 1561 num
504 1488 710 1555 Domini
738 1488 781 1541 si
810 1504 909 1557 non
939 1488 1082 1541 timui
1105 1502 1123 1540 :
1148 1502 1249 1557 qua
1292 1487 1537 1555 scripsit,
1570 1486 1628 1539 Si
1668 1503 1767 1540 non
1797 1487 1951 1540 diuti-

357 1580 551 1645 seritis,
584 1596 672 1632 nec
700 1578 856 1632 Pater
889 1589 1046 1645 vester
1077 1578 1289 1631 dimittet
1322 1578 1456 1631 vobis
1488 1576 1698 1649 (Matth.
1728 1594 1810 1645 γι,
1838 1578 1947 1648 15).

358 1672 786 1744 Conscriptioneat
824 1672 866 1725 si
903 1688 1054 1742 quant
1084 1670 1240 1723 habeo
1269 1686 1287 1725 :
1321 1670 1453 1725 ordo
1474 1712 1487 1736 ,
1521 1670 1951 1739 Conscriptiouem

358 1765 400 1817 si
436 1780 590 1833 quam
630 1763 803 1818 habeo.
830 1760 901 1815 Et
947 1763 991 1829 si
1031 1779 1132 1816 non
1162 1762 1357 1832 disrupi
1397 1778 1505 1814 eam
1540 1778 1690 1831 super
1722 1761 1952 1819 humeros

358 1871 511 1923 meos,
539 1864 585 1908 et
615 1866 884 1923 coronatus
926 1855 1087 1925 legam
1117 1870 1266 1924 super
1292 1854 1520 1907 humeros
1558 1869 1688 1919 meos
1720 1852 1886 1907 levans
1928 1870 1945 1907 .'

358 1958 410 2015 et
453 1956 735 2002 coronatus
774 1946 979 2015 publice
1010 1947 1177 2015 legam
1201 1986 1215 2012 ,
1248 1944 1299 1999 id
1331 1955 1439 2009 est,
1473 1945 1729 2001 adversus
1760 1944 1950 1999 faciem

358 2052 551 2111 meam.
586 2038 825 2095 Statuam
847 2046 894 2090 te
921 2045 1038 2091 ante
1065 2037 1250 2107 faciem
1293 2045 1427 2090 tuam
1456 2035 1627 2107 (Psal.
1660 2052 1805 2101 XLIX,
1835 2036 1951 2105 9.1).

359 2129 491 2196 Quia
516 2129 695 2199 populi
726 2144 920 2183 corona
948 2127 1279 2201 confundar;
1313 2128 1431 2199 quia
1468 2142 1571 2187 non
1602 2126 1699 2187 feci
1728 2126 1951 2183 manda-

358 2227 469 2283 tum
498 2219 739 2285 Domini,
770 2218 909 2290 quod
938 2234 1023 2274 me
1053 2218 1241 2273 fecisse
1270 2219 1377 2287 jam
1406 2217 1642 2291 dixeram
1666 2260 1678 2283 ,
1710 2219 1952 2290 negando

358 2311 531 2381 primo
567 2328 653 2371 me
697 2312 894 2385 habere
930 2312 1378 2383 conscriptionem
1400 2353 1413 2379 ,
1446 2327 1564 2389 qua:
1595 2313 1726 2366 mihi
1771 2323 1955 2384 postea

357 2404 628 2477 obiicitur.
658 2404 720 2459 Si
749 2421 900 2479 super
934 2421 1012 2458 me
1052 2420 1274 2475 unquam
1321 2413 1454 2471 terra
1499 2406 1725 2476 gemuit:
1754 2406 1953 2476 stipen-

357 2495 511 2571 diarii
543 2497 794 2571 Ecclesia:
814 2539 829 2563 ,
857 2495 997 2567 quod
1023 2496 1193 2551 malus
1222 2510 1362 2567 sum.
1396 2496 1497 2565 Aut
1546 2498 1674 2551 sulci
1704 2499 1815 2568 ejus
1845 2498 1958 2567 plo-

355 2600 591 2646 raverunt
641 2590 792 2645 simul
831 2606 848 2644 :
886 2605 990 2661 quo
1047 2590 1251 2661 semina
1301 2590 1657 2661 recipiuntur,
1711 2599 1765 2645 et
1818 2591 1957 2645 unde

357 2681 560 2747 fructus
587 2681 819 2748 dantur;
850 2681 968 2751 quia
998 2690 1052 2735 et
1088 2681 1263 2738 malus
1287 2696 1401 2736 sum
1424 2723 1438 2747 ,
1481 2692 1534 2737 et
1573 2682 1711 2736 mala
1751 2683 1955 2737 semina

358 2774 687 2829 seminabam
714 2790 729 2827 :
757 2772 883 2835 ideo
913 2772 1085 2829 simul.
1115 2770 1217 2843 Aut
1243 2773 1286 2825 si
1308 2781 1354 2825 et
1379 2773 1609 2826 virtutem
1634 2774 1741 2842 ejus
1767 2775 1957 2827 comedi

358 2869 497 2935 solus
538 2869 645 2922 sine
686 2868 889 2937 pretio:
936 2867 1046 2936 ipsa
1094 2865 1491 2939 misericordia,
1535 2880 1636 2937 qua
1682 2866 1959 2937 participat

360 2959 712 3029 catechizanti
737 2959 827 3033 qui
853 2957 1211 3031 catecltisatttr
1241 2955 1439 3035 (Galat.
1464 2972 1517 3011 v1
1542 2999 1557 3024 ,
1591 2955 1644 3027 6)
1665 2974 1681 3035 ;¹
1709 2958 1807 3010 hoc
1838 2966 1918 3010 est
1938 2998 1953 3022 ,

365 3052 534 3121 solus,
582 3066 690 3115 non
742 3050 1044 3125 retribucps
1083 3050 1131 3119 ei
1174 3048 1264 3127 qui
1310 3048 1480 3121 daret.
1510 3047 1609 3117 Aut
1649 3049 1691 3117 si
1740 3048 1960 3111 animum

361 3141 567 3215 Domini
610 3151 754 3197 terrae
794 3141 1044 3210 decipiens
1083 3140 1369 3194 contristavi
1412 3155 1431 3193 :
1468 3153 1575 3192 non
1620 3153 1705 3211 me
1744 3138 1958 3207 dignum

365 3238 626 3293 exb’Jiens
674 3235 909 3307 passioni
964 3234 1078 3304 ejus
1118 3233 1206 3303 qui
1262 3248 1358 3304 pro
1401 3247 1488 3287 me
1526 3231 1756 3286 animam
1806 3230 1956 3285 fudit.

363 3328 542 3389 Nolite
572 3328 920 3389 constristare
945 3326 1199 3396 Spiritum
1240 3332 1481 3379 sanctum
1511 3323 1563 3377 in
1606 3338 1701 3379 vos
1732 3320 1958 3393 (Ephes.

364 3437 440 3487 tv,
468 3420 537 3491 30
555 3419 595 3492 ).
626 3418 731 3473 Pro
751 3419 912 3472 tritico
940 3418 1180 3493 germinet
1208 3416 1328 3470 mihi
1350 3417 1516 3469 urtica
1562 3430 1698 3486 :pro
1716 3415 1962 3486 spirituae

365 3515 509 3581 libus
542 3513 850 3587 doctoribus
885 3510 1123 3586 magistri
1146 3508 1493 3581 prurientium
1515 3507 1698 3579 audith
1727 3522 1819 3577 ppr
1839 3521 1965 3569 con-

368 3607 674 3663 fricatioucs
692 3606 968 3679 hominum
990 3610 1171 3673 mente
1190 3610 1582 3671 corruptorum,
1603 3608 1656 3669 et
1683 3614 1711 3671 ξι
1738 3600 1964 3671 veritate

367 3701 741 3756 destitutorum
783 3698 825 3772 (l
847 3696 981 3767 Tim.
1008 3711 1083 3762 vt,
1111 3696 1188 3765 5).
1217 3693 1282 3747 Et
1323 3710 1412 3763 pro
1440 3693 1626 3759 hordeo
1649 3692 1795 3761 spina
1825 3706 1842 3745 :
1867 3706 1965 3763 pro

368 3791 668 3867 carnalibus
732 3788 1101 3851 obedientibus
1168 3795 1474 3855 peccatores
1531 3794 1584 3839 et
1636 3785 1961 3839 resistentes.

372 3882 499 3945 Erat
523 3882 652 3953 enim
688 3878 786 3935 Job
814 3880 865 3933 in
908 3885 1174 3953 conspectu
1214 3893 1305 3951 suo
1336 3877 1546 3947 justus;
1594 3875 1646 3947 in
1684 3874 1964 3929 conscien-

374 3975 449 4049 tia
476 3988 590 4038 sua.

444 4085 554 4158 [ιιι.
584 4082 785 4155 xum]
810 4082 980 4157 Verba
1014 4081 1131 4135 Elin
1159 4078 1377 4143 Buzitis.
1412 4074 1551 4131 Deus
1576 4076 1752 4147 abjecit
1780 4078 1795 4106 ¹
1832 4092 1961 4145 eum,

374 4188 423 4234 et
465 4196 569 4235 non
594 4180 705 4232 vir:
733 4186 789 4235 ut
815 4176 954 4233 hanc
980 4174 1151 4231 dicam
1177 4186 1389 4239 causam
1410 4210 1425 4237 ,
1454 4185 1549 4227 cur
1590 4169 1869 4224 tacuerint.
1900 4168 1967 4233 Et

378 4270 691 4326 sermonibus
732 4268 907 4322 vestris
948 4282 1047 4319 non
1086 4248 1393 4335 respondebo
1428 4262 1491 4314 ei.
1520 4261 1632 4330 Ego
1671 4262 1811 4315 enim
1842 4259 1967 4314 talia

376 4363 583 4429 dicam,
631 4368 691 4416 ut
728 4358 893 4423 mibi,
931 4354 1377 4427 quemadmodum
1415 4353 1598 4418 vobis,
1642 4351 1967 4421 reSpomlerc

375 4469 483 4517 non
522 4452 705 4523 possit.
762 4451 896 4523 Quia
917 4465 1034 4517 ergo
1066 4445 1374 4517 exspectavi,
1398 4454 1443 4498 et
1479 4460 1579 4497 non
1622 4452 1738 4515 sunt
1775 4442 1967 4515 locuti;

376 4544 526 4613 quasi
555 4543 622 4605 ad
649 4542 749 4601 Job
787 4554 1078 4599 conversus
1122 4537 1269 4595 dicit.
1310 4534 1491 4589 Venter
1524 4550 1664 4588 meus
1702 4534 1827 4587 siluit
1859 4542 1969 4597 uter

378 4646 539 4699 nursia
589 4636 787 4705 plenus.
817 4629 1174 4697 commendat
1217 4628 1357 4681 hunc
1402 4625 1705 4693 Scriptura,
1745 4623 1868 4693 quia
1916 4623 1967 4695 in

378 4727 937 4798 prophetialocutnrus
955 4725 1041 4778 sit.
1067 4720 1132 4775 Et
1155 4721 1303 4775 veluti
1331 4718 1467 4789 [ollis
1486 4718 1654 4771 (trarii
1675 4716 1933 4786 disruptus
1948 4732 1966 4769 :

382 4819 447 4881 ad
487 4818 730 4881 duritiam
768 4813 1076 4871 solvendam
1098 4854 1111 4878 ,
1141 4812 1207 4867 de
1236 4810 1286 4865 vi
1315 4810 1536 4877 loquor;
1568 4807 1688 4859 inde
1717 4816 1770 4861 ct
1808 4808 1970 4861 iratus

379 4911 589 4969 dicitur.
621 4910 736 4975 Non
765 4909 908 4973 enim
938 4922 1071 4976 Opus
1106 4911 1247 4973 esset
1269 4911 1322 4955 ut
1352 4916 1449 4971 ego
1493 4900 1760 4971 loquerer,
1792 4898 1832 4953 si
1865 4915 1959 4955 vos

378 5004 429 5060 ei
460 4999 1109 5077 responderitisiAlioquin
1136 5006 1182 5059 et
1210 5011 1286 5059 me
1312 4995 1457 5057 tinea:
1482 4992 1632 5075 edent
1666 5007 1684 5045 :
1720 5001 1808 5057 aut
1836 4992 1971 5065 sicut

384 5115 481 5157 vos
511 5108 600 5159 aut
628 5100 766 5175 sicut
791 5112 978 5167 omnes
1006 5094 1092 5165 qui
1123 5092 1384 5157 mirantur
1404 5102 1682 5161 personas.

452 5213 559 5287 [1b.
606 5210 819 5283 χχχιιι]
851 5209 1100 5264 Mandant
1127 5216 1199 5260 est
1227 5221 1313 5259 cor
1341 5219 1507 5258 meum
1545 5202 1599 5255 in
1638 5201 1797 5255 verbis
1822 5215 1841 5255 :
1865 5215 1968 5255 non

381 5309 591 5379 duplex.
628 5307 851 5377 Spiritus
882 5306 1076 5358 divinus
1097 5303 1183 5371 qui
1206 5316 1280 5353 me
1306 5299 1459 5369 fecit»:
1482 5295 1763 5361 subaudis,
1784 5303 1895 5360 est;
1916 5302 1971 5346 ut

381 5403 484 5467 sit,
517 5401 745 5471 Spiritus
787 5399 984 5451 divinus
1022 5405 1101 5449 est
1146 5395 1229 5462 qui
1259 5409 1335 5444 me
1376 5392 1506 5458 fecit.
1544 5388 1810 5451 Quomodo
1854 5403 1969 5455 ergo

381 5493 510 5547 dicis
530 5535 543 5555 ,
573 5489 753 5544 Justus
783 5506 923 5553 sum,
954 5498 1000 5541 et
1036 5503 1133 5539 non
1168 5482 1421 5537 exaudivit
1466 5480 1577 5532 me?
1596 5478 1746 5546 quasi
1780 5474 1971 5529 adver-

384 5588 527 5641 sario
548 5586 741 5639 dixerit
761 5583 879 5637 Job.
907 5579 1075 5637 Semel
1106 5578 1233 5632 enim
1262 5575 1478 5644 loquitur
1513 5571 1792 5623 Dominus:
1822 5566 1973 5636 quasi

384 5681 717 5734 vocationem
755 5677 990 5731 omnium
1029 5674 1292 5743 iustorum
1324 5665 1491 5724 semel
1535 5664 1656 5719 fecit
1696 5661 1969 5725 Dominus,

356 5776 367 5825 1
449 5848 1054 5920 suamnam

1785 347 1991 427 manu
2025 349 2224 423 unus.

3536 362 3644 422 862

2059 476 2113 527 et
2145 468 2505 541 temporaliter
2541 469 2682 527 circa
2706 470 2942 541 singulos
2978 470 3083 543 hoc
3118 472 3225 546 agit
3249 473 3426 547 divina
3463 478 3641 549 provi-

2058 560 2253 623 dentia.
2285 561 2388 618 Per
2408 563 2685 631 somnium,
2709 572 2795 627 aut
2837 565 2891 619 in
2914 564 3196 635 visitatione
3223 575 3506 631 nocturna:
3549 579 3643 627 aut

2060 652 2110 710 in
2138 654 2431 725 ignorantia
2454 664 2543 725 aut
2560 656 2610 710 in
2636 655 2993 713 tribulatione.
3020 657 3118 723 Aut
3142 659 3269 714 sicut
3286 660 3460 715 incidit
3479 677 3642 723 swvus

2058 744 2206 813 timor
2229 746 2281 799 in
2310 747 2550 813 homines,
2572 765 2685 801 cum
2711 748 2964 804 dormiunt
2985 752 3035 804 in
3054 752 3295 821 cubiculis
3319 767 3338 806 :
3362 754 3556 817 securi.
3576 755 3642 808 Et

2058 852 2239 911 corpus
2261 839 2367 909 ejus
2384 856 2414 893 a
2438 841 2585 893 ruina
2602 851 2741 897 eruat
2761 857 2778 909 ς
2798 843 3049 911 translate
3064 844 3195 898 sicut
3212 859 3351 911 ossa.
3372 844 3438 905 Et
3462 863 3641 917 peper—

2057 928 2122 982 cit
2144 930 2327 999 anima:
2343 932 2448 1001 ejus
2465 948 2495 995 ᾳ
2521 940 2676 987 morte
2695 948 2835 999 :eum
2856 950 2978 1005 eum
3000 937 3340 1007 converterit,
3367 946 3548 1007 parcet
3570 939 3637 991 ei.

2061 1021 2191 1089 Quia
2217 1032 2475 1076 venturum
2517 1034 2588 1081 est
2618 1024 2829 1091 bellum,
2860 1037 2904 1079 et
2934 1027 3111 1081 iterum
3138 1037 3311 1100 arguet
3341 1045 3452 1082 eum
3478 1028 3529 1081 in
3562 1028 3641 1081 in-

2058 1113 2295 1181 ﬁrmitate
2317 1116 2369 1167 in
2397 1114 2548 1168 cubili
2573 1133 2589 1169 :
2612 1125 2731 1185 post
2758 1118 3159 1185 conversionem
3188 1118 3295 1188 jam
3323 1120 3544 1189 probat,
3576 1136 3644 1174 nc

2057 1202 2124 1258 de
2146 1219 2204 1257 se
2228 1214 2531 1274 praesumat.
2557 1206 2623 1259 Et
2648 1208 2911 1260 multitudo
2927 1209 3111 1261 ossium
3135 1209 3243 1278 ejus
3266 1209 3503 1262 emarcuit
3525 1226 3544 1264 :
3580 1209 3641 1262 li-

2056 1294 2207 1371 ducia
2227 1295 2293 1349 de
2319 1312 2395 1349 se.
2429 1298 2733 1368 Onmemque
2757 1316 2917 1352 escam
2944 1317 3042 1353 non
3070 1301 3245 1369 poterit
3270 1316 3463 1354 sumere
3481 1317 3499 1353 :
3518 1315 3642 1354 ροη-

2057 1390 2369 1443 solutionem
2392 1391 2457 1445 de
2488 1393 2882 1462 temporalibus.
2907 1392 2970 1445 Et
2991 1392 3242 1449 renovabit
3263 1410 3447 1463 corpus
3472 1410 3641 1459 suum,

2057 1482 2183 1547 sicut
2216 1482 2365 1549 litura
2394 1485 2446 1537 in
2474 1485 2694 1554 pariete:
2724 1487 3069 1541 mutationem
3104 1486 3221 1539 vitm
3247 1494 3328 1539 :ct
3354 1485 3440 1541 hic
3467 1496 3641 1540 trans-

2060 1574 2199 1643 late,
2262 1585 2475 1645 propter
2515 1577 2823 1641 auliﬁeium,
2872 1577 2921 1631 id
2967 1585 3076 1645 est,
3121 1578 3171 1630 iu
3215 1578 3541 1633 societatem.
3577 1577 3644 1632 Et

2058 1668 2246 1719 molliet
2281 1686 2451 1723 carnes
2478 1686 2593 1723 suas
2623 1670 2749 1721 sicut
2777 1670 2972 1740 parvuli
2995 1685 3013 1723 :
3040 1685 3107 1725 ne
3144 1669 3214 1725 sit
3248 1670 3410 1724 durus
3450 1684 3641 1740 super-
3674 1669 3681 1681 '

2059 1759 2142 1813 bia
2166 1802 2178 1825 ,
2207 1760 2495 1814 secundum
2523 1761 2662 1833 quod
2686 1762 2799 1829 Elin
2822 1762 3051 1826 videtur,
3088 1770 3319 1815 tentatur
3345 1760 3444 1815 Job
3470 1760 3642 1819 humi.

2059 1849 2123 1903 lis
2154 1866 2248 1920 per
2278 1851 2693 1921 innovatiouem.
2738 1851 2798 1904 Et
2831 1854 3031 1905 intravit
3054 1853 3183 1924 [acie
3205 1853 3355 1905 hilari
3383 1869 3495 1921 cum
3526 1868 3642 1923 pro—

2058 1945 2272 2014 fessione
2297 1962 2312 1997 :
2338 1956 2549 2013 paratus
2572 1945 2635 1997 ad
2662 1946 3002 2002 tcntationes.
3034 1944 3191 2001 Salva
3210 1946 3433 1998 animant
3454 1963 3636 2012 meam,

2059 2051 2121 2099 ne
2151 2036 2344 2105 veniam
2368 2036 2421 2088 in
2449 2038 2858 2105 corruptionem:
2888 2037 2973 2105 hic
3005 2038 3224 2090 tentatio
3255 2038 3459 2091 mortis.
3504 2036 3643 2091 Vices

2062 2138 2157 2199 tres
2182 2146 2295 2181 cum
2322 2130 2426 2182 viro
2450 2146 2468 2183 :
2496 2130 2859 2199 conversionis
2880 2172 2894 2198 ,
2925 2129 3272 2199 probationis,
3305 2129 3510 2184 mortis.
3538 2128 3644 2184 Sed

2060 2221 2186 2293 erui;
2212 2222 2433 2292 animum
2473 2238 2635 2289 meam
2671 2222 2731 2274 de
2756 2230 2947 2291 morte:
2974 2221 3092 2292 quia
3116 2220 3289 2275 adhuc
3318 2220 3431 2283 haec
3459 2219 3644 2275 mortis

2058 2321 2245 2385 restat,
2280 2311 2348 2366 Ut
2390 2313 2561 2381 anima
2603 2329 2711 2367 mea
2748 2313 2800 2381 in
2840 2312 3030 2366 lumine
3075 2311 3325 2365 collaudet
3365 2328 3496 2365 eum.
3528 2310 3645 2367 Jam

2061 2419 2187 2476 ergo
2214 2406 2483 2469 orationes
2506 2406 2811 2475 cessabunt,
2836 2405 2956 2475 quia
2983 2404 3122 2475 nulla
3155 2405 3256 2458 erit
3282 2404 3588 2475 indigentia.

2132 2492 2231 2567 [lb.
2267 2493 2475 2568 xxxrv.]
2504 2494 2828 2565 Respondens
2852 2506 3016 2548 autem
3040 2495 3179 2565 Elia,
3204 2495 3349 2547 dixit.
3370 2494 3646 2562 Quomodo

2062 2590 2273 2659 dicitur,
2317 2589 2382 2643 Et
2422 2576 2633 2659 adjecit.
2680 2590 2744 2642 Et
2774 2591 2858 2659 qui
2895 2590 3083 2642 habetis
3123 2590 3402 2657 scientiam,
3443 2590 3647 2644 auribus

2063 2681 2298 2751 percipite
2330 2697 2347 2733 :
2381 2680 2763 2751 spiritualibus.
2797 2682 2929 2746 Quia
2966 2682 3103 2735 auris
3141 2698 3390 2736 sermones
3433 2682 3648 2752 probat:

2063 2773 2160 2827 ista
2204 2774 2449 2839 carnalis.
2483 2773 2617 2839 Quid
2643 2784 2716 2828 est
2758 2772 2960 2840 bonum,
3009 2775 3126 2843 quia
3155 2774 3282 2827 dixit
3323 2772 3444 2841 Job,
3472 2772 3649 2827 Justus

2061 2866 2216 2920 sum?
2245 2866 2381 2932 Quid
2408 2865 2533 2937 boni
2582 2865 2714 2921 dixit
2758 2866 2876 2935 quia
2918 2865 3082 2919 dixit?
3125 2865 3187 2919 Et
3216 2866 3264 2918 in
3304 2866 3500 2935 judicio
3539 2882 3649 2921 meo

2062 2958 2299 3027 mentitus
2327 2964 2416 3009 est.
2444 2957 2578 3025 Hinc
2607 2964 2709 3022 cst,
2732 2954 2841 3027 Ego
2870 2956 2997 3009 bona
3037 2955 3365 3026 praestolabar
3396 2954 3514 3026 (Job
3544 2971 3651 3009 xxx

2062 3048 2153 3118 26)
2186 3067 2196 3101 :
2229 3048 2349 3121 ideo
2379 3058 2576 3118 prazter
2611 3062 2760 3121 Spem
2782 3088 2795 3113 ,
2826 3047 2963 3117 quod
2988 3056 3087 3114 est,
3123 3048 3373 3113 mentitus
3395 3056 3496 3115 est.
3531 3046 3655 3111 Quis

2067 3152 2135 3195 est
2158 3143 2232 3194 vir
2249 3150 2302 3193 ut
2325 3137 2468 3193 Job?
2495 3138 2681 3193 Adbuc
2706 3139 2863 3192 verba
2890 3138 2989 3192 Job
3009 3147 3149 3193 sunt.
3181 3136 3324 3191 Discit
3352 3138 3502 3203 enim,
3533 3134 3657 3191 Non

2065 3235 2350 3290 visitabitur
2378 3235 2464 3305 qui
2506 3233 2836 3301 ambulaverit
2862 3250 2975 3287 cum
3005 3231 3131 3285 Deo.
3177 3230 3273 3286 llic
3316 3231 3463 3293 illum
3511 3237 3657 3301 putat

2065 3327 2347 3397 deceptum
2369 3368 2384 3394 ,
2429 3326 2551 3396 quia
2594 3325 2695 3379 hoc
2724 3339 2945 3393 sperans
2972 3323 3059 3376 illa
3098 3322 3273 3375 omnia
3304 3321 3490 3376 fecerit
3522 3338 3534 3373 :
3568 3328 3659 3374 aut

2066 3429 2237 3493 certe,
2266 3417 2405 3488 quod
2434 3417 2485 3471 in
2514 3416 2713 3481 bonum
2741 3431 2847 3485 non
2877 3422 3026 3484 putat
3046 3412 3246 3481 visitari
3276 3427 3395 3466 eum
3420 3412 3509 3481 qui
3540 3425 3657 3463 am-

2066 3510 2329 3577 bulaverit
2356 3523 2477 3563 cum
2509 3506 2755 3575 Dominoi
2786 3504 2925 3557 Absit
2963 3520 2993 3555 a
3022 3502 3235 3565 Domino
3266 3502 3499 3575 impietas
3523 3517 3541 3553 :
3570 3508 3661 3554 aut

2068 3613 2127 3658 ut
2153 3618 2257 3669 non
2302 3602 2480 3657 visitet
2506 3600 2558 3653 in
2588 3598 2750 3665 bono,
2781 3598 2867 3668 qui
2896 3611 3015 3649 eum
3043 3611 3107 3650 eo
3139 3595 3522 3663 ambulaverit;
3569 3600 3661 3655 aut

2069 3672 2228 3765 etiam
2273 3694 2317 3765 si
2361 3691 2655 3746 visitaverit
2696 3689 2747 3742 in
2798 3687 3108 3761 tentatione,
3164 3685 3326 3756 impie
3375 3693 3429 3740 et
3468 3684 3661 3754 injuste

2070 3795 2209 3859 agat.
2240 3784 2440 3853 Impius
2467 3791 2539 3836 est
2560 3783 2644 3851 qui
2672 3780 2790 3834 dicit
2824 3780 2960 3850 regi,
2989 3777 3188 3849 Injuste
3224 3778 3351 3849 agis.
3378 3777 3456 3831 Tu
3478 3784 3658 3832 autem

2069 3897 2176 3945 non
2201 3879 2365 3933 debes
2394 3876 2520 3931 illud
2560 3874 2761 3945 dicere,
2785 3872 2873 3945 qui
2904 3887 3009 3926 non
3040 3887 3097 3939 cs
3142 3870 3351 3943 impius.
3383 3870 3546 3934 Bene,
3575 3868 3661 3939 qui

2070 3972 2224 4039 dicit;
2254 3985 2359 4023 non
2382 4009 2398 4037 ,
2427 3967 2515 4038 qui
2548 3965 2773 4031 dixerit,
2808 3980 2875 4018 ne
2897 3962 3004 4033 jam
3046 3962 3203 4033 etiam
3235 3962 3303 4015 ob
3348 3960 3449 4014 hoc
3478 3966 3618 4015 esset
3645 3976 3659 4012 :

2070 4061 2340 4134 quomodo
2381 4060 2593 4129 dicitur,
2626 4057 2847 4129 Factum
2878 4065 2958 4109 est
2979 4098 2993 4121 ,
3022 4056 3107 4126 qui
3148 4055 3248 4109 boe
3276 4054 3418 4109 facit.
3448 4052 3663 4125 lmpiis-

2071 4156 2217 4221 sime,
2270 4151 2627 4224 principibus:
2660 4158 2909 4219 tanquam
2954 4148 3173 4218 Angelis
3202 4146 3362 4212 dicat,
3404 4144 3515 4200 Nisi
3562 4144 3663 4198 Mi-

2071 4246 2224 4301 cbael
2252 4222 2497 4316 princeps
2524 4251 2721 4307 vester,
2746 4238 3059 4310 impiissime
3081 4237 3251 4308 agitis.
3284 4238 3385 4291 Aut
3406 4238 3445 4289 si
3473 4237 3540 4289 ita
3567 4237 3664 4289 im-

2073 4338 2311 4410 piissime
2340 4336 2533 4390 dicitur
2554 4332 2900 4404 principibus,
2925 4340 3122 4400 quanto
3148 4328 3309 4397 magis
3332 4326 3481 4397 regi?
3512 4327 3665 4381 Abusi

2072 4440 2187 4484 sunt
2218 4429 2345 4482 enim
2393 4426 2559 4495 inique
2597 4440 2708 4475 cum
2751 4420 3132 4476 excluderentur
3174 4418 3382 4485 inﬁrmi.
3424 4417 3557 4470 Male
3584 4415 3664 4471 usi

2072 4498 2197 4589 sunt
2224 4520 2530 4576 exclusione
2556 4531 2671 4581 sua,
2706 4530 2826 4579 cum
2860 4522 3075 4588 propter
3098 4512 3453 4566 inlirmitatcm
3482 4511 3665 4565 exclu-

2072 4588 2326 4677 derentur
2355 4610 2420 4663 ab
2456 4622 2514 4661 ea
2553 4607 2779 4671 visione,
2814 4620 2915 4676 qua
2942 4603 3188 4657 videntur
3209 4602 3384 4661 omnia
3417 4600 3666 4657 divinitus

2072 4702 2469 4761 ordinatissime
2505 4698 2738 4754 ordinari
2770 4706 2823 4752 et
2866 4693 3243 4763 administrari.
3280 4693 3334 4748 ln
3379 4707 3443 4748 eo
3488 4701 3665 4747 autem

2073 4797 2211 4853 male
2242 4794 2319 4848 usi
2350 4801 2506 4858 sunt,
2550 4790 2671 4861 quia
2700 4788 2943 4858 spiritum
2971 4800 3123 4846 suum
3156 4786 3300 4854 sequi
3331 4784 3663 4851 maluerunt,

2074 4892 2239 4946 Deum
2266 4889 2362 4942 ista
2391 4902 2496 4941 non
2529 4898 2715 4955 curare
2747 4902 2758 4936 :
2791 4898 2855 4935 ex
2878 4881 2979 4935 hoc
3006 4880 3147 4933 enim
3178 4879 3281 4932 illis
3306 4892 3436 4931 vane
3468 4877 3664 4942 veniet,

2075 4992 2130 5055 ut
2152 4960 2204 5036 in
2236 4975 2641 5051 necessitatibus
2665 4974 2774 5028 suis
2802 4973 3031 5028 clament
3055 4979 3108 5025 et
3146 4976 3333 5037 rogent
3372 4967 3664 5032 hominem,

2073 5052 2192 5132 cuni
2221 5076 2385 5128 Dento
2410 5085 2599 5141 rogare
2628 5067 2947 5123 debuerunt.
2990 5063 3165 5141 Neque
3186 5062 3277 5114 erit
3305 5060 3461 5122 locus,
3493 5068 3536 5110 et
3568 5076 3667 5112 non

2075 5178 2145 5224 est
2178 5146 2349 5221 umbra
2376 5164 2566 5227 mortis,
2592 5170 2645 5213 ut
2675 5161 2867 5213 latitent
2894 5157 2978 5226 qui
3016 5155 3207 5224 faciunt
3236 5152 3426 5221 iniqua.
3459 5150 3571 5203 Non
3601 5150 3665 5204 ad

2076 5234 2286 5314 hocest
2310 5255 2495 5311 umbra
2544 5252 2730 5321 mortis
2772 5258 2827 5302 ut
2870 5246 3075 5300 latitcnt
3108 5262 3118 5294 :
3151 5252 3205 5296 ut
3236 5250 3333 5305 est,
3372 5240 3490 5293 Non
3528 5256 3666 5293 senes

2077 5353 2255 5405 habent
2278 5349 2573 5418 sapientiam
2596 5343 2703 5415 (Id.
2736 5355 2910 5415 xxx",
2938 5338 3023 5405 9);
3044 5335 3161 5406 quia
3191 5349 3295 5387 non
3315 5338 3559 5387 senectus
3588 5338 3665 5383 est

2077 5459 2230 5499 causa
2262 5440 2531 5509 sapientia:
2572 5454 2582 5488 :
2617 5444 2691 5501 et,
2726 5432 3029 5497 Hcereticmn
3071 5444 3131 5485 ne
3167 5428 3353 5501 salutes
3390 5424 3409 5497 (
3439 5422 3538 5476 Tit.
3570 5437 3659 5487 ιιι,

2078 5540 2144 5594 10
2176 5540 2193 5607 )
2221 5580 2232 5603 ,
2278 5552 2344 5590 ne
2387 5533 2508 5588 inde
2530 5574 2542 5597 ,
2568 5546 2667 5601 qua
2698 5526 2980 5581 luereticus
3009 5529 3109 5576 est.
3145 5517 3212 5573 Et
3242 5526 3420 5573 evertet
3450 5524 3667 5579 noctem,

2078 5642 2122 5685 et
2173 5629 2564 5695 humiliabuntur
2601 5641 2619 5677 :
2671 5631 2725 5691 ut
2766 5636 2921 5693 supra
2964 5633 3058 5673 eos
3102 5617 3167 5671 sit
3205 5614 3344 5687 quod
3390 5613 3490 5669 sub
3539 5611 3671 5683 ipsis
3728 5670 3734 5682 ,

2079 5734 2229 5789 erat;
2272 5723 2325 5776 id
2360 5729 2472 5785 est,
2512 5724 2717 5790 premat
2760 5729 2850 5768 eos
2890 5710 3031 5785 quod
3082 5709 3353 5787 subditum
3394 5708 3498 5783 illis
3530 5712 3665 5775 erat.

2080 5816 2150 5889 Et
2192 5792 2445 5875 exstinxit,
2464 5812 2677 5891 impios;
2705 5809 2869 5885 lucere
2896 5805 2990 5862 sibi
3015 5806 3331 5885 videbqn'tur.‘
3439 5800 3671 5891 justitias
