4110 6440
382 381 487 441 866

385 490 658 547 bulatione
681 488 880 544 dictum
907 488 999 555 sit,
1029 488 1250 560 Tempus
1274 499 1346 543 est
1364 498 1417 544 ut
1431 489 1686 561 judicium
1713 489 1920 559 incipiat
1939 506 1971 542 a

384 597 532 636 como
570 578 777 634 Domini
809 578 860 651 (l
894 578 1034 634 Petr.
1077 595 1149 648 tv,
1182 577 1304 651 17).
1339 579 1405 633 Et
1431 580 1555 636 scito
1579 581 1697 650 quia
1722 579 1973 634 Dominus

383 690 483 729 non
510 672 709 742 abjiciel
737 672 1050 726 innocentem
1076 688 1095 727 :
1126 673 1367 742 quamvis
1389 673 1639 743 corripiat
1666 689 1822 743 quem
1848 673 1973 728 dili-

384 766 476 837 git,
506 774 558 819 et
588 764 816 833 ﬂagellet
840 779 1054 818 omnem
1085 764 1246 819 filium
1276 781 1433 835 quem
1462 765 1648 835 recipit
1671 764 1851 837 (Hebr.
1874 780 1971 833 xu,

382 858 462 929 6).
491 856 664 911 Fortis
688 859 864 911 robore
890 857 1078 923 cordis,
1102 874 1202 912 non
1228 859 1444 928 viviﬁcat
1468 859 1714 930 impium:
1735 859 1974 929 quamvis

385 950 451 1005 ad
484 961 693 1020 tempus
717 954 766 1005 ei
796 965 1017 1020 parcere
1041 950 1303 1006 videatur.
1338 951 1577 1019 Etbene,
1608 949 1774 1006 Fortis
1799 953 1976 1005 robore

385 1042 551 1096 cordis
570 1083 583 1107 ,
613 1042 734 1111 quia
772 1050 896 1095 tunc
923 1055 1043 1095 eum
1072 1057 1177 1095 non
1208 1041 1512 1107 viviﬁcabit,
1544 1041 1758 1111 quando
1800 1057 1933 1096 sera:
1955 1042 1973 1072 ¹

385 1132 712 1202 pmnitentia:
740 1132 913 1186 locum
942 1142 1146 1202 quaeret
1170 1148 1290 1187 cum
1316 1133 1585 1204 lacrymis,
1610 1142 1662 1188 et
1688 1147 1792 1188 non
1824 1133 1976 1188 inve-

386 1214 519 1289 niet,
548 1239 644 1279 nec
666 1223 844 1279 ﬂectet
866 1224 933 1279 ad
956 1225 1374 1280 misericordiam
1398 1225 1604 1281 fortiter
1623 1226 1973 1297 judicantem,

384 1332 541 1386 quem
560 1316 717 1371 modo
736 1317 1149 1373 misericorditer
1168 1320 1543 1375 admonentem
1561 1320 1877 1375 contemnit.
1908 1319 1978 1374 Et

379 1409 629 1482 judicium
644 1412 946 1481 pauperibus
959 1410 1131 1465 dabit:
1150 1427 1254 1481 quo
1260 1411 1500 1481 judicent
1514 1427 1606 1467 eos
1623 1428 1652 1467 a
1674 1412 1867 1483 quibus
1883 1426 1979 1482 pa-

388 1500 588 1556 tiuntur
624 1501 977 1571 iniquitatem.
1013 1502 1079 1556 Et
1105 1502 1240 1557 bene
1288 1520 1593 1574 pauperum,
1634 1514 1693 1559 ut
1734 1506 1977 1574 superius

384 1592 592 1663 impium
604 1593 822 1649 divitem
838 1593 1176 1665 intelligas,id
1190 1603 1272 1650 est
1287 1596 1571 1665 superbum
1583 1637 1593 1650 .
1604 1596 1726 1652 Non
1742 1599 1935 1668 auferet
1946 1615 1979 1652 a

382 1686 516 1757 justo
534 1687 703 1740 oculos
719 1688 846 1758 ejus.
869 1686 1041 1741 Etiam
1062 1704 1183 1742 cum
1196 1703 1316 1743 eum
1334 1690 1538 1743 velutin
1556 1688 1772 1745 fornace
1788 1691 1979 1761 probat

386 1778 677 1833 tentatione
704 1777 1059 1833 tribulationis
1086 1778 1271 1851 (Eccli.
1293 1796 1464 1847 xxvn,
1481 1778 1555 1853 6),
1577 1796 1683 1836 non
1704 1781 1751 1836 ei
1774 1782 1979 1838 auferet

386 1866 809 1939 intelligentiam,
824 1883 926 1939 qua
950 1870 1289 1940 cognoscitur
1306 1878 1359 1925 et
1381 1871 1571 1925 colitur
1582 1871 1745 1927 Deus.
1768 1873 1849 1926 Ex
1872 1886 1978 1943 quo

386 1962 517 2017 satis
538 1963 771 2017 ostendit
788 1963 1067 2033 impiorum
1094 1978 1303 2034 poenam
1325 1979 1445 2019 esse
1470 1965 1637 2034 ipsam
1657 1965 1974 2031 czccitatem,

385 2053 546 2107 etiam
570 2068 692 2108 cum
718 2053 927 2109 videtur
948 2055 1025 2109 eis
1050 2055 1211 2125 parci.
1244 2053 1312 2109 Et
1345 2071 1458 2109 cum
1496 2055 1695 2126 regibus
1730 2056 1784 2108 in
1809 2055 1937 2110 solio
1959 2071 1979 2111 :

386 2144 716 2211 subauditur,
746 2145 938 2201 sedere
976 2162 1071 2201 eos
1106 2147 1260 2213 fecit,
1294 2148 1397 2202 hoc
1435 2156 1517 2202 est
1539 2189 1553 2213 ,
1580 2147 1776 2217 justos.
1809 2148 1979 2218 Reges

387 2246 565 2290 autem
596 2237 724 2291 dicit
750 2238 837 2307 qui
865 2253 1085 2293 carnem
1122 2254 1271 2293 suam
1302 2248 1523 2309 regunt;
1551 2239 1694 2294 unde
1716 2249 1798 2295 est
1818 2241 1975 2308 illud,

389 2325 513 2390 Quis
544 2336 613 2380 est
638 2343 727 2381 rea:
754 2329 839 2395 qui
864 2329 1001 2382 vadit
1029 2332 1335 2385 committere
1359 2331 1542 2385 bellum
1581 2349 1693 2385 cum
1724 2333 1826 2386 alio
1865 2350 1981 2405 rege

389 2414 541 2488 (Luc.
570 2434 680 2485 xiv,
710 2419 944 2492 5i),etc.
980 2420 1049 2474 Et
1075 2422 1247 2477 sedere
1272 2440 1355 2478 eos
1395 2424 1511 2494 fecit
1555 2425 1606 2478 in
1645 2435 1941 2497 perpetuum
1961 2468 1977 2495 ,

390 2517 435 2561 et
464 2509 837 2564 exaltabuntur.
870 2513 934 2565 Et
961 2512 1046 2567 hic
1085 2514 1397 2569 subauditur
1425 2516 1567 2586 quod
1614 2532 1774 2589 supra
1814 2519 1978 2588 dixit,

388 2615 503 2653 cum
528 2601 723 2671 regibus
746 2603 798 2656 in
822 2604 969 2657 solio.
1002 2604 1381 2661 Emattabuntur
1420 2618 1597 2663 autem
1639 2610 1811 2679 dixit,
1842 2628 1980 2681 quo-

391 2690 533 2744 niam
563 2692 820 2747 humiliati
843 2704 985 2749 sunt.
1007 2694 1076 2749 Et
1100 2698 1185 2767 qui
1206 2699 1475 2769 compediti
1494 2710 1609 2755 sunt
1632 2703 1977 2773 compedibus.

391 2782 438 2835 A
464 2797 568 2851 quo
608 2783 818 2840 vinculo
847 2784 975 2840 dicit
1010 2787 1299 2857 Apostolus
1337 2790 1438 2845 sibi
1480 2792 1675 2847 bonum
1706 2809 1827 2849 esse
1866 2794 1979 2850 dis-

393 2871 527 2926 solvi
548 2914 562 2936 ,
594 2881 650 2929 et
672 2890 792 2930 esse
832 2892 953 2931 cum
993 2874 1205 2934 Christo
1238 2878 1503 2953 (Philipp.
1535 2898 1583 2949 ι,
1605 2882 1741 2953 23);
1774 2884 1825 2938 id
1867 2893 1978 2952 est,

394 2963 686 3018 retinacula
715 2966 875 3037 hujus
903 2968 1026 3023 vita
1047 3010 1061 3035 ,
1094 2970 1146 3023 in
1175 2985 1276 3039 qua
1304 2986 1497 3041 corpus
1521 2973 1663 3042 quod
1685 2975 1984 3045 corrumpi-

395 3060 501 3120 tur,
530 3068 777 3126 aggravat
806 3059 1037 3113 animam
1061 3060 1216 3131 (Sap.
1241 3078 1296 3116 ιχ
1317 3104 1331 3129 ,
1363 3064 1472 3135 15).
1503 3063 1780 3136 Capientur
1806 3066 1860 3120 in
1900 3067 1985 3137 fu-

394 3146 540 3201 nibus
555 3152 883 3219 paupertatis.
899 3152 1309 3210 Convincientur
1326 3156 1499 3227 longis
1509 3160 1979 3218 consuetudinibus

396 3237 807 3295 delectationum
837 3244 1163 3313 carnalium,
1188 3263 1306 3316 qua:
1348 3258 1473 3303 sunt
1511 3250 1579 3306 de
1621 3268 1803 3308 rerum
1840 3254 1980 3310 iudi-

394 3332 604 3402 gentia,
635 3334 825 3403 quibus
849 3337 1089 3393 mortalis
1113 3338 1219 3392 vita
1257 3350 1585 3397 sustentatur
1612 3353 1666 3399 et
1693 3346 1885 3416 agitur.
1914 3347 1983 3401 Et

395 3423 762 3478 annuntiantur
792 3428 860 3480 eis
884 3444 1038 3497 opera
1078 3445 1269 3483 eorum.
1297 3431 1413 3487 Non
1453 3433 1635 3504 utique
1664 3438 1800 3491 bona
1818 3479 1832 3503 ,
1866 3440 1982 3494 sive

394 3514 497 3570 ista
540 3518 651 3586 ipsa
691 3521 1223 3591 concupiscentialia,
1257 3523 1325 3580 de
1365 3526 1557 3596 quibus
1600 3528 1814 3597 dicitur,
1861 3531 1982 3586 Scio

393 3610 513 3678 quia
536 3626 635 3663 non
664 3610 853 3664 habitat
880 3613 935 3665 in
975 3630 1126 3668 carne
1154 3633 1266 3669 mea
1304 3617 1490 3672 bonum
1535 3619 1708 3692 (Rom.
1740 3639 1830 3691 vn,
1860 3626 1981 3696 18);

395 3716 512 3771 qua:
535 3704 743 3758 etiamsi
775 3720 878 3760 non
903 3716 1127 3777 regnent
1146 3709 1199 3763 in
1219 3720 1406 3767 nostro
1426 3716 1639 3769 mortali
1665 3731 1892 3786 corpore
1916 3719 1985 3775 ad

396 3793 753 3849 obediendum
789 3798 868 3851 eis
888 3839 901 3864 ,
932 3813 1041 3853 non
1087 3808 1264 3856 tamen
1303 3803 1497 3859 desunt
1523 3823 1536 3860 :
1559 3807 1671 3862 sive
1698 3809 1892 3878 quibus
1917 3811 1986 3866 ad

398 3885 514 3942 hare
548 3890 730 3945 venire
768 3890 929 3946 homo
962 3894 1155 3948 meruit
1191 3910 1257 3950 ex
1299 3898 1515 3954 traduce
1552 3902 1774 3970 peccati.
1806 3903 1873 3957 Et
1901 3905 1989 3958 de-

400 3978 537 4042 licta,
571 3996 685 4033 cum
711 3983 897 4053 fuerint
937 3984 1175 4039 roborati.
1206 3986 1324 4057 lpsa
1347 3998 1650 4062 suntopera
1682 4011 1799 4064 qua:
1827 4012 1988 4068 supra

397 4068 549 4124 dixit.
581 4070 696 4125 Non
727 4074 872 4128 enim
892 4074 1115 4131 inﬁrmis
1138 4077 1291 4133 facile
1317 4091 1540 4150 possunt
1563 4088 1900 4157 annuntiari,
1934 4090 1987 4145 id

399 4171 482 4215 est
512 4163 868 4232 manifestari;
896 4167 989 4221 sed
1020 4167 1086 4222 iis
1128 4170 1214 4239 qui
1257 4170 1367 4241 jam
1413 4174 1483 4227 ita
1525 4174 1899 4247 profecerunt,
1932 4190 1990 4237 ut

399 4254 709 4309 transierint
729 4272 942 4312 omnem
973 4259 1127 4313 istam
1150 4262 1509 4333 iniquitatem,
1540 4284 1659 4339 quas
1676 4271 1835 4342 vulgo
1864 4283 1988 4329 nota

400 4354 484 4400 est
517 4346 572 4400 in
608 4350 960 4417 apertissimis
984 4353 1233 4421 Operibus
1259 4353 1536 4426 ﬂagitiosis
1567 4369 1621 4415 et
1649 4360 1985 4420 facinorosis.

402 4435 507 4489 Sed
517 4437 716 4507 justum
736 4440 969 4494 exaudiet
986 4456 1134 4497 :eum
1156 4444 1361 4501 scilicet
1385 4448 1474 4517 qui
1495 4465 1559 4504 ex
1582 4450 1684 4507 fide
1702 4455 1829 4509 vivit
1850 4455 1991 4525 (Ha-

403 4526 513 4580 bac.
558 4544 616 4593 ιι,
645 4529 723 4599 4),
755 4539 809 4583 ut
844 4533 1027 4601 gratim
1063 4534 1155 4589 Dei
1194 4535 1441 4606 deputet,
1465 4556 1570 4595 non
1612 4545 1815 4599 meritis
1841 4547 1986 4614 suis,

402 4633 507 4672 non
527 4619 700 4674 solum
725 4622 866 4691 quod
894 4625 1183 4680 secundum
1207 4628 1329 4682 vita:
1367 4630 1520 4685 istius
1548 4634 1763 4688 modum
1788 4636 1987 4705 justiﬁ-

402 4718 551 4765 catus
576 4720 690 4777 est,
721 4716 815 4768 sed
841 4715 999 4770 etiam
1037 4705 1177 4787 quod
1202 4728 1393 4788 restat,
1425 4730 1484 4776 ut
1508 4723 1575 4777 ab
1606 4727 1852 4783 universo
1890 4728 1987 4785 de-

405 4800 648 4856 lictorum
668 4806 808 4859 malo
829 4807 1115 4865 liberetur:
1138 4827 1257 4880 qua:
1287 4814 1306 4843 ³
1333 4815 1612 4869 annuntiat
1637 4816 1832 4873 veritas
1856 4818 1990 4875 fide-

404 4892 579 4961 libus,
624 4912 748 4950 cum
800 4896 997 4953 fuerint
1052 4902 1315 4970 roborati,
1348 4904 1562 4973 quando
1618 4907 1894 4977 capientur
1935 4915 1993 4967 in

405 4984 617 5040 funibus
640 4993 993 5058 paupertatis;
1020 4993 1193 5049 adhuc
1221 4996 1362 5050 enim
1385 4999 1670 5068 compediti
1694 5012 1818 5056 sunt
1835 5018 1985 5059 com-

406 5075 657 5144 pedibus,
691 5080 929 5135 nondum
958 5084 1208 5149 exaltati,
1241 5095 1297 5139 ut
1335 5087 1553 5142 sedeant
1592 5089 1643 5144 in
1690 5092 1824 5148 solio
1866 5108 1988 5149 cum

405 5169 619 5237 regibus
642 5170 695 5223 in
740 5184 1071 5242 perpetuum.
1120 5176 1185 5229 Et
1211 5177 1368 5246 dixit,
1397 5181 1515 5250 quia
1556 5187 1989 5242 convertenturab

403 5257 683 5327 iniquitate.
721 5260 790 5315 Et
819 5264 979 5331 dixit,
1012 5266 1430 5325 subaudiendum
1456 5283 1571 5341 est,
1605 5276 1761 5333 Deus.
1794 5278 1857 5333 Si
1897 5296 1991 5334 au-

406 5351 591 5405 dierint
612 5395 627 5416 ,
654 5364 701 5408 et
727 5358 1022 5429 servierint,
1054 5363 1375 5433 complebunt
1395 5366 1501 5421 dies
1526 5385 1643 5422 suos
1670 5370 1723 5423 in
1753 5371 1924 5441 bonis,
1946 5382 1992 5428 et

405 5459 567 5498 annos
587 5463 705 5500 suos
729 5449 782 5501 in
806 5452 988 5520 gloria.
1023 5452 1173 5508 Tunc
1196 5470 1329 5510 vero
1355 5458 1557 5512 nullum
1589 5476 1865 5529 peccatum
1891 5466 1995 5522 erit

403 5533 458 5589 in
490 5535 703 5594 homine
724 5582 738 5606 ,
768 5541 891 5611 quia
917 5543 1061 5598 nulla
1102 5545 1207 5600 erit
1244 5549 1431 5604 mortis
1460 5554 1762 5623 contentio,
1796 5554 1849 5610 id
1876 5566 1988 5626 est,

468 5720 647 5801 .‘E‘itiz
671 5730 1088 5801 ero-
1110 5738 1251 5801 εενιρι
1277 5730 1350 5801 Sis
1370 5730 1577 5801 meum.
1605 5734 1665 5801 ag
1694 5747 1805 5801 ριρ.
1827 5737 1907 5801 δν,
1940 5753 1989 5792 ν.

402 5774 649 5842 4,vocatur
670 5799 781 5836 sera
805 5774 1742 5858 inﬁdelium'pbénitentia-i—nvdie-ju‘dici‘i:

465 5844 486 5875 ³
509 5851 583 5896 Er.
609 5855 662 5899 et
682 5854 815 5912 Lov.,
837 5862 995 5914 quem.
1058 5855 1117 5902 lt.

1764 374 1967 432 LIBER
2004 376 2204 435 UNUS.

2082 492 2367 566 indigentia
2412 501 2786 571 mortalitatis,
2814 518 2931 575 quas
2977 506 3113 562 facta
3159 516 3244 565 est
3287 510 3355 568 de
3402 525 3654 586 peccato,

2079 602 2199 643 cum
2212 589 2320 660 jam
2344 591 2567 661 dicetur,
2589 593 2685 650 Ubi
2705 607 2795 663 est,
2819 614 2973 668 mors,
2996 604 3245 657 contentio
3261 613 3347 659 tua
3363 603 3403 677 (l
3420 605 3536 660 Cor.
3558 623 3656 676 xv,

2081 681 2209 752 55)?
2234 681 2430 753 Impias
2457 702 2567 741 vero
2593 704 2693 743 non
2732 689 2882 759 faciet
2918 694 3081 748 salvos
3100 709 3121 759 ,'
3145 711 3201 749 eo
3226 696 3360 765 quod
3389 698 3660 753 noluerunt

2080 774 2207 826 scire
2245 774 2537 831 Dominum.
2572 779 2682 835 Hoc
2708 781 2774 836 ad
2815 782 3012 839 Gentes
3041 787 3206 857 magis
3253 787 3462 844 videtur
3492 790 3659 860 perti-

2079 882 2231 924 nere.
2260 868 2331 924 Et
2371 888 2485 926 cum
2511 887 2852 944 monerentur,
2877 879 3214 937 inobedicntes
3236 893 3395 936 erant.
3442 884 3552 939 Hoc
3592 896 3659 940 ad

2080 958 2321 1028 Judaeos,
2353 974 2408 1019 et
2430 982 2616 1022 omnes
2654 969 2742 1037 qui
2771 970 2849 1024 eis
2882 986 2976 1039 per
3003 973 3413 1030 iuobedicntiam
3458 975 3659 1031 similes

2080 1061 2233 1118 sunt,
2272 1055 2432 1110 etiam
2472 1057 2521 1111 in
2572 1058 2828 1115 Ecclesia.
2862 1060 2929 1114 Et
2965 1063 3241 1133 hypocrita:
3289 1067 3439 1121 corde
3477 1078 3664 1139 ponent

2082 1146 2306 1216 furorem
2330 1162 2349 1201 :
2369 1165 2473 1217 quo
2491 1151 2771 1206 Dominum
2792 1154 3188 1210 crucifixerunt.
3216 1156 3335 1212 Non
3352 1159 3660 1228 clamabunt,

2080 1239 2200 1308 quia
2230 1240 2401 1311 ligavit
2428 1259 2511 1296 eos
2534 1258 2553 1297 :
2577 1243 2777 1301 honore
2803 1248 3034 1303 nominis
3062 1264 3222 1319 super
3246 1266 3432 1307 omnes
3454 1262 3660 1323 gentes.

2084 1330 2340 1386 Moriatur
2365 1352 2481 1405 ergo
2509 1339 2564 1391 in
2580 1338 2845 1409 juventute
2867 1342 3039 1395 anima
3065 1359 3237 1397 eorum
3259 1360 3277 1398 :
3296 1344 3348 1399 in
3376 1345 3623 1415 superbia
3646 1387 3661 1413 ,

2083 1437 2184 1493 qua
2215 1438 2273 1479 se
2300 1427 2624 1483 extollebant
2651 1430 2811 1485 veluti
2832 1431 2899 1486 de
2937 1434 3141 1489 meritis
3171 1448 3390 1505 Operum
3422 1453 3662 1492 suorum.

2082 1512 2150 1567 Et
2167 1515 2264 1567 vita
2289 1532 2459 1571 eorum
2488 1520 2770 1575 vulneretur
2800 1522 2859 1576 ab
2886 1525 3099 1595 angelis.
3142 1525 3486 1582 Commodius
3528 1528 3669 1583 acci-

2081 1609 2226 1679 pitur
2254 1629 2280 1664 a
2306 1615 2502 1668 nuntiis
2544 1618 2810 1685 veritatis,
2839 1635 3064 1689 quorum
3108 1620 3225 1676 aliis
3270 1622 3401 1677 odor
3444 1623 3565 1677 vitae
3610 1622 3666 1677 in

2084 1702 2245 1756 vitam
2266 1745 2280 1770 ,
2313 1706 2431 1759 aliis
2474 1706 2607 1761 odor
2650 1711 2837 1765 mortis
2864 1711 2915 1765 in
2944 1722 3172 1767 mortem
3202 1713 3275 1783 (ll
3306 1713 3421 1767 Cor.
3451 1729 3524 1778 ιι,
3552 1712 3665 1785 16).

2087 1791 2236 1857 Quod
2264 1796 2614 1852 tribulaverint
2658 1799 2917 1869 inﬁrmant
2954 1812 2999 1856 et
3025 1804 3300 1857 invalidum
3323 1820 3341 1858 :
3364 1804 3490 1859 illud
3522 1804 3671 1860 infir-

2080 1899 2228 1937 mum
2261 1886 2381 1953 Dei,
2413 1889 2553 1958 quod
2596 1890 2786 1946 fortius
2812 1901 2894 1947 est
2932 1894 3236 1950 hominibus
3262 1895 3307 1964 (Ι
3334 1895 3451 1950 Cor.
3474 1912 3522 1964 ι,
3550 1894 3667 1966 25).

2082 1976 2345 2031 Judicium
2382 1995 2497 2034 vero
2538 1992 2910 2038 mansuetorum
2950 1996 3132 2040 statuet
3166 2002 3185 2039 :
3214 1987 3327 2056 ipse
3374 1987 3629 2042 Dominus
3651 2028 3666 2055 ,

2083 2070 2331 2138 exemplo
2355 2074 2776 2128 mansuetudinis
2797 2091 2905 2129 suae
2926 2075 3178 2131 differens
3202 2077 3361 2132 etiam
3386 2077 3671 2132 vindictam

2084 2158 2402 2216 imitantium
2430 2177 2487 2217 se
2507 2205 2522 2230 ,
2553 2165 2645 2219 sed
2687 2173 2860 2221 tamen
2891 2176 3038 2222 certo
3075 2168 3323 2223 futuram.
3349 2168 3419 2222 Et
3438 2169 3557 2239 quia
3579 2169 3671 2224 de—

2084 2252 2212 2322 cepit
2238 2263 2286 2307 te
2305 2256 2366 2307 ab
2386 2270 2471 2309 ore
2500 2256 2688 2311 inimici
2704 2259 2932 2329 abyssus.
2962 2260 3199 2331 Decepit,
3230 2263 3373 2317 sicut
3398 2263 3568 2317 visum
3591 2271 3675 2317 est

2086 2346 2514 2413 persecutoribus
2560 2349 2708 2419 ejus,
2733 2351 3062 2420 profunditas
3090 2352 3246 2423 hujus
3285 2353 3466 2408 saeculi
3518 2352 3676 2409 Chri-

2084 2444 2227 2490 stum
2246 2436 2313 2491 ab
2325 2453 2420 2493 ore
2444 2438 2555 2494 falsi
2578 2443 2729 2496 testis
2752 2459 2763 2494 :
2783 2443 2850 2497 ad
2878 2445 3050 2513 ipsum
3079 2444 3218 2499 enim
3240 2446 3519 2500 Dominum
3541 2461 3673 2501 con-

2087 2529 2247 2582 vertit
2277 2545 2601 2586 sermonem.
2636 2532 2805 2599 Effusi
2843 2534 3009 2589 subter
3032 2552 3143 2589 eam
3171 2552 3191 2590 :
3216 2535 3672 2604 subaudiendum,

2087 2623 2467 2693 deceperuntte
2487 2641 2501 2690 ;
2525 2627 2727 2695 gravati
2744 2628 2883 2682 enim
2908 2630 3132 2684 terrenis
3149 2629 3526 2700 cupiditatibus
3550 2628 3675 2685 sub-

2086 2722 2171 2769 ter
2199 2716 2447 2786 abyssum
2490 2716 2642 2772 etfusi
2667 2718 2793 2773 dicti
2824 2729 2964 2773 sunt.
2996 2718 3064 2772 Et
3103 2720 3358 2775 descendit
3387 2738 3561 2775 mensa
3588 2730 3676 2774 tua

2087 2807 2238 2876 plena
2276 2809 2581 2879 pinguedine
2602 2826 2620 2864 :
2644 2809 3044 2866 Sacramentum
3065 2814 3304 2883 corporis
3324 2810 3378 2869 et
3404 2813 3676 2885 sanguinis

2087 2900 2203 2970 ejus
2222 2944 2235 2968 ,
2266 2903 2417 2970 panis
2442 2903 2536 2973 qui
2565 2903 2631 2958 de
2652 2905 2788 2959 etelo
2814 2904 3090 2960 descendit
3117 2904 3292 2976 (Joan.
3319 2922 3394 2971 νι,
3414 2906 3525 2978 50).
3552 2904 3674 2960 Non

2089 2993 2283 3064 deﬁciet
2290 2996 2459 3067 justas
2480 2997 2744 3063 iudicium.
2763 2997 3013 3063 Quamvis
3032 2999 3192 3053 edant
3215 3013 3491 3069 pauperes,
3508 3006 3562 3052 et
3586 3012 3677 3053 sa-

2090 3082 2440 3155 turentur,'ad
2461 3089 2740 3145 imitandas
2763 3090 3039 3159 passiones
3050 3089 3281 3155 Domini,
3301 3088 3469 3159 parati
3488 3087 3678 3159 deple-

2089 3178 2329 3236 nitudine
2350 3180 2656 3248 charitatis;
2676 3198 2781 3237 non
2805 3192 2979 3239 tamen
3009 3183 3130 3238 ideo
3152 3198 3256 3237 non
3283 3181 3678 3251 facitjudicium

2087 3273 2321 3343 ipsorum
2338 3275 2464 3329 cito.
2500 3275 2565 3328 Et
2590 3276 2668 3329 ira
2691 3293 2843 3346 super
2861 3276 3044 3347 impios
3068 3278 3191 3342 erit,
3221 3286 3425 3347 prapter
3444 3275 3678 3345 impieta-

2090 3374 2187 3419 tem
2213 3383 2474 3420 munerant
2498 3384 2610 3438 qua:
2625 3368 2934 3439 accipiebant
2954 3368 3316 3439 iniquitatibus.
3342 3368 3531 3422 Omnia
3560 3383 3679 3421 mu-

2090 3471 2216 3510 nera
2244 3457 2753 3528 dicit,quaecumque
2780 3458 3059 3513 commoda
3088 3457 3418 3528 temporalia,
3457 3465 3676 3527 propter

2089 3563 2208 3618 qua:
2230 3548 2508 3603 commoda
2528 3549 2830 3618 lniquitates
2852 3548 3005 3603 fiunt.
3034 3547 3154 3603 Non
3176 3558 3221 3602 te
3240 3559 3428 3603 avertat
3448 3550 3680 3603 voluntas

2090 3642 2269 3694 animi.
2292 3641 2520 3695 Domino
2538 3641 2751 3707 dicitur,
2768 3655 2871 3695 non
2890 3642 3157 3696 monentis
3171 3641 3483 3696 auctoritate
3503 3649 3593 3695 aut
3602 3640 3681 3709 ju-

2091 3734 2266 3789 bentis
2290 3733 2532 3799 audacia,
2559 3733 2652 3788 sed
2679 3733 2944 3789 locutione
2967 3731 3262 3803 prophetim
3283 3747 3377 3801 per
3406 3731 3680 3801 imperati-

2093 3842 2215 3881 vum
2239 3825 2453 3881 modum
2486 3828 2657 3880 futura
2690 3825 3060 3896 praedicentis;
3089 3824 3244 3879 sicuti
3269 3834 3351 3879 est
3369 3866 3383 3890 ,
3410 3823 3680 3894 Accingere

2091 3918 2318 3989 gladium
2346 3927 2485 3971 tuum
2515 3933 2668 3987 super
2683 3919 2846 3988 femur
2867 3916 3203 3985 potentissime
3225 3912 3398 3984 (Psal.
3417 3928 3565 3980 xuv,
3597 3911 3678 3985 4).

2093 4012 2136 4063 Λ
2159 4010 2382 4079 precibus
2398 4011 2717 4079 inﬁrmorum
2738 4025 2756 4064 :
2777 4024 2897 4065 cum
2926 4010 2979 4063 in
3002 4010 3320 4064 necessitate
3342 4008 3554 4075 fuerint,
3570 4007 3682 4062 cla-

2092 4105 2352 4159 mantium
2371 4145 2384 4168 ,
2418 4103 2611 4173 Infelix
2626 4119 2717 4175 ego
2735 4103 2904 4169 homo,
2930 4103 3042 4173 quis
3059 4118 3137 4156 me
3153 4101 3377 4155 liberabit
3399 4102 3460 4155 de
3473 4117 3683 4171 corpore

2093 4198 2267 4250 mortis
2286 4196 2438 4267 hujus
2459 4194 2632 4265 (Rom.
2652 4210 2741 4261 vn,
2760 4194 2887 4265 24)?
2904 4193 2971 4247 Et
2992 4210 3163 4247 omnes
3179 4193 3263 4261 qui
3282 4192 3464 4245 habent
3480 4192 3683 4262 fortitu-

2093 4288 2261 4341 dinem
2282 4304 2301 4341 :
2320 4298 2704 4357 prtesumentes
2732 4286 2799 4341 de
2828 4286 3079 4354 operibus
3104 4286 3234 4348 suis,
3270 4293 3313 4337 es
3344 4297 3491 4337 suam
3514 4281 3679 4351 justi-

2094 4380 2221 4433 tiam
2263 4380 2503 4434 volentes
2552 4379 2877 4434 constituere
2910 4377 3018 4448 (Id.
3043 4393 3101 4442 x,
3132 4376 3211 4446 5).
3245 4375 3369 4428 Noli
3419 4375 3681 4429 extra/tere

2096 4488 2184 4541 per
2199 4480 2411 4526 noctem.
2430 4469 2765 4525 Manifestum
2783 4471 2851 4524 sit
2869 4468 3009 4538 quod
3024 4483 3115 4522 eos
3131 4483 3160 4521 a
3185 4467 3377 4537 populo
3395 4476 3485 4521 tuo
3505 4483 3683 4523 secer-

2096 4562 2179 4616 nis
2199 4604 2213 4629 ,
2243 4563 2356 4617 sive
2382 4562 2503 4616 illos
2526 4561 2788 4631 superbos
2812 4559 2900 4629 qui
2937 4559 3003 4612 de
3029 4557 3169 4612 oliva
3201 4556 3354 4612 fracti
3382 4566 3535 4623 sunt,
3567 4558 3681 4614 sive

2096 4665 2361 4709 sarmenta
2392 4652 2459 4708 de
2506 4653 2614 4708 vite
2657 4660 2924 4721 amputata
2946 4693 2961 4719 ,
2995 4650 3135 4705 unde
3174 4650 3408 4707 haereses
3445 4660 3500 4707 et
3542 4650 3684 4707 schi-

2096 4754 2263 4801 smata
2278 4755 2460 4801 exorta
2481 4753 2623 4801 sunt.
2647 4745 2714 4800 Ut
2734 4745 3005 4799 ascendant
3022 4742 3198 4816 pOpuli
3216 4761 3308 4816 pro
3329 4745 3399 4799 eis
3422 4760 3441 4799 :
3464 4753 3519 4799 ut
3539 4746 3682 4801 inse-

2100 4848 2285 4892 rantur
2301 4836 2509 4891 intirma
2531 4836 2691 4907 hujus
2707 4836 2913 4904 mundi,
2933 4836 3168 4891 confusis
3190 4834 3415 4890 fortibus
3433 4835 3476 4906 (l
3501 4835 3617 4891 Cor.
3640 4850 3682 4904 ι,

2096 4930 2211 5002 27).
2244 4932 2502 4998 Quoniam
2534 4932 2625 5002 qui
2652 4946 2710 4986 se
2741 4932 3011 4996 humiliat,
3038 4931 3393 4994 exaltabitur;
3426 4937 3481 4984 et
3507 4929 3597 4999 qui
3624 4943 3685 4984 se

2097 5022 2296 5077 exaltat
2314 5063 2328 5087 ,
2352 5021 2889 5094 humiliabitur(Luc.
2924 5038 3038 5089 xiv,
3067 5023 3180 5091 Η).
3207 5021 3312 5076 Sed
3331 5037 3454 5074 cura
3476 5013 3539 5073 ne
3560 5018 3687 5089 quid

2098 5118 2257 5188 facias
2296 5116 2528 5172 indecens
2555 5134 2572 5171 ;
2604 5132 2670 5172 ne
2716 5131 2913 5172 nomen
2969 5114 3177 5169 Domini
3222 5114 3313 5169 Dei
3355 5121 3409 5168 et
3444 5112 3685 5167 doctrina

2098 5208 2517 5279 blasphematur,
2550 5208 2676 5263 dum
2707 5209 2921 5272 dicunt,
2954 5220 3183 5276 quorum
3201 5203 3457 5272 judicium
3479 5201 3683 5273 justum

2098 5311 2178 5358 est
2195 5344 2210 5369 ,
2246 5301 2523 5356 Faciamus
2543 5301 2680 5355 mala
2707 5309 2761 5353 ut
2780 5300 2980 5353 veniant
3000 5298 3130 5351 bona
3153 5296 3326 5368 (Rom.
3355 5310 3432 5358 ιιι,
3463 5292 3540 5367 8).
3566 5292 3686 5349 Hoc

2100 5396 2233 5449 enim
2263 5392 2455 5464 elegisti
2492 5409 2649 5463 super
2675 5391 2926 5462 inopiam.
2965 5388 3083 5445 Non
3123 5388 3294 5443 solum
3334 5385 3547 5457 elegisti
3601 5385 3681 5439 in-

2100 5487 2278 5557 opiam
2306 5484 2632 5549 conﬁtentis,
2653 5483 2747 5539 sed
2774 5497 2935 5552 super
2960 5481 3099 5535 hanc
3113 5480 3234 5534 vita:
3259 5494 3322 5534 ac
3350 5493 3556 5533 morum
3584 5475 3683 5532 deo

2096 5593 2193 5634 cus
2212 5620 2227 5646 ,
2257 5586 2315 5632 ut
2351 5576 2593 5631 doctrina
2633 5573 2884 5631 salutaris
2912 5581 3133 5628 ornetur
3164 5572 3215 5625 in
3256 5570 3522 5625 omnibus.
3552 5568 3685 5624 Ecce

2095 5669 2236 5724 Deus
2273 5667 2636 5734 consolabitur,
2661 5668 2778 5733 vel,
2815 5665 3130 5722 roborabitur
3158 5665 3212 5721 in
3251 5662 3545 5735 fortitudine
3568 5677 3677 5718 sua.

2097 5760 2230 5833 Quia
2260 5763 2359 5819 etsi
2400 5761 2685 5819 crucifixus
2726 5768 2812 5816 est
2855 5776 2923 5818 ex
2968 5758 3310 5825 inﬁrmitate,
3334 5754 3429 5813 sed
3465 5754 3593 5810 vivit
3614 5767 3685 5811 ex

2099 5859 2295 5915 virtute
2334 5855 2428 5917 Dei
2470 5852 2541 5923 (ll
2566 5852 2686 5914 Cor.
2712 5869 2840 5924 xm,
2865 5852 2947 5924 4).
2988 5852 3115 5923 Quis
3147 5851 3282 5910 enim
3331 5856 3405 5909 est
3441 5845 3571 5905 sient
3596 5842 3683 5901 ille
