4068 6360
486 427 588 486 867

483 629 727 706 judicans
756 631 822 686 de
851 632 940 686 illo
958 673 973 700 ,
1005 647 1126 686 cum
1164 629 1276 700 ipse
1299 629 1366 683 sit
1387 627 1551 698 judex
1579 627 1820 682 vivorum
1847 635 1902 682 ct
1923 641 2069 680 mor-

484 737 715 784 tuorum.
744 726 844 778 Aut
871 726 982 796 quis
1003 723 1172 793 estqui
1203 723 1370 790 dicat,
1391 719 1695 792 Egitinique
1726 722 1740 751 ί
1765 721 1789 774 ?
1818 719 2072 774 Memento

483 821 604 890 quia
647 835 832 889 magna
877 827 992 871 sunt
1038 833 1192 886 opera
1235 817 1372 886 ejus,
1405 831 1518 885 qua:
1565 815 1899 869 laudaveram
1936 811 2071 870 viri:

486 905 838 980 Evangelistae
891 895 1052 978 atque
1099 923 1287 963 omnes
1337 905 1714 977 praedicatores
1757 905 1933 972 verbi,
1972 905 2070 960 ini--

487 1001 708 1057 nisterio
733 1015 829 1054 suo
857 1000 961 1054 vita
990 1007 1366 1069 congruentes.
1395 996 1572 1052 Omnis
1597 997 1750 1052 homo
1774 995 1975 1068 respicit
2003 995 2072 1050 ad

485 1110 868 1151 eum:memor
910 1092 1230 1148 inﬁrmitatis
1277 1091 1543 1146 humana}.
1579 1090 1890 1160 Quicumque
1935 1103 2075 1142 com-

487 1200 776 1260 punguntur
804 1189 1028 1243 homines
1051 1204 1068 1242 :
1091 1186 1403 1260 poenitentia
1426 1193 1765 1256 peccatorum
1783 1224 1798 1250 ,
1825 1183 2072 1238 homines

483 1292 626 1338 sunt.
653 1281 784 1338 Ecce
831 1281 972 1337 Deus
1012 1281 1233 1348 multus,
1262 1290 1309 1335 et
1353 1280 1650 1334 nesciemus.
1695 1276 1917 1342 Multus,
1948 1276 2069 1346 quia

483 1376 623 1431 sicut
679 1373 967 1429 abundavit
1024 1381 1300 1443 peccatum
1330 1411 1344 1438 ,
1403 1369 1854 1442 superabundavit
1902 1367 2069 1439 gratia

482 1465 662 1538 (Rom.
691 1481 748 1534 v,
775 1465 890 1536 20).
944 1463 1238 1519 Nesciemus
1286 1471 1462 1520 autem
1512 1477 1578 1517 ex
1615 1475 1844 1530 persona
1881 1474 2069 1514 eorum

483 1557 683 1614 dictum
709 1564 792 1612 est
810 1599 826 1624 ,
851 1571 1076 1627 quorum
1101 1572 1167 1610 ex
1185 1563 1338 1626 parte
1361 1554 1571 1609 execitas
1591 1552 1726 1607 facta
1751 1560 1833 1609 est
1853 1593 1867 1617 ,
1899 1551 2072 1606 donec

481 1648 756 1719 plenitudo
781 1647 1018 1717 gentium
1047 1646 1270 1701 intraret
1299 1635 1346 1717 (1
1355 1645 1406 1698 d.
1431 1661 1516 1711 ιιι,
1539 1643 1654 1716 25).
1685 1643 1943 1698 Numerus
1971 1661 2067 1697 an-

483 1759 664 1796 norum
711 1744 821 1812 ejus
869 1740 1386 1810 inﬁnitus:pr0pter
1435 1738 1786 1792 aeternitatem
1838 1737 2068 1806 positum

480 1846 583 1892 est.
604 1834 673 1888 Ei
716 1843 884 1888 autem
923 1830 1258 1887 numerabiles
1305 1830 1456 1884 stilla:
1502 1831 1706 1900 pluvite.
1737 1829 1850 1884 lloc
1888 1827 2067 1897 enim,

480 1919 624 1999 quod
663 1925 907 1980 homines
931 1926 952 1955 ³
982 1922 1359 1994 praedicatores
1405 1921 1643 1991 implevit
1688 1919 2066 1996 Evangelium,

481 2017 810 2075 numerabile
857 2023 940 2071 est
977 2029 1145 2084 usque
1185 2013 1238 2068 in
1285 2011 1799 2067 consummationem
1847 2009 2064 2076 saeculi,

480 2112 653 2170 donec
675 2109 944 2165 auferatur
985 2107 1210 2162 scientia
1239 2121 1358 2175 qum
1383 2121 1448 2160 ex
1480 2112 1630 2174 parte
1655 2113 1736 2159 est
1755 2145 1768 2170 ,
1809 2109 1864 2156 et
1891 2101 2070 2156 veniat

479 2205 623 2278 quod
647 2203 941 2275 perfectum
967 2211 1078 2270 est,
1107 2199 1241 2254 faeie
1280 2199 1347 2254 ad
1377 2197 1565 2253 faciem
1593 2195 1635 2270 (l
1662 2196 1780 2251 Cor.
1813 2212 1931 2264 xm,
1953 2195 2068 2266 l2).

479 2300 792 2370 Eﬂ'undetur
815 2299 972 2353 imber
995 2313 1084 2370 per
1103 2296 1306 2352 semitas
1335 2311 1473 2349 suas.
1505 2293 1623 2348 Non
1648 2292 1792 2348 enim
1818 2290 1918 2344 via:
1947 2303 2065 2343 ma-

479 2394 654 2449 lorum
702 2393 915 2462 capient
962 2405 1105 2445 eum.
1161 2387 1348 2442 Fluent
1405 2385 1588 2452 nubes,
1632 2395 1679 2439 et
1729 2383 2066 2438 tenebrascent

478 2505 628 2561 super
653 2486 877 2542 homines
899 2485 1161 2556 plurimos.
1190 2482 1323 2548 Quia
1345 2481 1446 2536 etsi
1465 2479 1765 2534 obvelatum
1788 2486 1872 2548 est
1898 2479 2069 2531 Evan-

477 2580 714 2652 gelium,
747 2579 802 2634 in
851 2577 933 2632 his
981 2577 1070 2646 qui
1116 2583 1339 2644 pereunt
1381 2583 1464 2627 est
1511 2565 1835 2628 obvelatum.
1871 2570 2067 2624 Horam

481 2674 740 2730 constituit
774 2670 1011 2740 iumentis
1030 2709 1044 2734 ,
1069 2678 1116 2722 et
1141 2668 1305 2721 sciunt
1326 2665 1506 2720 cubitis
1528 2664 1776 2720 ordinem.
1801 2663 2064 2730 Quoniam

478 2764 730 2836 cognovit
773 2763 868 2817 bos
899 2773 1264 2832 possessorem
1293 2772 1482 2816 suum.
1509 2765 1564 2812 ct
1601 2756 1786 2810 asinus
1823 2767 2066 2824 praesepe

477 2833 682 2922 domini
701 2854 782 2909 sui
805 2851 960 2924 (Isai.
989 2868 1040 2917 1,
1073 2848 1148 2922 5).
1185 2849 1254 2902 In
1279 2849 1358 2902 his
1384 2847 1611 2902 ontnibus
1641 2863 1740 2900 non
1767 2844 2065 2914 obstupescit

481 2947 681 3000 animus
702 2945 831 3016 ejus.
852 2943 1060 2998 Initium
1075 2939 1348 3010 sapientia:
1368 2939 1525 2993 timor
1545 2936 1752 2991 Domini
1775 2934 1942 3006 (Psal.
1968 2950 2062 3002 cx,

484 3039 592 3109 19).
621 3036 730 3090 Nec
769 3043 994 3089 mutatur
1034 3048 1120 3086 cor
1158 3041 1302 3085 tuum
1326 3047 1358 3083 a
1386 3045 1595 3100 corpore
1617 3043 1636 3081 :
1661 3036 1718 3082 ut
1744 3028 2008 3082 elei'atum
2034 3041 2064 3080 a

479 3140 622 3188 terra
670 3143 882 3184 sursum
927 3125 1185 3185 habeatur
1222 3123 1292 3180 ad
1338 3123 1640 3196 Dominum.
1672 3121 1735 3176 Si
1779 3121 2065 3192 cogitaverit

480 3222 740 3278 extendere
755 3219 988 3275 nebulam
1007 3233 1028 3272 :
1051 3225 1108 3272 ut
1131 3216 1220 3288 qui
1249 3215 1452 3283 vident,
1477 3214 1602 3270 caeci
1630 3215 1756 3268 liam
1777 3211 1954 3286 (Joan.
1980 3229 2061 3280 ιιι,

478 3314 596 3386 59).
620 3293 792 3382 £que
813 3320 870 3364 ut
890 3325 978 3381 per
1003 3307 1382 3362 tabernaculum
1402 3305 1642 3377 expandit
1655 3322 1787 3360 eam.
1817 3304 1875 3359 ln
1902 3321 2066 3363 carne

477 3404 672 3476 quippe
719 3400 929 3456 mortali
974 3395 1226 3472 tanquam
1274 3396 1613 3453 tabernaculo
1659 3396 1938 3464 habitans,
1969 3412 2065 3466 per

475 3513 597 3554 eam
625 3511 730 3550 non
761 3503 846 3551 est
869 3493 1120 3564 agnitusa
1145 3489 1574 3562 persecutoribus
1593 3529 1608 3556 ,
1638 3488 1765 3544 dum
1783 3490 1859 3544 eis
1879 3488 2059 3554 cessit,

476 3599 534 3646 et
557 3604 679 3646 eam
707 3585 950 3642 extendit
975 3593 1133 3654 atque
1149 3581 1403 3654 expandit
1421 3582 1476 3636 in
1495 3595 1671 3636 cruce.
1696 3579 1828 3634 Ecce
1849 3597 1868 3634 :
1889 3581 2063 3636 fundit

473 3696 636 3752 super
660 3677 838 3734 omnia
883 3676 1056 3730 lucem
1097 3689 1277 3748 suam,
1322 3687 1480 3744 quam
1511 3671 1907 3752 absconderat,
1940 3687 2059 3725 eum

472 3774 685 3828 caecitas
711 3785 780 3825 ex
806 3776 956 3838 parte
981 3768 1036 3821 in
1059 3761 1222 3821 lsrael
1250 3765 1430 3831 ﬁeret,
1453 3763 1674 3818 effundit
1696 3780 1855 3833 super
1873 3780 2060 3820 omnes

476 3873 680 3938 gentes.
707 3861 780 3914 Et
808 3861 1001 3913 radices
1038 3859 1192 3912 maris
1218 3857 1454 3912 contexit.
1481 3855 1839 3925 Cupiditatein
1879 3857 2057 3912 saeculi

475 3953 765 4024 redarguit.
794 3951 908 4006 Non
935 3950 1076 4004 enim
1103 3949 1171 4003 ad
1206 3947 1639 4002 abscondendum
1681 3950 1765 4004 lux
1793 3952 2054 4020 contegit,

475 4045 572 4100 sed
596 4043 664 4099 ad
692 4039 1159 4096 manifestandum.
1185 4038 1242 4092 In
1268 4042 1344 4092 eis
1372 4040 1512 4093 enim
1535 4038 1792 4108 judicavit
1810 4042 2054 4110 populos,

474 4136 805 4202 ostendendo
849 4133 953 4189 illis
993 4140 1208 4202 peccata
1239 4147 1422 4186 eorum
1463 4148 1556 4202 per
1595 4133 1768 4188 lucem
1801 4125 2052 4191 veritatis.

472 4227 626 4284 Dabit
674 4243 838 4284 escam
890 4224 1121 4296 plurimis
1152 4239 1172 4277 :
1202 4223 1382 4294 utique
1436 4226 1882 4295 agnoscentibus,
1934 4243 2056 4282 cum

473 4327 764 4392 arguuntur
788 4325 1004 4387 peccata
1043 4331 1167 4384 sua,
1195 4325 1249 4370 et
1283 4316 1638 4371 esurientibus
1667 4332 1728 4370 ac
1754 4317 2056 4375 sitientibus

465 4410 746 4482 justitiam.
785 4407 812 4461 1
818 4426 850 4461 ιι
878 4407 1106 4462 manibus
1129 4407 1149 4437 ³
1178 4407 1395 4460 contexit
1421 4409 1607 4460 (uinea.
1640 4408 1696 4462 Si
1723 4408 1790 4462 ab
1810 4424 1874 4463 eo
1913 4411 2052 4480 quod

467 4513 593 4560 sunt
614 4503 888 4565 immanes;
919 4500 1000 4554 his
1027 4499 1114 4570 qui
1137 4516 1242 4552 non
1271 4497 1542 4552 dimittunt
1572 4508 1787 4572 peccata
1819 4498 2052 4555 homini-

463 4573 596 4662 bus,
623 4608 743 4646 cum
792 4592 892 4647 sibi
917 4607 948 4644 a
977 4591 1084 4644 Deo
1134 4589 1326 4643 dimitti
1371 4590 1535 4642 velint
1565 4608 1576 4642 :
1607 4589 1652 4644 si
1693 4601 1867 4666 autem
1894 4591 1960 4646 ab
1985 4607 2052 4647 eo

468 4683 610 4756 quod
645 4691 770 4737 sunt
797 4697 1006 4746 manus;
1034 4679 1116 4735 his
1158 4679 1247 4750 qui
1290 4680 1355 4734 de
1397 4681 1637 4734 manibus
1665 4682 1808 4749 suis,
1842 4669 1944 4738 hoc
1972 4692 2054 4738 est

468 4775 536 4834 de
561 4774 843 4846 operibus,
883 4769 1230 4837 extolluntur,
1257 4772 1463 4841 seipsos
1500 4772 1869 4842 justilicantes.
1920 4774 2053 4831 Con-

469 4857 589 4934 ιεωιι
633 4866 776 4922 enim
803 4865 1005 4932 lumen,
1033 4863 1098 4940 ad
1140 4862 1242 4918 hoc
1267 4863 1429 4930 dixit,
1467 4880 1534 4918 ne
1575 4863 1814 4918 videatur
1841 4851 1910 4921 ab
1935 4866 2046 4932 eis;

468 4957 591 5036 quia
616 4965 940 5036 excaecatum
969 4963 1051 5038 est
1076 4954 1329 5034 insipiens
1351 4970 1443 5008 cor
1466 4963 1651 5010 eoruin
1671 4953 1846 5035 (Rom.
1871 4973 1908 5024 ι,
1931 4958 2046 5029 2i).

459 5049 537 5116 Et
566 5049 819 5114 mandavit
841 5051 902 5104 de
923 5066 978 5104 eo
1003 5037 1054 5102 in
1075 5039 1381 5102 contrarium
1405 5063 1420 5102 :
1444 5037 1500 5103 ut
1525 5048 1612 5119 qui
1636 5048 1830 5128 iaciunt
1857 5052 2051 5106 verita—

467 5154 576 5201 tem
595 5187 611 5212 ,
639 5143 724 5200 vel
749 5125 1063 5198 dimittendo
1090 5151 1148 5196 ut
1171 5133 1466 5196 dimittatur
1495 5142 1573 5197 eis
1591 5184 1606 5210 ,
1639 5125 1725 5198 vel
1750 5144 2050 5201 conﬁtendo

463 5236 602 5294 mala
650 5251 745 5293 sua
789 5245 845 5290 ut
865 5236 1050 5306 gratia:
1094 5233 1190 5290 Dei
1241 5233 1555 5300 subdantur,
1601 5235 1702 5307 ipsi
1731 5242 1947 5294 veniant
1982 5238 2047 5294 ad

528 5413 546 5444 ι
572 5397 708 5471 Εάιίῐ,
733 5403 965 5475 quidicat
987 5405 1042 5475 ei
1066 5399 1226 5475 inique
1251 5403 1272 5459 ε’
1309 5413 1368 5458 et'
1384 5401 1526 5471 paulo
1565 5405 1688 5473 post,
1713 5401 1853 5475 quem
1884 5411 2053 5464 lauda-

463 5479 648 5524 uerunt.
673 5471 1015 5521 substituimus
1031 5471 1292 5521 lectionem
1312 5477 1420 5523 Mss;
1443 5471 1688 5536 quaecum
1710 5471 1817 5524 Lxx
1857 5481 1909 5526 et
1941 5478 2052 5529 Vul-

463 5543 576 5583 nata
597 5533 867 5583 concordat.
1374 5573 1378 5583 .

461 5543 576 5598 gata
597 5542 867 5605 concordat.
1449 5589 1452 5592 _
1475 5593 1486 5605 ο

526 5599 549 5668 ξ
570 5597 880 5668 ξιριςξτιίξριιειε
901 5593 1223 5668 codex_,_qttod
1246 5608 1342 5668 per.
1356 5573 1586 5668 dormites.

529 5659 550 5690 ³
574 5657 708 5725 aditi,
719 5656 1033 5725 imitantibus.
1175 5656 1313 5725 vero,
1325 5658 1374 5709 in
1387 5659 1622 5725 manibus.
1635 5661 1763 5710 Circa
1787 5661 1877 5712 hoc
1894 5670 2051 5725 Augu-

463 5720 620 5786 stinus
641 5719 814 5786 idcirco
837 5719 1072 5786 haerebat,
1097 5719 1223 5782 quod
1256 5733 1284 5786 ει
1317 5724 1570 5786 veteribus
1600 5731 1876 5786 constanter
1909 5719 1998 5786 per
2021 5740 2051 5776 ιι

465 5780 608 5848 scribi
630 5780 816 5848 sole-ret
839 5780 928 5830 vox
957 5780 1063 5848 ipsa
1080 5780 1342 5848 cumposita
1376 5781 1578 5835 inmanis
1600 5798 1616 5848 ς
1641 5785 1806 5848 sicque
1831 5780 1975 5836 etiam
2002 5791 2050 5838 in

464 5843 678 5912 antiquis
696 5840 1023 5912 librispassiin
1045 5840 1264 5912 reperias
1283 5842 1554 5912 itanenstts,
1589 5840 1815 5912 intrat-its,
1841 5849 2041 5912 allows,

465 5901 674 5966 metonis,
699 5909 792 5954 etc.
819 5901 958 5954 Porro
975 5905 1024 5953 in
1046 5901 1207 5954 critico
1228 5910 1338 5954 LXX
1360 5901 1588 5964 habetur.
1611 5907 1689 5962 eui
1711 5901 1923 5965 chéiron.

1463 397 1999 478 annorumve
2039 397 2104 473 in
2141 397 2282 486 tos,
2312 417 2369 476 ε.
2412 413 2776 480 AUGUSTINI

487 525 697 612 poiens?
725 539 801 596 vel
839 521 948 610 quis
974 549 1046 594 est
1073 517 1160 610 qui
1185 535 1422 592 discutiat
1459 553 1612 604 opera
1649 536 1794 608 ejus?
1820 544 2099 605 tanquam'

3660 421 3761 480 868

2183 533 2360 591 lucem
2403 547 2464 594 ut
2507 541 2907 598 manifestentur
2947 558 3112 614 opera
3161 558 3376 611 eorum,
3411 545 3664 615 quoniam
3708 545 3760 600 in

2181 625 2292 682 Deo
2329 640 2454 685 sunt
2496 643 2710 702 cperata
2739 633 2913 705 (loan.
2938 651 3030 700 ιιι,
3056 635 3172 706 2i),
3199 651 3306 692 non
3347 635 3401 691 in
3439 635 3588 704 ipsis.
3617 635 3760 692 Con-

2184 723 2376 778 trarius
2417 734 2500 780 eSt
2535 725 2677 781 enim
2721 736 2775 783 et
2820 727 3037 784 immani
3083 727 3420 794 misericors,
3453 735 3507 784 et
3532 728 3765 798 superbo

2182 811 2412 868 humilis.
2452 815 2520 872 Ut
2547 819 2801 873 nuntiaret
2840 836 2993 892 super
3027 818 3120 874 illo
3141 819 3306 874 amico
3334 835 3426 874 suo
3445 834 3464 873 :
3485 833 3648 889 super
3673 819 3764 876 illo

2181 905 2380 964 lumine
2398 951 2413 978 ,
2443 910 2544 968 hoc
2570 921 2686 980 est,
2713 913 2781 970 de
2803 912 2896 970 illo
2919 913 3061 984 quod
3084 913 3352 980 contexit,
3383 920 3441 968 ut
3467 912 3763 968 absconde-

2179 1006 2263 1054 ret
2287 999 2504 1056 immani
2529 1010 2583 1058 et
2609 1003 2847 1076 ingrato;
2877 1013 2936 1062 ut
2959 1004 3013 1060 id
3033 1005 3400 1072 annuntiaret,
3429 1003 3482 1060 id
3507 1013 3621 1072 est,
3638 1019 3764 1074 ape-

2173 1092 2340 1161 riret,
2371 1109 2478 1152 non
2504 1096 2614 1166 jam
2657 1112 2819 1155 servo
2842 1099 2942 1155 sub
2974 1097 3117 1170 Lege
3134 1139 3152 1167 ,
3180 1097 3276 1154 sed
3303 1097 3644 1154 reconciliata
3664 1112 3766 1168 per

2177 1185 2403 1253 gratiam
2420 1203 2434 1253 ;
2458 1196 2550 1244 aut
2566 1190 2728 1246 amico
2747 1207 2858 1256 suo,
2873 1190 3125 1246 imitatori
3143 1201 3242 1246 suo
3261 1207 3274 1245 :
3295 1189 3418 1260 quia
3434 1198 3488 1246 et
3510 1189 3645 1246 illius
3667 1187 3765 1244 ho-

2177 1275 2338 1332 minis
2366 1293 2472 1332 non
2491 1281 2632 1335 venit
2660 1280 2972 1350 ministrari,
2990 1280 3088 1338 sed
3111 1281 3416 1337 ministrare
3437 1279 3646 1354 (Matth.
3667 1296 3759 1344 xx,

2177 1367 2294 1439 28).
2334 1369 2711 1428 Possessionem
2747 1383 2927 1428 contra
2954 1391 3066 1428 eum
3089 1375 3177 1445 qui
3203 1373 3472 1430 ascendere
3493 1375 3721 1428 nituntur
3743 1387 3763 1427 :

2181 1469 2237 1516 ut
2263 1461 2435 1531 ipsum
2466 1464 2644 1524 lumen
2673 1467 3007 1537 possideant,
3043 1468 3130 1539 qui
3157 1483 3233 1535 se
3253 1483 3284 1524 ιι
3319 1467 3546 1525 terrenis
3580 1475 3765 1522 extra-

2178 1550 2332 1606 hunt.
2379 1555 2514 1624 ipsis
2561 1557 2702 1614 enim
2755 1560 3121 1628 annuntiatur,
3149 1559 3238 1630 qui
3287 1559 3464 1615 adhuc
3488 1557 3766 1616 enituntur

2175 1645 2501 1712 ascendere;
2529 1648 2655 1718 quia
2684 1665 2805 1706 cum
2831 1651 3173 1708 ascenderint
3192 1691 3206 1717 ,
3237 1667 3346 1707 non
3375 1665 3508 1721 opus
3533 1651 3637 1706 erit
3661 1666 3767 1706 an-

2175 1735 2482 1792 nuntiatore
2529 1736 2665 1795 facie
2705 1739 2774 1796 ad
2819 1740 3010 1796 faciem
3067 1740 3387 1798 videntibus.
3442 1740 3769 1798 Centrum

2175 1841 2305 1882 vero
2333 1828 2474 1898 quod
2500 1830 2608 1898 ait,
2640 1832 2909 1888 ascendere
2946 1833 3194 1900 nituntur,
3224 1849 3335 1892 non
3359 1833 3512 1904 quasi
3567 1832 3770 1906 adver-

2176 1929 2383 1990 santes,
2425 1924 2520 1978 sed
2545 1923 2758 1982 obviam
2799 1935 3020 1994 euntes;
3053 1929 3192 1984 sicut
3217 1928 3508 2000 Apostolus
3529 1926 3679 1996 dicit,
3696 1925 3770 1982 In

2175 2013 2372 2068 obviam
2393 2015 2588 2072 Christo
2611 2017 2667 2089 (ι
2705 2017 2885 2074 Thess:
2907 2034 2980 2087 iv,
3010 2019 3124 2091 16).

2247 2106 2346 2179 [1b.
2393 2109 2625 2183 xxxvn.]
2657 2110 2764 2166 Sed
2808 2121 2858 2167 et
2901 2113 2955 2168 in
2984 2113 3080 2168 hoc
3122 2112 3380 2183 obstupuit
3417 2129 3505 2170 cor
3541 2125 3716 2169 meum
3749 2129 3771 2169 :

2173 2197 2541 2260 admiratione.
2587 2200 2656 2254 Et
2681 2201 2908 2257 evulsum
2931 2213 3002 2258 est
3036 2204 3230 2260 deloco
3269 2219 3366 2259 suo
3389 2221 3410 2260 :
3434 2204 3504 2262 de
3529 2206 3768 2261 terrenis

2174 2282 2355 2348 rebus,
2394 2284 2588 2353 quibus
2615 2285 2997 2354 delectabatur,
3042 2296 3102 2348 ut
3145 2304 3358 2344 sursum
3400 2287 3660 2346 habeatur
3693 2289 3771 2348 ad

2175 2373 2478 2430 Dominum.
2513 2377 2696 2431 Audite
2722 2379 2940 2433 sonitum
2977 2381 3182 2435 terroris
3221 2390 3268 2434 et
3304 2381 3437 2438 vocis
3463 2381 3590 2451 ejus.
3623 2380 3769 2438 [line

2173 2481 2298 2522 eum
2321 2477 2541 2538 apparet
2571 2470 2669 2540 ista
2698 2471 2752 2524 in
2773 2472 2964 2540 spiritu
2991 2471 3190 2530 dicere.
3221 2472 3352 2528 Nam
3379 2473 3564 2542 incipit
3582 2472 3774 2530 dicere

2172 2574 2268 2615 cur
2288 2555 2527 2644 evulsum
2558 2563 2626 2632 sit
2652 2577 2746 2618 cor
2780 2563 2896 2634 ejus
2921 2565 2988 2620 de
3015 2564 3132 2628 loco
3157 2580 3274 2631 suo,
3301 2565 3618 2622 auctoritate
3649 2567 3771 2623 sci—

2173 2652 2300 2726 licet
2329 2654 2598 2725 Evangelii
2631 2672 2724 2726 per
2751 2666 2920 2712 totum
2946 2657 3130 2714 orbem
3163 2657 3471 2716 terribiliter
3495 2659 3770 2728 sonantis,

2174 2743 2530 2812 Poeniteiuium
2559 2750 2723 2818 agite;
2747 2751 3170 2821 appropinquavit
3199 2751 3334 2806 enim
3357 2767 3566 2823 regnum
3600 2752 3770 2809 mlo-

2171 2854 2285 2892 rum
2322 2839 2532 2912 (Matth.
2570 2856 2647 2909 ιιι,
2673 2841 2753 2912 2).
2795 2841 2863 2898 Et
2896 2844 3109 2917 strepitu
3137 2845 3239 2900 oris
3266 2845 3404 2901 illius
3439 2856 3664 2902 exeunt:
3690 2847 3769 2904 ad

2173 2945 2266 2986 eos
2297 2934 2475 3002 utique
2509 2934 2600 3003 qui
2638 2932 2768 2989 foris
2806 2944 2952 3003 sunt,
2995 2937 3049 2991 in
3091 2936 3536 2996 delectationibus
3576 2955 3769 2996 rerum

2171 3031 2476 3090 visibilium.
2523 3033 2710 3090 Subter
2745 3037 3032 3091 universum
3066 3037 3250 3091 calum
3275 3037 3478 3105 circuit,"
3517 3046 3564 3094 at
3588 3038 3771 3094 (anteit

2171 3125 2283 3195 ejus
2309 3127 2362 3180 in
2389 3126 2574 3194 ﬁnibus
2607 3136 2753 3181 teme
2777 3143 2798 3181 :
2825 3126 2949 3182 dum
2975 3128 3213 3184 Ecclesia
3240 3144 3334 3199 per
3361 3142 3551 3186 omnes
3569 3135 3770 3201 gentes

2171 3215 2498 3274 diﬂ‘unditur.
2533 3216 2656 3272 Post
2674 3234 2789 3273 eum
2808 3223 2985 3290 fremet
3009 3235 3122 3274 uox.
3149 3219 3280 3274 Post
3301 3220 3528 3290 primum
3553 3221 3766 3278 adven-

2171 3317 2284 3366 tum
2325 3305 2444 3378 ejus
2481 3309 2774 3366 novissima
2817 3311 2942 3368 tuba
2976 3313 3198 3368 secundi
3242 3313 3507 3370 adventus
3543 3315 3664 3386 ejus
3708 3317 3767 3372 in

2167 3403 2415 3460 claritate
2437 3405 2638 3460 tonabit
2659 3404 2700 3475 (Ι
2730 3402 2848 3460 Cor.
2879 3421 2974 3471 xv,
2997 3406 3088 3473 52,
3117 3418 3166 3460 et
3192 3407 3214 3461 l
3236 3405 3414 3461 Thess.
3445 3419 3516 3474 iv,-
3548 3407 3660 3481 15).
3697 3409 3771 3464 In

2168 3498 2338 3550 sonitu
2375 3499 2624 3566 superbia:
2651 3505 2775 3553 suaz.
2813 3498 3128 3570 Superbiam
3173 3511 3272 3570 pro
3312 3502 3626 3558 celsitudine
3658 3518 3768 3572 po-

2169 3589 2306 3654 suit;
2339 3589 2461 3658 quia
2487 3591 2689 3659 primus
2717 3591 2976 3647 adventus
3004 3592 3057 3646 in
3086 3589 3382 3648 humilitate
3407 3593 3526 3649 fuit.
3559 3593 3629 3647 Et
3655 3609 3768 3648 non

2168 3681 2352 3750 poterit
2383 3667 2689 3752 investigari,
2737 3699 2852 3736 cum
2886 3683 3066 3736 audita
3102 3685 3252 3754 fuerit
3297 3700 3394 3740 vos:
3433 3688 3560 3756 ejus.
3604 3686 3769 3743 Nunc

2167 3787 2297 3844 ergo
2319 3783 2590 3845 quaeratur
2605 3775 2882 3843 Dominus,
2905 3776 3034 3831 dum
3051 3778 3277 3832 inveniri
3301 3787 3472 3847 potem
3487 3779 3639 3849 (lsai.
3660 3791 3762 3849 ιν,

2167 3862 2248 3934 6),
2279 3863 2383 3919 hoc
2421 3875 2522 3931 est,
2556 3867 2936 3936 comprehendi
2980 3869 3048 3924 ad
3077 3870 3302 3924 salutem
3329 3875 3425 3940 per
3459 3869 3617 3926 iidem
3645 3869 3765 3928 ιιῦὴ

2169 3953 2366 4010 (ictam.
2399 3955 2547 4012 Tunc
2568 3958 2712 4034 enim
2738 3974 2847 4013 non
2872 3961 3092 4029 peterit,
3119 3973 3241 4016 cum
3266 3962 3471 4016 venerit
3489 3959 3762 4032 judicare,

2165 4056 2220 4101 et
2237 4047 2416 4118 audita
2433 4047 2592 4104 fuerit
2611 4065 2713 4104 vox
2735 4050 2852 4119 ejus
2871 4049 3114 4119 dicentis,
3139 4051 3219 4106 Ite
3237 4054 3290 4107 in
3314 4053 3480 4125 ignem
3504 4065 3762 4111 intereunt

2169 4136 2378 4208 (Matth.
2418 4155 2541 4205 xxv,
2578 4138 2690 4212 41).
2717 4141 2980 4209 Quoniam
3018 4159 3138 4199 sera
3169 4155 3292 4200 tunc
3330 4147 3453 4214 erit,
3493 4157 3549 4204 et
3583 4149 3760 4206 infru-

2164 4237 2347 4284 ctuosa
2374 4229 2664 4284 inlidelium
2690 4233 3017 4300 pmitentia.
3045 4233 3259 4289 Tonabit
3275 4237 3422 4308 fortis
3445 4239 3500 4292 in
3525 4255 3643 4293 voce
3659 4247 3763 4296 sua

2165 4323 2481 4377 mirabiliter.
2527 4324 2659 4391 Quia
2685 4339 2796 4382 non
2820 4326 3146 4383 fartitudinis
3173 4327 3308 4399 ejus,
3340 4330 3440 4385 sed
3466 4331 3761 4388 inﬁrmita-

2166 4414 2232 4466 tis
2272 4423 2470 4470 nostrie
2497 4429 2562 4470 ex
2593 4417 2993 4486 participatione
3023 4420 3363 4475 mortalitatis
3387 4437 3490 4476 vox
3529 4422 3621 4478 illa
3653 4417 3762 4482 fuit

2166 4506 2323 4576 primi
2357 4506 2616 4562 adventus
2642 4508 2778 4578 ejus,-
2808 4509 2874 4564 de
2903 4525 3009 4580 quo
3042 4511 3242 4566 dictum
3286 4522 3386 4579 est,
3424 4514 3574 4578 Quod
3598 4515 3757 4585 inﬁr-

2164 4614 2302 4652 mum
2329 4608 2400 4653 est
2425 4597 2540 4667 Dei,
2569 4599 2749 4670 fortius
2778 4609 2848 4655 est
2878 4601 3160 4657 hominibus
3193 4602 3239 4673 (l
3267 4603 3382 4658 Cor.
3414 4621 3467 4674 ι,
3645 4606 3757 4661 Fe-

2162 4691 2229 4743 cit
2263 4691 2394 4746 enim
2437 4709 2620 4763 magna
2647 4709 2760 4762 qua:
2797 4680 3156 4748 nesciebamus.
3201 4695 3325 4751 llarc
3363 4697 3417 4752 in
3453 4698 3626 4767 primo
3653 4700 3757 4754 ad-

2162 4793 2359 4850 ventu;
2399 4795 2454 4840 et
2484 4784 2604 4840 ideo
2630 4793 2810 4856 postea
2845 4785 2914 4840 ad
2953 4786 3212 4858 exigenda
3241 4803 3360 4859 quae
3393 4789 3558 4857 dedit,
3584 4790 3757 4860 judex

2161 4884 2417 4932 venturus
2444 4887 2545 4932 est.
2581 4879 2708 4943 Qum
2737 4878 3078 4934 nesciebamus
3105 4890 3306 4949 autem,
3339 4881 3541 4937 dictum
3568 4891 3656 4940 est
3682 4900 3754 4940 ex

2164 4984 2394 5040 persona
2421 4987 2605 5027 eorum
2637 4986 2770 5041 quos
2795 4973 2950 5028 latuit
2981 4974 3229 5030 divinitas
3254 4977 3483 5044 Domini,
3512 4977 3563 5031 in
3593 4978 3753 5032 inﬁr-

2163 5062 2402 5116 mitatcm
2426 5062 2601 5117 carnis
2626 5064 2909 5119 intuentes.
2942 5063 3258 5137 Prteciptens
3281 5059 3426 5133 dubi;
3444 5063 3571 5122 Esto
3596 5071 3757 5126 super

2159 5165 2345 5211 terram
2373 5169 2393 5209 :
2416 5157 2562 5210 carni
2583 5172 2712 5225 suze,
2731 5167 2790 5212 ut
2812 5172 2910 5229 per
2927 5157 3332 5215 Sacramentum
3354 5161 3664 5231 accipiatur,
3695 5163 3755 5218 in

2159 5246 2418 5303 memoria
2444 5246 2560 5316 ejus
2586 5246 2736 5317 (Luc.
2767 5264 2900 5316 mi,
2924 5250 3013 5317 19,
3035 5249 3153 5323 20),
3186 5252 3252 5306 a‘d
3279 5247 3626 5308 imitatibnem
3650 5254 3682 5307 ιι
3693 5255 3758 5311 u-

2158 5340 2397 5398 militatis
2417 5348 2472 5395 et
2497 5339 2923 5398 informationem
2943 5343 3234 5400 charitatis.
3260 5344 3327 5399 Et
3351 5353 3615 5416 tempestas
3630 5346 3756 5418 plu-

2159 5435 2270 5502 viae,
2298 5443 2344 5489 et
2371 5444 2638 5506 tempestas
2663 5435 2900 5490 imbrium
2921 5437 3179 5505 potestatis
3201 5437 3328 5507 ejus.
3353 5437 3447 5492 Est
3474 5438 3620 5493 enim
3641 5449 3753 5494 nu—

2157 5527 2254 5584 bes
2273 5527 2488 5598 quidem
2513 5543 2673 5598 super
2693 5536 2890 5582 terram
2924 5543 2938 5582 :
2968 5528 3062 5584 sed
3089 5527 3303 5598 quando
3324 5529 3650 5600 exprimatur
3675 5531 3752 5586 ad

2159 5620 2424 5692 irriganda
2477 5623 2635 5676 corda
2679 5634 2774 5689 per
2814 5618 3046 5689 pluviam
3096 5618 3402 5692 imbresque
3455 5621 3750 5692 sermonis,

2157 5713 2301 5782 quod
2331 5713 2390 5768 lit
2411 5727 2531 5768 cum
2557 5721 2887 5768 sacramenta
2907 5713 3290 5784 intelliguntur,
3315 5727 3422 5769 non
3453 5714 3505 5770 in
3535 5725 3748 5782 nostra,

2159 5807 2255 5862 sed
2283 5808 2335 5861 in
2364 5808 2526 5878 ipsius
2554 5799 2813 5875 potestale
2834 5813 2935 5863 est.
2965 5801 3031 5862 In
3056 5823 3212 5862 manu
3233 5805 3395 5862 omnis
3423 5809 3635 5864 hominis
3662 5810 3750 5863 si-

2160 5910 2299 5971 gnat.
2342 5898 2609 5971 Signiﬁcat
2639 5899 2689 5956 ei
2727 5914 2824 5970 per
2851 5913 3012 5971 opera
3051 5899 3166 5970 ejus
3193 5914 3352 5971 quam
3391 5915 3517 5958 reus
3545 5901 3630 5969 sit,
3680 5909 3745 5956 ut
