4110 6450
347 557 487 613 sciat
512 551 691 611 omnis
721 547 886 611 homo
913 549 1276 611 inﬁrinitatem
1306 549 1478 622 suam,
1509 561 1562 610 et
1591 547 1804 617 clamet,
1841 551 1932 606 In-

348 652 473 726 felix
495 668 588 723 ego
615 652 784 721 homo,
815 652 926 723 quis
953 667 1029 705 me
1049 649 1273 706 liberabit
1307 650 1369 704 de
1393 665 1601 721 corpore
1635 647 1808 702 mortis
1839 645 1934 701 bu-

345 746 428 817 jus
455 745 630 817 (Rom.
661 761 757 814 vn,
791 735 926 816 $4)?
959 736 1271 800 Introierunt
1309 743 1477 798 autem
1508 743 1673 798 bestia:
1706 742 1795 798 sub
1822 759 1938 814 pro-

349 835 580 905 t'ecti‘one,
613 829 658 890 et
685 819 974 908 quieverunt
994 837 1047 891 in
1067 837 1236 892 cubili.
1266 819 1590 892 lutroierunt
1612 831 1790 892 autem
1815 849 1937 906 pec-

347 925 556 986 catures
611 919 713 984 sub
765 912 1092 1000 indulgentia
1139 929 1352 1000 gratia},
1411 933 1464 984 et
1516 929 1832 999 quieverunt
1882 926 1937 980 in

347 1013 695 1088 conscientia,
723 1019 962 1077 Emissis
993 1013 1244 1091 peccatis.
1272 1019 1348 1075 De
1374 1022 1737 1091 promptuariis
1763 1038 1938 1102 super-

349 1111 481 1165 venit
508 1109 775 1182 tentpesias
801 1130 820 1166 :
848 1113 1070 1168 tentatio
1095 1113 1161 1168 de
1191 1111 1399 1168 Occult'o
1432 1113 1610 1168 rerum
1636 1111 1840 1168 ordine.
1871 1107 1938 1165 Et

353 1201 416 1256 de
452 1199 816 1275 promptuariis
853 1189 1056 1276 frigus:
1082 1204 1149 1260 de
1191 1191 1411 1260 scere'tis
1449 1203 1705 1274 judicium
1749 1207 1801 1258 in
1845 1219 1938 1259 eos

349 1293 436 1365 qui
462 1309 569 1348 non
587 1297 961 1365 perseverant;
989 1304 1045 1350 ut
1069 1294 1380 1366 refrigescat
1404 1309 1589 1351 eorum
1618 1279 1847 1350 Charitas
1873 1312 1938 1350 ex

349 1367 672 1440 abundantia
714 1384 1004 1456 iniquitatis
1036 1384 1248 1458 (Matth.
1287 1403 1434 1453 xxxv,
1473 1385 1562 1453 f2,
1605 1385 1716 1466 15).
1752 1373 1938 1442 Merito

349 1474 492 1532 enim
519 1471 778 1550 cettllngit
805 1475 904 1547 eis,
945 1477 1072 1550 dum
1103 1494 1252 1549 Spem
1282 1493 1431 1534 suam
1463 1495 1570 1534 non
1596 1479 1651 1534 in
1681 1475 1812 1547 Deo,
1844 1479 1939 1558 sed

349 1565 406 1622 in
425 1566 729 1624 hominibus
756 1563 976 1640 ponunt.
1001 1570 1069 1624 Et
1089 1571 1151 1625 ab
1171 1571 1352 1641 spiritu
1383 1569 1480 1625 Dei
1505 1571 1708 1625 dabitur
1732 1571 1935 1642 glubies.

349 1659 466 1716 Non
502 1657 674 1716 selum
716 1657 782 1718 ex'
822 1661 1145 1718 abundantia
1182 1663 1482 1733 iniquorum
1515 1663 1817 1734 frigescunt,
1850 1662 1939 1732 qui

351 1751 500 1822 apem
533 1763 738 1822 ponunt
777 1754 832 1809 in
872 1749 1216 1823 hominibus;
1257 1754 1352 1812 sed
1386 1757 1545 1812 etiam
1587 1773 1651 1812 ex
1690 1756 1939 1826 operibus

350 1844 508 1900 bonis
543 1847 754 1916 eorum,
795 1848 852 1902 in
880 1847 1072 1923 quibu’s
1113 1851 1197 1904 est
1237 1851 1462 1920 Spiritus
1497 1837 1613 1916 Dei,
1651 1849 1942 1906 durescunt

351 1932 564 2006 quidam
602 1937 753 2008 quaSi
793 1939 960 2010 glacie
1005 1938 1207 2007 livoris,
1237 1940 1430 2010 quibus
1471 1951 1551 1996 est
1589 1939 1782 1996 Paulus
1809 1943 1941 1998 odor

349 2031 536 2086 martis
557 2028 608 2085 ili
638 2027 867 2112 mortem
900 2029 965 2104 (ll
992 2033 1108 2087 εον.
1136 2031 1193 2099 u,
1227 2031 1338 2104 to).
1369 2033 1435 2088 Et
1457 2032 1523 2088 ad
1547 2019 1660 2088 haec
1683 2034 1801 2104 quis
1828 2021 1975 2088 ius:

349 2131 504 2199 neus,
533 2133 591 2179 ut
619 2111 877 2196 intelligat
912 2127 1162 2197 quoniam
1199 2136 1346 2182 recte
1385 2128 1612 2197 acjuste
1641 2129 1706 2186 ab
1750 2129 1939 2199 spiritu

350 2213 445 2268 Dei
482 2197 693 2270 dabitur
726 2214 958 2288 glacies?
992 2218 1140 2274 Sicut
1174 2219 1317 2274 enim
1355 2219 1658 2274 carnalibus
1695 2197 1941 2275 homines

349 2303 690 2363 laudantibus
723 2303 983 2381 contingit
1026 2326 1090 2366 ex
1135 2307 1413 2365 hominum
1459 2311 1738 2381 iniquitate
1780 2311 1940 2382 frige-

350 2395 501 2453 scere
527 2391 894 2470 desperando;
940 2395 1011 2457 ita
1053 2403 1356 2458 carnalibus
1397 2403 1464 2458 ab
1491 2403 1792 2461 hominibus
1824 2405 1939 2460 lau-

353 2487 467 2544 dari
495 2489 832 2568 cupientibus
869 2495 1128 2568 contingit
1153 2511 1219 2553 ex
1247 2496 1522 2553 hominum
1555 2497 1760 2566 justitia
1785 2497 1942 2553 d'ure-

350 2581 500 2636 seere
517 2564 821 2638 invidendo.
843 2564 1098 2639 (ἐρώει-πάι
1120 2598 1287 2640 autem
1303 2605 1485 2656 aquam
1506 2564 1718 2657 qualiter
1734 2587 1812 2642 illi
1831 2589 1944 2658 pla-

349 2674 509 2727 cuerit
535 2689 555 2728 :
576 2684 634 2729 ut
659 2673 804 2745 pluat
833 2692 994 2746 super
1023 2678 1182 2733 unam
1209 2679 1498 2746 civitatem,
1523 2679 1576 2734 et
1604 2679 1766 2750 Super
1785 2675 1944 2736 aliam

352 2779 460 2819 non
492 2757 638 2835 plnal
668 2763 844 2840 (Amos
874 2768 947 2834 tv,
973 2770 1065 2839 7);
1099 2769 1240 2840 quod
1275 2769 1340 2825 ad
1366 2771 1590 2826 imbrem
1619 2771 1806 2828 attinet
1831 2773 1944 2844 spi-

350 2856 616 2928 rituale'm',
645 2859 743 2930 pro
769 2857 1098 2917 subditarum
1125 2873 1215 2918 aut
1243 2879 1349 2918 non
1381 2863 1713 2920 subditarum
1737 2867 1945 2922 meritis

350 2949 671 3006 animar'utii.
703 2943 772 3006 Et
801 2949 1108 3025 frumentum
1140 2956 1368 3027 irrigavit
1398 2959 1570 3012 nubes.
1614 2958 1792 3015 Simus
1816 2976 1944 3030 ergo

350 3031 734 3113 frh'mehtttm‘,
764 3046 810 3101 si
846 3047 1088 3117 cupimus
1125 3048 1352 3120 irrigari.
1379 3043 1734 3106 Dissentinavit
1764 3051 1946 3106 nubem

353 3137 515 3192 lucem
553 3143 700 3193 suaiit
729 3155 749 3194 :
774 3137 1121 3212 Evang'elium
1150 3125 1532 3199 incarnationis
1565 3160 1694 3200 suae.
1740 3143 1806 3197 Et
1834 3145 1948 3215 ipsa

353 3233 443 3300 per
465 3230 732 3285 circuitum
758 3232 966 3286 vertitur
1027 3248 1124 3303 per
1144 3231 1329 3289 Orbem
1355 3242 1510 3290 terra:
1534 3235 1645 3305 ipsa
1670 3243 1943 3290 tractatur.

352 3316 420 3374 In
446 3320 796 3393 gubernaculis
837 3321 903 3376 ad
933 3325 1245 3394 operantium
1278 3327 1449 3379 omnia
1482 3327 1594 3395 qute'
1637 3326 1948 3381 mandaverit

355 3411 443 3467 eis.
473 3411 843 3469 Gubernacula
874 3416 927 3469 in
969 3416 1162 3486 quibus
1203 3416 1294 3472 illa
1334 3417 1502 3474 nubes
1543 3433 1640 3488 per
1665 3419 1948 3473 circuitum

354 3505 598 3570 vertitur,
631 3505 1011 3575 praedicatores
1047 3517 1171 3564 sunt
1195 3509 1367 3574 verbi,
1407 3513 1502 3580 per
1530 3526 1666 3581 quos
1694 3510 1949 3565 Ecclesiae

357 3589 722 3668 gdberhantm
761 3597 827 3652 ad
867 3599 1136 3668 operanda
1173 3602 1352 3655 omnia
1387 3601 1632 3656 mandata
1668 3601 1780 3658 Dei.
1825 3601 1950 3658 Htec

357 3687 630 3741 constitutd
659 3697 776 3742 sunt
813 3690 874 3742 ab
911 3705 967 3743 eo
1006 3707 1160 3760 super
1189 3697 1415 3746 terram:
1445 3707 1474 3745 a
1515 3689 1739 3747 Domino
1765 3701 1952 3752 nostro

367 3779 494 3836 Jesu
522 3777 755 3836 Christo.
791 3782 909 3836 Sive
946 3783 998 3836 in
1039 3784 1189 3849 tribu,
1215 3785 1316 3839 sive
1344 3786 1556 3839 interra
1585 3804 1694 3841 sua.
1735 3787 1859 3843 Sive
1897 3791 1952 3842 in

359 3869 499 3926 tribu
527 3870 683 3937 Juda,
711 3872 854 3927 unde
875 3873 1165 3929 secundum
1194 3891 1410 3930 carnem
1443 3885 1594 3932 natus
1622 3886 1722 3945 est,
1745 3887 1798 3932 et
1827 3894 1952 3950 pas-

359 3975 472 4030 sus,
495 3970 549 4017 et
570 3965 882 4031 resurrexit,
911 3971 967 4020 et
991 3965 1232 4020 ascendit
1257 3967 1310 4020 in
1338 3967 1566 4022 coelum:
1595 3985 1659 4022 ex
1689 3971 1786 4024 hac
1811 3970 1953 4024 enim

362 4053 526 4124 geniti
553 4059 707 4108 erant
727 4049 988 4123 Apost‘oll,
1023 4063 1074 4110 et
1099 4056 1247 4110 multi
1276 4055 1467 4111 fratres
1489 4073 1653 4127 prope
1678 4059 1875 4114 inventi
1903 4069 1958 4116 et

361 4144 495 4201 salvi
523 4143 648 4200 faeli
671 4163 686 4210 ;
712 4145 828 4201 sire
850 4153 972 4201 ante
990 4147 1292 4217 passionem
1320 4148 1435 4218 ejus
1455 4163 1548 4218 per
1565 4149 1739 4219 ipsum
1761 4153 1952 4220 vocati,

365 4239 480 4294 sive
517 4237 638 4309 post
663 4239 1033 4294 ascensionem
1062 4251 1159 4311 per
1198 4239 1486 4311 Apestolos
1513 4241 1565 4296 in
1592 4243 1704 4312 ipsa
1737 4242 1956 4300 Jerusa-

361 4327 489 4395 lem,
522 4337 682 4399 atque
709 4329 765 4384 in
790 4329 1045 4386 Ecclesils
1071 4329 1289 4396 Judteze,
1322 4339 1441 4402 quae
1463 4342 1616 4386 erant
1643 4333 1696 4387 in
1719 4325 1955 4402 Christo,

364 4422 501 4478 sicut
529 4431 916 4480 commemorat
936 4426 1210 4494 apostolus
1230 4425 1444 4494 Paulus,
1470 4437 1674 4498 propter
1699 4430 1959 4483 veritatem

365 4507 483 4583 Dei,
519 4514 588 4568 ad
611 4515 988 4584 confirmandus
1015 4527 1218 4587 patrum
1241 4521 1616 4590 promissiones.
1647 4520 1765 4576 Sive
1788 4522 1840 4575 in
1866 4523 1960 4575 mi-

367 4607 640 4660 sericordia
674 4607 884 4661 inveniri
923 4609 1132 4664 voluerit
1161 4625 1272 4666 eam
1301 4626 1319 4665 :
1347 4611 1488 4666 illam
1535 4613 1727 4667 nubem
1758 4613 1963 4669 scilicet

370 4696 421 4751 in
443 4698 809 4754 miseritordia
830 4700 1059 4756 voluerit
1089 4702 1320 4756 inveniri
1350 4718 1381 4756 a
1410 4701 1750 4759 credentibus
1772 4704 1961 4760 Genti-

369 4789 487 4843 bus.
516 4787 629 4845 Hoc
655 4791 796 4846 enim
817 4794 1078 4861 sequitur,
1109 4792 1293 4849 Gentes
1314 4803 1482 4848 autem
1512 4811 1664 4866 super
1681 4797 1962 4851 misericor-

370 4881 507 4935 diam
545 4871 832 4953 glorificare
857 4881 1024 4938 Deum
1054 4885 1237 4957 (Rom.
1277 4888 1372 4955 x'v,
1409 4886 1464 4953 8,
1487 4886 1567 4958 9).
1608 4887 1824 4942 Auribus
1852 4906 1964 4958 per-

370 4973 481 5044 cipe
508 4975 636 5040 Inec,
662 4957 782 5029 .lob.
805 4977 968 5044 Quasi
992 4981 1216 5033 renovat
1239 4957 1607 5046 intentionem,
1639 4957 1874 5034 dicturus
1898 4981 1966 5036 de

375 5063 653 5120 vocatione
669 5065 938 5122 Gentium.
961 5067 1081 5134 Sta,
1101 5078 1146 5123 et
1161 5084 1468 5124 commovere
1489 5069 1717 5125 virtutem
1739 5069 1961 5125 Domini.

372 5149 491 5214 Noli
536 5161 740 5215 moveri
779 5155 978 5227 mente,
1024 5161 1222 5231 aliquid
1268 5161 1365 5216 tibi
1416 5162 1717 5217 tribuendo.
1764 5162 1967 5220 Scimus

373 5250 490 5318 quia
509 5247 652 5305 Deus
699 5252 863 5320 posuit
887 5265 1039 5322 Opera
1064 5267 1156 5306 sua
1180 5269 1199 5308 :
1219 5254 1511 5324 repr'bbans
1535 5255 1713 5326 utique
1736 5256 1970 5325 glorian-

373 5345 458 5397 tés
485 5340 554 5396 de
582 5340 833 5411 operibus
860 5343 992 5397 Suis.
1028 5343 1157 5398 Cum
1199 5349 1386 5416 faceret
1422 5341 1583 5400 lucem
1606 5346 1669 5402 de
1708 5345 1921 5402 tenebris
1950 5349 1970 5402 ἐ

374 5437 494 5488 eum
512 5432 831 5504 justiﬁearet
859 5435 1073 5505 impios.
1109 5435 1301 5492 Fuistls
1329 5440 1471 5492 enim
1498 5439 1786 5508 aliquando
1813 5447 1968 5495 tene-

373 5523 520 5592 brze;
554 5535 695 5581 nunc
735 5529 912 5582 autem
938 5527 1028 5582 lux
1065 5529 1118 5583 in
1149 5529 1373 5585 Domino
1411 5521 1625 5603 (Ephes.
1655 5546 1706 5597 v,
1738 5529 1817 5600 8).
1858 5530 1970 5587 Scit

376 5615 716 5685 differentiam
733 5619 940 5674 nubium
964 5635 982 5674 :
1005 5617 1464 5692 Evangelistarum
1485 5623 1710 5678 aliorum
1730 5622 1830 5678 sibi
1846 5629 1970 5679 ante

378 5709 704 5781 passionem,
754 5713 981 5770 aliorum
1012 5724 1132 5785 post
1160 5715 1464 5786 passionem
1507 5715 1860 5774 credentium.
1903 5716 1972 5774 Et

442 5821 458 5854 ι
485 5827 544 5894 tu
561 5821 932 5894 editisdeerant
965 5826 1132 5878 isthmc
1165 5827 1337 5894 verba,
1369 5824 1590 5894 irrigavit
1625 5828 1786 5894 nubes.
1818 5827 1972 5882 Simus

297 5929 306 5936 .
377 5883 1906 5956 σοοίτυπιθιιιωηεφιωωίωπψωὶιωόρθτθωωωω.

1769 423 1972 497 LIBER
2008 421 2210 500 onus.

2043 551 2264 623 ingentes
2295 551 2470 624 lapsus
2500 553 2749 611 malorum
2777 571 2796 610 :
2819 557 2923 611 non
2968 553 3155 611 eorum
3180 539 3270 628 qui
3309 540 3474 628 elapSi
3502 570 3629 614 sunt.

2043 644 2414 716 crucifigentcs
2443 662 2584 713 eum,
2616 647 2672 702 ut
2699 662 2792 702 eos
2817 656 2999 718 postea
3028 649 3333 719 paeniteret,
3364 657 3419 704 et
3446 649 3620 720 bapti-

2043 747 2294 792 zarentur
2322 737 2373 792 in
2401 754 2499 805 eo;
2526 737 2620 794 sed
2649 755 2834 796 eorum
2863 739 3042 810 lapsus
3073 741 3159 811 qui
3183 729 3282 796 nec
3307 741 3500 812 corrigi
3528 757 3624 812 pos

2044 825 2280 895 luerunt,
2310 839 2709 899 perseveranter
2732 831 2890 885 etiam
2913 842 3094 900 postea
3121 835 3500 902 persequentes
3524 823 3627 888 Ec-

2044 917 2258 974 clesium
2285 925 2298 974 ':
2329 919 2518 975 horum
2544 922 2687 977 enim
2715 929 2818 977 non
2846 922 3015 993 parvi,
3063 913 3156 978 sed
3182 923 3421 993 ingentes
3449 923 3630 994 lapsus

2044 1018 2184 1065 sunt.
2230 1005 2339 1066 Tua‘
2379 1015 2495 1067 vero
2538 1011 2671 1067 stola
2717 1019 2788 1068 est
2826 1011 3025 1068 valida‘
3055 1033 3068 1069 :
3097 1011 3323 1085 dignitas
3367 1015 3630 1085 superba;

2044 1105 2292 1173 tanquam
2323 1105 2373 1159 in
2402 1107 2522 1161 eum
2557 1107 2752 1177 quippe
2782 1107 2992 1175 dicitur,
3021 1093 3111 1178 Qui
3147 1107 3214 1162 de
3243 1108 3494 1177 operibus
3521 1107 3632 1162 suis

2045 1189 2204 1252 audet
2232 1199 2438 1254 extolli.
2468 1197 2760 1264 Quiescente
2789 1209 2921 1254 terra
2945 1200 3007 1254 ab
3047 1203 3238 1268 austro,
3267 1189 3492 1269 ﬁrmabis
3517 1215 3633 1254 cum

2045 1305 2104 1344 eo
2134 1290 2302 1357 caelos,
2334 1277 2420 1362 qui
2447 1293 2706 1362 wqutiliter
2730 1293 2797 1346 ad
2822 1293 3087 1347 videndum
3116 1283 3219 1364 fusi
3244 1295 3398 1348 sunt?
3425 1276 3507 1349 Al)
3536 1293 3632 1346 tiu-

2045 1387 2158 1436 stro
2194 1391 2389 1438 terram
2429 1385 2785 1455 c'o'ngruenter
2811 1384 3156 1452 intelligimUS
3196 1386 3290 1440 eos
3318 1385 3407 1455 qui
3443 1384 3509 1440 de
3536 1384 3632 1440 Ju-

2045 1474 2176 1528 daeis
2196 1471 2539 1530 crediderunt
2562 1476 2612 1530 in
2640 1463 2931 1531 Christum.
2959 1478 3106 1532 Sicut
3128 1480 3269 1532 enim
3299 1478 3377 1533 sol
3404 1479 3471 1532 ab
3495 1480 3637 1548 aqui-

2045 1568 2213 1624 lonari
2251 1580 2388 1624 terra
2417 1570 2668 1625 remotior
2694 1563 2793 1632 est,
2818 1561 3034 1625 australi
3075 1569 3252 1626 autem
3281 1570 3532 1636 vicinior;
3563 1571 3635 1626 ita

2045 1663 2180 1730 quos
2209 1664 2375 1730 pmpe
2398 1661 2642 1716 inventos
2671 1661 2798 1716 dicit
2827 1662 3112 1732 Apostolus
3142 1663 3246 1717 luci
3272 1655 3634 1733 liva‘ngelista-

2047 1767 2162 1806 rum
2189 1752 2412 1825 (Ep/tes.
2443 1763 2500 1821 ll,
2537 1753 2644 1824 l7),
2669 1770 2771 1808 non
2800 1749 3027 1809 absurde
3049 1742 3380 1825 accipiuntur
3403 1766 3541 1810 terra
3564 1753 3632 1810 ab

2046 1843 2416 1899 austru.Sicut
2447 1854 2621 1900 autem
2653 1846 2818 1900 cretes
2859 1845 3223 1915 Evangelistas
3265 1845 3500 1902 solemus
3542 1861 3636 1900 ac-

2047 1938 2244 2006 cipere,
2268 1937 2585 2001 u1e‘st,Ca:li
2614 1943 2851 1992 enat-rant
2881 1939 3094 2009 gloriam
3128 1935 3259 2004 Dei;
3290 1938 3356 1995 de
3385 1939 3466 1996 his
3493 1937 3638 1995 enim

2050 2025 2250 2082 dictum
2284 2037 2384 2091 est,
2415 2026 2480 2080 In
2511 2043 2709 2081 onmem
2731 2039 2916 2082 terram
2945 2023 3094 2082 exivit
3121 2031 3272 2083 sonus
3292 2037 3485 2098 eorum,
3511 2039 3558 2084 et
3584 2031 3639 2084 in

2047 2119 2173 2186 fines
2201 2120 2334 2172 orbis
2364 2128 2508 2173 terra:
2549 2116 2696 2172 verba
2735 2133 2910 2172 eorunt
2940 2113 3111 2189 (Psa’l.
3143 2130 3300 2186 xvut,
3331 2119 3386 2186 2,
3427 2115 3487 2191 ὃ)
3519 2138 3531 2174 :
3563 2121 3637 2176 ita

2047 2215 2220 2262 terras
2252 2217 2398 2264 recte
2425 2210 2713 2279 accipimus
2742 2208 2948 2279 plebes,
2985 2211 3174 2279 quibus
3215 2211 3638 2282 evangelizatum

2048 2307 2148 2355 est.
2189 2299 2252 2354 Et
2281 2299 2532 2370 quoniam
2569 2299 2750 2370 plebes
2789 2315 2908 2370 qua)
2951 2297 3017 2355 de
3045 2291 3227 2356 Judara
3268 2300 3636 2372 crediderunt,

2047 2401 2396 2464 posteaquam
2423 2393 2738 2462 quieverunt
2766 2395 3022 2450 exettntes
3048 2391 3114 2449 de
3143 2394 3240 2450 hac
3273 2398 3444 2450 terra”
3464 2396 3632 2467 (nunc

2048 2485 2189 2539 enim
2241 2487 2326 2540 hic
2373 2502 2479 2540 non
2532 2484 2700 2557 sunt),
2746 2486 2950 2540 tirmata
2993 2497 3076 2541 eSt
3131 2497 3304 2543 tamen
3348 2483 3640 2546 auctoritas

2048 2575 2507 2648 Evang‘ellstarum
2538 2580 2589 2633 in
2634 2577 2891 2634 Ecclesiis
2923 2583 3040 2650 (ιιιώ
3080 2589 3206 2635 sunt
3244 2595 3309 2636 ex
3357 2565 3638 2650 Gentibus,

2048 2668 2257 2724 ﬁrmata
2297 2678 2477 2724 autem
2517 2669 2882 2725 misericordia
2909 2671 3022 2739 Dei,
3063 2671 3170 2725 'nOn
3209 2671 3317 2742 jam
3349 2671 3643 2742 opitulante

2049 2762 2366 2817 auctoritate
2388 2761 2749 2818 Ecclesiarutn
2777 2762 2996 2830 JlldtL'lB,
3019 2779 3138 2833 quae
3158 2763 3211 2817 in
3233 2761 3504 2818 Christum
3529 2771 3640 2831 est;

2050 2863 2332 2924 propterea
2359 2863 2546 2910 sensus
2570 2855 2656 2908 hic
2686 2864 2787 2924 est,
2822 2857 2878 2909 dt
2898 2871 2992 2926 per
3017 2855 3486 2927 interrogationum
3517 2872 3643 2928 pro-

2050 2949 2323 3004 nuntietur
2356 2963 2370 3002 :
2403 2947 2663 3018 Numquid
2704 2955 2757 3002 tu
2798 2949 3106 3018 quiescente
3148 2959 3287 3005 terra
3324 2950 3390 3005 ab
3426 2953 3644 3016 austro;

2051 3040 2106 3095 id
2131 3052 2232 3109 est,
2258 3042 2369 3112 jam
2393 3053 2499 3096 non
2531 3042 2792 3097 existente
2827 3042 2879 3095 in
2908 3041 3010 3097 hac
3047 3044 3155 3098 vita
3191 3043 3343 3113 plebe
3371 3035 3475 3097 ulla
3502 3043 3644 3098 cliri-

2051 3136 2223 3191 stiana
2253 3151 2322 3190 ex
2366 3133 2585 3202 Judwis,
2631 3133 2866 3190 firmabis
2901 3140 3022 3189 cum
3062 3141 3127 3190 eo’
3165 3129 3551 3207 Evangelistas,
3593 3142 3649 3190 et

2052 3227 2352 3282 divinarum
2400 3227 2792 3297 Scripturarum
2838 3227 3020 3292 libros,
3066 3227 3155 3296 qui
3199 3229 3295 3296 per
3335 3227 3644 3282 misericor-

2054 3316 2196 3372 diam
2225 3318 2321 3372 Dei
2351 3333 2458 3372 non
2481 3317 2610 3372 solis
2630 3317 2846 3379 J‘udzeis,
2877 3315 2972 3372 sed
3001 3316 3162 3371 etiam
3191 3315 3450 3372 Gentibus
3471 3319 3648 3387 aequa-

2055 3410 2178 3465 lite‘r
2193 3411 2260 3465 ad
2282 3409 2564 3465 ‘vldendum
2588 3409 2689 3464 fusi
2719 3407 2878 3464 sunt?
2898 3409 3134 3464 Gratiam
3155 3410 3350 3480 quippe
3375 3409 3468 3465 Dei
3496 3409 3646 3464 c‘om-

2055 3499 2276 3558 ntendat
2303 3509 2358 3558 et
2388 3499 2828 3568 misericordiam,
2859 3507 2926 3556 he
2947 3501 3067 3571 quis
3095 3499 3164 3556 de
3202 3501 3410 3556 meritis
3448 3499 3646 3572 glorie-

2057 3602 2161 3660 tur,
2211 3609 2330 3664 qua:
2373 3593 2676 3649 Iudaeorum
2721 3597 2838 3648 erat
2883 3593 3148 3663 superbia.
3199 3593 3369 3659 Quare
3409 3591 3532 3649 doce
3566 3611 3644 3649 me

2056 3686 2179 3757 quid
2212 3685 2439 3740 dicamus
2473 3686 2539 3750 ei,
2572 3695 2619 3739 et
2654 3686 3022 3756 requiesca'mus
3051 3686 3210 3740 multa
3245 3686 3478 3741 dicentes.
3513 3687 3644 3755 Quia

2059 3785 2164 3832 non
2187 3785 2270 3833 est
2294 3776 2436 3847 quod
2461 3777 2510 3832 ei
2531 3773 2708 3832 dicant
2728 3778 2976 3844 convicti,
3001 3778 3206 3832 nullum
3233 3795 3292 3833 se
3318 3779 3516 3834 habere
3537 3795 3646 3834 me-

2058 3872 2219 3925 ritum
2260 3881 2356 3940 per
2399 3870 2626 3942 seipsos,
2675 3869 2772 3924 sed
2817 3870 2933 3939 ejus
2981 3870 3218 3940 indigere
3261 3871 3628 3927 misericordia

2061 3960 2332 4032 Numquid
2360 3959 2484 4016 liber
2511 3969 2598 4015 aut
2630 3961 2793 4015 scriba
2824 3961 3019 4015 assistis
3045 3961 3191 4030 mihi,
3220 3959 3274 4015 ul
3302 3969 3440 4019 stans
3469 3963 3653 4035 faciant

2061 4053 2314 4109 hominem
2341 4055 2543 4109 tacere?
2567 4055 2742 4122 Quare
2772 4061 2899 4125 ergo
2933 4057 3041 4109 non
3062 4053 3217 4120 dicis,
3253 4055 3300 4109 si
3327 4055 3490 4111 habes
3512 4047 3654 4125 quod

2062 4147 2247 4203 dicas?
2273 4146 2387 4202 Non
2421 4146 2562 4201 chim
2586 4146 2737 4217 quasi
2761 4147 2981 4201 dieta'nti
3007 4146 3138 4200 mihi
3161 4148 3380 4217 excipis,
3406 4155 3460 4202 ut
3491 4155 3545 4203 tu
3566 4149 3652 4204 ni-

2063 4239 2136 4294 hil
2161 4239 2337 4302 dicas;
2367 4239 2460 4294 sed
2488 4239 2668 4308 utique
2693 4238 3064 4308 colloquimur.
3092 4238 3338 4292 Omnibus
3366 4249 3532 4292 autem
3553 4241 3655 4294 non

2065 4341 2135 4388 εει
2157 4331 2349 4388 uisibile
2375 4333 2565 4400 lumen,
2593 4330 2728 4402 quod
2746 4332 2963 4402 refulget
2983 4332 3036 4384 in
3066 4330 3293 4385 nubibus.
3318 4317 3478 4386 Redit
3503 4333 3570 4387 ad
3591 4349 3653 4388 ea

2065 4443 2184 4496 quae
2210 4425 2420 4481 dicebat.
2446 4425 2515 4480 de
2542 4437 2637 4494 Spe
2658 4422 2985 4478 remissionis
3008 4431 3342 4491 peccatorum
3374 4432 3428 4478 et
3453 4423 3653 4479 illumi-
3695 4455 3712 4479 ,ο

2067 4521 2297 4575 nationis
2321 4518 2505 4589 gratiae
2533 4532 2630 4589 per
2656 4500 3075 4570 misericordiam
3102 4515 3196 4572 Dei
3222 4532 3233 4567 :
3263 4513 3489 4586 refulget
3513 4517 3656 4572 enim

2070 4611 2245 4665 lumen
2282 4612 2337 4665 in
2381 4607 2629 4665 nubibus.
2657 4597 2771 4663 Non
2800 4615 2980 4664 tamen
3008 4595 3241 4677 ipsarum
3282 4607 3502 4662 nubium
3535 4624 3658 4678 pro-
3689 4661 3699 4678 ,

2069 4705 2242 4774 prium
2272 4705 2385 4769 est;
2423 4697 2789 4756 illuminantttr
2818 4701 2980 4756 enim.
3019 4699 3176 4755 Aliud
3218 4710 3300 4756 est
3338 4701 3481 4757 enim
3517 4684 3658 4772 quod
3688 4769 3696 4784 ο

2069 4793 2237 4864 fulget
2282 4807 2381 4848 suo
2423 4792 2644 4857 lumine,
2687 4791 2828 4846 aliud
2868 4790 3010 4860 quod
3048 4791 3275 4862 refulget
3315 4791 3657 4846 illustratum.
3690 4791 3694 4795 ’

2069 4885 2175 4942 Sed
2218 4893 2325 4940 non
2362 4891 2444 4940 est
2468 4882 2716 4938 omnibus
2743 4881 2972 4937 visibile.
3005 4881 3151 4936 Multi
3179 4883 3320 4937 enim
3361 4880 3548 4962 putant
3577 4874 3692 4937 tu-’

2072 4979 2218 5034 mine
2258 4991 2356 5034 suo
2390 4978 2592 5048 fulgere
2621 4976 2848 5044 animas,
2875 4990 2996 5030 cum
3032 4975 3300 5044 sapientes
3337 4969 3479 5028 sunt.
3509 4973 3662 5030 Unde

2074 5070 2200 5128 sunt
2227 5071 2325 5138 illi,
2358 5061 2721 5142 qui-dicentes
2763 5083 2823 5124 se
2865 5075 2984 5123 esse
3026 5067 3313 5138 sapientes,
3359 5067 3508 5122 stulti
3537 5067 3662 5126 facti

2074 5167 2199 5221 sunt
2228 5165 2401 5239 (Rom.
2430 5181 2468 5232 ι,
2500 5164 2615 5237 22).
2646 5155 2713 5219 Et
2739 5155 2946 5236 spiritus
2965 5165 3162 5231 transit,
3195 5161 3242 5219 et
3267 5159 3525 5218 mundabit
3552 5182 3656 5219 eas.

2074 5251 2173 5312 Hic
2215 5255 2459 5326 Spiritum
2502 5257 2652 5322 dixit,
2701 5256 2768 5312 de
2807 5273 2911 5326 quo
2949 5257 3151 5312 dictum
3185 5265 3285 5326 est,
3327 5257 3400 5310 Ab
3430 5258 3664 5327 increpa-

2077 5347 2210 5403 tione
2235 5348 2442 5419 spiritus
2467 5348 2557 5402 ira:
2577 5357 2676 5401 tute
2703 5343 2871 5418 (Psal.
2895 5350 3029 5415 xvu,
3060 5337 3183 5421 f6);
3213 5353 3287 5416 et,
3311 5343 3353 5400 A
3376 5347 3557 5419 spiritu
3580 5359 3665 5404 tuo

2076 5451 2176 5512 quo
2195 5441 2389 5514 fugiant
2414 5437 2581 5512 (Psat.
2610 5444 2869 5505 cxxxvn't,
2893 5433 2982 5511 7)?
3011 5425 3112 5495 l’er
3137 5424 3502 5510 Correptiones
3523 5441 3665 5494 enim

2079 5535 2433 5590 tentationum
2479 5532 2779 5589 ostenditur
2822 5521 3126 5590 hominibus
3165 5533 3410 5588 meritum
3455 5549 3662 5601 eorum,

2079 5627 2204 5697 quia
2233 5627 2330 5696 ipsi
2367 5625 2600 5696 peccatis
2629 5626 2741 5680 suis
2773 5623 3007 5681 tenebrre
3037 5622 3178 5692 sunt,
3222 5631 3276 5679 et
3312 5634 3470 5695 egent
3497 5615 3662 5695 gloria

2080 5715 2174 5774 Dei
2209 5716 2381 5790 (Rom.
2423 5731 2501 5785 tu,
2539 5715 2657 5788 22),
2687 5723 2746 5771 ut
2784 5715 2926 5772 illius
2954 5717 3154 5774 linnine
3192 5702 3444 5772 illustrari
3480 5702 3664 5790 velint,

2144 5832 2164 5900 ξ
2189 5835 2238 5900 tn
2260 5837 2388 5900 L_)_(X,
2412 5829 2612 5900 uterne,
2637 5827 2802 5900 catilla
2823 5841 2937 5900 :stc
2959 5832 3107 5884 etiam
3128 5827 3342 5893 mata.

2145 5890 2928 5957 ’ωαϋίιιωιυεεηάεὴασάιαο
