4110 6472
470 405 568 463 8⁸11

473 521 547 576 illi
577 519 766 576 dantes
793 517 1076 588 honorem,
1106 532 1212 574 non
1238 517 1376 583 sibi;
1413 526 1572 588 atque
1592 518 1664 572 ita
1687 517 1933 588 deposita
1961 533 2056 573 su-

475 613 675 682 perbia,
726 611 1050 667 mandentur
1090 627 1120 666 ιι
1163 609 1358 666 delicto
1400 625 1592 681 magno
1621 628 1634 665 :
1663 625 1786 666 nam
1829 609 2058 680 Spiritus

471 704 903 759 s:metiﬁcationis
946 718 1050 758 non
1085 703 1294 768 transit,
1342 701 1435 758 sed
1471 710 1668 758 manet.
1705 701 1780 756 Ab
1822 700 2059 771 aquilone

471 798 622 852 nubes
646 798 830 852 coloris
855 798 1015 852 aurei.
1057 797 1139 851 Ab
1172 795 1580 852 sceleratissima
1611 795 1902 866 impietate,
1933 801 1988 850 et
2024 808 2055 848 a

477 891 589 947 Deo
612 891 767 961 longe
792 900 1018 955 remota,
1042 891 1262 945 veniunt
1282 899 1458 945 tamen
1478 889 1715 945 mundati
1735 897 1895 960 atque
1919 901 2055 942 con-

467 985 628 1052 versi,
655 992 709 1040 et
738 983 1016 1038 illuminati
1045 984 1338 1055 sapientia:
1363 984 1526 1052 unde,
1557 984 1659 1039 nisi
1691 999 1786 1054 per
1805 982 2050 1053 gratiam,

467 1094 571 1148 qua
595 1094 697 1134 non
725 1079 916 1134 merita
933 1080 1298 1146 attenduntur,
1321 1078 1414 1135 sed
1433 1087 1652 1151 peccata
1675 1075 2053 1133 dimittuntur?

466 1168 620 1227 Unde
649 1171 736 1226 ille
755 1186 877 1226 cum
900 1171 1002 1227 sibi
1029 1172 1190 1227 vellet
1218 1171 1440 1243 ignosci,
1468 1170 1709 1236 Doceam,
1741 1169 1931 1241 inquit,
1954 1167 2056 1222 ini-

460 1276 584 1332 quos
607 1261 712 1315 uias
737 1270 870 1331 tuas,
891 1272 940 1317 et
959 1263 1103 1334 impii
1131 1264 1197 1317 ad
1217 1272 1264 1317 te
1281 1270 1626 1318 convertentur
1646 1259 1816 1332 (Psal.
1839 1276 1890 1328 ι,
1916 1259 2009 1330 15)
2034 1275 2048 1313 :

463 1362 712 1424 tanquam
757 1355 924 1411 nubes
966 1357 1035 1412 ab
1071 1357 1279 1412 oriente
1305 1356 1391 1412 vel
1432 1356 1680 1426 aquilone
1705 1355 1814 1425 jam
1854 1352 2050 1409 coloris

459 1445 626 1512 aurci,
656 1446 966 1504 illuminatis
996 1449 1229 1505 tenebris
1249 1449 1381 1504 suis.
1411 1447 1479 1502 In
1517 1449 1595 1503 his
1621 1458 1693 1502 est
1721 1441 1906 1519 magna
1933 1447 2049 1518 glo-

456 1534 536 1589 ria
569 1547 617 1590 et
659 1538 820 1592 honor
861 1538 1251 1611 Omnipotentis.
1290 1539 1387 1594 Cui
1426 1539 1710 1610 plurimum
1742 1539 2046 1607 dimittitur,

456 1627 742 1698 plurimum
763 1630 953 1702 diligit.
978 1633 1238 1700 Quoniam
1256 1640 1432 1702 potest
1446 1641 1499 1688 et
1516 1631 1738 1702 impium
1757 1630 2049 1702 justiﬁcare

454 1719 545 1790 qui
585 1732 668 1776 est
703 1723 1060 1792 omnipotens.
1099 1723 1167 1778 Et
1203 1741 1302 1778 non
1328 1725 1607 1779 invenimus
1645 1725 1805 1779 alium
1831 1724 2048 1779 similem

453 1811 622 1866 virtuti
662 1813 789 1883 ejus.
818 1813 974 1868 Solus
1007 1814 1151 1869 enim
1192 1814 1278 1870 hic
1305 1825 1583 1886 peccatum
1623 1831 1730 1870 non
1771 1815 1914 1882 fecit,
1947 1829 2047 1871 nec

453 1901 701 1959 inventus
740 1913 822 1960 est
861 1903 1016 1961 dolus
1058 1906 1113 1960 in
1154 1921 1248 1961 ore
1282 1907 1400 1977 ejus
1443 1907 1488 1980 (l
1518 1907 1661 1962 Petr.
1693 1923 1754 1974 ιι,
1783 1906 1897 1978 22).
1943 1907 2044 1964 So-

452 1993 536 2050 lus
575 1997 719 2051 enim
766 1997 906 2052 Deus
943 2013 1128 2064 verax,
1168 1990 1342 2054 omnis
1380 2011 1556 2055 autem
1606 2000 1767 2055 homo
1815 1999 2045 2056 mendax

455 2083 626 2156 (Psal.
659 2103 781 2156 cxv,
811 2089 900 2160 11)
934 2107 947 2143 :
977 2089 1116 2144 unde
1157 2088 1302 2156 vicit,
1346 2105 1466 2144 cum
1505 2089 1854 2160 judicaretur,
1904 2091 2045 2146 Deus

452 2176 614 2234 homo
657 2178 849 2235 factus.
903 2179 1004 2245 Qui
1030 2182 1172 2252 juste
1203 2181 1427 2251 judicat,
1472 2199 1575 2237 non
1609 2191 1760 2252 putas
1803 2182 2046 2236 exaudire

452 2272 602 2326 eum?
641 2271 756 2327 Non
798 2275 972 2343 itaque
999 2272 1161 2328 homo
1189 2273 1256 2328 dc
1292 2275 1446 2329 venia
1489 2273 1846 2344 desperando,
1883 2273 2044 2329 addat

448 2370 666 2430 peccata
689 2362 940 2432 peccatis,
988 2371 1240 2434 tanquam
1281 2364 1523 2420 addictus
1548 2365 1659 2434 jam
1689 2365 2039 2434 damnationi,

447 2466 569 2521 quia
608 2461 787 2508 certus
815 2462 898 2508 est
935 2453 1002 2509 de
1037 2454 1241 2524 justitia
1282 2455 1398 2520 Dei,
1441 2457 1542 2511 sub
1577 2472 1680 2526 qua
1724 2473 1832 2512 non
1862 2465 2043 2526 potest

447 2557 567 2599 esse
594 2544 900 2615 impunitus.
928 2545 1002 2600 Ita
1028 2547 1170 2602 enim
1200 2547 1340 2603 Deus
1363 2548 1506 2618 juste
1531 2549 1756 2618 judicat,
1791 2557 1849 2603 ut
1876 2550 2038 2604 etiam

447 2635 695 2691 exaudiat
726 2637 931 2691 veniam
957 2637 1345 2709 deprecantes;
1379 2649 1435 2694 et
1450 2647 1598 2695 tanto
1623 2640 1814 2712 magis,
1843 2648 2041 2710 quanto

448 2728 615 2798 magis
636 2729 778 2799 jnste
802 2729 1026 2800 judicat.
1056 2730 1173 2786 Non
1196 2733 1340 2787 enim
1366 2732 1495 2802 justi
1519 2733 1708 2803 judicii
1732 2743 1836 2800 est,
1864 2736 2039 2804 ι)ωηὶ-

447 2828 620 2876 tentes
647 2823 914 2894 supplices
942 2823 1168 2879 miscere
1183 2839 1304 2880 cum
1336 2825 1400 2880 iis
1427 2826 1516 2895 qui
1543 2835 1794 2881 recusant
1819 2825 2038 2881 humili-

449 2919 608 2968 tatem
645 2923 700 2969 et
737 2915 1154 2971 satisfactionem
1185 2917 1533 2986 poenitentiae.
1573 2916 1853 2990 Propterea
1893 2920 2040 2974 time~

446 3005 569 3061 bunt
606 3025 719 3062 eum
754 3009 980 3064 homines
1005 3025 1026 3064 :
1048 3010 1093 3065 si
1135 3025 1193 3066 se
1219 3011 1465 3066 homines
1511 3026 1632 3067 esse
1671 3013 2034 3081 meminerint,

448 3097 753 3155 conﬁtendo
782 3110 999 3171 peccata
1037 3115 1167 3166 sua;
1216 3104 1336 3174 quia
1386 3102 1559 3158 adhuc
1601 3102 1846 3159 homines
1891 3113 2035 3170 sunt,

446 3189 640 3261 quibus
665 3191 876 3258 dicitur,
908 3192 1096 3248 Nonne
1134 3193 1380 3250 homines
1405 3193 1570 3249 estis?
1615 3194 1878 3250 Timebunt
1913 3213 2041 3268 quo—

445 3297 544 3352 que
567 3300 680 3338 eum
705 3293 752 3339 et
775 3286 1026 3356 sapientes
1047 3287 1200 3341 corde
1219 3303 1239 3342 :
1259 3303 1326 3342 ne
1359 3288 1458 3343 sibi
1486 3288 1767 3344 tribuendo
1785 3291 1926 3360 quod
1948 3306 2040 3347 ac-

445 3383 719 3443 ceperunt,
759 3385 816 3432 et
851 3377 1077 3432 dicendo
1111 3394 1170 3433 se
1208 3393 1329 3436 esse
1375 3379 1661 3449 sapientes,
1706 3382 1852 3436 stulti
1883 3381 2034 3438 ﬁant.

451 3465 636 3524 Potest
659 3470 803 3526 enim
839 3471 1039 3526 auferri
1064 3473 1332 3543 superbis,
1368 3473 1510 3544 quod
1539 3472 1701 3530 datur
1724 3475 2034 3533 humilibus.

446 3555 782 3630 Quapropter
797 3571 851 3616 et
871 3563 1143 3631 sapientes
1164 3564 1407 3632 quamvis
1425 3564 1604 3620 cordis
1627 3565 2034 3637 illuminatione,

445 3662 555 3702 ιιοιι
583 3649 778 3721 lingua:
799 3651 1090 3719 jactationc
1132 3654 1400 3725 sapientes
1442 3655 1549 3710 sint
1576 3664 1632 3712 et
1665 3673 1838 3728 reges,
1876 3661 2036 3729 spiri-

446 3741 661 3796 tualiter
685 3743 988 3812 iudicantes
1011 3753 1226 3812 terram,
1255 3747 1355 3816 ipsi
1380 3758 1560 3804 autem
1591 3765 1618 3803 a
1651 3753 1866 3809 nemine
1887 3753 2036 3824 judi-

445 3845 635 3888 centur
659 3834 703 3904 (l
732 3834 850 3888 Cor.
883 3852 942 3902 ιι,
974 3838 1088 3909 15),
1137 3841 1371 3895 serviant
1404 3851 1582 3898 tamen
1621 3844 1848 3900 Domino
1889 3847 1940 3900 in
1972 3847 2038 3901 ti-

444 3941 616 3992 more,
647 3937 702 3983 et
734 3930 1004 3986 exsultent
1043 3947 1162 3986 cum
1192 3943 1447 4002 tremore,
1490 3953 1558 3992 ne
1586 3948 1809 4006 pereant
1846 3939 1914 3994 de
1950 3940 2035 3994 via

443 4029 590 4074 recta
614 4018 793 4097 ,(Psal.
822 4037 881 4090 ιι,
911 4023 997 4090 tt,
1029 4024 1140 4096 12).
1170 4025 1312 4082 Deus
1337 4036 1422 4082 est
1456 4029 1621 4095 enim,
1649 4029 1740 4100 qui
1778 4041 2036 4100 operatur

443 4107 499 4164 in
533 4111 612 4166 eis
644 4120 700 4168 et
731 4113 868 4170 velle
905 4123 959 4170 et
995 4117 1226 4186 operari,
1257 4132 1358 4187 pro
1404 4117 1544 4174 bona
1581 4120 1850 4177 voluntate
1879 4121 2037 4192 (Phi-

443 4203 571 4276 lipp.
600 4219 654 4271 ιι,
687 4205 798 4276 15).
1193 4198 1196 4201 ’

519 4294 616 4368 [11).
642 4296 892 4371 xxxvm.]
922 4297 988 4353 Et
1006 4310 1329 4369 posteaquam
1371 4302 1554 4369 quievit
1582 4303 1702 4358 Eliu
1721 4305 1876 4376 loqui,
1905 4306 2034 4362 dixit

444 4385 690 4443 Dominus
711 4389 777 4442 ad
795 4388 896 4444 Job
922 4407 1010 4461 per
1030 4391 1277 4445 turbinem
1304 4393 1649 4450 nubis.Eliam
1673 4396 1718 4450 si
1745 4396 1848 4454 hoc
1875 4399 2032 4454 modo

441 4493 544 4534 vox
596 4479 694 4534 ista
735 4480 870 4536 facta
899 4490 1010 4547 est,
1065 4497 1171 4552 quo
1199 4483 1359 4539 modo
1404 4486 1470 4541 ad
1497 4487 1748 4560 Moysen,
1800 4491 1884 4544 vel
1926 4507 2032 4562 quo

446 4571 607 4624 modo
655 4587 774 4626 cum
815 4586 873 4627 se
921 4572 1176 4629 Dominus
1227 4576 1395 4632 tribus
1425 4576 1700 4650 discipulis
1745 4581 1797 4636 in
1849 4593 2034 4641 monte

445 4662 771 4718 ostendisset
801 4663 1012 4735 (Matth.
1070 4682 1209 4733 xvn,
1233 4666 1382 4740 1-5);
1428 4679 1605 4727 tamen
1631 4673 1773 4743 quod
1817 4691 1922 4731 non
1953 4677 2033 4731 div

443 4762 587 4808 ctum
619 4763 701 4810 est
739 4757 1049 4825 simpliciter
1070 4799 1086 4824 ,
1134 4776 1230 4829 per
1255 4761 1478 4830 nubem,
1529 4765 1644 4832 sed,
1671 4784 1759 4835 per
1787 4771 2032 4825 turbinem

444 4845 590 4900 nubis
610 4887 626 4912 ,
658 4846 760 4902 hoc
789 4847 1077 4918 signiﬁcari
1118 4851 1381 4919 arbitror,
1422 4855 1563 4924 quod
1591 4874 1698 4913 non
1725 4875 1820 4930 per
1846 4878 2030 4919 sanam

443 4951 659 4991 carnem
687 4937 1040 5008 interrogatus
1063 4981 1077 5004 ,
1104 4940 1204 4996 hoc
1241 4951 1357 5008 est,
1390 4953 1622 5003 tentatus
1651 4960 1734 5004 est
1761 4950 1864 5007 Job
1887 4994 1903 5020 ,
1936 4955 2031 5010 s‘ed

445 5042 539 5097 per
566 5028 956 5084 tribulationem
989 5033 1545 5107 perturbationemque
1571 5041 1768 5095 carnis.
1815 5043 1940 5108 Quis
1961 5054 2032 5099 est

443 5121 529 5190 qui
552 5119 680 5175 celat
709 5139 786 5176 me
802 5121 1096 5191 consilium,
1117 5127 1378 5181 continens
1406 5145 1658 5186 sermones
1683 5134 1698 5164 ¹
1723 5134 1774 5186 in
1791 5135 1960 5204 corde,
1984 5145 2033 5191 et

445 5231 524 5268 me
548 5225 689 5285 putat
728 5215 889 5270 dare?
909 5216 1076 5271 Nemo
1116 5228 1198 5274 est
1222 5235 1350 5292 ergo
1378 5223 1469 5293 qui
1499 5239 1556 5280 se
1580 5226 1899 5282 immeritum
1925 5231 2031 5299 pati

441 5306 641 5376 aliquid
671 5323 917 5378 asperum
941 5308 1119 5377 dicat;
1147 5313 1268 5381 quia
1298 5315 1340 5369 si
1369 5331 1472 5370 non
1496 5317 1666 5385 iactis,
1695 5319 1883 5376 saltem
1914 5338 2032 5378 ver-

442 5395 528 5454 bis
554 5409 840 5469 peccatur;
865 5409 918 5457 et
945 5402 992 5456 si
1017 5418 1122 5458 non
1144 5405 1342 5472 verbis,
1371 5408 1558 5464 saltem
1592 5413 1872 5467 temeraria
1897 5429 2032 5483 pra:-

443 5491 749 5562 sumptione
775 5493 918 5550 intus
946 5494 998 5548 in
1028 5497 1192 5552 corde
1214 5539 1231 5564 ,
1276 5499 1363 5554 vel
1389 5503 1726 5558 sermonibus
1754 5506 2032 5576 cogitatio-

444 5597 572 5638 num
600 5603 612 5638 :
641 5591 695 5639 et
718 5585 970 5656 quoniam
991 5585 1158 5642 Deum
1185 5603 1290 5644 non
1323 5590 1520 5659 latent,
1548 5609 1707 5649 nemo
1737 5594 2032 5667 ﬂagellatus

445 5676 586 5732 dicat
605 5675 819 5748 indigne
847 5693 906 5734 se
929 5680 1173 5750 accipere
1201 5681 1560 5754 disciplinam,
1589 5687 1742 5757 quasi
1771 5689 1906 5745 ultra
1925 5706 2030 5748 non

509 5814 526 5848 ι
541 5815 623 5888 Δεἰς
645 5822 749 5864 uss.
783 5815 922 5879 juxta
942 5823 1081 5888 Lxx.
1097 5825 1154 5870 At
1173 5819 1314 5884 editi,
1335 5819 1422 5888 qui
1439 5821 1565 5878 celat
1593 5837 1752 5878 metm
1786 5829 2038 5884 consilium

441 5884 744 5932 Μυκη
765 5891 1025 5939 sermones.
1037 5887 1134 5933 etc.

1474 399 2012 460 ANNOTATIONUM
2047 399 2116 458 IN
2149 399 2288 468 JOB,
2328 402 2386 458 S.
2427 399 2794 458 AUGUSTINI

3649 399 3752 461 8⁸12

2162 517 2262 582 sit,
2304 532 2410 588 quo
2439 533 2531 588 per
2560 517 2704 572 illam
2733 516 2992 587 proﬁciat.
3020 515 3314 574 Sciendum
3341 526 3426 574 est
3449 517 3590 574 enim
3615 561 3631 588 ,
3662 521 3740 578 sic

2163 607 2214 662 in
2241 608 2498 678 principio
2519 609 2639 664 libri
2669 608 2822 679 hujus
2841 609 3053 665 diabolo
3079 610 3347 666 laudatum
3369 609 3470 666 Job
3493 612 3740 667 testimo-

2161 697 2250 753 nio
2279 699 2405 765 Dei,
2431 699 2554 754 etin
2574 699 2678 754 ﬁue
2700 700 2868 755 tribus
2886 700 3074 756 amicis
3101 701 3214 771 ejus
3234 744 3249 768 ,
3278 710 3338 757 ut
3360 712 3535 758 tamen
3559 713 3743 759 nosset

2160 791 2302 847 Deus
2322 801 2576 860 quantum
2603 793 2651 848 ei
2676 792 2888 849 deesset
2913 793 2979 848 ad
3004 793 3387 864 perfectionem
3409 836 3423 862 ,
3448 810 3555 866 quo
3579 795 3744 852 etiam

2158 887 2450 944 laudabiles
2487 888 2780 945 secundum
2834 888 2970 946 hanc
2995 889 3157 946 vitam
3199 889 3372 956 viros,
3416 899 3471 947 et
3499 890 3610 946 Deo
3630 891 3745 963 jam

2158 979 2456 1050 placentes,
2499 990 2719 1050 paterna
2746 980 2949 1052 ﬂagella
2978 981 3306 1051 perducunt;
3328 998 3446 1054 quae
3474 983 3648 1038 noluit
3678 982 3746 1040 ab

2157 1071 2412 1142 Apostolo
2433 1087 2743 1138 removere,
2773 1073 2990 1143 dicens,
3029 1075 3226 1145 Sujﬁcit
3257 1074 3348 1129 tibi
3384 1077 3551 1146 gratia
3589 1093 3704 1132 mea
3723 1092 3748 1143 ;

2157 1179 2272 1217 nam
2302 1164 2458 1219 virtus
2497 1164 2551 1218 in
2577 1165 2872 1234 inﬁrmitate
2891 1166 3150 1235 perﬁcitur
3179 1164 3246 1238 (ll
3265 1163 3389 1222 Cor.
3414 1183 3508 1234 xu,
3534 1167 3613 1239 9).
3650 1168 3746 1222 Ac-

2155 1256 2353 1326 cingere
2377 1267 2616 1328 tanquam
2652 1258 2728 1312 vir
2755 1258 2980 1312 lumbum
3019 1269 3180 1313 tuum.
3233 1257 3507 1331 Significat
3544 1259 3610 1314 ad
3641 1259 3745 1315 hoc

2153 1347 2264 1418 pati
2283 1347 2414 1403 dura
2451 1358 2506 1404 et
2531 1363 2713 1403 amara
2744 1349 2838 1404 Dei
2859 1365 3045 1405 servos
3074 1351 3127 1404 in
3157 1349 3259 1405 hoc
3285 1351 3508 1415 saeculo,
3543 1359 3601 1406 ut
3627 1366 3746 1406 om-

2155 1454 2251 1496 nes
2265 1440 2572 1497 aﬂ’ectiones
2595 1457 2720 1498 suas
2741 1458 2770 1496 a
2801 1451 3135 1498 terrenarum
3155 1442 3574 1499 delectationum
3593 1443 3746 1499 ﬂuxu

2153 1533 2405 1604 colligant
2423 1575 2438 1601 ,
2479 1543 2640 1604 atque
2669 1536 3055 1604 constringant.
3085 1533 3418 1608 Interrogabo
3462 1547 3546 1602 te;
3571 1546 3626 1592 tu
3651 1554 3750 1591 au-
3775 1534 3798 1544 ”

2152 1635 2251 1681 tem
2297 1627 2544 1698 responde
2581 1629 2724 1682 mihi.
2778 1627 2877 1684 Ubi
2921 1646 3032 1684 eras
3058 1646 3173 1683 cum
3215 1628 3484 1701 fundarem
3514 1632 3746 1687 terram!

2153 1717 2288 1773 Hinc
2325 1718 2436 1789 jam
2485 1719 2864 1776 commendare
2912 1721 3096 1792 incipit
3138 1721 3478 1799 eminentiam
3529 1724 3745 1778 Domini

2150 1810 2321 1866 nostri
2361 1811 2489 1867 Jesu
2531 1811 2729 1867 Christi
2757 1855 2772 1880 ,
2822 1814 2945 1884 quia
2975 1813 3028 1868 in
3059 1812 3176 1884 ipso
3205 1823 3284 1869 est
3327 1814 3470 1870 salus
3497 1815 3741 1870 omnium

2151 1917 2525 1973 percussorum
2557 1912 2817 1959 venenata
2865 1905 3438 1980 suasioneserpentis,
3494 1922 3562 1962 ne
3601 1906 3652 1961 iu
3682 1922 3746 1962 se

2151 1993 2248 2048 sibi
2277 1995 2499 2064 quisque
2531 2009 2650 2050 esse
2677 1995 2903 2050 salutem
2932 2004 3098 2065 putet.
3131 1993 3230 2051 llle
3254 1996 3396 2051 enim
3423 1997 3563 2052 Deus
3581 2039 3597 2065 ,
3631 2012 3744 2052 non

2150 2084 2288 2140 sicut
2323 2086 2523 2140 dictum
2564 2094 2680 2150 est,
2727 2085 2818 2140 Dii
2857 2087 3009 2155 estis,
3058 2096 3104 2141 et
3151 2088 3247 2156 ﬁlii
3275 2086 3522 2142 Altissimi
3565 2087 3736 2160 (Psal.

2151 2191 2351 2241 LXXXI,
2389 2177 2468 2248 6);
2492 2177 2584 2232 sed
2607 2177 2690 2232 cui
2721 2177 2905 2247 rapina
2933 2192 3041 2232 non
3066 2178 3139 2232 sit
3163 2193 3283 2234 esse
3310 2179 3568 2250 aequalem
3594 2179 3740 2235 Patri

2149 2265 2408 2340 (Philipp.
2440 2285 2498 2334 ιι,
2530 2269 2606 2339 6):
2640 2278 2694 2324 et
2722 2268 2861 2324 ﬁlius
2887 2268 3153 2337 hominis,
3202 2286 3309 2325 non
3347 2270 3485 2326 sicut
3523 2271 3616 2326 ﬁlii
3643 2270 3744 2327 ho-

2147 2363 2351 2419 minum
2398 2363 2452 2418 in
2495 2364 2686 2434 quibus
2713 2379 2819 2419 non
2848 2374 2931 2420 est
2955 2365 3098 2420 salus
3128 2362 3301 2438 (Psal.
3339 2381 3499 2429 cuv,
3527 2364 3615 2438 3);
3643 2364 3743 2421 sed

2147 2471 2258 2526 prze
2273 2455 2622 2526 participibus
2643 2458 2754 2511 suis
2781 2455 2955 2528 (Psal.
2976 2472 3124 2522 xuv,
3145 2455 3223 2529 8).
3258 2456 3374 2511 Non
3399 2458 3540 2512 cnim
3559 2457 3741 2527 justus

2145 2554 2351 2601 tantum
2373 2589 2387 2612 ,
2418 2547 2556 2602 sicut
2579 2546 2682 2603 Job
2701 2589 2716 2614 ,
2756 2548 2892 2602 sicut
2919 2547 3115 2602 Paulus
3137 2589 3150 2612 ,
3173 2549 3310 2602 sicut
3338 2548 3610 2614 Ecclesia;
3641 2547 3741 2604 sed

2144 2638 2304 2693 etiam
2328 2637 2629 2708 justiﬁcans
2657 2646 2906 2709 tanquam
2933 2627 3236 2709 unigenitus
3265 2654 3294 2692 a
3320 2639 3475 2695 Patre
3497 2681 3510 2705 ,
3545 2640 3740 2710 plenus

2143 2733 2311 2801 gratia
2339 2741 2395 2786 et
2415 2732 2636 2787 veritate
2675 2729 2851 2802 (Joan.
2882 2747 2921 2798 ι,
2949 2733 3061 2802 14).
3091 2730 3173 2785 Ad
3202 2731 3575 2786 insinuandam
3601 2746 3734 2802 ergo

2143 2821 2501 2877 differentiam
2522 2821 2714 2877 divina:
2735 2821 3081 2878 humanitatis
3109 2822 3246 2892 ejus,
3275 2821 3327 2876 in
3357 2837 3461 2892 quo
3488 2821 3740 2893 princeps

2144 2913 2302 2985 hujus
2347 2916 2531 2971 mundi
2562 2917 2693 2971 nihil
2721 2916 2922 2972 invenit
2947 2915 3058 2989 (Id.
3091 2932 3203 2983 xiv,
3233 2914 3348 2989 30),
3380 2916 3505 2986 quia
3531 2915 3585 2970 in
3615 2930 3739 2986 pas-

2143 3008 2294 3064 sione
2319 3051 2332 3076 ,
2357 3025 2476 3079 qum
2505 3025 2612 3064 non
2642 3010 2838 3082 rapuit,
2865 3019 2990 3064 tunc
3017 3010 3326 3065 exsolvcbat
3347 3009 3518 3080 (Psal.
3547 3025 3735 3074 vaut,

2143 3097 2220 3169 5),
2265 3100 2772 3169 etjustiﬁcationem
2811 3110 3118 3157 sanctorum
3145 3117 3246 3172 per
3279 3112 3618 3172 peccatorum
3650 3118 3738 3159 re-

2141 3193 2472 3260 missionem,
2502 3195 2692 3264 quibus
2713 3195 2914 3250 sanctis
2934 3195 2986 3249 in
3013 3210 3175 3250 unum
3196 3195 3428 3251 redactis
3455 3194 3514 3250 ﬁt
3537 3210 3736 3266 corpus

2142 3283 2258 3352 ejus
2287 3283 2526 3340 Ecclesia
2551 3326 2566 3352 ,
2611 3285 2763 3356 cujus
2791 3296 2846 3341 et
2883 3286 3142 3358 particula
3170 3294 3253 3342 est
3291 3286 3394 3342 Job
3440 3287 3737 3344 secundum

2142 3375 2418 3431 historiam
2449 3377 2573 3448 quia
2617 3377 2939 3448 justiﬁcatus
2959 3419 2975 3445 ,
3032 3387 3088 3434 et
3138 3379 3304 3449 ﬁgura
3335 3381 3615 3445 universae,
3641 3396 3740 3450 per

2141 3470 2473 3539 prophetiam
2503 3471 2690 3541 incipit
2732 3472 2912 3528 dicere
2941 3488 3061 3542 qum
3104 3473 3344 3528 dicturus
3369 3483 3470 3529 est.
3505 3473 3604 3530 Ubi
3625 3489 3739 3528 eras

2142 3576 2258 3614 cum
2286 3561 2556 3632 [undarem
2599 3565 2828 3618 terram?
2859 3563 3046 3619 Utrum
3077 3565 3200 3634 quia
3227 3565 3461 3620 nondum
3487 3576 3603 3620 erat
3624 3607 3641 3633 ,
3666 3581 3734 3620 an

2141 3654 2264 3723 quia
2294 3669 2400 3709 non
2427 3668 2525 3724 per
2551 3670 2672 3710 eum
2710 3653 2930 3710 fundata
2960 3665 3040 3710 est
3059 3695 3076 3723 ,
3109 3656 3246 3710 sicut
3269 3672 3366 3727 per
3403 3657 3618 3712 unicum
3646 3657 3736 3712 Fi-

2141 3744 2310 3799 lium?
2359 3755 2413 3800 et
2440 3753 2642 3801 terram
2671 3745 2858 3813 istam,
2905 3762 2972 3801 an
3003 3747 3176 3816 ipsam
3226 3747 3564 3803 Ecclesiam?
3617 3751 3730 3818 ipsa

2139 3839 2283 3892 enim
2311 3839 2766 3909 accepitlapidem
2796 3840 3102 3911 angularem
3129 3839 3343 3911 (Ephes.
3387 3857 3440 3907 ιι,
3491 3841 3618 3912 20),
3665 3842 3734 3896 de

2140 3945 2246 4000 quo
2273 3947 2397 3986 mox
2431 3930 2669 3987 dicturus
2687 3941 2788 3988 est.
2814 3932 3000 3986 Indica
3034 3933 3178 3999 mihi,
3203 3934 3250 3987 si
3289 3933 3420 3988 nosti
3447 3935 3730 3987 scientiam.

2141 4020 2267 4076 llazc
2289 4022 2430 4076 enim
2447 4036 2566 4091 qua:
2586 4037 2614 4076 a
2646 4022 2874 4077 Domino
2900 4040 2996 4093 pro
3027 4024 3180 4079 nobis
3201 4024 3569 4094 temporaliter
3581 4034 3731 4096 gesta

2139 4123 2297 4184 sunt,
2339 4115 2406 4170 ad
2443 4115 2720 4171 scientiam
2763 4117 3053 4186 pertiueut.
3089 4117 3217 4184 Quis
3256 4117 3425 4188 posuit
3467 4134 3730 4173 mensuras

2139 4209 2250 4278 ejus
2281 4207 2324 4262 si
2352 4209 2482 4262 nosti
2503 4208 2528 4262 ?
2551 4207 2844 4264 secundum
2868 4209 3299 4264 distributionem
3321 4209 3582 4264 donorum
3619 4210 3733 4281 spi-

2138 4299 2428 4354 ritualium.
2459 4298 2740 4373 Unicuique
2783 4301 2915 4354 enim
2949 4311 3177 4355 nostrum
3201 4302 3320 4354 data
3343 4313 3417 4356 est
3437 4301 3603 4373 gratia
3646 4317 3734 4354 se-
3825 4315 3838 4324 δ

2138 4391 2362 4446 cundum
2404 4408 2693 4470 mensuram
2738 4393 3026 4447 donationis
3070 4391 3276 4448 Christi.
3325 4391 3546 4464 Propter
3595 4393 3734 4463 quod

2138 4483 2260 4537 dicit
2291 4500 2310 4538 :
2328 4484 2611 4538 Ascendens
2632 4491 2685 4538 in
2705 4485 2884 4544 altum.
2917 4485 3185 4554 captivavit
3209 4485 3570 4556 captivitatem,
3594 4483 3734 4537 dedit

2138 4577 2274 4630 dona
2311 4575 2600 4630 hominibus
2627 4575 2755 4647 (Id.
2787 4592 2862 4639 tv,
2888 4577 2941 4643 7,
2991 4575 3066 4646 8).
3095 4577 3228 4644 Quia
3255 4580 3299 4630 si
3336 4587 3504 4631 totum
3537 4592 3734 4646 corpus

2137 4668 2354 4734 oculus,
2396 4667 2486 4722 ubi
2512 4667 2724 4721 auditus
2755 4665 2933 4739 (lCor.
2964 4682 3059 4732 xu,
3087 4665 3206 4738 t7)?
3233 4667 3540 4722 Secundum
3581 4682 3737 4721 meu-

2135 4775 2320 4816 suram
2347 4761 2542 4832 quippe
2565 4760 2982 4830 uniuscujusque
3012 4761 3179 4829 partis
3201 4761 3593 4816 incrementum
3610 4776 3736 4815 cor-

2137 4853 2282 4923 poris
2302 4852 2446 4918 facit,
2480 4853 2530 4906 iu
2562 4851 2970 4908 aediﬁcationem
2996 4852 3077 4905 sui
3099 4852 3152 4906 in
3178 4851 3440 4907 charitale
3463 4853 3480 4884 ί
3510 4851 3729 4924 (Ephes.

2138 4961 2212 5009 tv,
2241 4944 2351 5017 16).
2382 4945 2481 4998 Aut
2505 4945 2615 5016 quis
2645 4955 2716 4998 est
2751 4946 2839 5014 qui
2859 4943 3058 4998 induxit
3081 4961 3234 5014 super
3260 4960 3370 4998 eam
3407 4944 3736 5014 funiculum!

2137 5045 2197 5092 ut
2237 5053 2352 5091 eam
2381 5034 2582 5090 faceret
2605 5036 2967 5090 haereditatcm
2999 5050 3147 5088 suam
3169 5077 3184 5103 ,
3209 5036 3540 5106 distinguens
3565 5035 3632 5090 ab
3652 5036 3737 5090 eis

2137 5129 2332 5198 quibus
2353 5127 2503 5193 dicit,
2525 5125 2646 5179 Non
2673 5126 2887 5180 novivos
2911 5125 3122 5195 (Matth.
3153 5142 3242 5189 vn,
3261 5125 3378 5196 25).
3409 5125 3567 5181 Novit
3586 5128 3732 5181 enim

2139 5218 2394 5272 Dominus
2419 5216 2510 5287 qui
2539 5224 2664 5271 sunt
2687 5217 2803 5287 ejus
2831 5215 2898 5288 (ll
2933 5216 3064 5270 Tim.
3089 5233 3148 5284 ιι,
3187 5217 3294 5288 19).
3323 5216 3424 5271 Aut
3451 5235 3604 5288 super
3630 5233 3730 5288 quo

2135 5310 2313 5365 circuli
2347 5311 2458 5382 ejus
2485 5309 2576 5378 ﬁxi
2603 5309 2761 5363 sunt?
2789 5307 2921 5375 Quia
2942 5310 3316 5380 constringunt
3339 5325 3456 5364 eam
3477 5351 3492 5377 ,
3525 5325 3593 5364 ne
3617 5309 3734 5364 dis-

2137 5404 2373 5460 solvatur
2389 5443 2405 5470 ,
2429 5403 2590 5458 divini
2615 5403 2759 5457 Libri
2787 5403 2875 5456 ﬁxi
2901 5418 3063 5472 super
3083 5403 3366 5459 Dominum
3386 5421 3400 5466 _:
3434 5404 3554 5474 quia
3578 5404 3734 5473 quise

2137 5499 2260 5568 quis
2285 5511 2378 5552 eos
2408 5496 2522 5551 siue
2567 5496 2659 5550 illo
2687 5495 3025 5566 interpretari
3065 5496 3330 5561 voluerit,
3359 5495 3529 5551 ﬂuitet
3569 5505 3733 5564 atque

2138 5597 2282 5644 erret
2309 5604 2527 5644 necesse
2550 5596 2648 5643 est.
2684 5587 2809 5653 Quis
2839 5597 2909 5642 est
2935 5597 3103 5652 autem
3127 5589 3213 5659 qui
3235 5588 3368 5642 misit
3394 5587 3616 5657 lapidem
3635 5603 3732 5640 an-

2136 5681 2365 5754 gularem
2394 5697 2545 5751 super
2563 5679 2714 5734 eam?
2742 5694 2899 5749 quem
2944 5679 3364 5748 reprobaverunt
3405 5678 3730 5733 mdiﬂcantes

2139 5771 2311 5844 (Psal.
2340 5787 2502 5838 cxvu,
2534 5769 2653 5842 22).
2683 5769 2900 5835 Quando
2937 5773 3075 5840 facta
3099 5780 3214 5840 sunt
3238 5764 3407 5827 sidera
3427 5769 3578 5827 simul
3601 5783 3622 5824 :
3649 5769 3727 5826 8i-

2210 5893 2227 5923 ⁸
2251 5889 2568 5950 Ianuscrieti,
2671 5885 2970 5942 τήανὲωαιι.
