4110 6486
380 490 495 549 875

377 601 499 660 mul
526 597 795 670 baptizata
819 601 898 651 tot
924 591 1088 649 millia
1120 588 1285 647 verbo
1304 587 1427 643 vitae
1445 627 1462 656 ,
1493 586 1632 641 inter
1660 592 1969 655 peccatores

378 704 638 764 tanquam
682 691 739 745 in
765 687 1000 746 tenebris
1040 682 1316 755 fulgentia.
1345 679 1704 735 Laudaverunt
1740 692 1820 731 me
1854 692 1973 731 uoce

375 799 571 855 magna
595 797 765 836 omnes
793 778 971 850 Angeli
995 776 1133 831 mei:
1158 771 1528 844 Evangelistze.
1551 767 1789 826 Conclusi
1815 768 1973 839 portis

382 889 528 932 mare
555 858 831 946 :Hpopulos
872 869 1225 926 amaricantes
1263 878 1447 921 amore
1472 870 1826 919 terrenorum.
1867 859 1974 916 Sed

379 980 557 1039 quare
587 963 787 1036 portis?
814 962 898 1017 An
926 958 1064 1015 forte
1086 968 1148 1013 ιιι
1174 973 1279 1013 non
1308 955 1480 1011 solum
1508 952 1725 1009 modum
1753 951 1972 1008 haberet

380 1054 672 1116 exercendi
691 1053 864 1125 justos
892 1047 1375 1122 persecutionibus,
1403 1044 1500 1102 sed
1526 1044 1685 1101 etiam
1709 1053 1770 1101 ut
1791 1044 1977 1100 liceret

378 1148 543 1222 justis
568 1146 694 1203 inde
712 1142 935 1216 egredi?
964 1141 1090 1197 Cum
1119 1144 1350 1213 fremeret
1371 1153 1436 1192 ea:
1462 1144 1603 1190 utero
1628 1136 1806 1190 matris
1832 1149 1940 1190 sua:
1956 1175 1973 1203 ,

381 1241 557 1296 volens
585 1237 817 1310 progredi
845 1252 865 1291 :
907 1249 1030 1291 cum
1055 1234 1377 1290 irasceretur
1404 1230 1460 1286 in
1486 1228 1712 1285 concilio
1744 1228 1976 1299 Babylo-

380 1333 491 1390 niae
520 1329 749 1388 civitatis
768 1371 784 1397 ,
810 1326 1124 1383 fornicantis
1147 1338 1333 1381 amore
1359 1322 1519 1394 hujus
1544 1321 1727 1378 saeculi
1746 1364 1762 1391 ,
1790 1320 1978 1377 volens

384 1421 676 1479 extendere
718 1418 1116 1491 persecutiones
1156 1431 1282 1472 suas
1308 1414 1376 1470 ad
1399 1413 1702 1485 perdendos
1738 1412 1807 1469 de
1834 1422 1978 1469 terra

381 1529 482 1582 eos
506 1513 573 1570 de
596 1512 787 1583 quibus
807 1510 1008 1566 dictum
1026 1517 1130 1576 est,
1164 1506 1288 1563 Non
1313 1516 1427 1579 peto
1449 1515 1504 1561 ut
1523 1506 1672 1562 tollas
1691 1522 1776 1561 eos
1797 1506 1861 1560 de
1883 1520 1979 1559 ste-

382 1607 521 1673 culo,
548 1604 637 1661 sed
662 1613 716 1658 ut
744 1602 897 1659 tollas
924 1617 1008 1657 eos
1034 1599 1217 1654 amulo
1236 1597 1417 1670 (Joan.
1446 1613 1577 1665 xvn,
1604 1598 1716 1669 15).
1746 1596 1977 1653 Circum-

383 1700 535 1773 posui
558 1699 635 1753 illi
666 1697 847 1752 nubem
874 1696 1261 1768 operimentum.
1291 1692 1407 1748 Non
1433 1692 1578 1747 enim
1598 1690 1723 1747 boni
1750 1698 1976 1758 tantum,

382 1793 488 1850 sed
524 1792 686 1848 etiam
712 1790 837 1845 mali
861 1788 1017 1845 multi
1041 1796 1416 1857 amatoresque
1440 1785 1600 1856 hujus
1637 1784 1852 1851 saeculi,
1879 1784 1979 1839 Sa-

387 1890 668 1938 cramento
698 1879 940 1950 corporis
960 1876 1158 1933 Christi
1180 1876 1405 1947 subjecti
1433 1884 1557 1931 sunt
1581 1892 1595 1929 :
1619 1874 1771 1944 cujus
1798 1884 1982 1929 aucto-

385 1975 549 2030 ritate
574 1988 606 2027 a
635 1980 939 2027 sanctorum
966 1969 1341 2040 persecutione
1369 1968 1752 2038 reprimuntur.
1789 1963 1861 2019 Et
1890 1982 1978 2019 ne-

388 2065 513 2119 bula
555 2063 749 2118 obvolui
789 2060 921 2116 illud
967 2076 987 2114 :
1014 2058 1344 2131 ignorantia,
1395 2072 1501 2128 qua
1548 2066 1811 2111 terrenam
1856 2054 1981 2109 inde

390 2163 705 2225 exspectant
734 2152 1038 2208 felicitatem
1058 2191 1074 2217 ,
1120 2158 1495 2218 terrenamque
1523 2144 1886 2201 infelicitatem
1918 2146 1982 2199 ti-

390 2252 576 2309 ment;
606 2251 661 2298 et
696 2250 977 2313 propterea
1004 2241 1192 2295 timent
1218 2253 1353 2309 quos
1372 2279 1386 2303 ,
1425 2237 1527 2291 nisi
1556 2236 1627 2291 ita
1653 2243 1829 2301 esset,
1862 2250 1982 2305 per-

390 2340 766 2404 sequerentur.
796 2331 911 2386 Non
933 2330 1075 2385 enim
1096 2329 1271 2385 solum
1299 2327 1499 2382 dictum
1532 2336 1634 2394 est,
1658 2324 1827 2381 Edent
1846 2342 1980 2397 pau-

392 2441 538 2497 peres
584 2432 633 2479 et
686 2422 1082 2489 saturabuntur,
1141 2428 1188 2473 et
1244 2418 1521 2473 laudabunt
1570 2416 1848 2471 Dominum
1895 2417 1983 2487 qui

391 2516 652 2587 requirunt
672 2527 822 2578 eum;
850 2510 947 2569 sed
973 2511 1135 2565 etiam
1153 2508 1351 2564 dictum
1380 2516 1491 2574 est,
1524 2505 1980 2581 Manducauerynt,

393 2618 444 2664 et
463 2608 799 2664 adoraverunt
818 2620 993 2660 omnes
1018 2602 1194 2657 divites
1225 2612 1371 2657 teme
1393 2598 1566 2670 (Psal.
1594 2615 1716 2666 xxi,
1748 2598 1979 2670 27,50).

393 2700 464 2756 Et
485 2698 637 2771 posui
660 2696 738 2753 illi
760 2695 995 2751 terminos
1011 2734 1027 2760 ,
1048 2694 1309 2764 imponens
1328 2691 1548 2745 claustra
1577 2698 1621 2743 et
1648 2697 1821 2760 portas
1842 2704 1862 2743 :
1887 2698 1983 2743 ter—

392 2792 560 2845 minos
580 2789 773 2860 quibus
801 2786 1005 2843 saevitia
1030 2784 1362 2850 cohibeatur,
1392 2798 1499 2838 non
1527 2792 1582 2838 ut
1603 2782 1735 2836 nihil
1760 2780 1981 2851 afﬂigat,

392 2882 492 2940 sed
519 2895 626 2952 quo
650 2894 818 2951 usque
842 2884 1126 2944 exerceat;
1151 2874 1406 2941 claustra,
1434 2882 1494 2929 ut
1521 2872 1704 2943 injusti
1723 2887 1831 2928 non
1860 2887 1986 2943 pro-

391 2973 743 3045 grediantur;
782 2978 985 3042 portas,
1031 2975 1093 3023 ut
1118 2966 1188 3022 ab
1226 2967 1305 3021 eis
1340 2964 1469 3034 justi
1506 2963 1868 3035 egrediantur.
1918 2960 1987 3018 Et

396 3065 528 3132 dixi,
553 3063 673 3118 Huc
696 3076 854 3132 usque
880 3060 1068 3127 venies,
1095 3066 1142 3114 et
1161 3073 1264 3112 non
1288 3056 1541 3111 transibis.
1566 3054 1716 3110 Sicut
1733 3055 1848 3124 ipse
1872 3053 1988 3111 dia-

395 3155 554 3213 bolus
583 3153 802 3210 modum
839 3151 1079 3223 accepit,
1119 3163 1226 3221 quo
1253 3163 1426 3220 usque
1463 3146 1724 3218 affligeret
1749 3146 1886 3214 Job;
1911 3146 1989 3203 ita

395 3248 533 3305 illud
578 3262 727 3303 mare
759 3260 866 3317 quo
890 3258 1060 3314 usque
1088 3248 1503 3314 persequeretur
1529 3239 1849 3296 Ecclesiam.
1882 3240 1990 3296 Sed

396 3340 453 3394 in
492 3338 750 3408 temetipso
789 3334 1189 3390 comminuentur
1216 3334 1401 3403 ﬂuctus
1429 3331 1503 3385 tui
1529 3345 1549 3385 :
1577 3330 1781 3386 alterna
1809 3339 1991 3386 vasta-

398 3432 544 3486 tione
571 3427 956 3485 discordiarum
984 3434 1145 3496 atque
1186 3423 1471 3479 bellorum.
1502 3422 1603 3477 Aut
1645 3422 1889 3493 numquid
1914 3432 1990 3477 te-

399 3540 517 3579 cum
560 3524 723 3578 lucem
746 3520 984 3577 constitui
1023 3518 1366 3573 matutinum?
1391 3516 1444 3572 id
1469 3527 1580 3584 est,
1612 3532 1735 3572 cum
1764 3517 1992 3574 consilio

401 3626 495 3670 tuo
519 3622 730 3684 tempus
755 3609 1166 3668 resurrectionis
1193 3608 1605 3680 praedestinavi?
1632 3608 1734 3663 Aut
1763 3612 1993 3680 cognovit

401 3707 582 3776 lucifer
608 3704 836 3759 ordinem
879 3700 1516 3759 suum?subaudiendum
1564 3711 1680 3770 est,
1723 3701 1989 3772 Numquid

402 3796 623 3852 tecum?
672 3795 952 3850 Dominum
995 3802 1174 3850 autem
1222 3792 1501 3849 luciferum
1546 3794 1711 3859 dicit,
1773 3803 1992 3864 propter

401 3890 581 3959 ipsum
624 3889 943 3943 matutinum
972 3887 1381 3943 resurrectionis
1406 3878 1670 3941 exortum.
1702 3885 1818 3942 Non
1849 3888 1992 3943 enim

402 3981 472 4039 de
492 3982 599 4037 alio
623 3981 726 4037 dici
753 3980 944 4051 potuit,
970 3979 1038 4033 Et
1058 3979 1238 4049 lucifer
1266 3979 1461 4033 oriatur
1484 3979 1538 4032 in
1557 3977 1791 4033 cordibus
1816 3980 1993 4034 vestris

402 4075 474 4146 (ll
504 4074 648 4130 Petr.
675 4090 712 4135 ι.
738 4072 850 4144 l9).
882 4073 1002 4143 Ipse
1029 4072 1243 4143 agnovit
1276 4069 1522 4126 ordinem
1551 4086 1738 4138 suum,
1770 4082 1827 4126 ut
1851 4081 1995 4127 esset

401 4166 652 4240 primitiae
667 4164 1066 4227 dormientium,
1098 4161 1478 4232 primogenitus
1507 4176 1536 4215 a
1561 4160 1785 4215 mortuis
1809 4161 1851 4233 (Ι
1872 4161 1991 4218 Cor.

403 4273 506 4327 xv,
536 4256 658 4328 20),
684 4264 842 4324 caput
870 4254 1164 4319 Ecclesiae,
1193 4261 1441 4308 secuturo
1480 4252 1640 4306 ctiam
1676 4267 1902 4322 corpore
1938 4254 1994 4308 in

403 4349 581 4405 futura
611 4346 1002 4403 resurrectione
1032 4352 1357 4400 sanctorum.
1388 4342 1778 4413 Appreliendere
1804 4360 1994 4414 pennas

404 4452 553 4495 terra:
574 4457 591 4494 :
615 4440 812 4496 dictum
840 4447 960 4506 est,
988 4436 1049 4493 Si
1091 4436 1333 4506 recipiam
1376 4451 1568 4504 pennas
1607 4451 1744 4490 meas
1769 4435 1822 4489 in
1854 4435 1993 4489 dire-

404 4545 543 4590 ctum
590 4532 761 4605 (Psal.
802 4545 1063 4598 cxxxvnt,
1094 4529 1184 4599 9);
1217 4528 1444 4584 virtutes
1476 4528 1662 4598 utique
1688 4528 1995 4599 spirituales

404 4625 675 4691 fidelium,
725 4623 918 4695 quibus
969 4637 1000 4676 a
1044 4620 1390 4676 saecularibus
1434 4619 1831 4691 suspenduntur
1876 4621 1994 4677 ille-

404 4698 601 4774 cebris‘.
628 4713 1075 4783 Excutereimpios
1095 4728 1158 4766 ea:
1170 4728 1249 4765 ea.
1278 4711 1361 4767 Ad
1377 4711 1477 4767 hoc
1502 4712 1647 4767 enim
1678 4712 1824 4782 prior
1850 4720 1996 4769 tanto

404 4818 530 4865 ante
577 4805 871 4862 resurrexit
913 4817 1208 4875 agnoscens
1231 4801 1475 4857 ordinem
1513 4817 1702 4869 suum,
1751 4814 1809 4857 ut
1836 4802 1996 4858 tidem

404 4895 820 4953 resurrectionis
848 4894 1160 4959 insinuaret,
1193 4899 1354 4962 atque
1375 4907 1470 4960 per
1498 4892 1642 4963 ipsas
1669 4908 1874 4962 pennas
1894 4894 1998 4950 Ec-

405 4989 588 5046 clesiae
632 4987 828 5057 ubique
856 4985 1206 5057 praedicatus,
1256 4982 1558 5039 ministerio
1602 4983 1996 5040 circumvolan-

404 5082 539 5137 tium
566 5079 873 5135 nuntiorum
892 5116 908 5143 ,
936 5076 1079 5146 juste
1102 5073 1469 5146 apprehendat
1496 5088 1588 5130 eas
1614 5075 1669 5131 in
1696 5090 1831 5147 opus
1853 5076 1996 5147 judi-

405 5171 563 5229 candi
609 5168 891 5225 duodecim
928 5166 1100 5223 tribus
1137 5167 1332 5233 Israel,
1359 5182 1480 5222 cum
1505 5169 1711 5224 venerit
1749 5178 1999 5224 excutere

405 5263 601 5334 impios
629 5276 697 5317 ex
743 5258 988 5314 Ecclesia
1013 5298 1028 5323 ,
1071 5258 1165 5329 qui
1210 5272 1353 5312 nunc
1396 5264 1520 5315 ante
1569 5258 1827 5328 judicium
1872 5274 1991 5330 per-

406 5355 561 5410 mixti
605 5353 923 5408 tolerantur.
954 5348 1022 5403 Et
1054 5358 1108 5403 tu
1137 5365 1341 5404 sumens
1381 5358 1527 5404 terra:
1568 5350 1730 5405 lutum
1769 5352 2001 5422 ﬁgurasti

409 5445 645 5503 animal?
692 5445 806 5500 sive
833 5444 1010 5513 ipsum
1063 5441 1235 5497 Adam
1259 5451 1679 5507 commemoret,
1718 5443 1832 5499 sive
1859 5444 2001 5514 quod

410 5551 553 5594 nunc
581 5545 733 5591 sexta
748 5540 904 5590 aetate
929 5533 1131 5599 saeculi,
1159 5534 1296 5588 sicut
1316 5543 1441 5588 tunc
1464 5545 1617 5589 sexto
1646 5533 1752 5599 die,
1785 5533 1853 5590 de
1880 5548 2005 5605 pec-

412 5627 712 5694 catoribus,
758 5636 1012 5695 tanquam
1036 5623 1105 5678 de
1143 5623 1253 5678 luto
1281 5632 1468 5691 terrae,
1516 5624 1678 5680 homo
1718 5624 1887 5681 factus
1922 5636 2003 5681 cst

413 5718 707 5775 secundum
728 5715 1013 5785 imaginem
1044 5712 1160 5784 ejus
1181 5714 1271 5782 qui
1295 5713 1493 5769 creavit
1520 5728 1643 5769 eum
1676 5712 1826 5787 (Gen.
1848 5732 1885 5782 1,
1909 5716 1999 5782 “27,

415 5822 461 5867 et
489 5829 547 5880 ιι,
581 5811 658 5884 7).
704 5810 823 5867 Non
852 5809 1031 5879 utique
1059 5806 1161 5861 hoc
1185 5805 1312 5862 fecit
1342 5806 1617 5878 Ecclesia,
1659 5809 1753 5865 sed
1796 5810 1850 5865 in
1899 5810 2004 5867 hoc

413 5905 592 5987 potius
618 5906 752 5961 facta
783 5911 866 5957 est
903 5916 999 5971 per
1026 5899 1261 5955 Verbum
1288 5910 1590 5969 opportuno
1632 5912 1873 5975 tempore
1912 5905 2000 5977 in.

367 6036 526 6085 ,M
738 5999 966 6069 Silver.
997 5994 1279 6059 Ancus'r.
1314 5992 1426 6058 ΙΙΙ.

1796 468 2002 526 LIBER
2039 467 2240 529 UNUS.

3558 468 3667 527 874

2079 590 2386 652 carnatum,
2435 597 2532 653 per
2559 581 2703 653 quod
2744 581 2883 638 facta
2925 589 3050 637 sunt
3086 581 3264 637 omnia
3290 580 3481 655 (Joan.
3511 600 3551 652 ι,
3583 584 3664 657 5).

2080 674 2151 729 Et
2166 676 2417 746 famosum
2430 692 2543 730 eum
2561 676 2772 747 posuisti
2790 691 2944 746 super
2963 685 3148 730 terram
3167 677 3193 730 .7
3206 675 3371 747 Magis
3387 676 3489 733 iste
3505 676 3667 736 homo

2081 766 2317 825 famosus
2342 768 2544 839 positus
2564 783 2725 841 super
2754 779 2976 837 terram,
3005 769 3097 840 qui
3125 778 3275 826 sexta
3303 779 3459 826 aetate
3484 772 3667 829 saeculi

2081 858 2252 915 factus
2272 869 2385 929 est,
2431 876 2589 931 quam
2615 861 2707 918 ille
2733 862 2823 932 qui
2852 871 3001 918 sexta
3026 862 3143 931 die,
3175 873 3459 935 antequam
3486 875 3668 923 essent

2081 950 2263 1007 caeteri
2306 950 2582 1021 homines,
2633 968 2729 1023 per
2750 968 2885 1025 quos
2912 954 3276 1011 diffamaretur
3303 973 3317 1011 :
3347 956 3451 1013 nisi
3494 957 3665 1027 forte,

2081 1043 2206 1114 quia
2232 1059 2374 1100 nunc
2397 1044 2469 1101 ita
2498 1044 2845 1102 innotuit-Et
2881 1045 3133 1102 abstulisti
3157 1048 3221 1102 ab
3255 1048 3425 1121 impiis
3464 1052 3670 1108 lucem!

2082 1136 2220 1192 sicut
2244 1136 2336 1193 ille
2362 1137 2453 1208 qui
2471 1137 2640 1206 venit,
2669 1147 2728 1193 ut
2751 1139 2842 1209 qui
2864 1155 2971 1194 non
2992 1139 3203 1208 vident,
3233 1141 3478 1211 videant;
3506 1155 3560 1200 et
3577 1147 3669 1216 qui

2082 1228 2295 1297 vident,
2325 1230 2453 1286 caeci
2473 1229 2604 1288 ﬁant
2622 1230 2736 1302 (Id.
2762 1247 2844 1298 ix,
2876 1231 2990 1304 '59).
3022 1232 3124 1288 Aut
3143 1234 3403 1291 brachium
3428 1241 3672 1311 superbo-

2082 1336 2198 1374 rum
2221 1322 2599 1378 comminuisti?
2623 1323 2916 1394 potentiam
2951 1339 3138 1381 eorum
3155 1366 3170 1392 ,
3202 1327 3341 1384 sicut
3364 1329 3456 1386 ille
3476 1332 3567 1402 qui
3586 1333 3672 1389 in-

2084 1410 2237 1467 firma
2253 1411 2437 1468 mundi
2452 1414 2631 1484 elegit,
2651 1422 2709 1470 ut
2726 1414 3079 1472 confunderet
3101 1415 3258 1473 fortia
3282 1418 3326 1491 (l
3351 1419 3466 1477 Cor.
3493 1438 3531 1488 ι,
3555 1424 3669 1495 27).

2082 1501 2184 1556 Aut
2209 1503 2385 1559 uenisti
2410 1504 2480 1558 ad
2520 1504 2710 1581 fontem
2750 1507 2946 1563 maris?
2988 1508 3127 1565 sicut
3171 1510 3291 1579 ille,
3323 1514 3409 1569 cui
3438 1515 3673 1573 venienti

2086 1594 2254 1662 patuit
2275 1594 2583 1652 confitendo
2614 1597 2868 1669 quidquid
2907 1601 3176 1657 occultum
3202 1613 3319 1659 erat
3344 1605 3400 1661 in
3423 1607 3676 1666 cordibus

2085 1683 2367 1754 impiorum
2388 1726 2402 1750 ,
2429 1685 2521 1756 qui
2544 1686 2815 1743 credendo
2844 1689 2898 1744 in
2925 1705 3047 1746 eum
3072 1691 3346 1761 justificati
3368 1707 3511 1753 sunt.
3538 1698 3675 1757 Nam

2085 1788 2245 1843 quem
2272 1774 2475 1831 fontem
2509 1778 2674 1833 maris
2699 1779 2891 1836 melius
2918 1782 3239 1853 accipimus,
3273 1786 3375 1843 nisi
3404 1798 3670 1847 secretum

2086 1865 2230 1920 unde
2256 1869 2488 1937 erumpit
2523 1870 2700 1926 omnis
2734 1872 2850 1927 haec
2874 1873 3208 1930 amarissima
3251 1876 3494 1947 impietas
3512 1921 3529 1947 ,
3557 1898 3678 1952 quze

2086 1956 2330 2026 ingentes
2369 1958 2563 2016 fluctus
2582 1959 2694 2031 jam
2721 1962 3126 2020 manifestorum
3152 1967 3414 2024 malorum
3452 1986 3677 2041 cperum

2086 2049 2338 2116 concitat,
2360 2065 2480 2119 quae
2495 2051 2678 2107 vident
2695 2051 2940 2111 homines
2959 2056 3011 2110 in
3030 2059 3229 2127 apertis
3256 2059 3431 2130 factis,
3455 2064 3545 2132 qui
3564 2065 3683 2120 fon-

2089 2147 2198 2196 tem
2227 2140 2403 2209 ipsum
2442 2141 2625 2199 videre
2652 2158 2758 2198 non
2780 2146 3044 2214 possunt?
3066 2148 3167 2202 Aut
3192 2149 3246 2204 in
3265 2151 3486 2223 vestigiis
3512 2154 3682 2225 abyssi

2088 2233 2318 2288 ambulas
2332 2235 2359 2288 ?
2387 2234 2625 2306 Abyssus
2644 2236 2734 2293 hic
2752 2246 2898 2293 recte
2922 2238 3232 2311 intelligitur
3258 2244 3365 2299 vita
3386 2246 3678 2313 saecularis,

2088 2341 2442 2399 quaecumque
2465 2329 2613 2385 estin
2635 2329 2900 2401 profundo
2923 2333 3183 2391 malorum
3206 2376 3222 2404 ,
3251 2352 3378 2407 quo,
3400 2340 3537 2394 sicut
3553 2341 3686 2397 scri-

2088 2428 2239 2491 ptum
2256 2428 2358 2487 est,
2376 2437 2491 2475 cum
2505 2423 2692 2476 venerit
2704 2431 2934 2492 peccator
2943 2435 3222 2481 contemnet
3237 2427 3418 2500 (Prov.
3434 2446 3582 2498 xvm,
3602 2432 3679 2504 5).

2090 2512 2224 2580 Quia
2250 2513 2351 2583 ipsi
2376 2528 2588 2584 quoque
2627 2514 3071 2584 desperatissimi,
3113 2518 3336 2588 subjecti
3378 2521 3560 2591 gratiie
3593 2538 3686 2592 per

2090 2603 2463 2660 remissionem
2484 2605 2502 2636 ⁸
2526 2614 2870 2676 peccatorum
2910 2608 3046 2663 salvi
3082 2607 3207 2664 facti
3250 2622 3605 2681 emerserunt,
3633 2622 3689 2671 et

2090 2704 2413 2764 receperunt
2435 2693 2707 2752 Christum
2742 2714 2755 2751 :
2787 2713 2895 2754 non
2931 2699 2985 2754 in
3028 2700 3282 2773 abyssum
3326 2719 3432 2773 quo
3471 2721 3686 2776 preme-

2092 2783 2321 2851 bantur;
2354 2786 2447 2841 sed
2475 2786 2532 2841 in
2554 2786 2731 2843 locum
2762 2791 2899 2859 ejus,
2928 2798 2985 2845 ut
3007 2790 3096 2846 ubi
3132 2793 3439 2851 ambulabat
3476 2798 3687 2855 calcans

2092 2890 2206 2943 eos,
2239 2877 2477 2933 ambulet
2495 2878 2798 2934 inhabitans
2816 2896 2911 2936 eos
2929 2881 3204 2950 Christus;
3231 2886 3285 2939 in
3299 2886 3517 2959 uestigiis
3542 2889 3692 2961 abys-

2093 2967 2160 3034 si,
2192 2968 2591 3025 remanentibus
2616 2985 2712 3040 per
2730 2972 3041 3041 memoriam
3073 2986 3407 3045 peccatorum
3447 2997 3688 3050 suorum,

2096 3065 2158 3111 ut
2198 3057 2327 3113 dum
2356 3060 2601 3116 recolunt
2623 3062 2716 3117 ubi
2742 3062 2958 3130 fuerint,
3008 3066 3239 3136 amplius
3277 3068 3496 3141 diligant
3532 3090 3692 3145 quem

2095 3160 2433 3220 receperunt,
2467 3168 2619 3222 aquo
2649 3153 2750 3209 sibi
2790 3163 2939 3210 tanta
2982 3155 3200 3213 dimissa
3244 3171 3371 3217 sunt
3413 3161 3575 3235 (Luc.
3599 3183 3690 3235 vn,

2096 3240 2307 3314 41-47).
2359 3242 2462 3297 Aut
2487 3243 2576 3299 tibi
2602 3245 2902 3317 aperiuntur
2925 3256 3059 3302 metu
3083 3259 3242 3320 porta:
3268 3255 3480 3309 mortis?
3506 3256 3692 3313 Omni-

2096 3332 2199 3387 bus
2227 3333 2369 3389 enim
2408 3336 2757 3394 morientibus
2799 3339 3113 3409 aperiuntur
3159 3354 3326 3413 portae
3366 3348 3571 3417 mortis,
3598 3348 3692 3404 sed

2098 3436 2207 3477 non
2235 3434 2405 3494 metu,
2436 3426 2576 3482 sicut
2616 3428 2711 3483 uni
2741 3428 2820 3484 illi
2840 3430 2930 3500 qui
2956 3430 3290 3490 destruendte
3320 3437 3504 3493 mortis
3533 3453 3694 3495 causa

2099 3523 2340 3568 mortuus
2370 3525 2473 3571 est.
2518 3517 2625 3573 Aut
2660 3526 2809 3574 certe
2851 3521 3164 3590 aperiuntur
3188 3524 3253 3578 ad
3283 3528 3692 3596 resurgendum.

2100 3603 2203 3658 Aut
2222 3606 2471 3675 janitores
2492 3609 2679 3678 inferni
2701 3610 2923 3666 uidentes
2942 3622 3011 3681 te,
3037 3614 3344 3670 timuerunt?
3368 3616 3504 3673 sicut
3548 3620 3693 3677 illum

2101 3711 2288 3762 unum,
2318 3696 2372 3751 in
2410 3712 2516 3767 quo
2544 3698 2676 3754 nihil
2699 3699 2917 3772 dignum
2968 3714 3139 3759 morte
3168 3704 3417 3777 princeps
3458 3710 3643 3765 mundi
3673 3713 3694 3744 ³

2101 3786 2323 3856 invenit,
2358 3804 2518 3858 quem
2534 3799 2640 3845 tam
2662 3791 2769 3848 cito
2784 3791 3117 3862 dimiserunt,
3145 3810 3303 3866 quem
3325 3797 3479 3853 inviti
3523 3800 3694 3857 admi-

2100 3888 2307 3934 serunt.
2339 3879 2500 3936 lnferi
2521 3891 2698 3938 autem
2723 3883 3000 3954 ianitores,
3026 3886 3215 3957 aliqua:
3239 3888 3517 3947 inferiores
3546 3902 3697 3962 pote-

2100 3983 2269 4029 states
2310 3976 2467 4029 morti
2497 3977 2797 4047 prmposita:
2819 3979 3174 4049 intelligenda:
3202 3992 3345 4037 sunt.
3375 3985 3475 4037 Aut
3508 4003 3697 4057 cogno-

2102 4067 2215 4121 visti
2241 4068 2557 4122 latitudinem
2585 4071 2678 4125 sub
2698 4072 2861 4127 calo?
2884 4072 3021 4127 sicut
3044 4075 3293 4143 cognovit
3315 4076 3420 4146 qui,
3436 4093 3530 4149 per
3554 4080 3695 4136 illam

2103 4160 2311 4215 diffudit
2337 4160 2650 4218 Ecclesium.
2703 4163 2878 4219 Narra
2931 4181 3048 4236 ergo
3092 4166 3217 4220 mihi
3253 4178 3443 4238 quanta
3487 4188 3697 4242 quicque

2102 4252 2223 4306 sint.
2266 4252 2398 4319 Quis
2440 4255 2584 4309 enim
2630 4255 2732 4310 hoc
2773 4256 2925 4321 sciat,
2973 4256 3072 4310 nisi
3116 4273 3275 4327 quem
3302 4259 3391 4314 ille
3418 4259 3696 4318 docuerit?

2100 4343 2203 4398 Aut
2253 4344 2306 4397 in
2335 4361 2434 4415 qua
2461 4354 2597 4399 terra
2625 4346 2812 4399 habitat
2847 4346 2973 4399 lux?
3000 4344 3094 4400 llle
3137 4348 3282 4401 enim
3336 4348 3523 4416 docet,
3574 4354 3695 4421 quia

2102 4435 2459 4491 manifestatio
2484 4436 2768 4491 verborum
2790 4435 2905 4503 ejus
2930 4436 3206 4503 illuminat,
3230 4448 3283 4492 et
3305 4438 3599 4511 intelligere
3619 4442 3697 4497 fa-

2101 4527 2176 4582 cit
2194 4526 2421 4582 infantes
2470 4525 2650 4596 (Psal.
2696 4541 2875 4593 cxvnt,
2906 4524 3065 4599 150).
3113 4527 3212 4581 Aut
3237 4530 3348 4599 quis
3382 4530 3696 4588 tenebrarum

2103 4616 2280 4672 locus?
2309 4615 2421 4671 Hoc
2465 4630 2676 4685 quoque
2715 4615 2805 4670 ille
2851 4614 3029 4684 docet,
3074 4617 3165 4687 qui
3190 4617 3338 4685 dicit,
3369 4621 3604 4676 Accedite
3628 4624 3695 4679 ad

2103 4726 2238 4777 eum,
2257 4718 2304 4763 et
2322 4707 2680 4763 illuminamini
2707 4706 2856 4780 (Psal
2879 4726 3064 4777 xxxm,
3085 4710 3164 4781 6).
3196 4712 3331 4769 llinc
3354 4715 3496 4770 enim
3518 4726 3699 4775 osten-

2103 4801 2183 4857 dit
2204 4815 2298 4857 eos
2327 4799 2698 4856 tenebrescerc
2736 4800 2827 4871 qui
2866 4801 3139 4868 recedunt,
3181 4803 3310 4861 dum
3352 4809 3537 4864 nolunt
3580 4826 3701 4867 csse

2102 4893 2353 4951 infantes.
2383 4890 2599 4948 Initium
2624 4893 2766 4948 enim
2811 4893 3076 4963 superbiae
3117 4894 3367 4965 hominis,
3398 4909 3699 4968 apostatare

2104 5001 2135 5041 a
2166 4986 2276 5041 Deo
2306 4984 2507 5059 (Eccli.
2540 5001 2593 5052 x,
2636 4985 2748 5056 14).
2796 4985 2923 5042 lnde
2947 4986 3040 5057 qui
3087 5002 3195 5042 non
3218 4989 3650 5059 glorificaverunt
3676 4995 3697 5025 ³

2106 5079 2299 5145 Deum,
2328 5088 2418 5133 aut
2445 5078 2642 5149 gratias
2662 5086 2902 5148 egerunt,
2933 5089 3264 5136 evanuerunt
3287 5082 3338 5136 in
3366 5083 3698 5154 cogitationi-

2104 5167 2203 5224 bus
2227 5168 2357 5237 suis,
2390 5177 2445 5223 et
2467 5167 2802 5223 obscuratum
2828 5177 2911 5224 est
2937 5168 3193 5239 insipiens
3212 5184 3305 5225 cor
3318 5186 3501 5227 eorum
3520 5173 3699 5244 (Rom.

2105 5275 2144 5327 ι,
2169 5259 2285 5330 21),
2315 5268 2370 5315 et
2390 5259 2515 5315 facti
2546 5268 2671 5315 sunt
2704 5259 3044 5316 tenebrarum
3090 5260 3261 5317 locus.
3292 5260 3405 5317 Nisi
3448 5263 3585 5322 forte
3610 5266 3699 5323 ille

2107 5361 2191 5409 est
2228 5352 2568 5408 tenebrarum
2608 5351 2775 5417 locus,
2822 5352 2915 5421 qui
2952 5351 3149 5422 excipit
3196 5364 3598 5423 perseverantes
3644 5359 3697 5414 in

2107 5443 2357 5515 peccatis,
2386 5453 2443 5497 ut
2469 5442 2569 5512 ipsi
2608 5442 2714 5497 sint
2756 5441 3009 5509 tenebrae,
3042 5458 3266 5513 quarum
3296 5444 3384 5531 ille
3413 5456 3495 5502 est
3525 5448 3696 5520 locus,

2108 5554 2265 5609 quem
2293 5554 2417 5592 vere
2437 5538 2613 5592 nullus
2639 5537 2913 5593 hominum
2944 5538 3109 5594 novit.
3158 5539 3414 5596 Similiter
3441 5552 3496 5597 et
3535 5552 3695 5609 terra,

2110 5631 2164 5685 in
2193 5646 2296 5701 qua
2316 5629 2517 5684 habitat
2542 5630 2651 5696 lux,
2671 5639 2844 5700 potest
2864 5629 3082 5701 intelligi
3111 5640 3248 5686 terra
3266 5632 3355 5687 illa
3385 5634 3695 5702 viventium,

2174 5792 2192 5854 ξ
2217 5798 2315 5854 Am.
2340 5796 2414 5837 Er.
2442 5796 2494 5839 et
2514 5788 2737 5854 plerique
2756 5796 2883 5854 Mss,
2903 5788 3077 5854 gratia:
3098 5788 3405 5854 remissionis.

2172 5853 2195 5886 ³
2215 5850 2527 5923 ξιοῃνίθοεῃβὶέ
2544 5850 2716 5907 codex.
2743 5850 2966 5923 princeps
2976 5851 3169 5923 mortis.
3194 5852 3338 5903 Paulo
3360 5862 3481 5923 post.
3498 5862 3598 5909 Am.
3619 5861 3698 5909 Et.

2113 5921 2166 5970 et
2184 5914 2411 5980 plerique
2427 5921 2555 5979 Mss,
2579 5926 2720 5977 ouem
2735 5914 2869 5969 inviti
2888 5914 3163 5967 arrdscnmt.
3362 5914 3374 5915 ’
3471 5917 3481 5927 ’

2951 5996 3415 6082 (Yingt—huit./
