4110 6442
458 393 526 456 8.7
531 393 564 449 5

1446 371 1982 440 ΑΝΝΟΤΑΤΙΟΝΗΜ
2019 369 2088 428 IN
2122 368 2263 442 JOB,
2303 369 2365 440 S.
2404 368 2774 428 AUGUSTINI

3644 371 3749 430 876

460 487 511 541 id
538 494 640 550 est,
685 481 956 539 beatitudo
1000 483 1280 549 exceptura
1323 480 1731 545 perseverantes
1757 470 1811 524 in
1843 466 1948 523 ﬁde
1991 474 2046 522 et
2147 464 2460 520 bellandum
2487 473 2588 530 est,
2621 479 2687 519 ne
2702 462 2930 519 charitas
2948 464 3405 534 perseverantium
3419 463 3750 537 refrigescat.

458 592 556 648 spe
572 585 639 632 et
661 574 941 639 charitate,
971 571 1062 641 qui
1092 569 1302 624 fuerunt
1326 563 1610 635 aliquando
1621 561 2050 628 tenebraa,'nsnc

457 677 636 725 autem
666 667 758 722 lux
785 666 839 721 in
856 663 1080 720 Domino
1109 658 1321 732 (Ephes.
1352 671 1409 724 v,
1431 653 1597 728 8).'Si
1615 653 1774 708 duces
1804 668 1886 708 mc
1905 652 1960 705 in
1986 650 2052 721 ῤ-

458 778 548 817 nes
575 759 785 830 eorum?
801 772 908 829 quo
929 768 1094 825 usque
1120 749 1434 822 perveniunt
1455 746 1548 818 qui
1574 745 1707 802 talos
1733 751 1879 800 sunt.
1910 741 2050 810 Quid

458 865 543 912 est
565 854 712 912 enim
729 853 818 908 ubi
845 864 952 904 non
977 847 1046 903 sit
1065 842 1330 914 sapientia
1357 840 1477 908 Dei,
1505 853 1624 910 quae
1652 837 1861 908 attingit
1883 850 1914 890 a
1941 834 2051 890 (ine

458 961 626 1017 usque
670 943 738 999 ad
787 943 943 996 linem
980 936 1210 1000 fortiter,
1239 943 1297 990 et
1319 929 1554 1002 disponit
1597 929 1772 986 omnia
1818 927 2052 983 suaviter

462 1038 619 1108 (Sep.
646 1051 759 1100 vm,
783 1033 884 1104 ai)?
903 1029 1006 1086 Cui
1025 1028 1206 1097 utique
1231 1023 1408 1080 nullus
1437 1022 1709 1078 hominum
1739 1033 2050 1091 comparan-

457 1132 558 1187 dus
598 1137 698 1182 est.
723 1123 881 1190 Quod
911 1122 952 1175 si
977 1131 1027 1175 et
1053 1119 1186 1174 nosti
1227 1116 1431 1172 semitas
1451 1127 1658 1177 om;
1686 1109 1930 1181 numquid
1955 1108 2052 1164 scis

461 1224 576 1294 quia
598 1230 723 1276 tunc
747 1225 895 1271 natus
924 1231 995 1280 es,
1037 1223 1083 1267 et
1126 1226 1361 1268 nunterus
1391 1223 1647 1262 armorum
1693 1214 1894 1259 tuorum
1915 1203 2050 1257 mul-

460 1313 576 1367 tus?
601 1309 754 1380 Quod
779 1309 823 1364 si
849 1317 904 1363 et
930 1305 1069 1361 nosti
1089 1303 1308 1359 semitas
1338 1300 1642 1370 impiorum,
1671 1297 1760 1368 qui
1787 1296 1871 1351 vel
1905 1305 2054 1350 tene-

456 1406 570 1460 brae
593 1412 715 1458 sunt
741 1402 835 1456 vol-
845 1399 1179 1455 tenebrarum
1202 1395 1387 1460 locus;
1414 1393 1536 1464 quia
1560 1406 1750 1448 omnes
1780 1389 1939 1445 etiam
1959 1388 2052 1458 qui

457 1498 566 1570 iam
589 1496 661 1549 ad
689 1494 853 1549 Deum
894 1491 1136 1546 conversi
1163 1495 1307 1551 sunt,
1331 1486 1385 1540 in
1415 1484 1544 1555 ipsis
1587 1482 1789 1540 semitis
1817 1480 2054 1535 ambula-

452 1594 670 1651 verunt,
691 1593 984 1654 antequam
1013 1580 1315 1650 acciperent
1342 1591 1372 1632 a
1400 1578 1510 1630 Deo
1538 1574 1796 1646 gratiam,
1826 1587 1928 1643 qua
1959 1572 2051 1642 ju-

455 1679 655 1736 stilicat
682 1678 903 1747 impium
939 1669 1234 1742 :numquid
1265 1669 1368 1724 scis
1399 1676 1577 1722 tamen
1625 1665 1747 1736 quia
1795 1674 1918 1719 tunc
1960 1663 2054 1718 tibi

458 1771 661 1828 exstitit
681 1782 842 1824 causa
873 1763 1166 1820 mortaliter
1185 1759 1438 1816 nascendi
1467 1758 1520 1812 in
1547 1756 1653 1812 hoc
1674 1756 1892 1822 sarculo,
1932 1767 2055 1808 cum

461 1862 674 1920 easdem
703 1858 920 1915 semitas
951 1854 1178 1910 inierunt
1207 1850 1365 1923 primi
1391 1847 1928 1904 omniumhominum
1957 1859 2054 1915 pa-

455 1967 678 2020 rentes,
729 1931 817 2024 qui
856 1947 1297 2021 prtevaricatione
1335 1943 1484 2014 impii
1529 1941 1774 1996 manibus
1800 1948 1854 1993 et
1880 1938 2057 1994 verbis

460 2049 824 2106 acoersierunt
853 2051 1100 2105 mortem,
1129 2048 1185 2094 ut
1207 2051 1394 2094 omnes
1423 2035 1476 2090 in
1505 2033 1674 2088 Adam
1700 2030 2056 2086 morerentur?

451 2141 578 2198 jNon
600 2139 741 2195 enim
768 2151 833 2191 ex
853 2150 965 2204 quo
987 2132 1210 2203 quisque
1233 2130 1289 2183 in
1328 2127 1428 2182 hac
1457 2125 1566 2180 vita
1603 2123 1866 2194 apparuit,
1907 2137 2055 2176 com-

455 2231 729 2304 putandus
753 2236 835 2284 est
860 2237 1113 2281 numerus
1150 2234 1411 2276 annorum
1437 2217 1556 2288 ejus
1584 2225 1691 2271 tam
1719 2225 1934 2286 parvus,
1963 2213 2057 2269 sed

461 2341 528 2382 ex
557 2338 664 2396 quo
685 2322 822 2377 facta
848 2327 932 2376 est
961 2316 1130 2388 prima
1157 2312 1400 2369 mortalis
1426 2310 1694 2366 nativitas.
1724 2307 1858 2362 Cum
1887 2307 2053 2371 enim,

465 2418 612 2474 verbi
641 2415 828 2488 gratia,
873 2419 1028 2468 natus
1061 2416 1147 2464 est
1189 2405 1482 2471 Abraham,
1518 2412 1646 2458 tunc
1671 2416 1860 2457 omnes
1885 2401 1940 2454 in
1969 2400 2059 2455 illo

474 2509 674 2566 Hebraei
706 2506 816 2563 nati
855 2512 998 2560 sunt.
1044 2501 1306 2556 Numerus
1333 2512 1460 2568 ergo
1489 2509 1751 2551 annorum
1777 2493 2060 2563 unicuique

477 2602 664 2660 uultus
684 2607 766 2655 est
789 2595 1081 2654 secundum
1107 2588 1442 2647 mortalitatis
1465 2587 1744 2658 originem,
1765 2599 1884 2656 qua:
1898 2597 2059 2640 exor-

469 2705 520 2751 ta
541 2693 706 2750 estin
734 2689 938 2746 semitis
969 2687 1268 2756 impiorum.
1294 2681 1424 2749 Quis
1445 2688 1626 2733 autem
1643 2674 2062 2733 meminitfuisse

467 2801 549 2852 se,
574 2793 665 2840 aut
688 2797 808 2837 eum
833 2788 1000 2845 esset,
1024 2779 1162 2834 scire
1192 2773 1360 2847 potuit
1389 2787 1513 2828 esse
1534 2785 1594 2825 se
1611 2771 1660 2825 in
1686 2767 1880 2823 lumbis
1897 2765 2062 2837 patris

467 2878 584 2935 sui?
614 2872 1048 2944 Quandoquidem
1067 2884 1164 2925 nec
1187 2867 1311 2922 illud
1332 2874 1538 2936 tempus
1555 2863 1832 2933 quisquam
1852 2859 2059 2926 recoiit,

469 2985 575 3042 quo
603 2983 709 3024 non
730 2967 792 3020 in
823 2963 1146 3036 parentibus,
1185 2958 1280 3013 sed
1327 2957 1379 3011 in
1425 2956 1602 3025 seipso
1631 2961 1788 3008 natus
1816 2959 1926 3016 est;
1959 2964 2064 3020 quo

451 3072 710 3132 tempore
722 3066 868 3114 certe
883 3068 1040 3111 nemo
1059 3052 1286 3118 dubitat,
1309 3049 1448 3121 quod
1463 3049 1572 3119 jam
1598 3055 1732 3114 erat,
1751 3053 1808 3102 et
1829 3044 2061 3112 vivebat,

453 3163 526 3213 et
549 3149 829 3214 sentiebat.
860 3147 1047 3204 Omnia
1076 3155 1252 3199 autem
1283 3142 1383 3196 scit
1406 3141 1498 3194 iila
1529 3138 1798 3209 Sapientia
1819 3152 1935 3206 quae
1957 3137 2064 3191 for-

476 3255 590 3301 mat
613 3217 813 3307 omnia,
841 3254 948 3294 non
983 3245 1183 3291 tantum
1214 3234 1301 3287 illa
1325 3247 1488 3301 super
1505 3230 1764 3297 cwlestia,
1792 3229 1885 3285 sed
1905 3229 2068 3284 etiam

469 3338 576 3394 ista
605 3332 869 3389 mortalia.
919 3329 987 3384 Et
1027 3327 1149 3399 quia
1175 3325 1420 3380 Christus
1442 3322 1541 3378 Dei
1569 3321 1750 3376 Virtus
1775 3328 1859 3376 est
1889 3328 1944 3376 et
1969 3319 2068 3374 Dei

463 3426 736 3499 Sapientia
759 3424 803 3499 (l
818 3424 933 3478 Cor.
964 3437 1002 3486 ι,
1028 3419 1150 3491 2t),
1171 3417 1273 3472 scit
1293 3417 1392 3471 ista
1425 3415 1531 3482 ille,
1545 3415 1636 3485 qui
1662 3415 1821 3470 etiam
1836 3412 2064 3468 mortali-

470 3530 554 3578 ter
581 3528 736 3575 natus
763 3524 865 3581 est,
897 3528 1003 3568 non
1024 3509 1329 3566 conditione
1359 3506 1590 3571 mortali,
1616 3506 1738 3576 quia
1769 3506 1824 3560 in
1843 3504 2070 3560 mortuis

463 3613 627 3679 iiber,
658 3608 754 3666 sed
777 3604 1119 3663 miseratione
1157 3598 1479 3664 mortalium,
1526 3605 1585 3652 ut
1611 3613 1641 3652 a
1667 3607 1841 3652 morte
1870 3597 2072 3652 faceret

471 3705 690 3763 liberos.
719 3701 821 3756 Aut
838 3697 1015 3755 venisti
1034 3697 1086 3750 in
1124 3693 1371 3748 thesauris
1405 3691 1568 3746 nivis?
1609 3690 1662 3745 id
1689 3699 1792 3757 est,
1841 3689 1909 3745 ad
1951 3704 2067 3744 eam

473 3797 830 3868 cognitionem
857 3787 1168 3862 pervenisti,
1197 3786 1332 3840 sicut
1361 3783 1450 3840 ille
1470 3782 1671 3839 sciebat
1684 3783 1846 3838 etiam
1866 3795 2068 3852 oppor-

475 3897 632 3946 tunas
656 3897 843 3941 causas
869 3879 1257 3936 imminentium
1288 3876 1662 3933 scandalorum
1713 3885 1948 3930 secretas
1991 3883 2072 3929 at-

477 3993 582 4052 que
601 3973 838 4032 abditas?
863 3971 998 4028 Nam
1019 3969 1144 4026 inde
1168 3968 1400 4040 appellat
1416 3967 1715 4034 thesauros,
1741 3965 1809 4021 ad
1837 3965 2070 4036 proban-

477 4070 546 4126 da
571 4076 626 4123 et
657 4063 954 4122 exercenda
981 4059 1328 4132 spiritualium
1353 4059 1536 4126 corda,
1561 4072 1682 4114 cum
1709 4057 2072 4122 exclamaret:

479 4159 579 4215 ‘Vw
610 4157 799 4212 mundo
827 4172 861 4210 a
883 4153 1173 4210 scandatis!
1209 4159 1404 4222 Oportet
1425 4150 1560 4206 enim
1586 4149 1754 4203 venire
1790 4148 2074 4214 scandala;

478 4268 556 4309 ea:
575 4259 739 4306 autem
759 4248 835 4304 illi
865 4247 1056 4302 homini
1077 4262 1164 4317 per
1189 4261 1332 4315 quem
1353 4242 1651 4298 scandalum
1675 4241 1806 4294 venit
1842 4238 2071 4312 (Matth.

477 4363 629 4414 xviri,
661 4347 746 4420 7)!
775 4346 878 4401 Per
892 4341 1194 4416 superbiam
1216 4341 1409 4411 quippe
1431 4337 1556 4394 elati
1582 4337 1636 4390 in
1661 4337 1788 4401 alto,
1813 4349 1964 4390 more
1991 4336 2074 4389 ni-

477 4441 562 4496 vis
607 4437 1006 4508 congelascunt,
1051 4441 1106 4488 et
1152 4432 1376 4496 cadunt;
1419 4444 1484 4484 ex
1527 4441 1752 4498 quorum
1793 4426 2073 4509 iniquitate

482 4533 784 4590 abundante
819 4529 1112 4601 refrigescit
1150 4526 1380 4582 charitas
1409 4524 1696 4578 multorum
1731 4539 1744 4576 :
1775 4523 1863 4594 qui
1893 4531 2072 4578 autem

481 4625 746 4683 sustinent
769 4622 1048 4680 Dominum
1075 4619 1298 4674 viriliter
1326 4624 1543 4689 agentes
1569 4613 1754 4690 (Psal.
1782 4627 1928 4681 xxvr,
1957 4611 2069 4687 H),

481 4725 538 4774 et
555 4715 743 4787 Spiritu
761 4713 1025 4770 ferventes
1053 4710 1225 4784 (Rom.
1255 4722 1350 4774 xu,
1375 4708 1488 4779 li),
1530 4715 1872 4778 perseverent
1903 4721 2073 4776 usque

482 4809 537 4866 in
578 4808 760 4874 tinem,
781 4815 835 4862 et
871 4804 1003 4860 salvi
1047 4809 1201 4858 erunt
1225 4799 1452 4873 (Matth.
1480 4814 1625 4867 xxrv,
1659 4798 1784 4872 i5).
1836 4799 1936 4852 Aut
1965 4798 2073 4853 the-

481 4912 660 4957 sauros
690 4897 954 4972 grandinis
974 4894 1176 4950 vidisti?
1198 4892 1412 4950 Grande
1437 4901 1561 4947 sunt
1587 4891 1666 4947 illi
1696 4891 1882 4966 iniqui,
1904 4903 2072 4962 quan-

485 4991 556 5050 do
584 5007 690 5048 non
724 4991 896 5046 solum
941 4995 1169 5057 torpent,
1200 4985 1406 5040 nullum
1446 4985 1707 5040 fervorem
1731 4985 1943 5055 spiritus
1969 4983 2072 5038 ha-‘

479 5082 799 5150 bentes,scd
813 5081 969 5137 etiam
996 5077 1259 5133 obstinata
1287 5077 1477 5132 duritia
1494 5076 1861 5147 persequendo
1891 5074 1972 5131 vel
1998 5075 2069 5130 ir-

479 5176 690 5234 ruendo
716 5171 1064 5230 contundunt.
1111 5169 1236 5235 Qua:
1275 5169 1495 5240 reposita
1540 5176 1653 5222 sunt
1682 5168 1769 5222 tibi
1795 5169 1848 5222 in
1876 5177 2069 5237 tempus

481 5270 820 5333 inimicorum,
842 5275 888 5321 et
904 5266 957 5320 in
976 5263 1107 5318 diem
1129 5278 1307 5336 pugna.
1326 5271 1367 5316 et
1391 5260 1543 5316 belli?
1558 5259 1656 5314 Vel
1681 5260 1802 5314 hinc
1826 5260 1944 5330 quis
1963 5275 2069 5314 non

481 5361 662 5420 videat
684 5359 836 5429 cujus
858 5371 1139 5428 personam
1170 5355 1224 5408 in
1248 5351 1524 5424 prOphetia
1566 5358 1738 5421 gestet
1782 5349 1914 5405 Job?
1951 5349 2066 5405 Non

484 5456 627 5513 enim
650 5453 774 5508 huic
801 5452 891 5506 uni
911 5448 1112 5504 homini
1135 5445 1365 5516 reposita
1392 5452 1514 5498 sunt
1541 5443 1638 5496 ista
1666 5441 1720 5496 in
1743 5451 1949 5512 tempus
1971 5441 2070 5496 ini-

483 5549 763 5611 micorum,
797 5552 849 5599 et
874 5543 924 5598 in
955 5541 1097 5596 diem
1128 5553 1313 5609 pugnze
1337 5545 1389 5592 ct
1413 5535 1560 5600 belli,
1592 5533 1685 5589 sed
1710 5533 1891 5603 utique
1911 5533 2069 5588 unico

481 5637 678 5710 populo
718 5634 833 5690 Dei.
882 5634 1114 5704 Tempus
1155 5628 1348 5700 quippe
1397 5626 1729 5680 inimicorum
1769 5633 1866 5690 est,
1899 5624 2067 5679 donec

487 5735 724 5786 transeat
742 5726 1009 5797 iniquitas,
1041 5738 1156 5792 quae
1187 5729 1382 5791 quanto
1410 5719 1576 5789 magis
1620 5717 1869 5786 abundat,
1920 5726 2067 5773 tanto

481 5819 658 5886 auaris
699 5818 953 5876 adversus
1003 5813 1270 5874 diabolum
1303 5810 1478 5870 actius
1520 5808 1858 5882 pugnandum
1909 5817 2066 5880 atque

2152 558 2309 616 (Inde
2335 567 2505 613 autem
2536 557 2992 628 proceditpruina?
3015 555 3144 624 Quis
3163 556 3270 612 hoc
3286 554 3461 617 ndvlt.
3473 558 3587 618 nisi
3626 558 3752 630 quin

2151 653 2278 710 haec
2303 659 2364 708 ut
2403 651 2553 707 initia
2589 653 2996 722 parturitionum
3025 651 3182 707 sunt?!
3203 650 3402 706 Patina
3424 652 3754 722 quippe-mi-

2155 745 2437 802 nutissima
2462 743 2665 816 grando
2683 751 2786 800 est.
2818 743 2886 798 Et
2913 743 3222 816 dispergitur
3247 751 3417 798 auster
3451 742 3544 798 sub
3588 742 3756 799 octo?

2153 837 2438 903 Austrum,
2469 837 2712 907 quamvis
2737 835 3057 892 mortalibus
3083 835 3332 891 carnibus
3349 835 3529 906 gravis
3553 835 3756 890 sentia-

2153 937 2269 996 tur,
2309 943 2416 984 non
2439 936 2619 983 tamen
2644 928 2852 998 uspiam
2878 927 3097 983 memini
3117 928 3170 981 in
3185 927 3387 982 sanctis
3424 926 3600 983 Litris
3627 924 3758 983 mali

2151 1019 2355 1090 aliquid
2377 1019 2696 1091 signiﬁcare,
2719 1019 2857 1075 sicut
2881 1019 3185 1090 aquilonem
3213 1020 3753 1089 nunquamin-bono:

2151 1110 2332 1175 ilium,
2349 1103 2483 1182 quia
2514 1127 2579 1166 ex
2604 1125 2667 1167 ea
2688 1120 2838 1181 parte
2859 1110 2954 1166 ﬂat
2980 1111 3195 1182 qua'iux
3207 1111 3402 1176 claret;
3429 1113 3608 1178 istum,
3629 1112 3757 1183 quia

2157 1219 2226 1261 ex
2255 1219 2317 1260 ea
2343 1205 2486 1261 unde
2513 1205 2602 1260 lux
2625 1214 2711 1262 est
2756 1207 3028 1262 remotior.
3057 1205 3378 1277 Dispergitur
3419 1220 3547 1277 ergo
3579 1216 3757 1262 θυίων

2158 1300 2250 1353 sub
2279 1298 2425 1366 uelo,
2451 1307 2507 1354 ut
2532 1299 2786 1355 adversus
2810 1301 2928 1355 illas
2951 1315 3140 1356 omnes
3167 1301 3474 1371 iniquitates
3495 1301 3755 1357 auxilium

2161 1392 2374 1464 aiiquod
2419 1393 2744 1464 intelligatur
2787 1393 2902 1460 Dei,
2934 1393 3183 1464 quamdiu
3233 1394 3469 1449 nondum
3501 1395 3563 1449 in
3589 1395 3758 1463 eteio,

2159 1487 2254 1543 sed
2281 1488 2380 1541 sub
2413 1487 2550 1542 coelo
2573 1501 2776 1542 sumus.
2835 1485 2959 1552 Quis
2997 1486 3302 1557 preparavit
3347 1487 3535 1556 ﬂumen
3571 1485 3761 1542 rorida

2160 1580 2362 1651 pluviae,
2403 1588 2451 1632 et
2487 1580 2618 1632 viam
2653 1577 2854 1632 vocibus
2877 1579 3218 1650 tempestatis?
3244 1577 3290 1633 Ὗ
3295 1577 3380 1633 ide
3408 1576 3759 1648 quemadmo-

2153 1671 2286 1727 dum
2317 1671 2414 1725 tria
2442 1671 2530 1725 illa
2545 1671 2779 1726 breviter
2805 1671 3079 1741 complexa
3100 1671 3230 1736 sint,
3257 1685 3376 1740 qua:
3395 1671 3655 1726 Dominus
3693 1671 3753 1728 iu

2161 1763 2543 1818 tentationibus
2579 1765 2729 1833 ponit
2753 1765 3139 1819 contemnenda
3159 1763 3250 1818 this
3273 1765 3359 1834 qui
3381 1764 3645 1820 tedi'iicant
3669 1779 3760 1821 su-

2159 1868 2257 1924 per
2281 1863 2507 1922 petram,
2539 1862 2593 1908 et
2615 1854 2908 1924 perniciosa
2937 1853 3020 1910 his
3052 1855 3139 1924 qui
3165 1854 3424 1910 aediﬁcant
3453 1870 3612 1926 super
3629 1872 3754 1912 are-

2161 1958 2284 1998 nam
2312 1943 2438 2013 (Id.
2478 1961 2570 2012 vn,
2619 1943 2836 2018 24-27).
2896 1945 3134 2001 Pluviam
3189 1947 3644 2015 commemoravit,
3705 1957 3762 2005 et

2161 2037 2382 2106 ﬂumen,
2411 2047 2466 2094 et
2486 2053 2645 2094 voces
2677 2038 3028 2110 tempestatis,
3061 2039 3148 2095 ubi
3175 2048 3363 2096 ventos
3389 2041 3758 2111 intelligimus.

2163 2129 2346 2184 Pluvia
2375 2144 2502 2200 ergo
2531 2137 2787 2197 tentatur,
2820 2130 2908 2201 qui
2935 2145 3000 2185 cx
3027 2131 3138 2200 ipsa
3163 2131 3475 2187 celsitudine
3513 2131 3760 2202 Scriptu-

2163 2237 2342 2277 ramm
2367 2221 2664 2277 divinarum
2706 2221 2962 2292 peccandi
2981 2222 3314 2278 occasionem
3343 2237 3506 2292 prave
3553 2223 3758 2278 intelli-

2162 2313 2336 2384 gendo
2358 2313 2550 2384 accipit
2582 2329 2595 2366 :
2627 2321 2876 2384 tanquam
2905 2313 2950 2368 si
2970 2312 3210 2380 audiens,
3265 2313 3356 2368 Cui
3383 2313 3635 2368 modicum
3675 2313 3760 2368 di-

2165 2405 2400 2471 mittitur,
2425 2403 2676 2458 modicum
2701 2403 2865 2476 diligit
2895 2403 3053 2476 (Luc.
3084 2420 3176 2469 vn,
3204 2403 3294 2472 42,
3319 2404 3441 2475 43),
3470 2405 3614 2460 dicat
3633 2405 3758 2472 sibi,

2164 2496 2441 2552 Faciamus
2464 2496 2620 2564 mala,
2641 2506 2698 2550 ut
2723 2497 2922 2550 ueniant
2948 2496 3077 2551 bona
3104 2494 3292 2566 (Rom.
3317 2512 3396 2561 ιιι,
3420 2495 3524 2568 8);
3556 2504 3610 2551 et
3638 2512 3763 2567 per-

2165 2596 2380 2646 maneat
2407 2590 2458 2643 in
2480 2597 2722 2659 peccato,
2744 2597 2804 2643 ut
2828 2588 2997 2658 gratia
3021 2587 3250 2643 abundet
3291 2586 3410 2659 (Id.
3441 2603 3495 2656 v,
3525 2587 3632 2660 20)
3661 2606 3675 2644 :
3708 2599 3764 2646 et

2167 2683 2329 2737 multa
2367 2680 2689 2752 hujusmodi,
2718 2682 2907 2751 quibus
2926 2695 2985 2737 se
3016 2679 3260 2737 homines
3297 2697 3596 2738 sermonem
3629 2683 3764 2738 divi-
3827 2716 3841 2723 -

2171 2791 2297 2830 num
2321 2773 2461 2830 male
2485 2772 2886 2844 interpretando
2913 2772 3248 2841 subvertunt,
3275 2775 3643 2844 impunitatem
3660 2774 3764 2832 sibi

2163 2867 2556 2937 promittentes,
2586 2863 2797 2934 quando
2817 2863 3178 2920 misericordia
3196 2863 3290 2920 Dei
3306 2865 3357 2920 in
3380 2865 3570 2920 divinis
3584 2866 3766 2922 Libris

2177 2957 2599 3013 commendatur.
2621 2956 2866 3011 Flumine
2895 2966 3094 3023 autem,
3116 2955 3325 3028 quando
3363 2957 3430 3012 ab
3458 2957 3767 3014 hominibus

2178 3053 2268 3124 qui
2296 3052 2411 3108 haec
2441 3052 2511 3106 ita
2530 3051 2903 3106 intellexerunt
2919 3059 2972 3106 et
3000 3061 3339 3121 acceperunt,
3377 3060 3642 3108 tentatur:
3666 3051 3769 3107 ﬂu-

2171 3153 2295 3201 men
2327 3145 2469 3200 cnim
2496 3158 2638 3200 nunc
2665 3144 2789 3198 dicit
2807 3143 2934 3198 illud
2956 3144 3095 3214 quod
3116 3139 3184 3198 de
3207 3143 3383 3214 pluvia
3409 3145 3693 3215 colligitur,
3711 3153 3770 3201 et

2175 3246 2391 3294 torrens
2416 3246 2656 3305 vocatur,
2689 3251 2809 3292 cum
2833 3237 2926 3304 ait,
2959 3235 3084 3302 Quis
3124 3239 3424 3307 prwparavit
3451 3238 3633 3291 valida:
3657 3239 3768 3309 plu-

2171 3331 2265 3386 uia:
2287 3332 2520 3402 ﬂumen?
2545 3329 2688 3401 quod
2717 3329 2953 3397 impleat,
2985 3337 3038 3384 ct
3057 3343 3160 3399 qua
3189 3337 3367 3383 currat
3395 3330 3434 3383 ί.
3465 3328 3616 3385 Sicut
3646 3337 3772 3385 sunt

2172 3438 2299 3478 vasa
2316 3423 2409 3478 irae
2434 3422 2669 3492 perfecta
2691 3421 2756 3476 ad
2779 3421 3130 3492 perditionem
3166 3418 3274 3494 (Id.
3298 3437 3372 3489 ix,
3398 3420 3515 3491 22),
3532 3437 3652 3494 qua:
3681 3423 3774 3478 illo

2172 3515 2334 3570 modo
2363 3529 2468 3584 quo
2491 3513 2620 3582 dixi,
2659 3513 2959 3582 Scripturas
2988 3512 3273 3582 accipiunt.
3318 3513 3419 3568 Per
3466 3513 3584 3568 illos
3625 3515 3773 3570 enim

2171 3606 2336 3664 habet
2380 3608 2682 3663 liberiorem
2723 3619 2938 3661 cursum
2966 3605 2988 3637 ²
3020 3605 3318 3676 perniciosa
3342 3605 3427 3659 illa
3457 3605 3775 3675 interpreta-

2173 3702 2270 3768 tio,
2289 3715 2449 3772 quam
2469 3699 2582 3771 agri
2607 3697 2862 3754 fructileri
2880 3711 2985 3752 non
3007 3696 3298 3767 recipiunt;
3322 3705 3376 3754 et
3399 3705 3544 3752 tanto
3571 3698 3775 3768 majora

2175 3792 2378 3862 impetu
2400 3789 2646 3861 impellit,
2670 3797 2723 3844 et
2749 3787 2948 3858 dejicit,
2978 3795 3032 3842 et
3053 3786 3212 3842 trahit
3240 3786 3379 3858 quod
3407 3787 3649 3843 instabile
3691 3788 3776 3844 in-

2175 3883 2405 3946 venerit,
2427 3888 2626 3952 quanto
2653 3878 2861 3933 videtur
2883 3877 2952 3933 de
2977 3878 3291 3934 auctoritate
3310 3877 3486 3936 divina
3501 3888 3772 3950 suscepta.

2176 3973 2365 4030 Ventis
2393 3987 2522 4028 vero
2542 3978 2795 4038 tentatur,
2817 3985 2975 4040 quem
3002 3968 3226 4040 perﬂant
3251 3968 3272 4000 ³
3294 3969 3480 4025 inanes
3499 3971 3776 4028 suasiones

2178 4066 2454 4122 hominum
2481 4062 2859 4134 superborum,
2891 4059 2944 4116 id
2970 4069 3074 4128 est,
3105 4076 3172 4118 ex
3197 4060 3413 4132 propria
3457 4063 3775 4120 auctoritate

2179 4158 2338 4213 verba
2367 4171 2502 4211 vana
2523 4155 2858 4226 jactantium.
2904 4153 3006 4222 Qui
3033 4168 3160 4224 ergo
3196 4153 3399 4224 judicio
3436 4155 3532 4210 Dei
3556 4171 3773 4228 praepa-

2177 4258 2328 4306 ratur
2353 4248 2421 4303 ad
2448 4247 2821 4319 perditionem,
2853 4259 2958 4300 non
2984 4244 3404 4315 obtemperando
3431 4246 3604 4301 verbis
3632 4246 3772 4316 ejus,

2178 4343 2320 4414 quod
2348 4350 2431 4398 est
2454 4356 2615 4411 super
2639 4354 2854 4395 arenam
2880 4338 3162 4403 aedificare,
3206 4353 3310 4392 non
3356 4338 3557 4393 resistit
3601 4339 3774 4394 ventis

2178 4438 2389 4501 talibus,
2414 4444 2468 4490 et
2490 4434 2730 4489 cadendo
2754 4431 2811 4486 iit
2837 4431 2918 4486 via
2946 4431 3164 4485 vocibus
3185 4432 3537 4500 tempestatis.
3575 4429 3776 4487 Valide:

2176 4537 2352 4584 autem
2377 4526 2561 4599 pluvia:
2574 4525 2770 4581 dictum
2801 4523 3051 4586 arbitror,
3081 4521 3311 4577 dillicilis
3335 4523 3401 4577 ad
3430 4521 3770 4594 capiendum,

2176 4621 2229 4677 id
2259 4627 2370 4686 est,
2416 4618 2484 4673 ad
2508 4615 2928 4687 intelligendum.
2983 4613 3050 4670 Ut
3079 4615 3222 4685 pluat
3264 4630 3417 4684 super
3460 4623 3645 4678 terram
3684 4616 3773 4670 ubi

2177 4729 2277 4768 non
2307 4722 2378 4768 est
2413 4712 2489 4766 vir
2515 4727 2534 4766 :
2559 4708 2978 4765 subaudiendum
3007 4713 3108 4772 est,
3141 4706 3266 4773 Quis
3303 4708 3641 4778 preparavit?
3667 4707 3775 4764 Per

2175 4805 2349 4861 virum
2377 4811 2553 4860 autem
2583 4803 2792 4857 videtur
2828 4799 3020 4870 Legem
3050 4799 3366 4870 signiﬁcare,
3393 4815 3510 4870 qua:
3539 4797 3659 4855 data
3689 4812 3776 4857 est

2175 4899 2394 4956 Judaeis.
2421 4897 2562 4970 Ergo
2583 4911 2741 4966 super
2757 4895 2958 4951 Gentes
2982 4893 3326 4966 intelligimus
3346 4893 3568 4949 imbrem
3596 4891 3779 4948 Evan-

2173 4992 2316 5070 gelii.
2347 4989 2414 5045 In
2441 4990 2655 5055 deserto,
2689 4986 2774 5042 ubi
2817 5003 2916 5042 non
2937 4995 3009 5041 est
3036 4986 3182 5040 homo
3210 4999 3230 5040 :
3254 4984 3308 5040 in
3334 4979 3461 5058 ipsis
3486 4983 3774 5050 Gentibus,
3798 5041 3805 5050 κ

2174 5085 2261 5141 ubi
2295 5100 2400 5139 non
2426 5092 2540 5138 erat
2567 5081 2740 5152 aliqua
2766 5081 3053 5136 auctoritas
3072 5079 3441 5151 cognoscentis
3462 5079 3652 5133 Deum.
3703 5079 3795 5133 Ut.

2173 5179 2319 5234 saliet
2345 5175 2368 5208 ⁸
2388 5176 2577 5230 invium
2602 5184 2648 5228 et
2667 5173 3008 5238 inhabitabile,
3028 5181 3146 5227 etut
3166 5173 3404 5244 germinet
3426 5171 3593 5227 herbae
3611 5173 3772 5230 uiror.

2169 5271 2323 5334 Multi
2345 5271 2440 5328 iilii
2465 5270 2706 5336 desertae,
2732 5269 2899 5340 magis
2927 5281 3086 5339 quam
3113 5269 3227 5338 ejus
3259 5283 3378 5340 quas
3405 5266 3565 5324 habet
3591 5267 3770 5322 virum

2169 5367 2329 5439 (Isai.
2354 5381 2458 5433 LIV,
2488 5366 2565 5436 i).
2592 5363 2652 5419 in
2679 5362 2925 5418 omnibus
2951 5369 3128 5416 autem
3157 5360 3240 5415 his
3262 5368 3487 5430 quatuor
3504 5358 3770 5426 versibus,

2172 5457 2598 5526 Subaudiendum
2624 5464 2726 5524 est,
2759 5453 2884 5522 Quis
2909 5452 3250 5524 prwparavit?
3289 5451 3418 5518 Quis
3462 5460 3534 5508 est
3581 5451 3770 5524 pluvia

2236 5660 2253 5690 ί
2279 5658 2351 5705 sic
2374 5664 2478 5705 Mss.
2507 5660 2561 5702 At
2585 5651 2718 5711 editi,
2745 5671 2769 5710 εί
2797 5646 2867 5711 .od
2891 5644 3147 5711 impleatur
3170 5652 3216 5698 et
3232 5645 3358 5711 quod
3381 5652 3563 5698 currat.

2233 5721 2255 5751 ³
2279 5716 2588 5766 Floriacensis
2608 5709 2713 5770 319.,
2740 5709 2928 5758 [altilem
2954 5709 3162 5757 rursum.

2237 5781 2258 5820 β
2286 5789 2380 5828 Am.
2404 5787 2477 5827 Er.
2503 5784 2554 5843 et
2571 5775 2752 5834 aliquot
2772 5780 2911 5843 1135.,
2927 5784 3066 5843 quem

2240 5844 2260 5874 ι
2283 5844 2418 5903 aliti,
2439 5839 2603 5904 lactat.
2639 5844 2728 5888 Mss
2766 5848 2874 5886 cum
2896 5839 3022 5897 LXX,
