4110 6444
912 369 979 390 ..η-4

341 417 443 477 επ

343 529 519 613 pater?
545 526 682 583 sicut
707 534 953 593 sponsus,
980 515 1070 588 qui
1096 512 1232 569 ﬁlios
1251 522 1376 567 suos
1390 507 1536 562 misrt
1556 498 1930 573 przedicatione

344 588 491 693 iegni
510 588 772 675 caelorum
802 612 1021 681 irrigare
1048 613 1263 661 terram.
1287 600 1355 655 Et
1382 598 1493 669 quis
1531 603 1603 649 est
1628 592 1712 664 qui
1739 588 1935 661 peperit

343 682 513 793 genus
538 708 703 765 roris?
749 706 884 760 bene
911 697 1260 769 suscipientes
1300 692 1444 747 illam
1479 682 1931 759 praedicationem.

346 769 436 864 ἓιο
464 805 605 861 enini
627 802 701 855 ait
742 795 911 875 glebas
932 794 1081 854 roris,
1112 785 1378 860 quomodo
1396 783 1643 839 dicuntur
1674 788 1799 831 vasa
1825 769 1936 826 vini

345 900 411 955 ad
432 899 535 952 hoc
563 896 719 959 facta,
742 872 806 945 ut
830 889 1009 943 vinum
1037 880 1345 950 suscipiant.
1395 874 1472 927 De
1488 872 1636 937 cuius
1656 874 1795 920 utere
1822 877 1938 934 pro-

272 1034 277 1037 »
348 994 474 1047 cedit
505 957 729 1061 glacies?
754 981 940 1038 Utrum
980 975 1174 1047 glacies
1218 973 1271 1025 in
1313 970 1454 1024 bono
1494 957 1795 1030 accipienda
1834 960 1935 1019 est,

351 1043 567 1155 propter
589 1076 930 1133 stabilitatem
957 1043 1010 1124 et
1028 1083 1056 1120 a
1083 1065 1227 1119 fluxu
1253 1054 1658 1117 continentiam,
1684 1057 1743 1103 ut
1760 1048 1834 1101 ita
1858 1043 1939 1098 die

349 1135 492 1230 etum
539 1171 631 1235 sit,
676 1167 753 1221 De
804 1164 951 1234 cujus
987 1169 1126 1213 utero
1166 1151 1387 1223 procedit
1426 1146 1631 1219 glacies,
1679 1135 1937 1210 quemad-

352 1266 565 1322 modum
594 1259 743 1326 illud,
767 1256 890 1322 Quis
920 1262 991 1307 est
1006 1248 1190 1322 pluvia:
1211 1243 1384 1315 pater?
1410 1240 1491 1293 Att
1522 1246 1702 1318 uterus
1731 1244 1828 1302 pro
1852 1242 1938 1281 88—-

353 1368 501 1416 creto
526 1356 731 1428 positus
760 1359 860 1415 est,
895 1356 951 1401 ut
977 1346 1038 1399 de
1055 1344 1162 1414 ejus
1185 1349 1326 1393 utero
1344 1312 1591 1405 procedat.
1610 1325 1810 1399 glacies,
1836 1321 1943 1375 sic.

355 1410 583 1507 dies,
604 1447 721 1500 illos
748 1410 890 1496 θειιε
914 1440 966 1492 in
993 1410 1279 1505 reprobum
1305 1437 1517 1480 sensum
1551 1419 1723 1489 (Rom.
1751 1431 1787 1481 ι,
1810 1410 1942 1481 es)?

358 1550 438 1601 An
468 1542 644 1614 potius
668 1539 735 1593 de
754 1535 893 1589 illius
920 1540 1063 1585 utero
1100 1521 1323 1596 procedit
1355 1516 1559 1589 glacies,
1598 1509 1687 1580 qui
1721 1518 1942 1577 persua-

357 1596 532 1692 dendo
559 1632 905 1701 impietatem,
954 1636 1055 1691 qua
1087 1617 1407 1672 intrinsecus
1448 1608 1636 1679 plenus
1677 1609 1779 1665 est,
1821 1596 1945 1651 facit

359 1729 644 1798 frigescere
665 1732 717 1777 et
741 1720 1023 1775 durescere
1050 1711 1247 1766 amisso
1273 1704 1449 1761 calore
1477 1692 1788 1760 charitatis?
1827 1690 1947 1760 quis

361 1822 502 1879 enim
531 1820 669 1873 hunc
696 1812 857 1875 novit,
884 1809 1019 1863 sicut
1046 1804 1154 1868 ille,
1185 1800 1273 1871 qui
1307 1798 1381 1851 ait
1404 1792 1551 1848 duris
1576 1798 1629 1844 et
1654 1780 1948 1841 resistenti—

361 1870 778 1979 bus—livangelio,
809 1870 905 1957 V'os
926 1916 985 1955 es
1006 1904 1145 1969 patre
1165 1888 1365 1945 diabolo
1379 1885 1496 1940 estis
1518 1882 1693 1954 (Joau.
1707 1893 1817 1941 vm,
1831 1870 1949 1943 id)!

364 2006 463 2060 Aut
489 1965 721 2073 pruinam
764 1997 817 2049 in
846 1992 967 2046 cazlo
1006 1965 1119 2058 quis
1152 1980 1359 2055 genuit?
1386 1991 1498 2046 quin
1536 1968 1791 2026 descendit
1824 1965 1951 2018 sicut

366 2053 461 2060 "'"'
489 2053 532 2073 r'
555 2053 562 2055 ‘
1019 2053 1028 2058 -
1153 2053 1166 2055 -

366 2108 509 2165 aqua:
540 2093 747 2161 flumen.
784 2080 935 2151 Quod
972 2078 1037 2133 de
1064 2073 1231 2146 glacie
1267 2071 1318 2124 in
1339 2067 1523 2121 ultimo
1547 2058 1829 2119 sensimus,
1850 2053 1953 2115 hoc

366 2150 422 2242 et
446 2185 513 2239 de
537 2150 724 2252 pruina
755 2150 1120 2243 accipiendum
1144 2171 1293 2234 puto.
1320 2158 1435 2213 Nec
1450 2164 1627 2209 tamen
1653 2150 1846 2204 frustra
1870 2150 1954 2199 est

365 2241 627 2341 additum,
658 2272 711 2324 in
737 2241 886 2332 creto,
900 2272 957 2317 ιιι
984 2278 1048 2315 ex
1067 2258 1194 2329 ipsis
1216 2253 1307 2325 qui
1329 2254 1583 2321 praesunt,
1609 2241 1952 2310 intelligatur,

366 2332 696 2426 imitantibus
716 2374 843 2416 sane
865 2358 1036 2412 honos
1061 2349 1272 2406 nuntios
1288 2341 1543 2406 veritatis,
1564 2336 1655 2408 qui
1674 2332 1957 2400 transﬁgu-

365 2468 489 2517 rant
504 2474 562 2514 se
574 2444 1170 2517 sicutministrijustitia:
1193 2439 1257 2513 (-Il
1285 2437 1402 2493 Cor.
1418 2450 1492 2499 ιιι,
1508 2431 1623 2501 ιδ).
1640 2429 1758 2497 Quo
1790 2424 1958 2495 perti-

364 2560 479 2617 net,
493 2546 943 2621 quodadjuncmm
957 2545 1175 2605 est,quw
1185 2527 1435 2585 descendit
1451 2526 1576 2580 sicut
1592 2536 1737 2592 aqua:
1746 2520 1956 2587 ﬂumen.

371 2609 478 2699 Aut
489 2609 669 2714 faciem
692 2609 833 2706 impii
856 2632 965 2704 quis
988 2625 1256 2699 labefecit?
1282 2621 1334 2676 id
1365 2629 1474 2685 est,
1498 2613 1735 2672 confudit
1762 2626 1775 2662 :
1800 2609 1920 2679 quis
1936 2649 1949 2673 ,

372 2735 475 2790 nisi
489 2702 592 2788 'ille
623 2729 710 2801 qui
736 2702 877 2798 quos
885 2719 1209 2795 iustiﬁcavit,
1228 2716 1372 2785 ipsos
1385 2720 1439 2766 et
1450 2704 1763 2778 gloriﬁcavit
1784 2702 1957 2775 (Rom.

373 2842 490 2891 VIII,
518 2800 652 2893 so)?
678 2820 780 2873 Aut
829 2811 1117 2869 intellexisti
1152 2822 1309 2862 nexus
1359 2800 1619 2865 Pleiadis,
1670 2802 1720 2849 et
1765 2800 1962 2862 septum

381 2918 583 2973 Orionis
604 2909 890 2985 aperuisti?
940 2907 1019 2959 An
1066 2902 1257 2973 aperies
1297 2891 1596 2951 Mazuroth‘
1635 2890 1689 2942 in
1741 2897 1963 2954 tempore

376 3024 489 3076 suo,
518 3016 562 3061 et
584 3016 842 3075 vesperum
866 3013 1015 3068 super
1038 2991 1421 3061 aediﬁcationem
1442 2979 1766 3055 ejusinduces
1782 2977 1806 3029 ξ)
1825 2974 1961 3029 Num

378 3110 433 3158 et
460 3097 744 3167 astrologia
763 3086 1145 3163 perscrutanda
1167 3093 1266 3147 est,
1296 3080 1362 3134 ad
1392 3070 1819 3145 cognoscendum
1840 3080 1964 3137 pro-

380 3196 633 3267 prietates
662 3191 883 3244 istorum
912 3182 1179 3242 siderum,
1204 3184 1263 3231 ut
1284 3175 1425 3227 hunc
1465 3169 1637 3222 locum
1666 3160 1965 3229 intelligere

378 3281 683 3358 possimus?
723 3279 885 3333 Miror
910 3274 953 3329 si
992 3273 1093 3325 hoc
1121 3265 1362 3336 congruit
1383 3257 1615 3316 sermoni
1658 3261 1872 3317 nostro,
1911 3257 1966 3303 et

382 3343 529 3436 certe
553 3375 710 3431 nimis
733 3373 949 3439 longum
978 3372 1061 3419 est
1091 3380 1103 3415 :
1135 3358 1420 3414 transimus
1452 3364 1584 3419 ergo
1610 3346 1677 3401 ad
1718 3344 1839 3399 alia.
1881 3343 1967 3395 An

386 3468 701 3542 quibusdam
732 3435 999 3517 sideribus
1022 3450 1329 3515 nominatis,
1360 3446 1533 3514 ﬁgura
1555 3435 1836 3492 locutionis
1862 3445 1967 3501 qua

320 3564 329 3572 ’
385 3522 695 3629 ἴιιιειιὶειιιιι
721 3570 750 3609 a
782 3560 931 3623 parte
974 3557 1175 3607 totum,
1222 3539 1400 3595 omnia
1443 3532 1621 3589 sidera
1659 3522 1967 3595 accipienda

386 3616 653 3723 suntl‘lSi
678 3616 854 3702 tamen
883 3650 937 3697 et
960 3634 1234 3693 Mazuroth
1275 3629 1422 3684 sidus
1452 3631 1564 3690 est,
1611 3616 1755 3691 quod
1799 3616 1966 3673 inter-

384 3752 650 3818 pretatum
681 3752 781 3793 nec
810 3737 862 3791 in
892 3746 1062 3803 grmca
1088 3730 1266 3796 lingua
1314 3718 1611 3775 invenimus
1656 3730 1671 3765 :
1700 3724 1824 3765 nam
1876 3706 1971 3761 be—

386 3806 589 3894 hrmum
619 3846 737 3888 esse
758 3841 972 3888 nomen,
998 3821 1126 3877 satis
1146 3812 1412 3887 apparet.)
1446 3810 1517 3864 Ita
1557 3806 1703 3865 enim
1746 3816 1777 3855 a
1820 3806 1972 3868 parte

386 3938 557 3986 totum
578 3922 887 3991 intelligitur
906 3926 958 3971 et
982 3911 1121 3984 quod
1144 3909 1398 3976 scriptum
1425 3909 1526 3966 est,
1553 3898 1684 3952 Ante
1707 3893 1972 3963 luciferum

390 4020 541 4094 genui
579 4027 624 4071 te
663 3979 832 4087 (952:.
859 4022 966 4074 cut,
1002 3979 1089 4073 b).
1138 4000 1254 4055 Non
1291 3995 1434 4051 enim
1474 3987 1685 4045 Lucifer
1727 3985 1780 4040 in
1829 3979 1975 4043 omni

390 4076 633 4167 creatura
658 4076 803 4175 prior
826 4106 910 4154 est
936 4093 1183 4150 conditus
1202 4128 1217 4154 ,
1250 4095 1308 4140 ut
1328 4092 1450 4138 ante
1477 4076 1777 4135 Luciferum
1803 4113 1818 4139 ,
1850 4078 1976 4125 ante

389 4213 605 4257 omnem
648 4161 945 4250 creaturam
972 4186 1175 4240 dictum
1200 4178 1442 4233 videatur
1476 4190 1490 4226 :
1538 4169 1633 4226 sed
1675 4182 1770 4238 per
1812 4161 1974 4219 Luci-

393 4289 563 4347 ferum
588 4285 767 4341 omnia
792 4281 963 4337 sidera
981 4319 996 4343 ,
1017 4272 1160 4345 quod
1183 4279 1268 4326 est
1291 4284 1323 4323 a
1367 4273 1516 4337 parte
1535 4270 1739 4325 totum;
1781 4263 1835 4312 et
1882 4268 1979 4326 per

393 4379 571 4437 omnia
614 4374 789 4430 sidera
832 4370 1010 4425 omnia
1038 4344 1296 4432 tempore
1334 4356 1697 4425 intelliguntur
1726 4347 1819 4419 (de
1838 4344 1980 4401 side-

395 4473 542 4528 ribus
566 4469 710 4524 enim
734 4464 990 4533 scriptum
1016 4467 1118 4524 est,
1152 4454 1221 4509 Et
1246 4454 1347 4507 sint
1377 4452 1431 4503 in
1449 4447 1606 4518 signis
1630 4451 1679 4498 et
1700 4442 1755 4496 in
1781 4448 1977 4510 tempo-

394 4565 534 4619 ribus
570 4560 723 4635 [Gem
746 4575 785 4625 ι,
810 4554 979 4628 14]);
1029 4561 1087 4606 ut
1122 4549 1380 4603 Dominus
1414 4550 1575 4597 natus
1627 4545 1751 4595 ante
1800 4534 1977 4590 omnia

400 4624 679 4725 tempora,
708 4624 816 4705 non
862 4624 1044 4714 utique
1087 4648 1245 4696 natus
1276 4638 1331 4691 in
1361 4643 1622 4702 tempore,
1667 4637 1723 4684 et
1754 4627 1827 4683 ob
1878 4624 1981 4679 hoc

398 4745 542 4804 Patri
568 4750 865 4800 coaeternus
893 4737 1270 4791 insinuaretur.
1299 4724 1530 4784 Pleiadis
1557 4736 1702 4792 ergo,
1732 4728 1786 4774 et
1823 4717 1980 4773 Orio-

401 4842 507 4907 nis,
538 4846 594 4895 et
618 4834 917 4895 Mazerotlt,
962 4837 1019 4883 et
1045 4823 1268 4894 VeSperi
1296 4815 1756 4879 commemoratio,
1794 4817 1983 4867 cuncta

400 4900 577 4989 sidera
598 4922 941 4994 intelligenda
969 4919 1037 4975 de
1063 4912 1380 4983 compendio
1415 4905 1718 4979 persuadet.
1746 4902 1805 4959 Si
1842 4900 1985 4955 enim

400 5039 509 5080 uno
532 5020 798 5082 Lucifero,
822 5023 1025 5086 quanto
1052 5008 1223 5078 magis
1246 5013 1331 5059 tot
1364 4999 1648 5059 nominatis
1678 4998 1840 5054 etiam
1877 5009 1985 5049 ete-

400 5130 515 5179 tera
536 5117 701 5187 accipi
733 5129 827 5185 per
845 5105 1153 5179 huiusmodi
1172 5099 1498 5157 locutionem
1532 5094 1693 5150 licet?
1726 5090 1833 5148 Cur
1860 5103 1988 5160 ergo

406 5213 531 5270 alibi
562 5182 757 5276 dicimtl
798 5211 911 5269 est,
938 5195 1234 5254 intellexisti
1271 5206 1464 5254 πωπω
1508 5186 1667 5253 alibi,
1708 5182 1989 5255 aperuisti;

407 5303 563 5369 alibi,
858 5295 913 5347 in
944 5303 1171 5361 tempore
1195 5299 1325 5349 suo;
1353 5291 1408 5337 et
1437 5280 1594 5345 alibi,
1637 5292 1789 5347 super
1827 5273 1992 5343 aediﬁ-

409 5399 655 5454 cationem
683 5393 794 5462 eius
829 5388 1077 5445 induces?
1111 5382 1334 5453 Propria
1373 5386 1497 5434 sunt
1527 5377 1626 5432 ista
1658 5373 1991 5444 singulorum

410 5505 478 5546 ex
517 5487 703 5543 ordine
744 5474 1317 5539 commemoratorutn?
1362 5473 1445 5525 An
1480 5476 1625 5524 recte
1672 5465 1776 5520 dici
1814 5470 1994 5533 posset

411 5584 594 5646 etiam,
626 5580 847 5649 Septum
870 5573 1101 5630 Pleiadis
1129 5566 1402 5640 aperuisti,
1427 5573 1481 5619 et
1496 5558 1799 5616 intellexisti
1827 5570 1993 5611 nexus

411 5672 663 5731 Orionis?
692 5672 864 5740 Atque
895 5669 964 5721 ita
989 5673 1043 5720 et
1070 5664 1169 5717 alia
1202 5662 1308 5716 duo
1348 5654 1663 5713 commutari
1696 5649 1946 5721 possunt’I
1978 5665 1991 5701 :

478 5812 495 5841 ¹
521 5809 593 5858 sic
612 5814 717 5857 Mss.
738 5791 942 5857 et‘Lxx.
972 5812 1023 5851 Al.
1048 5804 1183 5861 editi,
1209 5812 1269 5849 an
1294 5796 1477 5861 aperias
1501 5799 1739 5843 Arcturus.

480 5873 503 5904 ⁸
524 5877 597 5922 Er.
625 5878 677 5922 et
694 5876 825 5933 Lov.,
850 5862 1211 5920 commemorari
1232 5864 1441 5927 posswtt.
1508 5864 1562 5904 at.

1752 380 1954 441 LIBER
1990 378 2190 439 unus.

3513 366 3620 427 878

2040 495 2179 551 sicut
2203 493 2332 549 illud
2359 492 2415 549 in
2430 491 2672 556 Pssimo,
2703 488 2799 556 Qui
2821 487 3010 543 habitat
3035 486 3089 541 in
3109 486 3246 540 caelis
3268 483 3491 539 irridebit
3504 501 3615 555 eos,

2037 595 2087 639 et
2117 584 2363 638 Donatius
2389 581 2713 639 subsannabit
2733 596 2815 637 eos
2846 577 3016 649 (Psal.
3038 592 3104 640 ιι,
3135 573 3215 647 4),
3242 573 3366 629 nihil
3396 583 3617 629 senten-

2040 676 2129 729 tia:
2154 675 2455 744 deperiret,
2486 672 2697 730 etiamsi
2736 670 2812 729 ita
2839 668 3103 727 diceretur
3124 706 3139 731 ,
3170 664 3273 733 Qui
3324 652 3527 719 habitat
3569 664 3620 718 in

2040 766 2192 825 omlis
2213 764 2563 823 subsannahit
2589 776 2701 827 eos,
2719 768 2779 816 .et
2802 757 3061 818 Dominus
3075 755 3316 811 irridebit
3333 767 3449 808 eos.
3474 752 3622 811 Sicut

2040 857 2186 914 enim
2211 858 2301 927 qui
2326 856 2528 912 habitat
2550 856 2602 913 in
2629 853 2800 918 cretis,
2832 851 2948 920 ipse
2968 859 3051 909 est
3072 848 3357 912 Dominus;
3389 847 3483 913 ita,
3511 846 3623 901 sive

2044 950 2273 1007 Pleiadis
2294 964 2526 1013 nomen,
2554 948 2668 1004 sine
2683 943 2918 1007 Orionis.
2952 944 3001 999 in
3029 941 3213 1001 eadem
3240 938 3627 1008 signiﬁcatione

2042 1052 2145 1107 est,
2177 1044 2220 1097 si
2246 1057 2347 1113 per
2372 1040 2679 1096 utrumlibet
2701 1037 2878 1094 omnia
2906 1034 3078 1093 sidera
3104 1033 3489 1102 intelliguntur.
3510 1030 3626 1085 0m~

2044 1133 2190 1189 nium
2224 1134 2400 1201 itaque
2426 1130 2657 1189 siderum
2689 1127 2924 1192 nomine,
2949 1139 3133 1181 omnes
3161 1124 3214 1176 in
3238 1122 3473 1187 Ecclesia
3494 1122 3627 1177 tales

2042 1223 2372 1293 intelligendi
2401 1232 2558 1285 sunt,
2590 1218 2681 1289 qui
2706 1214 3167 1275 conversationem
3200 1213 3400 1275 habent
3436 1213 3488 1266 in
3519 1228 3628 1267 coc-

2044 1319 2114 1373 lis
2165 1316 2419 1389 (Philipp.
2466 1330 2567 1379 tn,
2613 1310 2729 1383 20).
2775 1310 2951 1365 Nexus
3003 1322 3190 1365 eorum
3246 1305 3627 1375 intelliguntur,

2042 1408 2238 1479 quibus
2267 1416 2319 1463 et
2340 1405 2563 1462 invicem
2583 1403 2685 1463 sibi
2708 1408 2762 1459 et
2782 1400 2893 1455 Deo
2915 1405 3307 1453 connectuntur
3320 1410 3390 1450 ne
3415 1394 3631 1459 cadant.

2045 1501 2293 1557 Charitas
2316 1508 2498 1557 autem
2538 1509 2807 1564 nunquam
2834 1491 2975 1547 cadit
3002 1489 3045 1562 (ι
3068 1487 3189 1545 Cor.
3225 1503 3337 1555 xm,
3363 1486 3455 1558 8).
3505 1485 3632 1554 Quis

2049 1601 2227 1647 autem
2255 1592 2355 1646 hoc
2387 1596 2590 1653 nosset.
2619 1586 2721 1646 nisi
2752 1585 2839 1641 ille
2867 1581 3210 1646 ostendisset,
3237 1580 3328 1649 qui
3354 1579 3447 1645 ait,
3480 1577 3633 1634 Man-

2046 1684 2226 1738 datum
2252 1696 2434 1737 novum
2456 1680 2522 1733 do
2550 1678 2705 1743 vobis,
2732 1686 2785 1729 ut
2818 1692 2903 1735 vos
2936 1673 3145 1729 inuicem
3187 1670 3413 1739 diligatis
3441 1667 3631 1740 (Joan.

2053 1791 2169 1840 χιιι,
2194 1773 2282 1846 54)
2306 1791 2319 1839 ;
2351 1782 2425 1836 et,
2456 1771 2557 1836 Qui
2581 1787 2659 1829 me
2677 1768 2864 1837 diligit,
2893 1764 3131 1836 diligetur
3156 1781 3189 1816 a
3217 1762 3371 1816 Patre
3391 1777 3497 1815 meo
3516 1759 3632 1831 (Id.

2054 1882 2163 1929 xiv,
2201 1864 2334 1935 21)?
2378 1862 2598 1931 Septum
2636 1873 2822 1917 eorum
2860 1866 2953 1913 est
2991 1870 3096 1925 quo
3133 1854 3409 1924 sepiuntur
3459 1850 3635 1906 divina

2054 1956 2325 2026 Scriptura
2351 1970 2509 2024 quam
2529 1968 2634 2011 non
2654 1949 3127 2019 transgrediuntur.
3155 1946 3283 2015 Quis
3302 1952 3479 2013 autem
3499 1942 3638 2001 hanc

2055 2049 2249 2119 aperit,
2289 2046 2390 2104 nisi
2414 2045 2480 2099 ad
2501 2058 2658 2113 quem
2688 2041 2959 2105 transitur,
2985 2046 3041 2093 ut
3068 2036 3338 2095 auferatur
3357 2034 3637 2089 velamen?

2058 2143 2294 2212 Tempus
2321 2137 2609 2209 apertionis
2632 2143 2714 2195 est
2744 2147 2954 2196 eorum,
2978 2129 3030 2183 id
3059 2137 3142 2185 est
3172 2125 3640 2185 demonstrationis

2054 2242 2118 2291 et
2144 2228 2611 2291 manifestationis,
2644 2241 2764 2280 cum
2789 2223 2966 2277 veniet
2986 2220 3263 2285 Dominus,
3292 2226 3348 2273 et
3376 2217 3640 2273 illuminas

2058 2326 2140 2381 hit
2181 2320 2490 2378 abscondita
2528 2316 2906 2379 tenebrarum,
2948 2319 3002 2366 et
3049 2306 3413 2365 manifestahit
3443 2307 3645 2379 cogita-

2064 2417 2238 2473 tiones
2264 2413 2461 2478 cordis,
2495 2419 2549 2466 et
2568 2419 2700 2467 tunc
2723 2405 2949 2465 eritlaus
2966 2402 3246 2471 unicuique
3274 2416 3304 2455 a
3330 2400 3441 2454 Deo
3463 2399 3504 2469 (l
3527 2398 3643 2451 Cor.

2061 2524 2133 2571 tv,
2158 2504 2233 2579 5).
2260 2502 2568 2561 Solusenitn
2593 2501 2704 2568 ipse
2731 2497 2831 2553 hoc
2850 2494 3007 2549 faciet
3028 2493 3081 2547 in
3108 2500 3347 2560 tempore
3370 2505 3466 2543 suo
3490 2507 3502 2543 ε
3523 2487 3644 2559 quia

2060 2617 2184 2657 cum
2218 2605 2331 2669 ipse
2360 2593 2668 2667 apparuerit
2694 2592 2801 2647 vita
2832 2596 3043 2653 nostra,
3072 2596 3125 2641 et
3145 2599 3243 2639 nos
3276 2599 3395 2637 cum
3423 2582 3512 2636 illo
3545 2595 3646 2651 ap-

2063 2691 2369 2762 parebimus
2402 2688 2458 2743 in
2499 2685 2665 2756 gloria
2692 2682 2906 2753 (Coloss.
2950 2693 3027 2743 ιιι,
3078 2678 3156 2746 4).
3204 2675 3420 2730 lnducet
3470 2682 3649 2728 autem

2063 2800 2160 2841 eos
2198 2797 2360 2852 super
2403 2777 2805 2834 aediﬁcationem
2842 2785 3058 2836 eorum,
3104 2769 3193 2837 qui
3222 2781 3315 2821 eos
3358 2765 3515 2820 faciet
3546 2765 3650 2818 hoc

2066 2874 2338 2946 possidere
2362 2870 2501 2941 quod
2524 2870 2609 2923 hic
2637 2862 3035 2927 :ediﬁcaveriut.
3066 2860 3121 2916 Si
3157 2859 3308 2927 cujus
3342 2861 3483 2912 enim
3515 2870 3648 2927 opus

2067 2962 2455 3036 permanserit,
2479 2958 2617 3028 quod
2647 2952 3120 3025 superaediﬁcavit,
3162 2947 3465 3006 mercedem
3507 2946 3653 3001 aeci~

2068 3058 2177 3127 pict
2199 3054 2260 3128 (Ι.
2285 3054 2403 3109 Cor.
2435 3068 2525 3117 ιιι,
2556 3051 2664 3118 ib).
2697 3048 2811 3103 Scis
2845 3041 3255 3098 commutationes
3292 3039 3423 3092 cteli.
3464 3037 3653 3095 Utrum

2068 3151 2122 3203 in
2149 3146 2407 3207 deterius,
2435 3143 2572 3198 sicut
2602 3141 2636 3193 ii
2654 3140 2747 3208 qui
2769 3140 3151 3206 cognoscentes
3172 3130 3359 3194 Deum,
3385 3144 3491 3183 non
3518 3129 3656 3183 sicut

2070 3242 2237 3296 Deum
2275 3230 2737 3309 gloriﬁcaverunt?
2787 3228 3079 3285 Noluerunt
3121 3224 3265 3280 enim
3326 3235 3445 3277 esse
3501 3218 3656 3274 sedes

2073 3335 2200 3411 Dei;
2228 3346 2292 3385 ae
2313 3345 2407 3400 per
2434 3328 2535 3381 hoc
2562 3323 2753 3383 mutati
2780 3328 2903 3374 sunt
2924 3359 2938 3384 ,
2971 3331 3091 3373 cum
3116 3320 3443 3370 evanuerunt
3465 3311 3521 3365 in
3559 3324 3656 3366 co-

2066 3408 2415 3498 gitationibus
2457 3410 2991 3488 suis(Rom.t,21).
3029 3410 3113 3463 An
3165 3406 3219 3461 in
3256 3403 3477 3461 melius?
3524 3401 3657 3469 Quia

2072 3532 2260 3575 omnes
2286 3513 2499 3585 quidem
2532 3518 2889 3577 resurgemus,
2914 3516 3019 3559 non
3042 3508 3219 3555 tamen
3246 3510 3436 3553 omnes
3465 3495 3659 3549 immu-

2074 3612 2325 3667 tahimur.
2357 3605 2459 3672 Qui
2484 3609 2661 3660 autem
2694 3595 3132 3658 immutabuntur,
3177 3586 3518 3645 manifestum
3552 3594 3658 3653 est,

2074 3720 2194 3761 cum
2235 3702 2341 3766 ait,
2381 3697 2446 3752 Et
2488 3712 2578 3750 nos
2623 3688 2998 3745 inmtutabimur
3038 3684 3089 3756 (ι
3119 3682 3239 3738 Cor.
3267 3694 3365 3748 xv,
3411 3679 3501 3746 51,
3541 3676 3657 3747 52).

2072 3786 2209 3852 Cum
2235 3794 2376 3850 enim
2400 3789 2530 3860 justi
2551 3782 2993 3845 immutabuntur,
3025 3775 3222 3831 coelum
3260 3769 3658 3834 immutabitur;

2076 3890 2199 3961 quia
2232 3885 2453 3941 thronus
2480 3880 2573 3935 Dei
2617 3876 2811 3933 coelum
2842 3878 2925 3925 est
2944 3866 3163 3941 (Matth.
3199 3881 3234 3919 v
3254 3905 3267 3928 ,
3296 3860 3386 3934 54)
3411 3902 3425 3928 ,
3472 3870 3526 3916 et
3578 3873 3664 3917 sa-

2078 3953 2276 4052 pientia
2299 3973 2531 4031 Verbum
2558 3968 2674 4034 Dei,
2704 3974 2759 4023 et
2784 3964 2927 4019 Deus
2946 3966 3061 4015 crat
3089 3956 3341 4020 Verbum,
3364 3962 3419 4009 et
3442 3953 3665 4007 thronus

2080 4068 2353 4142 sapientiae
2400 4063 2574 4120 annua
2613 4058 2763 4130 justi.
2819 4056 2901 4111 An
2954 4061 3239 4120 utrumque
3285 4046 3494 4119 potius?
3546 4043 3664 4100 Non

2081 4166 2223 4222 enim
2247 4155 2719 4218 commutationem
2745 4147 2868 4207 cmli
2886 4186 2902 4213 ,
2927 4145 3023 4203 sed
3062 4141 3473 4198 commutationes
3509 4137 3661 4193 dixit.

2081 4259 2183 4314 Aut
2210 4254 2380 4319 ariusia
2406 4265 2517 4323 quat
2540 4245 2629 4303 sub
2658 4243 2780 4299 caelo
2799 4242 2815 4271 ¹
2839 4238 3027 4310 pariter
3056 4236 3204 4307 ﬁunt.
3227 4232 3374 4288 Sicut
3396 4229 3539 4285 enim
3572 4229 3668 4281 htt-

2080 4352 2169 4424 jus
2188 4319 2509 4404 mutationes
2534 4336 2771 4395 afﬁciunt
2793 4346 2856 4391 ea
2885 4343 3004 4399 quae
3025 4326 3122 4380 sub
3162 4322 3301 4378 coelo
3335 4329 3487 4386 sunt,
3517 4319 3586 4373 ita
3615 4326 3670 4372 et

2085 4457 2208 4499 cum
2233 4443 2504 4495 mutantur
2520 4428 2648 4500 justi
2668 4466 2686 4491 ,
2711 4424 2827 4480 sive
2856 4422 2907 4475 in
2935 4417 3198 4480 deterius,
3228 4413 3339 4468 sive
3371 4412 3423 4464 in
3453 4410 3665 4477 melius,

2085 4531 2330 4588 afﬁciunt
2357 4521 2599 4579 carnales
2620 4516 2688 4572 ad
2712 4524 3015 4580 utrumque.
3056 4504 3268 4559 Yocabis
3294 4502 3473 4557 nubem
3503 4512 3618 4555 voce
3649 4514 3669 4554 :

2070 4596 2177 4679 {aut
2221 4616 2511 4677 interiore;
2550 4615 2643 4667 aut
2681 4604 2769 4660 illa
2807 4616 2910 4672 qua
2946 4600 3153 4657 dictum
3175 4602 3287 4660 est,
3329 4593 3551 4663 Sequere
3591 4606 3672 4651 me

2090 4715 2269 4789 (Joan.
2300 4724 2419 4775 ιιι,
2452 4701 2567 4774 19);
2584 4708 2677 4757 aut
2694 4698 2780 4753 illa
2807 4708 2910 4766 qua
2937 4692 3135 4755 dictum
3159 4696 3261 4759 est,
3282 4686 3459 4752 Saule,
3488 4685 3682 4750 Saule,’

2088 4783 2209 4879 quid
2230 4820 2308 4858 me
2334 4794 2638 4874 persequeris
2666 4791 2804 4864 (Act.
2826 4803 2883 4845 ιι
2906 4828 2921 4854 ,
2950 4786 3043 4857 4)ἳ
3076 4783 3141 4838 Ει
3179 4788 3232 4836 in
3272 4792 3484 4836 tremore
3529 4791 3674 4846 aqua:

2088 4868 2275 4954 ualidae
2300 4868 2529 4948 obedient
2554 4887 2642 4940 tibi
2673 4879 2896 4952 :populi
2922 4883 3163 4948 potentes
3182 4914 3197 4937 ,
3242 4887 3363 4927 cum
3405 4868 3626 4925 audiunt
3653 4908 3670 4933 ,

2091 4990 2161 5046 In
2188 4989 2362 5043 timore
2381 4992 2426 5037 et
2450 4990 2663 5035 tremore
2688 4981 2903 5030 uestram
2925 4970 3151 5039 ipsorum
3177 4964 3388 5018 salutem
3417 4960 3672 5029 operami-

2093 5084 2147 5139 ni
2172 5098 2191 5137 :
2216 5079 2357 5135 Deus
2385 5083 2454 5131 est
2473 5073 2606 5129 enim
2626 5067 2713 5142 qui
2728 5070 2963 5137 aperatur
2993 5060 3047 5114 in
3072 5056 3207 5113 vobis
3231 5064 3277 5109 et
3307 5052 3433 5111 velle
3461 5060 3509 5109 et
3552 5068 3674 5123 ορε-

2094 5174 2220 5241 rari,
2247 5187 2339 5242 pro
2363 5167 2494 5223 bona
2512 5163 2766 5218 uoluntate
2780 5153 3042 5229 (Philipp.
3070 5164 3108 5204 ιι
3126 5189 3143 5217 ,
3174 5147 3263 5213 12,
3288 5142 3398 5216 l5).
3434 5143 3603 5197 Mittas
3630 5144 3675 5197 vi

2098 5236 2371 5341 ﬂumina”,
2399 5268 2445 5315 et
2472 5257 2635 5312 ibunt.
2682 5247 2958 5311 Flumina,
3004 5240 3207 5311 inquit,
3252 5237 3315 5290 de
3360 5245 3528 5291 ventre
3566 5236 3678 5306 ejus

2096 5324 2260 5433 'ﬂuent
2450 5350 2574 5405 vitae
2597 5342 2774 5416 (Joan.
2802 5353 2896 5404 vn,
2926 5331 3038 5405 58).
3076 5330 3136 5384 Vi
3162 5338 3337 5384 autem
3365 5326 3510 5392 dicit,
3543 5324 3675 5380 ﬁdw

2097 5415 2176 5507 cia
2199 5490 2213 5515 ,
2240 5459 2345 5516 qua
2363 5443 2731 5512 persecutores
2762 5444 2867 5484 non
2890 5426 3207 5485 timuerunt;
3237 5418 3356 5497 quia
3385 5426 3437 5472 et
3462 5416 3551 5486 qui
3571 5415 3677 5469 vim

2098 5496 2606 5605 thematidiripiunt
2642 5535 2863 5595 regnum
2902 5517 3161 5574 caelorum
3203 5496 3412 5582 (Matth.
3454 5525 3527 5575 χι,
3566 5507 3675 5578 12).

2100 5602 2392 5692 Autdicent
2414 5602 2522 5689 tibi,
2555 5619 2673 5691 quid
2703 5615 2815 5673 est?
2844 5612 2898 5668 id
2923 5618 3026 5676 est,
3055 5604 3306 5675 numquid
3337 5602 3432 5657 ahs
3455 5612 3505 5658 te
3526 5616 3673 5673 qua:-

2168 5781 2183 5809 ι
2211 5774 2345 5831 ιίιιιιὶ,
2368 5779 2474 5831 qum
2497 5763 2577 5813 sul:
2603 5758 2864 5831 (attonsum:
2891 5754 3054 5831 Abest,
3076 5752 3265 5831 81PM},
3280 5753 3357 5795 ΜΒ·
3380 5744 3682 5796 Ριοῖίεεθυει·

2170 5807 2706 5894 mittite-ausas.
2722 5807 2940 5884 [αιιηεηα.
2958 5807 3173 5877 vulsae»
3190 5807 3404 5875 ίιιίθανα·
