4110 6442
500 371 609 433 879

500 493 625 543 rent
641 484 726 539 vel
759 481 1086 538 voluntatem
1110 477 1363 552 jussionis
1398 485 1532 544 tuae,
1563 477 1702 532 sicut
1738 474 1930 531 Saulus
1969 473 2081 540 ait,

505 579 641 645 Quid
664 594 743 632 me
760 577 909 647 jubes
936 560 1102 646 facere
1130 573 1262 644 (Act.
1290 587 1363 637 ix,
1395 567 1486 643 6)?
1509 578 1600 624 aut
1629 583 1781 640 spem
1823 563 2085 623 mercedis

502 685 646 738 suae,
675 669 812 724 sicut
838 668 1116 732 dixerunt,
1142 663 1277 718 Ecce
1300 663 1580 718 dimisimus
1603 661 1774 716 omnia
1792 700 1809 728 ,
1853 669 1898 713 et
1928 656 2085 713 secuti

503 778 682 818 sumus
706 772 790 826 te;
817 760 938 832 quid
961 775 1077 830 ergo
1102 757 1194 812 erit
1223 754 1362 810 nobis
1390 752 1601 827 (Matth.
1625 768 1721 808 ιιι
1741 791 1757 821 ,
1782 749 1914 822 27)?
1961 748 2084 816 Quis

499 852 638 908 dedit
688 850 978 906 mulieribus
1033 858 1244 903 textura:
1297 847 1598 918 sapientiam
1617 887 1632 914 ,
1695 853 1743 899 et
1786 843 2084 898 uarietatum

499 944 805 999 scientiam?
839 941 1005 997 Texit
1037 948 1092 995 et
1131 937 1273 1010 apud
1313 937 1657 994 Salomonem
1697 936 1891 991 mulier
1915 932 2082 989 vesti-

497 1045 677 1091 menta
708 1033 821 1087 viro
844 1047 940 1104 sup
971 1031 1148 1104 (Prov.
1173 1025 1330 1097 'xxm,
1371 1029 1579 1102 10-24).
1615 1029 1790 1099 Opera
1829 1041 1957 1097 ergo
1999 1026 2084 1080 in-

454 1124 456 1126 ’
497 1125 785 1196 telligeuda
815 1135 939 1180 sunt
965 1124 1324 1179 Ecclesiarum
1344 1164 1360 1190 ,
1390 1123 1584 1194 quibus
1602 1122 1896 1178 honoratur
1917 1121 2078 1176 Deus.

494 1217 627 1273 Nam
655 1227 708 1272 et
729 1217 843 1286 ipsa
867 1224 1075 1271 textura
1093 1257 1108 1282 ,
1137 1215 1190 1269 id
1215 1222 1319 1282 est,
1347 1215 1584 1270 inﬁrmos
1602 1213 1812 1280 fratres,
1830 1220 2081 1282 tanquam

493 1307 890 1378 lanuginantem
919 1317 1142 1361 tramam
1169 1306 1449 1362 tlrmorum
1468 1314 1630 1377 atque
1654 1314 1950 1362 erectorum
1967 1305 2080 1374 spi-

492 1398 763 1455 ritualium
787 1400 827 1466 ι,
853 1399 1002 1470 quasi
1022 1399 1310 1455 staminum
1337 1399 1676 1456 contextione
1716 1399 2081 1470 constringere

492 1495 785 1546 maximum
807 1499 862 1545 et
881 1491 1148 1562 singulare
1172 1505 1306 1560 opus
1333 1499 1418 1546 est
1445 1490 1827 1546 Ecclesiarum.
1867 1490 1934 1544 Et
1979 1504 2078 1543 va-

491 1582 742 1639 rietatum
781 1577 1004 1638 scientia
1035 1582 1103 1636 ad
1143 1583 1197 1637 id
1220 1583 1389 1651 valet,
1417 1590 1502 1650 ut,
1534 1591 1784 1653 tanquam
1828 1582 1882 1636 in
1927 1582 2078 1652 poly-

490 1675 623 1729 mito
647 1688 710 1728 ea
738 1683 821 1729 est
844 1673 1072 1729 varietas
1097 1674 1336 1731 colorum
1351 1714 1369 1742 ,
1395 1689 1498 1744 qua
1520 1688 1627 1729 non
1653 1673 1893 1728 turbetur
1916 1673 2077 1728 decus

489 1767 744 1833 unitatis;
767 1767 844 1822 sic
868 1767 922 1822 in
951 1766 1200 1822 fratribus
1217 1766 1286 1821 ita
1311 1765 1572 1821 sintdona
1597 1765 1831 1832 diversa,
1848 1772 1906 1819 ut
1928 1763 2076 1818 nulla

489 1856 702 1913 invidia:
733 1857 1089 1927 discrepantia
1129 1857 1435 1911 cohaereant
1461 1855 1598 1923 sibi,
1641 1855 1958 1911 sufferentes
1995 1854 2076 1909 in-

486 1949 662 2006 vicem
691 1950 746 2004 in
781 1949 1065 2005 dilectione
1087 1991 1103 2017 ,
1135 1949 1409 2004 studentes
1437 1963 1653 2004 servare
1680 1948 1936 2002 unitatem
1964 1947 2074 2017 spi-

486 2045 624 2098 ritus
650 2043 706 2097 in
732 2042 942 2098 vinculo
969 2042 1115 2112 pacis
1147 2040 1364 2114 (Ephes.
1394 2057 1464 2108 IV,
1498 2039 1567 2108 2,
1595 2039 1674 2111 5).
1719 2040 1819 2094 Aut
1853 2041 1964 2111 quis
2004 2049 2077 2096 est

489 2133 576 2204 qui
597 2143 822 2188 numeret
847 2131 1002 2188 nubes
1025 2133 1272 2199 sapientia
1290 2135 1316 2187 ξ)
1339 2131 1494 2187 Novit
1523 2132 1665 2188 enim
1689 2131 1946 2190 Dominus
1985 2132 2077 2203 qui

488 2233 616 2280 sunt
641 2225 756 2295 ejus
784 2224 856 2297 (ll
884 2223 1020 2279 Tim.
1050 2240 1106 2291 n,
1139 2223 1226 2296 l9)
1259 2223 1417 2294 :quis
1438 2233 1615 2280 autem
1636 2223 1739 2279 hoc
1775 2222 2072 2290 hominum,

488 2315 690 2386 inquit,
716 2307 910 2370 novit?
958 2313 1024 2368 Et
1063 2331 1254 2386 organa
1289 2313 1400 2369 caeli
1438 2315 1492 2368 in
1531 2323 1718 2370 terram
1768 2313 2076 2370 declinavit?

486 2408 724 2479 Angelos
761 2408 1038 2474 caelestes,
1069 2423 1167 2478 per
1185 2421 1320 2478 quos
1359 2407 1552 2462 divinae
1604 2421 1763 2463 voces
1809 2407 2074 2463 enuntiari

490 2498 685 2553 solent.
740 2497 857 2553 Non
904 2498 1048 2553 enim
1104 2486 1414 2553 ceciderunt
1445 2489 1723 2553 sicut‘ille
1771 2513 1939 2566 unus,
1981 2497 2075 2552 sed

484 2589 626 2646 ﬂexu
665 2581 1260 2646 obedientize'declinati
1307 2597 1432 2644 sunt
1471 2589 1526 2643 in
1567 2598 1794 2655 terram;
1844 2589 2076 2644 maxime

486 2696 610 2734 eum
631 2688 687 2735 et
708 2681 822 2751 ipse
848 2680 1106 2735 Dominus
1133 2688 1278 2734 esset
1307 2679 1361 2734 in
1390 2692 1548 2734 terra.
1589 2679 1722 2734 Nam
1750 2680 2074 2749 evangelista

483 2770 677 2841 inquit,
707 2769 774 2825 Et
794 2770 973 2842 Angeli
1009 2770 1360 2824 ministrabant
1379 2770 1426 2824 ei
1456 2769 1673 2841 (Matth.
1704 2786 1777 2838 tv,
1811 2771 1925 2841 11).
1952 2770 2076 2842 Dif-

483 2865 629 2936 fusus
652 2873 725 2917 est
744 2873 912 2920 autem
929 2864 1058 2918 sicut
1083 2873 1214 2917 terra
1243 2863 1368 2917 cinis
1387 2903 1402 2929 ,
1431 2872 1476 2917 et
1493 2863 1818 2933 agglutinavit
1843 2880 1954 2917 eum
1974 2864 2073 2918 sic-

403 2987 412 2997 ι
466 2960 540 3008 'ut
584 2956 836 3030 lapidibus
877 2954 1100 3008 cibum”.
1126 2953 1322 3010 Dill'usa
1350 2964 1433 3009 est
1469 2954 1575 3008 late
1604 2963 1762 3024 atque
1793 2953 2070 3009 abundan-

468 3042 574 3101 'ter
601 3046 870 3101 humilitas
893 3047 1241 3117 pmnitentice,
1264 3045 1332 3101 ad
1358 3044 1460 3101 hoc
1493 3053 1550 3099 ut
1578 3044 1835 3099 Dominus
1862 3046 1950 3114 qui
1977 3061 2070 3100 su-

485 3137 668 3208 perbis
695 3137 912 3204 resistit,
942 3137 1230 3193 humilibus
1251 3145 1428 3191 autem
1454 3135 1544 3189 dat
1568 3129 1788 3205 gratiam
1816 3133 1858 3208 (ι
1881 3133 1996 3189 Pet.
2016 3151 2067 3201 v,

467 3239 469 3242 ‘
487 3233 570 3302 5),
593 3230 888 3286 coluereret
906 3231 984 3285 eis
998 3239 1246 3300 tanquam
1263 3227 1464 3300 glutine
1479 3227 1770 3293 charitatis,
1791 3226 1955 3282 homo
1972 3227 2070 3282 ho-

486 3323 752 3389 rninibus;
787 3334 844 3378 ut
884 3323 1148 3377 mediator
1173 3331 1320 3376 esset
1350 3320 1446 3374 Dei
1465 3329 1520 3374 et
1541 3319 1818 3374 hominum
1845 3319 1901 3392 (l
1929 3317 2066 3372 Tim.

462 3411 543 3485 'n,
571 3414 649 3484 5),
676 3415 910 3484 seipsum
937 3413 1041 3470 illis
1061 3413 1192 3468 dans
1213 3413 1386 3467 cibum
1405 3427 1501 3480 per
1524 3412 1922 3477 Sacramentum
1947 3427 2070 3466 cor-

482 3506 631 3576 poris
669 3515 722 3560 et
750 3505 1022 3575 sanguinis
1045 3504 1147 3573 sui,
1177 3504 1337 3559 stulta
1363 3503 1547 3557 mundi
1587 3512 1834 3572 tanquam
1869 3502 2072 3573 lapides

485 3599 711 3675 eligens,
739 3608 798 3653 ut
821 3597 1112 3654 confundat
1135 3597 1402 3666 sapientes
1429 3594 1471 3668 (Ι
1493 3595 1609 3649 Cor.
1638 3611 1676 3662 ι,
1698 3594 1811 3668 27).
1854 3595 2071 3665 Angelis

481 3693 628 3748 enim
673 3692 824 3747 cibus
868 3701 949 3746 est
993 3692 1046 3745 in
1077 3698 1334 3760 quantum
1382 3698 1464 3742 est
1504 3687 1736 3742 Verbum
1788 3687 1884 3742 Dei
1929 3688 2072 3757 apud

461 3771 651 3839 ‘Deum
683 3801 696 3837 :
727 3765 996 3854 lapidibus
1021 3795 1199 3848 autem
1230 3790 1287 3835 ut
1306 3781 1456 3835 cibus
1484 3790 1662 3847 esset,
1690 3779 1920 3836 Verbum
1944 3796 2071 3836 caro

481 3875 683 3932 factum
721 3885 834 3942 est,
881 3885 936 3930 et
978 3874 1236 3930 habitavit
1275 3875 1329 3927 in
1360 3873 1515 3928 nobis
1538 3873 1714 3944 (Joan.
1741 3889 1794 3942 ι,
1837 3876 1900 3940 1,
1957 3876 2068 3947 14).

482 3970 627 4040 Ergo
655 3966 1067 4038 agglutinabitur
1095 3965 1419 4031 hominibus,
1444 3964 1777 4033 praecedente
1801 3965 2069 4034 paeniten-

457 4057 459 4059 ’
488 4061 585 4128 tia,
620 4068 869 4128 tanquam
904 4056 1040 4111 cinis
1079 4054 1404 4111 dill'undatur
1432 4047 1634 4109 faciens
1653 4056 1704 4110 ei
1728 4056 1888 4108 viam.
1935 4055 2071 4111 llinc

482 4154 575 4209 ille
598 4153 688 4222 qui
712 4151 942 4216 dicebat,
970 4148 1151 4203 Facite
1178 4134 1296 4219 ergo
1322 4151 1514 4218 fructus
1541 4147 1720 4217 dignos
1743 4147 2066 4217 paenitentiw,

483 4254 532 4300 et
560 4261 622 4298 ne
651 4244 876 4298 dixeritis
901 4242 1058 4309 vobis,
1084 4240 1288 4294 Patrem
1311 4239 1552 4304 habemus
1573 4239 1831 4293 Abraham
1854 4255 1874 4293 :
1893 4249 2068 4309 potens

484 4346 558 4390 est
605 4337 735 4389 enim
785 4335 921 4388 Deus
965 4333 1028 4387 de
1070 4331 1323 4401 lapidibus
1373 4330 1617 4385 suscitare
1665 4329 1800 4398 ﬁlios
1851 4330 2070 4384 Abrahae

485 4426 701 4498 (Matth.
727 4441 814 4492 tu,
847 4426 900 4493 8,
929 4422 984 4494 9)
1019 4441 1032 4477 ε
1061 4424 1252 4494 quibus
1273 4422 1536 4492 lapidibus
1561 4436 1684 4476 eum
1714 4429 1962 4491 tanquam
1993 4421 2070 4476 ci-

483 4520 609 4574 bum
666 4515 1096 4588 agglutinandum
1141 4529 1261 4569 esse
1301 4513 1595 4567 nuntiabat.
1647 4512 1704 4568 Si
1743 4522 1920 4568 autem
1958 4529 2068 4569 non

481 4607 738 4680 praecedit
774 4607 1042 4662 humilitas
1101 4605 1424 4675 ptenitendi,
1475 4618 1585 4659 non
1633 4603 2064 4674 agglutinabitur,

449 4715 452 4718 ’
483 4701 606 4770 quia
630 4699 837 4754 excelsa
861 4715 892 4752 a
916 4698 1070 4770 longe
1094 4696 1368 4766 cognoscit
1396 4693 1565 4766 (Psal.
1593 4710 1831 4761 exxxvn,
1859 4696 1936 4765 6).
1967 4697 2069 4750 Aut

482 4791 652 4860 capies
680 4789 814 4844 leoni
838 4806 994 4855 escas,
1024 4800 1115 4842 aut
1139 4789 1334 4843 animas
1376 4787 1652 4841 draconum
1690 4788 1942 4858 replebis?
1989 4789 2068 4844 De

484 4883 700 4938 diabolo
724 4881 923 4936 dictum
943 4889 1048 4948 est,
1080 4879 1148 4934 Et
1170 4878 1488 4934 conculcabis
1515 4879 1705 4933 leonem
1724 4889 1769 4932 et
1798 4879 2068 4934 draconem

482 4974 655 5046 (Psal.
688 4989 777 5038 xc,
803 4974 892 5045 15)
926 4992 938 5026 :
963 4982 1185 5044 propter
1211 4971 1430 5026 insidias
1453 4981 1510 5026 et
1530 4973 1682 5026 iram.
1711 4971 1908 5028 Omnes
1939 4989 2066 5044 ergo

478 5051 655 5140 angeli
680 5067 797 5137 ejus
817 5066 1058 5121 leonibus
1084 5075 1138 5120 et
1163 5064 1482 5119 draconibus
1520 5073 1912 5135 comparantur.
1970 5066 2064 5122 Ille

477 5172 655 5215 autem
681 5159 823 5229 capit
847 5159 926 5214 eis
954 5173 1126 5225 escas,
1155 5166 1210 5214 et
1233 5158 1438 5212 animas
1458 5173 1643 5213 eorum
1669 5161 1861 5229 replet,
1883 5161 1974 5230 qui
1995 5159 2066 5218 de

480 5255 753 5324 impietate
774 5253 1048 5307 convictos
1075 5252 1233 5306 tradit
1258 5252 1311 5306 in
1345 5251 1460 5321 ejus
1501 5260 1838 5321 potestatem.
1867 5251 2065 5308 Volunt

477 5350 619 5404 enim
652 5349 817 5402 latere
848 5348 1171 5418 impietatem
1199 5361 1348 5400 suam
1374 5385 1388 5412 ,
1418 5345 1511 5400 scd
1531 5361 1650 5399 cum
1676 5345 2060 5414 producuntur,

478 5441 664 5510 utique
689 5440 990 5508 capiuntur,
1016 5447 1071 5490 ut
1100 5436 1205 5490 sint
1234 5437 1285 5490 in
1312 5443 1571 5504 potestate
1600 5435 1794 5494 diaboli
1821 5444 1876 5490 et
1901 5449 2064 5506 ange-

477 5543 651 5584 tornm
673 5529 810 5598 ejus,
843 5527 1035 5598 quibus
1065 5536 1470 5581 consenserunt.
1501 5523 1687 5580 Pavidi
1711 5525 1845 5579 enim
1871 5526 2062 5582 suntin

477 5622 722 5676 cubilibus
747 5621 850 5675 suis
884 5621 974 5674 :in
1007 5619 1220 5673 latebris
1242 5617 1548 5672 insidiarum
1577 5631 1812 5671 suarum.
1851 5615 1986 5672 Nam
2014 5616 2062 5673 si

543 5777 559 5806 ⁸
586 5781 660 5823 Er.
697 5783 747 5823 et
765 5782 893 5832 Lov.,
917 5773 1174 5821 electorum
1195 5770 1532 5834 spiritualium.
1572 5778 1654 5834 Alit.

517 5841 565 5902 ﬁ
589 5851 640 5888 μι
666 5843 804 5901 ως,
827 5830 996 5898 hosper
1025 5835 1142 5887 litho
1176 5830 1357 5897 haben,
1401 5833 1520 5886 sicut
1565 5830 1724 5897 lapide
1745 5831 1935 5889 cubum.

1479 361 2012 424 ANNOTATIONUM
2047 359 2116 419 ΙΝ
2151 359 2290 430 JOB,
2329 361 2389 420 S.
2428 361 2791 422 AUGUSTlNl

2190 473 2373 543 pavidi
2401 489 2506 529 non
2533 484 2732 544 essent,
2752 475 2872 548 quis
2899 477 3254 537 subsisteret?
3277 481 3485 544 Pavent
3508 499 3684 550 autem
3708 496 3770 553 il-

2189 561 2292 618 lius
2316 563 2631 634 imperium,
2677 566 2778 622 sub
2805 580 2914 638 quo
2955 570 3357 641 exclamarunt,
3416 579 3554 644 Quid
3599 585 3772 644 uenisti

2189 665 2304 711 ante
2323 666 2519 730 tempus
2539 660 2745 728 perdere
2781 663 2910 716 nos?
2937 663 3004 718 Et
3023 665 3469 734 quemadmodum
3496 671 3565 729 de
3590 677 3768 745 porcis

2188 748 2524 805 manifestum
2546 759 2646 819 est,
2677 753 2821 823 quod
2844 754 2901 810 in
2927 770 3022 812 eos
3049 771 3158 814 non
3185 759 3370 830 issent,
3398 765 3502 821 nisi
3521 770 3771 836 permissi

2189 849 2370 897 essent
2400 839 2590 914 (Marc.
2620 859 2659 911 ι,
2687 845 2790 912 24,
2821 856 2876 902 et
2901 863 2952 915 v,
3002 849 3218 923 11-15),
3257 853 3337 910 sic
3367 854 3770 930 intelligendum

2186 942 2271 989 est
2288 933 2420 988 nihil
2448 949 2542 991 eos
2560 935 2618 992 in
2646 952 2962 1010 quamquam
2984 955 3143 1011 posse
3159 942 3261 1000 nisi
3282 948 3575 1016 permissos
3603 968 3769 1024 :per-

2186 1023 2327 1079 mitti
2349 1034 2530 1105 autem
2551 1025 2778 1098 justitia,
2801 1044 2904 1099 qua
2927 1041 3183 1102 reguntur
3205 1037 3404 1104 omnia,
3429 1039 3542 1096 sive
3568 1023 3768 1112 proba-

2187 1114 2347 1171 tionis
2383 1131 2544 1173 causa
2566 1158 2582 1184 ,
2626 1119 2740 1175 sive
2785 1120 3067 1192 vindictae,
3108 1124 3196 1180 vel
3236 1125 3303 1181 ad
3332 1127 3767 1204 damnationem,

2185 1209 2271 1266 vel
2299 1210 2366 1266 ad
2392 1214 2778 1270 correctionem
2798 1215 3065 1287 irrogatae.
3087 1217 3158 1272 Et
3196 1220 3368 1276 sedent
3390 1223 3448 1278 in
3477 1224 3618 1281 silvis
3645 1226 3770 1283 insi-

2185 1303 2399 1358 diantes.
2428 1304 2546 1361 Non
2565 1306 2710 1362 enim
2745 1307 2973 1378 quiescit
3014 1309 3072 1364 in
3106 1310 3186 1366 eis
3225 1312 3470 1372 voluntas
3515 1319 3768 1389 nocendi,

2184 1395 2344 1451 etiam
2372 1411 2495 1452 eum
2537 1405 2774 1467 potestas
2813 1414 2922 1456 non
2949 1400 3125 1458 datur.
3156 1402 3456 1463 Observant
3505 1419 3687 1468 autem
3712 1411 3770 1468 in

2183 1487 2392 1544 insidiis
2413 1489 2464 1544 in
2486 1498 2595 1544 tam
2619 1491 2813 1547 silvosa
2831 1491 3095 1550 densitate
3115 1496 3455 1554 occasionum
3473 1501 3770 1559 carnalium

2183 1581 2304 1651 quis
2328 1581 2566 1652 capiatur
2587 1582 2781 1638 divinis
2800 1583 3007 1654 legibus
3028 1626 3045 1653 ,
3067 1585 3122 1642 id
3146 1596 3230 1643 est
3249 1628 3267 1655 ,
3307 1589 3654 1649 convincatur
3701 1594 3773 1651 de

2184 1683 2401 1744 peccato
2424 1690 2542 1742 suo,
2589 1675 2663 1730 ita
2699 1685 2758 1731 ut
2801 1691 2987 1732 eorum
3013 1692 3153 1734 escis
3195 1679 3439 1752 deputari
3476 1695 3768 1742 mereatur.

2185 1764 2311 1830 Quis
2337 1774 2504 1820 autem
2532 1767 2835 1836 praeparauit
2855 1783 3002 1822 corvo
3021 1784 3185 1824 escam
3199 1771 3226 1825 2
3261 1771 3392 1843 pulli
3419 1774 3550 1828 enim
3573 1775 3685 1845 ejus
3703 1777 3772 1830 ad

2180 1855 2458 1911 Dominum
2484 1858 2788 1927 clamantes,
2818 1868 2866 1913 et
2889 1870 3114 1915 errantes
3137 1901 3153 1930 ,
3187 1871 3236 1916 et
3258 1875 3424 1918 escam
3452 1876 3734 1933 amentes
3749 1883 3770 1922 :

2183 1955 2242 2002 ut
2265 1956 2346 2003 est
2364 1948 2419 2003 in
2444 1947 2681 2018 Psalmo,
2710 1949 2778 2002 Et
2807 1950 2963 2020 pullis
2987 1967 3250 2007 corvorum
3271 1954 3620 2012 invocantibus
3649 1974 3768 2014 eum

2183 2041 2355 2113 (Psal.
2387 2059 2569 2110 CXLVI,
2597 2042 2677 2114 9).
2707 2044 2803 2099 Cui
2829 2046 3108 2100 sententia:
3127 2054 3212 2102 est
3235 2047 3382 2103 locus
3409 2047 3512 2105 iste
3559 2049 3774 2106 similli.

2181 2147 2321 2188 mus.
2351 2132 2540 2190 Neciu
2582 2134 2722 2189 malo
2765 2143 2987 2204 possunt
3028 2135 3252 2208 intelligi
3276 2177 3293 2205 ,
3345 2138 3470 2210 quia
3519 2139 3773 2198 invocant
3853 2179 3860 2184 -

2181 2240 2326 2282 eum.
2365 2223 2743 2296 Signiﬁcantur
2779 2242 2908 2298 ergo
2957 2228 3129 2300 nigri,
3183 2228 3287 2285 hoc
3327 2241 3411 2288 est
3458 2244 3771 2303 peccatores

2179 2317 2418 2373 nondum
2458 2316 2689 2373 dealbati
2727 2316 3046 2375 remissione
3073 2328 3436 2390 peccatorum.
3485 2322 3594 2380 Sed
3644 2325 3770 2383 ideo

2179 2407 2330 2479 pulli,
2358 2408 2480 2479 quia
2501 2407 2614 2479 jam
2639 2407 2872 2465 humiles
2898 2427 2913 2464 :
2945 2409 3067 2466 ideo
3086 2420 3348 2482 errantes,
3377 2413 3501 2484 quia
3528 2415 3768 2474 nondum

2181 2509 2553 2570 cognoverunt
2585 2501 2862 2556 veritatem
2887 2542 2904 2569 ,
2933 2517 3094 2573 quam
3132 2511 3312 2560 tamen
3353 2508 3440 2576 pie
3479 2518 3768 2580 quaerunt,

2179 2607 2303 2648 cum
2331 2593 2399 2648 ad
2439 2594 2723 2649 Dominum
2758 2594 3008 2651 clamant.
3051 2596 3347 2668 Praeparari
3385 2608 3568 2656 autem
3606 2617 3772 2660 corvo

2179 2699 2302 2740 esca
2332 2694 2543 2755 potest,
2574 2694 2790 2757 propter
2829 2687 2949 2759 ejus
2999 2689 3396 2760 praescientiam
3416 2732 3434 2760 ,
3480 2694 3570 2764 qui
3617 2696 3768 2752 novit

2179 2777 2338 2830 etiam
2363 2776 2599 2832 nondum
2628 2778 2884 2834 humilem
2907 2794 3173 2850 quemque
3188 2795 3504 2838 converStmt
3538 2785 3607 2840 iri
3631 2804 3646 2841 :
3671 2787 3767 2842 sed

2181 2875 2357 2920 tamen
2384 2867 2534 2935 pulli,
2563 2867 2666 2923 huc
2698 2878 2814 2935 est,
2857 2869 3085 2926 humiles
3114 2870 3182 2926 ad
3208 2871 3492 2928 Dominum
3511 2876 3764 2933 clamant.

2249 2955 2349 3028 [1b.
2393 2957 2612 3030 unm]
2649 2958 2710 3013 Si
2731 2961 3004 3031 cognovisti
3035 2971 3233 3033 tempus
3271 2965 3505 3035 pariendi
3541 2968 3766 3039 tragela-

2177 3049 2393 3117 phorum
2436 3050 2639 3118 petras?
2659 3055 2827 3121 τράγος
2856 3049 3035 3108 hircus
3060 3063 3175 3121 est,
3203 3061 3366 3127 ελαφος
3404 3063 3631 3112 cervus:
3659 3069 3765 3116 tra-

2174 3140 2432 3210 gclapltus
2457 3157 2586 3212 ergo
2613 3144 2969 3213 compositum
2995 3161 3062 3200 ex
3085 3145 3238 3201 hirco
3274 3157 3330 3202 et
3357 3165 3517 3206 cervo
3545 3152 3762 3210 animal.

2175 3236 2448 3307 Signiﬁcat
2468 3238 2625 3307 igitur
2643 3249 2879 3295 mentem
2893 3241 3220 3296 servientem
3239 3241 3341 3314 legi
3355 3244 3451 3300 Dei
3471 3249 3764 3304 secundum

2176 3330 2483 3385 interiorem
2524 3332 2819 3388 hominem.
2863 3332 3020 3389 Videt
3043 3342 3263 3403 autem,
3303 3347 3558 3406 quantum
3587 3341 3765 3400 adhuc

2177 3436 2238 3476 ex
2266 3431 2414 3492 parte
2443 3423 2624 3479 hircus
2645 3435 2728 3480 est
2745 3465 2761 3491 ,
2789 3425 2947 3480 aliam
2983 3427 3157 3497 legem
3184 3428 3238 3482 in
3266 3429 3522 3486 membris
3548 3433 3661 3487 suis
3681 3450 3768 3489 re-

2176 3528 2496 3589 pugnantem
2531 3519 2634 3589 legi
2658 3520 2854 3575 mentis
2881 3534 3020 3585 suat,
3043 3532 3098 3576 et
3125 3522 3481 3592 captivantem
3499 3525 3628 3580 sein
3644 3528 3766 3598 lege
3796 3554 3804 3559 -

2176 3610 2379 3679 peccati
2419 3610 2603 3682 (Rom.
2635 3625 2742 3678 vn,
2781 3611 2884 3677 22,
2911 3610 3036 3682 25).
3080 3612 3330 3682 Peperit‘
3352 3625 3531 3671 autem
3564 3617 3762 3673 talibus

2176 3710 2356 3771 petras
2402 3709 2724 3772 .opportuno
2786 3711 3027 3770 tempore
3055 3743 3071 3769 ,
3128 3703 3216 3758 ille
3266 3705 3357 3774 qui
3424 3707 3762 3765 ﬁrmamenta

2176 3792 2342 3846 solida
2373 3793 2742 3861 exemplorum
2786 3792 2841 3847 in
2891 3792 3182 3864 Scripturis
3211 3797 3419 3866 posuit,
3461 3798 3516 3853 in
3567 3801 3763 3870 quibus

2175 3894 2232 3940 et
2268 3886 2606 3955 quiescentes
2642 3885 2710 3939 de
2756 3899 2816 3940 se
2861 3900 2971 3941 non
2992 3886 3315 3956 desperent,
3361 3906 3588 3960 quorum
3635 3907 3764 3950 caro

2175 3979 2767 4048 concupiscitadversus
2787 3979 3032 4048 spiritum
3053 3989 3108 4036 et
3125 3981 3342 4052 Spiritus
3365 3984 3620 4042 adversus
3643 4003 3764 4044 ear-

2177 4085 2334 4134 nem,
2382 4070 2553 4123 donec
2589 4069 2870 4124 vivacitate
2899 4071 3042 4126 cervi
3073 4074 3394 4142 serpentinis
3422 4079 3764 4136 suasionibus

2175 4160 2440 4230 superatis
2477 4160 2666 4228 spiritu
2687 4161 2884 4228 vivant,
2899 4170 2954 4216 et
2971 4163 3216 4232 spiritum
3243 4175 3537 4233 sectentur,
3564 4168 3761 4240 (Galat.

2175 4264 2230 4315 v,
2281 4249 2375 4316 17,
2419 4250 2546 4318 18),
2605 4265 2672 4304 ne
2711 4259 2899 4320 regnet
2924 4260 3199 4322 peccatum
3241 4255 3416 4325 (unde
3471 4259 3764 4317 similitudo

2177 4340 2312 4395 hirci
2339 4340 2567 4410 ducitur)
2599 4342 2654 4395 in
2680 4357 2867 4398 eorum
2892 4344 3108 4398 mortali
3139 4361 3385 4415 corpore,
3413 4349 3482 4404 ad
3510 4351 3766 4409 obedien-

2174 4432 2302 4488 dum
2326 4433 2608 4489 desideriis
2636 4435 2751 4504 ejus
2781 4435 2962 4507 (Rom.
2995 4453 3080 4504 vt,
3103 4437 3216 4509 12).
3245 4440 3346 4494 Aut
3370 4451 3546 4511 partus
3590 4461 3765 4499 cerva-

2174 4541 2288 4580 rum
2312 4526 2608 4582 custodisti?
2641 4527 3002 4583 Ecclesiarum
3028 4529 3082 4584 in
3114 4546 3344 4587 numero
3371 4533 3725 4603 spiritualium
3743 4578 3762 4607 ,

2174 4627 2418 4674 materno
2458 4617 2658 4674 all'ectu
2695 4618 3047 4675 imitationem
3091 4636 3242 4676 suam
3289 4624 3721 4696 persuadentium
3743 4669 3761 4696 ,

2172 4710 2368 4780 quibus
2379 4709 2491 4780 jam
2502 4710 2634 4764 nihil
2658 4719 2884 4780 possunt
2896 4713 3221 4782 serpentium
3235 4714 3515 4784 opiniones
3526 4733 3724 4775 nocere
3748 4739 3761 4772 :

2176 4813 2351 4858 tamen
2388 4813 2444 4858 et
2488 4803 2621 4858 tales
2654 4803 3026 4859 custodiuntur
3068 4818 3173 4860 non
3207 4807 3275 4862 de
3310 4821 3371 4864 se
3391 4847 3407 4876 ,
3439 4809 3536 4865 sed
3559 4810 3626 4866 de
3642 4812 3760 4868 Deo

2173 4911 2470 4966 prmsumen
2478 4905 2576 4951 tes.
2597 4895 2664 4950 Et
2687 4897 2960 4952 numerasti
2979 4913 3169 4952 menses
3195 4907 3383 4978 partu;~
3401 4903 3614 4956 eorum?
3636 4902 3757 4959 Non

2173 4987 2316 5042 enim
2355 4989 2568 5058 pariunt
2599 4987 2704 5044 nisi
2733 5003 2830 5058 per
2854 4989 3228 5060 Evangelium,
3259 4991 3406 5062 quod
3431 5007 3462 5047 a
3489 4993 3763 5066 baptismo

2173 5093 2270 5134 suo
2308 5080 2566 5134 Dominus
2612 5094 2783 5150 usque
2827 5079 2896 5135 ad
2932 5081 3234 5151 passionem
3289 5090 3344 5138 ct
3388 5086 3759 5151 ascensionem

2171 5183 2324 5225 suam
2352 5170 2516 5226 certis
2543 5171 2814 5228 mensibus
2845 5172 3139 5243 magisterii
3168 5173 3251 5229 sui
3275 5177 3594 5234 auctoritate
3621 5194 3744 5250 prae»

2161 5260 2388 5328 dicavit.
2418 5262 2484 5316 Et
2503 5261 2702 5318 dolores
2720 5279 2896 5318 earum
2921 5263 3150 5320 solvisti?
3175 5264 3292 5322 Non
3307 5267 3449 5323 enim
3475 5270 3594 5326 sine
3607 5270 3734 5327 dolo

2171 5366 2233 5407 re
2259 5353 2552 5423 dicebatur,
2589 5354 2718 5410 Filii
2747 5357 2873 5422 mei,
2913 5372 3038 5426 quos
3086 5357 3266 5412 iterum
3308 5361 3559 5430 parturio,
3597 5363 3756 5419 donec

2172 5447 2402 5508 Christus
2429 5450 2671 5518 formetur
2712 5449 2765 5501 in
2799 5446 2934 5503 vobis
2963 5446 3173 5519 (Galat.
3198 5463 3283 5516 tv,
3314 5449 3436 5521 19).
3465 5451 3759 5509 Solvuntur

2170 5553 2350 5600 autem
2391 5543 2478 5599 isti
2512 5542 2724 5598 dolores
2753 5556 2876 5596 cum
2908 5539 3069 5597 fuerit
3093 5551 3277 5612 partus
3313 5543 3518 5612 editus,
3560 5545 3612 5600 id
3639 5556 3757 5614 est,

2175 5640 2372 5696 veritas
2415 5651 2666 5707 persuasa
2706 5637 2784 5688 eis
2813 5649 2908 5705 pro
2947 5634 3138 5703 quibus
3173 5635 3243 5689 ita
3283 5635 3667 5706 ingemiscitur,
3700 5639 3752 5695 id

2172 5741 2362 5805 agente
2387 5729 2440 5785 in
2473 5727 2810 5782 interioribus
2853 5727 3193 5782 conscientia:
3219 5727 3382 5782 verbo
3414 5729 3528 5784 Dei.
3557 5730 3625 5783 Et
3651 5749 3750 5787 nu-

2173 5904 2176 5905 i
2235 5838 2252 5868 ι
2278 5843 2409 5892 mm,
2430 5838 2666 5903 parandi
2685 5841 2766 5886 sn.
2804 5835 2878 5908 Er.
2900 5836 2952 5886 et
2967 5831 3118 5883 nostri
3140 5842 3308 5902 omnes
3329 5837 3461 5900 uss,
3477 5836 3682 5903 peperit.
