4110 6466
398 450 499 510 8Μ

402 563 533 617 tristi
559 557 797 615 [tinnulos
833 571 1008 612 earum
1030 553 1138 610 sine
1165 550 1337 608 metu?
1369 549 1424 606 in
1450 547 1586 604 lacte
1617 552 1983 601 sacramento-

403 668 520 708 rum
549 667 654 707 non
680 649 915 705 timidos.
951 647 1070 704 Non
1094 645 1238 721 enim
1261 636 1843 727 acceperunt.spiritum
1872 648 1985 689 ser-

406 745 585 800 vitutis
612 745 801 799 iterum
819 742 870 798 in
896 740 1087 797 timore
1112 738 1289 811 (Rom.
1309 753 1427 803 vm,
1453 734 1567 805 15).
1592 731 1782 785 Partus
1812 742 1988 783 earum

404 835 598 892 emittes
619 834 637 866 ¹
670 853 683 888 :
710 835 761 888 in
799 832 1097 889 libertatem
1138 829 1402 886 uberioris
1436 840 1646 898 pascua:
1674 818 1984 894 spiritualis.

406 929 713 997 Abrumpent
737 925 834 995 ﬁlii
852 941 1024 980 earum
1042 940 1062 979 :
1082 922 1291 978 vincula
1313 917 1866 990 concupiscentiarum
1890 927 1990 967 sa:-

405 1003 683 1077 cularium.
734 1017 1212 1089 Multiplicabuntur
1243 1016 1297 1069 in
1346 1015 1511 1069 tritico
1535 1030 1555 1068 :
1585 1010 1837 1067 solidiore
1867 1004 1989 1063 cibo

404 1113 710 1183 sapientize,
759 1122 879 1183 post
928 1111 1252 1167 nutrimenta
1304 1109 1475 1164 lactis.
1532 1105 1777 1169 Exibunt,
1814 1108 1991 1155 etnon

405 1215 709 1262 revertentur
730 1206 818 1259 eis.
845 1204 1098 1271 Exibunt,
1127 1211 1376 1273 tanquam
1411 1216 1477 1255 ex
1507 1196 1763 1269 angustiis
1787 1192 1989 1249 doctri-

405 1312 511 1364 nae,
547 1312 665 1368 qua:
708 1311 803 1366 per
851 1294 1095 1350 homines
1134 1290 1509 1363 incipientibus
1531 1288 1865 1351 traditur;ct
1883 1298 1987 1339 non

404 1393 740 1443 revertentur
778 1386 1037 1442 matribus
1074 1385 1217 1451 suis,
1277 1398 1381 1437 non
1421 1382 1531 1452 jam
1565 1394 1698 1450 opus
1736 1377 1992 1431 habentes

406 1481 573 1547 lacte,
600 1493 698 1534 nec
725 1478 1033 1533 doctoribus
1060 1475 1368 1533 hominibus
1398 1473 1719 1543 indigentes.
1740 1469 1880 1526 Sane
1902 1468 1989 1523 isti

407 1577 514 1625 tres
559 1584 746 1625 versus
797 1585 903 1623 non
951 1584 1049 1640 per
1094 1566 1570 1637 interrogationem
1615 1557 1993 1632 pronuntiandi

404 1668 547 1715 sunt.
580 1659 705 1723 Quis
742 1672 911 1715 autem
939 1668 1010 1714 est
1040 1660 1125 1729 qui
1154 1657 1345 1712 dimisit
1369 1671 1616 1727 onagrum
1635 1649 1993 1707 liberum?Mi-

405 1766 525 1805 rum
552 1751 654 1807 nisi
674 1765 770 1806 eos
792 1766 888 1821 per
910 1766 1167 1822 onagrum
1189 1746 1469 1821 signiﬁcat,
1487 1746 1576 1817 qui
1593 1745 1746 1818 pauci
1767 1745 1832 1799 ab
1848 1743 1994 1799 omni

405 1841 617 1913 negotio
647 1842 798 1897 liberi
828 1843 939 1897 Deo
968 1841 1227 1897 serviunt.
1256 1839 1331 1894 Et
1342 1838 1546 1893 uincula
1568 1841 1678 1907 ejus
1697 1838 1806 1908 quis
1834 1834 1994 1890 resol-

405 1935 512 1988 uit?
537 1933 874 1989 aﬁ'ectionum
912 1934 1207 1989 carnalium
1245 1939 1405 2003 atque
1438 1928 1799 2002 popularium.
1835 1925 1995 1981 Posui

406 2025 537 2078 enim
564 2025 904 2079 habitaculum
939 2025 1191 2079 desertum
1216 2033 1264 2078 et
1288 2021 1611 2077 tabernacula
1639 2021 1750 2084 eius
1771 2017 1995 2088 salsugi-

407 2134 524 2172 nem
547 2137 559 2173 :
587 2118 729 2173 unde
755 2117 951 2173 clamet
970 2160 985 2181 .
1015 2116 1184 2172 Sitivit
1204 2117 1257 2170 in
1284 2125 1332 2170 te
1349 2115 1521 2169 anima
1537 2129 1648 2166 mea
1676 2108 1844 2182 (Psal.
1863 2124 1991 2176 an,

405 2210 486 2281 2.)
518 2209 545 2262 1
551 2210 744 2263 rridens
771 2208 1141 2263 multitudinem
1168 2207 1382 2261 ciuitatis
1412 2221 1431 2259 :
1459 2220 1617 2275 quam
1646 2200 1992 2274 Babyloniam

404 2303 677 2372 Scriptura
730 2302 889 2370 dicit;
942 2301 1399 2372 perambulantcm
1455 2311 1553 2368 per
1604 2296 1765 2350 latam
1815 2294 1991 2359 viam,

407 2408 525 2463 qum
550 2393 697 2449 ducit
726 2393 791 2448 ad
837 2393 1187 2463 perditionem
1228 2389 1438 2461 (Matth.
1464 2404 1572 2454 vn,
1626 2387 1738 2457 l5).
1770 2384 1837 2438 Et
1876 2399 1995 2455 que-

406 2487 821 2541 relamexactoris
846 2503 947 2540 non
966 2486 1214 2540 audiens:
1236 2482 1436 2538 nemini
1462 2480 1748 2552 quidquam
1769 2478 1993 2534 debens.

407 2577 750 2633 Considerauit
774 2587 966 2633 montes
997 2593 1200 2649 pascua:
1219 2592 1324 2631 sua:
1345 2592 1363 2629 :
1390 2573 1810 2645 magnitudinem
1838 2585 1995 2627 reve-

410 2671 687 2725 lationum.
715 2671 780 2725 Et
807 2679 919 2741 post
945 2687 1091 2725 omne
1110 2670 1268 2723 viride
1294 2668 1472 2738 quierit
1495 2682 1514 2720 :
1534 2680 1692 2720 omne
1720 2663 1997 2733 sempiter-

408 2779 557 2819 num.
608 2763 752 2818 Volet
790 2772 956 2817 autem
998 2778 1291 2817 monoceros
1334 2761 1521 2814 servire
1568 2758 1695 2813 tibi?
1736 2756 1997 2827 superbus

409 2855 664 2927 dignitate
692 2854 848 2925 hujus
875 2854 1090 2918 smculi;
1121 2853 1242 2924 quia
1260 2860 1314 2907 et
1334 2852 1470 2907 tales
1500 2848 1798 2920 subjugavit
1818 2846 1999 2903 Chris-

413 2954 527 3015 tus,
559 2956 614 3002 et
654 2948 926 3002 ministros
962 2946 1218 3002 Ecclesiae
1243 2943 1557 3000 constituit:
1580 2950 1831 3012 μονόκερως
1855 2940 1998 2996 enim

413 3041 689 3097 unicornis
714 3050 816 3109 est,
851 3039 991 3112 quod
1021 3038 1325 3110 superbiam
1355 3037 1636 3108 signiﬁcat.
1659 3036 1762 3089 Aut
1782 3034 2001 3089 dormire

413 3149 563 3203 super
605 3149 827 3203 prttsepe
858 3133 1034 3186 tuum?
1062 3132 1199 3188 sicut
1238 3146 1405 3201 super
1440 3130 1579 3184 illius
1606 3129 1959 3185 humilitatem
1980 3170 1997 3197 ,

415 3223 505 3294 qui
530 3224 690 3279 etiam
735 3224 786 3278 in
811 3224 1035 3295 pracscpi
1064 3231 1148 3279 est
1188 3222 1365 3277 infans
1387 3222 1591 3292 positus
1630 3219 1780 3292 (Luc.
1813 3237 1851 3275 ιι
1870 3261 1884 3285 ,
1915 3220 1995 3290 7).

412 3316 766 3387 requiescitur
814 3315 1101 3370 securitate
1144 3314 1317 3370 venite
1369 3320 1739 3384 peccatorum,
1767 3320 1824 3367 et
1857 3309 1998 3366 obli-

416 3406 576 3461 vione
601 3421 846 3461 curarum
876 3405 1031 3460 mala:
1055 3404 1419 3460 conscientiae.
1453 3401 1521 3456 Et
1542 3402 1771 3472 alligabit
1795 3402 1848 3455 in
1877 3400 2001 3455 loris

407 3498 592 3571 jugum
613 3499 797 3552 suum?
816 3497 1003 3568 jugum
1032 3496 1155 3552 lene
1178 3503 1401 3566 portans
1429 3493 1701 3563 alligatum
1725 3491 1873 3557 loris,
1899 3490 2003 3546 hoc

417 3601 517 3658 est,
531 3593 584 3646 in
595 3590 996 3647 auctoritatibus
1011 3605 1195 3646 eorum
1209 3589 1297 3659 qui
1316 3602 1529 3642 carnem
1550 3585 2004 3641 mortiﬁcaverunt

417 3693 575 3756 atque
604 3686 945 3741 domuerunt.
980 3685 1130 3742 Unde
1156 3692 1210 3740 et
1228 3683 1461 3739 Joannes
1490 3696 1619 3735 zona
1643 3681 1864 3752 pellicea
1885 3680 2003 3735 cin-

416 3777 639 3848 gebatur
668 3777 879 3848 (Matth.
905 3792 982 3844 ut,
1030 3777 1123 3847 4),
1172 3790 1278 3831 non
1320 3775 1523 3845 asperis
1554 3773 1781 3828 restibus
1812 3786 2004 3843 pecca-

418 3875 614 3922 torum.
642 3867 743 3922 Aut
764 3868 911 3922 ducet
939 3868 1027 3922 tibi
1043 3868 1209 3922 sulcos
1232 3868 1283 3921 in
1313 3866 1528 3936 campo?
1554 3865 1763 3935 aperiet
1784 3873 2005 3935 pectora

417 3960 591 4030 plebis
620 3961 920 4016 obedientis
948 3960 1013 4015 ad
1044 3959 1392 4015 obtinendum
1427 3973 1651 4029 regnum
1679 3957 1795 4011 Dei.
1826 3956 2005 4025 Con/i-

422 4052 500 4107 dis
524 4062 688 4107 autem
707 4055 759 4107 in
776 4071 863 4121 eo,
891 4054 1010 4125 quia
1036 4062 1224 4106 mutata
1248 4061 1320 4105 est
1342 4052 1496 4105 virtus
1520 4052 1667 4121 ejus?
1693 4058 1751 4106 ut
1776 4065 1879 4104 non
1910 4065 2007 4106 va-

422 4147 642 4203 nitatem
688 4147 932 4201 humana:
987 4145 1157 4200 laudis
1186 4153 1240 4200 ct
1267 4144 1487 4199 honoris
1516 4144 1675 4197 etiam
1715 4142 1765 4196 in
1814 4142 2007 4197 Eccle-

423 4238 517 4292 siae
545 4238 845 4294 ministerio
880 4238 1148 4308 requirat,
1191 4237 1329 4290 sicut
1358 4234 1661 4306 requirebat
1700 4234 1751 4288 in
1787 4235 2003 4291 smculo.

422 4334 522 4386 Aut
544 4333 765 4388 dimittes
796 4334 842 4387 ci
871 4350 1027 4404 opera
1066 4332 1194 4385 tua?
1232 4331 1368 4385 sicut
1392 4330 1478 4383 ille
1497 4371 1511 4395 ,
1542 4346 1637 4398 pro
1663 4344 1768 4399 quo
1798 4344 1856 4383 se
1882 4327 2010 4384 dicit

425 4423 709 4493 Apostolus
738 4424 1002 4495 legatione
1034 4423 1175 4494 fungi
1196 4463 1211 4489 ,
1241 4421 1530 4477 exhortans
1561 4435 1656 4490 pro
1682 4418 1899 4473 Christo
1920 4434 2010 4475 re-

426 4518 698 4572 conciliari
730 4517 860 4572 Deo.
889 4516 965 4589 (ll
991 4516 1108 4571 Cor.
1140 4532 1193 4580 v,
1226 4514 1344 4586 20).
1368 4513 1433 4567 Et
1458 4513 1627 4567 credes
1654 4513 1719 4580 ei,
1750 4513 1866 4582 quia
1888 4513 2009 4567 red-

426 4609 509 4663 det
527 4609 614 4663 tibi
633 4617 905 4664 sementem
923 4610 948 4663 ?
969 4608 1109 4663 Nihil
1142 4623 1206 4663 ex
1233 4622 1298 4661 co
1325 4621 1423 4661 suo
1451 4604 1741 4659 dominatui
1771 4604 2010 4659 vindica-

426 4702 522 4756 hit.
576 4702 879 4758 Semcntem
932 4701 1127 4772 quippe
1176 4699 1305 4754 dicit
1333 4712 1469 4768 Opus
1499 4695 1817 4751 seminandi.
1852 4694 1920 4748 Et
1958 4695 2012 4749 in

426 4811 597 4848 aream
618 4803 753 4867 tttam
783 4794 997 4864 inferet?
1026 4792 1094 4848 Ut
1113 4792 1335 4847 sitinter
1364 4791 1483 4844 illos
1509 4832 1523 4854 ,
1553 4789 1745 4859 quibus
1772 4788 1884 4858 ipse
1903 4789 2011 4842 Do-

428 4886 603 4942 minus
623 4887 861 4957 prtccipit
890 4885 1179 4956 rogandum
1202 4884 1483 4939 Dominum
1522 4883 1734 4949 messis,
1768 4883 2012 4939 utmittal

427 4980 704 5048 operarios
740 4979 791 5032 in
830 4994 1060 5034 messem
1101 4994 1249 5033 suam
1292 4975 1455 5048 (Luc.
1491 4992 1548 5043 x,
1573 4975 1631 5045 2)
1660 4993 1672 5029 :
1697 4990 1801 5029 non
1834 4984 2011 5031 autem

426 5079 485 5124 nt
513 5071 611 5125 sibi
640 5072 767 5126 velit
790 5086 970 5127 arcam
998 5070 1189 5135 facere,
1222 5069 1358 5125 sicut
1395 5069 1642 5139 princeps
1672 5068 1934 5124 hmresum
1959 5077 2015 5123 et

427 5163 794 5229 schismatum,
819 5171 875 5219 et
894 5164 1211 5235 quicumque
1233 5177 1339 5217 non
1372 5162 1465 5215 Dei
1490 5161 1711 5232 gloriam
1741 5170 2007 5231 qumrunt,

426 5255 518 5310 sed
544 5270 712 5310 suam.
734 5255 1117 5310 Difﬁcillimum
1137 5264 1218 5310 est
1234 5254 1376 5309 enim
1406 5261 1463 5307 ut
1490 5253 1615 5308 velit
1636 5253 1735 5308 iste
1764 5267 2015 5308 monoec-

426 5362 516 5402 ros
538 5390 552 5414 ,
577 5347 671 5402 sed
702 5356 877 5402 tamen
904 5355 959 5403 et
996 5346 1098 5401 hoc
1127 5354 1343 5416 praestat
1370 5355 1529 5415 atque
1555 5343 1719 5399 efﬁcit
1755 5344 1806 5398 in
1835 5343 2012 5400 homi-

427 5438 511 5493 nis
534 5439 743 5503 animo,
779 5438 865 5508 qui
895 5437 1301 5493 facitmirabilia
1329 5437 1473 5491 solus
1496 5435 1513 5506 (
1534 5433 1680 5489 Psal.
1707 5450 1829 5489 Lxxt
1848 5477 1862 5501 ,
1895 5435 2011 5507 l8),

427 5527 651 5588 consilia
679 5533 962 5589 destruens
982 5575 997 5599 ,
1041 5541 1096 5587 et
1137 5547 1353 5587 omnem
1381 5531 1717 5585 altitudinem
1752 5532 2015 5587 extollen-

430 5632 535 5678 tem
566 5639 625 5679 se
654 5623 909 5679 adversus
935 5624 1213 5680 scientiam
1256 5622 1383 5689 Dei,
1417 5630 1473 5678 ct
1497 5623 1774 5693 captivans
1799 5638 2014 5679 omnem

429 5715 756 5771 intellectum
801 5716 869 5770 ad
914 5716 1272 5771 obedientiam
1312 5730 1463 5770 suam
1494 5714 1560 5786 (ll
1584 5713 1703 5770 Cor.
1744 5733 1798 5782 χ,
1843 5718 1896 5782 4,
1930 5718 2011 5788 5).

432 5809 611 5865 Penna
636 5810 978 5865 struthionum
1003 5811 1163 5865 mixta
1200 5818 1271 5865 est
1307 5810 1405 5864 alis
1435 5809 1724 5866 herodionis
1758 5820 1803 5865 et
1825 5812 2015 5882 accipi-

472 5925 515 6001 }
537 5926 612 5977 ste
630 5930 739 5978 llas.
753 5925 899 5989 juxta
917 5929 1045 5977 LXX.
1067 5924 1189 5980 Editt
1208 5937 1348 5989 vero,
1372 5929 1553 5980 naues.

1811 419 2017 484 LIBER
2054 420 2254 485 UNUS.

3571 428 3679 491 882

2093 545 2203 598 tris.
2244 543 2431 601 Tardis
2476 545 2723 618 ingenio,
2767 560 2902 619 quos
2957 544 3256 621 signiﬁcant
3310 556 3679 631 struthiones,

2094 636 2215 706 quia
2240 637 2420 693 volare
2440 654 2545 694 non
2575 650 2830 710 possunt,
2854 642 3109 699 donatum
3133 658 3255 702 esse
3280 660 3378 717 per
3404 649 3520 719 ejus
3539 667 3675 721 gra-

2096 730 2221 785 tiam
2242 733 2331 802 qui
2357 733 2516 788 stulta
2549 735 2733 791 mundi
2762 736 2925 808 elegit
2950 736 3010 809 (Ῑ
3035 739 3227 807 Com,
3254 739 3369 814 27),
3409 752 3468 798 ut
3490 759 3676 816 aequa-

2094 817 2279 879 rentur
2330 826 2725 897 ingeniosorum
2765 830 3019 886 celeritati
3059 834 3259 902 pariter
3303 835 3675 905 credentium,

2093 917 2182 986 qui
2211 931 2307 987 per
2334 917 2465 973 alias
2493 934 2619 975 aves
2646 920 2779 991 quas
2802 925 3241 979 commemoravit
3281 925 3672 996 signiﬁcantur,

2094 1022 2190 1080 per
2243 1008 2387 1065 hunc
2432 1025 2646 1066 versum
2699 1012 3095 1084 intelligendum
3125 1023 3227 1070 est.
3271 1015 3339 1071 Et
3381 1018 3583 1088 reliquit
3620 1019 3678 1074 in

2096 1108 2230 1155 terra
2256 1116 2352 1156 oua
2379 1118 2493 1157 sua.
2520 1102 2637 1159 Jam
2667 1103 2855 1176 incipit
2880 1104 2947 1160 de
2968 1107 3269 1164 struthione
3294 1108 3490 1175 dicere,
3516 1110 3568 1165 id
3597 1116 3682 1165 est

2094 1190 2163 1248 de
2191 1191 2275 1248 bis
2292 1209 2427 1265 quos
2462 1209 2557 1265 per
2585 1194 2687 1250 hoc
2706 1197 2901 1251 animal
2944 1198 3223 1269 signiﬁcat.
3252 1199 3368 1255 Non
3397 1202 3539 1255 enim
3576 1202 3679 1258 mi.

2094 1294 2372 1342 scerentur
2403 1302 2593 1357 penna:
2621 1304 2809 1343 eorum
2849 1289 3012 1345 tardas
3046 1291 3146 1345 alis
3187 1292 3449 1348 velocium
3498 1295 3677 1349 avium

2042 1446 2045 1451 ί
2096 1376 2161 1432 ad
2190 1378 2387 1448 pariter
2413 1379 2731 1447 volandum,
2766 1380 2870 1436 nisi
2893 1395 3041 1452 Spem
3082 1383 3313 1453 priorem
3342 1384 3392 1438 in
3419 1393 3557 1440 terra
3583 1401 3675 1443 re—

2097 1470 2424 1541 linquerent,
2449 1487 2607 1543 quam
2631 1489 2725 1543 per
2744 1488 2844 1528 ova
2872 1473 3153 1545 signiﬁcat.
3185 1475 3255 1530 Et
3282 1478 3335 1531 in
3364 1477 3567 1547 pulvere
3585 1496 3679 1533 ca-

2097 1562 2293 1632 leﬁunt.
2321 1563 2453 1631 Quia
2493 1564 2595 1620 etsi
2634 1565 2686 1620 id
2714 1564 2853 1636 quod
2876 1566 3124 1636 sperabat
3148 1567 3199 1622 in
3233 1569 3428 1624 saeculo
3456 1585 3563 1625 non
3595 1579 3681 1629 at-

2098 1655 2354 1720 tenderit,
2403 1657 2718 1728 plerumque
2762 1657 3060 1714 faventibus
3105 1662 3431 1718 amatoribus
3459 1664 3683 1732 saeculi,

2097 1747 2186 1816 qui
2213 1748 2414 1816 pulveri
2437 1758 2833 1819 comparantur,
2866 1751 3123 1821 provenit.
3151 1751 3219 1805 Et
3256 1752 3412 1808 oblita
3454 1764 3528 1809 est
3562 1756 3686 1826 quia

2098 1854 2185 1909 pes
2211 1838 2465 1909 disperdat
2485 1856 2563 1906 ea,
2595 1849 2641 1893 at
2668 1839 2826 1895 bestia
2866 1842 2978 1912 agri
3008 1844 3319 1897 conculcabit
3347 1862 3424 1899 ea.
3454 1846 3607 1914 Quod
3634 1846 3685 1903 si

2098 1938 2155 1986 et
2213 1931 2433 1987 adversa
2491 1932 2802 2004 cujusquam
2863 1935 3123 2005 cupiditas
3165 1946 3219 1992 et
3279 1938 3444 2009 iniqui
3525 1941 3682 2010 hujus

2098 2021 2279 2076 mundi
2335 2023 2673 2092 perturbent,
2733 2034 2788 2080 et
2833 2025 3077 2081 obterant
3122 2042 3271 2097 spem
3324 2030 3440 2097 ejus
3486 2030 3684 2097 talem,

2100 2121 2350 2185 tanquam
2380 2130 2478 2170 ova
2509 2115 2622 2186 ejus
2643 2132 2761 2187 qua:
2785 2118 3035 2189 relinquit
3060 2119 3114 2172 in
3138 2127 3277 2174 terra
3302 2137 3316 2185 ;
3350 2122 3419 2175 ita
3446 2136 3551 2177 non
3582 2137 3684 2177 cu-

2098 2214 2214 2274 rat,
2246 2214 2305 2262 ut
2332 2215 2580 2280 tanquam
2618 2208 2784 2264 oblita
2826 2224 2934 2266 non
2978 2212 3191 2266 sentiat.
3227 2211 3477 2267 Obduruit
3505 2224 3692 2270 contra

2099 2298 2234 2367 ﬁlios
2254 2316 2372 2353 suos
2390 2341 2405 2364 ,
2430 2317 2493 2354 ne
2514 2300 2615 2355 sint
2644 2301 2753 2371 ejus
2780 2317 2799 2355 :
2821 2302 3029 2357 etiamsi
3041 2302 3151 2373 jam
3176 2319 3279 2357 non
3307 2320 3428 2374 spes
3461 2304 3529 2359 sit
3550 2305 3690 2361 sicut

2099 2405 2196 2447 ova
2222 2433 2238 2457 ,
2267 2392 2361 2448 sed
2388 2408 2475 2449 res
2520 2394 2664 2463 ipsa,
2693 2394 2831 2449 sicut
2874 2394 2965 2448 ﬁlii
2986 2394 3096 2465 jam
3127 2395 3271 2461 nati,
3301 2398 3402 2451 hoc
3441 2405 3523 2452 est
3547 2393 3688 2454 "feli-

2101 2487 2233 2541 citas
2263 2487 2591 2557 temporalis,
2624 2485 2833 2542 fortiter
2853 2490 3148 2543 contemnit
3176 2504 3292 2543 eam
3311 2531 3324 2553 ,
3350 2490 3535 2545 nolens
3564 2507 3686 2547 eam

2102 2593 2252 2631 suam
2281 2591 2399 2632 esse
2429 2576 2774 2644 felicitatem;
2821 2579 2944 2649 quia
2988 2579 3134 2634 illam
3165 2595 3344 2635 veram
3392 2579 3684 2638 desiderat.

2103 2669 2322 2725 Frustra
2364 2670 2606 2725 laboravit
2649 2670 2833 2742 absque
2872 2673 2977 2726 ullo
3019 2671 3216 2727 timore.
3253 2673 3364 2728 lloc
3402 2684 3691 2746 antequam

2103 2773 2442 2819 convertatur
2470 2782 2483 2817 :
2513 2764 2720 2819 laborat
2748 2766 2889 2820 enim
2921 2781 3015 2836 spe
3046 2767 3228 2821 sseculi
3256 2767 3371 2822 sine
3397 2768 3569 2824 fructu
3591 2810 3608 2832 .
3635 2779 3692 2827 et

2104 2856 2249 2927 quod
2278 2864 2358 2911 est
2389 2856 2754 2926 insipientius,
2787 2856 2902 2913 sine
2930 2857 3036 2912 ullo
3076 2859 3297 2926 timore,
3338 2860 3464 2915 dum
3490 2876 3691 2932 prmsu-

2104 2949 2202 3003 mit
2243 2948 2296 3003 in
2328 2947 2487 3003 rebus
2516 2948 2752 3005 incertis.
2789 2950 2922 3015 Quia
2946 2948 3174 3021 despexit
3218 2969 3329 3005 eam
3361 2950 3502 3008 Deus
3527 2954 3583 3008 in
3608 2970 3696 3009 sa-

2105 3039 2322 3110 pientia,
2368 3048 2419 3094 et
2471 3056 2573 3095 non
2620 3040 2873 3095 distribuit
2923 3042 2970 3095 ei
3011 3040 3339 3097 intellectum.
3382 3044 3519 3111 Quid
3546 3047 3693 3102 enim

2105 3131 2320 3186 stultius
2345 3174 2362 3200 ,
2390 3148 2548 3203 quam
2590 3131 2756 3188 ﬁdere
2783 3133 2834 3187 in
2868 3133 3100 3189 vanitate
3121 3176 3136 3200 ,
3169 3143 3222 3190 et
3252 3135 3498 3192 laborare
3519 3138 3585 3193 ad
3606 3153 3697 3196 ao-

2105 3223 2363 3295 quirenda
2386 3226 2614 3294 peritura
2650 3225 2765 3280 sine
2793 3225 2903 3279 ullo
2932 3226 3124 3281 timore
3152 3227 3468 3283 amittendi?
3492 3228 3691 3289 Conci-

2105 3315 2256 3385 piunt
2280 3316 2421 3371 enim
2460 3317 2698 3387 plerique
2740 3317 2881 3371 hunc
2903 3317 3150 3373 allectum
3178 3361 3192 3383 ,
3219 3320 3411 3388 quibus
3440 3322 3594 3392 longa
3617 3324 3693 3381 fe-

2109 3406 2283 3463 licitas
2303 3409 2482 3463 saeculi
2512 3410 2789 3479 provenit,
2825 3411 3127 3478 praesertim
3151 3411 3195 3465 si
3220 3411 3287 3465 ab
3309 3413 3419 3468 avis
3446 3422 3499 3468 et
3521 3415 3693 3471 atavis

2108 3506 2362 3569 perpetua
2412 3500 2746 3555 successione
2781 3500 3030 3569 ducatur,
3087 3510 3145 3555 ut
3171 3517 3230 3557 se
3257 3513 3477 3572 repente
3519 3505 3698 3563 infeli-

2109 3607 2199 3648 ces
2230 3593 2342 3647 ﬁeri
2372 3607 2527 3663 posse
2550 3608 2656 3648 non
2688 3592 2927 3648 credant.
2958 3593 3027 3649 Et
3050 3595 3173 3663 quia
3204 3598 3377 3667 magni
3404 3598 3576 3654 solent
3595 3614 3697 3670 ap-

2110 3699 2297 3756 parere
2325 3685 2375 3738 in
2405 3694 2573 3751 terra,
2607 3700 2711 3740 non
2743 3694 2920 3740 tamen
2965 3686 3153 3756 pennis
3198 3687 3453 3744 virtutum
3484 3690 3693 3749 cmlesti

2112 3777 2521 3832 conversatione
2542 3774 2646 3831 frui
2668 3819 2683 3843 ,
2707 3785 2854 3832 recte
2886 3777 3273 3834 stmthionibus
3297 3791 3696 3850 comparantur.

2111 3870 2215 3928 Sed
2236 3870 2447 3925 attende
2464 3869 2602 3940 quod
2621 3870 2892 3940 sequitur:
2915 3868 3041 3926 Cum
3061 3880 3256 3942 tempus
3277 3874 3449 3944 fuerit,
3466 3875 3519 3929 in
3540 3876 3701 3932 altum

2111 3963 2345 4028 evolabit,
2376 3972 2422 4017 et
2442 3962 2665 4016 irridebit
2681 3963 2895 4033 equitem
2919 3972 2965 4016 et
2994 3980 3326 4019 ascensorem.
3348 3966 3700 4039 Posteaquam

2115 4056 2260 4110 venit
2288 4052 2558 4123 plenitudo
2594 4053 2847 4122 temporis
2885 4051 3084 4123 (Galat.
3123 4071 3195 4120 Iv,
3235 4054 3323 4126 4),
3360 4066 3415 4111 ut
3441 4059 3702 4129 praecipe-

2114 4156 2261 4203 retur
2280 4146 2531 4201 divitibus
2553 4146 2708 4216 hujus
2739 4145 2920 4201 smculi
2942 4188 2957 4212 ,
2987 4163 3093 4202 non
3116 4149 3346 4218 superbe
3366 4165 3574 4220 sapere,
3602 4168 3703 4210 nec

2115 4254 2330 4308 sperare
2361 4239 2411 4292 in
2440 4238 2641 4293 incerto
2672 4237 2995 4301 divitiarum,
3015 4239 3107 4293 sed
3140 4239 3191 4292 in
3222 4240 3331 4295 Deo
3353 4242 3473 4296 vivo
3495 4244 3537 4313 (Ι
3560 4244 3699 4301 Tim.

2116 4347 2190 4397 v1,
2226 4328 2313 4403 l7)
2337 4372 2349 4395 ,
2383 4338 2659 4399 cmperunt
2696 4345 2906 4383 sursum
2940 4344 3034 4383 cor
3063 4328 3261 4385 habere
3287 4331 3352 4386 ad
3380 4333 3664 4390 Dominum
3685 4378 3701 4405 ,

2117 4431 2171 4477 et
2190 4421 2435 4477 deridere
2481 4420 2737 4489 superbos
2805 4428 3204 4487 persecutores,
3254 4437 3387 4490 quos
3446 4424 3706 4484 Dominus

2120 4514 2341 4584 projecit
2364 4514 2414 4566 in
2446 4528 2624 4566 mare:
2654 4520 2778 4565 tunc
2819 4511 2960 4565 enim
2992 4527 3164 4581 penna
3192 4514 3513 4572 struthionis
3540 4519 3707 4575 mixta

2118 4605 2391 4660 velocibus
2414 4602 2598 4657 avibus
2619 4645 2631 4666 ,
2656 4603 2853 4658 coelum
2880 4604 3040 4672 petit,
3062 4613 3116 4659 et
3144 4613 3336 4661 caetera
3355 4623 3477 4677 qua:
3497 4609 3565 4664 de
3596 4609 3704 4666 hoc

2119 4698 2333 4754 animali
2374 4714 2533 4766 supra
2574 4696 2712 4751 dicta
2763 4705 2917 4762 sunt,
2951 4696 3101 4751 ﬁunt.
3128 4697 3209 4752 An
3241 4708 3295 4753 tu
3333 4700 3710 4760 circumdedisti

2118 4807 2243 4860 equo
2270 4789 2539 4843 virtutem?
2566 4788 2851 4859 Martyrem
2880 4788 3088 4843 videtur
3121 4789 3446 4857 describere,
3489 4795 3712 4866 intrepi-

2121 4883 2246 4938 dum
2276 4891 2330 4937 et
2372 4883 2599 4939 alacrem
2652 4890 2840 4937 testem
2897 4881 3021 4938 ﬁdei
3072 4884 3337 4952 salutaris,
3384 4902 3489 4942 non
3531 4896 3710 4945 tamen

2120 4974 2314 5029 virtute
2357 4973 2592 5044 propria,
2637 4972 2731 5026 sed
2761 4988 2862 5042 qua
2893 4988 3015 5028 eum
3046 4972 3400 5030 circumdedit
3428 4977 3707 5036 Dominus.

2122 5067 2190 5122 Et
2218 5068 2473 5123 inseruisti
2500 5066 2631 5122 collo
2664 5068 2776 5137 ejus
2805 5067 3093 5122 hinnitum?
3123 5068 3328 5126 lnduitc
3359 5085 3453 5125 vos
3476 5080 3712 5128 armatu-

2122 5180 2235 5219 ram
2263 5164 2388 5229 Dei,
2421 5172 2478 5218 ut
2506 5162 2721 5234 possitis
2742 5162 2993 5217 resistere
3016 5161 3068 5215 in
3099 5161 3186 5216 die
3215 5163 3357 5218 malo
3379 5162 3597 5236 (Ep/tes.
3627 5183 3702 5231 vr.

2126 5255 2182 5310 ll
2200 5257 2238 5326 ).
2270 5253 2335 5309 Et
2361 5255 2759 5326 gloriwpectoris
2788 5255 2896 5324 ejus
2921 5252 3140 5307 audacia
3163 5253 3202 5306 ί.
3237 5252 3361 5308 Haec
3383 5264 3464 5309 est
3487 5256 3709 5313 audacia

2123 5362 2226 5419 qua
2256 5346 2418 5401 Isaias
2444 5344 2601 5400 audet
2625 5355 2680 5400 et
2704 5344 2874 5399 dicit‘
2903 5343 3058 5416 (Isai.
3089 5359 3211 5409 va,
3238 5345 3261 5398 l
3284 5360 3298 5406 ;
3324 5344 3475 5399 Rom.
3502 5362 3558 5415 x,
3587 5346 3711 5421 20).

2124 5438 2304 5495 Gloria
2353 5452 2479 5492 vero
2524 5436 2755 5506 pectoris
2792 5444 2873 5491 est
2900 5434 3227 5490 conscientia
3270 5433 3347 5508 (ll
3392 5435 3507 5491 Cor.
3534 5454 3571 5504 ι,
3607 5439 3710 5511 12)

2125 5547 2258 5603 Opus
2314 5530 2544 5585 hominis
2606 5530 2877 5600 probans,
2946 5538 3004 5582 ut
3056 5530 3108 5581 in
3167 5530 3455 5600 semetipso
3519 5532 3715 5588 habeat

2126 5626 2348 5696 quisque
2376 5622 2599 5693 gloriam
2630 5632 2682 5677 et
2709 5636 2812 5674 non
2846 5620 2899 5674 in
2925 5620 3092 5675 altero
3113 5619 3308 5692 (Galat.
3340 5638 3392 5677 v1
3412 5664 3425 5689 ,
3460 5622 3537 5696 4).
3567 5622 3713 5679 Pro-

2188 5740 2202 5771 ί
2230 5735 2541 5786 Floriacensis
2560 5734 2735 5793 codex,
2759 5732 3031 5785 audaciam.

2186 5800 2362 5871 {apud
2387 5805 2515 5854 Lov.,
2540 5794 2813 5871 ppst,dttit,
2835 5796 3024 5867 additur
3039 5811 3051 5846 :
3068 5803 3289 5870 juventus
3310 5815 3718 5871 sumanonquo-

2122 5856 2430 5939 rentibus-ine
2449 5856 2667 5939 finditur:
2683 5856 2890 5939 (ζμ-ραςξί
2986 5858 3079 5939 qui
3100 5876 3287 5913 menon
3325 5856 3717 5939 ὺιιθννοςηὸἷᾶιῖε

2122 5926 2251 5991 quod
2275 5931 2425 5976 totum
2447 5923 2589 5972 abest
2609 5921 2671 5970 ab
2693 5921 2792 5971 Am.
2818 5926 2890 5970 Er.
2917 5927 2970 5974 et
2985 5928 3091 5974 Mss.
