4110 6456
508 504 651 562 diem
668 507 686 540 ⁸
706 508 759 569 iu
778 524 963 583 campo
974 509 1219 575 iuuarint.
1238 511 1489 571 inluceat
1504 515 1764 575 libertati
1782 517 1989 583 exiens,
2005 518 2087 573 ta-

505 597 705 656 cilitate
727 600 852 661 boni
877 603 1055 679 operis
1076 603 1130 660 in
1150 603 1428 663 latitudine
1447 605 1722 665 cher-italis
1739 609 1993 666 exsultat.
2015 609 2086 666 Et

506 691 731 762 procedit
764 694 823 748 in
839 695 1071 775 pretium
1096 713 1217 753 cum
1242 698 1423 754 virtute
1441 715 1460 753 :
1484 700 1742 761 adversus
1766 703 2086 761 tentationes

503 781 905 839 adversitatum.
928 783 1301 857 Occurreusgue
1309 790 1489 861 jaculo
1507 793 1778 847 contremit
1795 808 1816 847 :
1839 794 1961 863 quia
1979 794 2086 853 cir—

501 876 798 945 cumposita
824 886 949 935 sunt
974 879 1023 934 ei
1053 894 1229 949 arma,
1274 882 1326 936 in
1364 883 1561 955 quibus
1602 894 1687 941 est
1716 886 1850 945 ωυει
1873 895 2082 947 sentiam

500 962 661 1034 ﬁdei,
718 968 772 1022 in
812 983 918 1043 quo
967 970 1129 1043 ignita
1180 973 1380 1031 inimici
1430 975 1606 1046 jacula
1672 979 2081 1050 exstimulatur

500 1051 718 1128 (Ephes.
764 1074 836 1125 vr,
866 1060 981 1134 16).
1016 1060 1122 1118 Nec
1160 1079 1214 1121 se
1236 1067 1411 1120 auertit
1453 1084 1488 1121 a
1529 1072 1667 1141 ferro
1690 1085 1710 1124 :
1734 1070 1825 1129 vel
1846 1085 1876 1127 a
1907 1080 2082 1130 ωσι-ιθ

497 1144 712 1215 visibili,
759 1151 843 1206 vel
870 1153 961 1221 qui
1008 1165 1131 1211 sunt
1157 1164 1211 1211 et
1237 1157 1355 1213 duri
1395 1158 1461 1213 ad
1490 1175 1598 1215 non
1636 1162 2080 1222 consentiendum

495 1240 726 1310 veritati,
764 1253 818 1300 et
855 1248 996 1303 acuti
1037 1249 1103 1303 ad
1148 1254 1574 1324 persequendum
1599 1256 1849 1325 aquibus
1885 1271 1945 1312 se
1970 1272 2081 1314 non

494 1332 707 1401 avertit,
738 1336 858 1405 quia
890 1337 1034 1406 ipsos
1072 1341 1233 1397 etiam
1291 1352 1349 1398 ut
1392 1343 1577 1415 diligat
1620 1345 1862 1416 iubetur.
1912 1347 2083 1419 Super

493 1420 664 1493 ipsum
688 1426 822 1481 enim
851 1432 1037 1500 gaudet
1062 1448 1212 1488 arcus
1239 1443 1283 1487 et
1308 1433 1532 1507 gladius.
1556 1437 1660 1492 Per
1687 1438 2078 1497 confessionem

494 1516 693 1589 quippe
726 1520 841 1592 ejus
870 1525 1128 1581 asseritur
1144 1535 1198 1582 et
1222 1530 1567 1587 comminatio
1590 1529 1723 1598 Dei,
1751 1547 1871 1602 quas
1895 1532 2078 1587 invisi-

491 1603 629 1664 biles
658 1625 844 1679 pmnas
876 1613 1030 1686 longe
1078 1620 1416 1687 praenuntiat,
1466 1629 1521 1676 et
1564 1620 1867 1678 testiﬁcatio
1903 1623 2073 1689 verbi,

491 1710 596 1769 qua
626 1714 813 1759 omnes
840 1711 1090 1775 tanquam
1118 1710 1363 1764 cominus
1390 1725 1608 1768 errores
1631 1712 1884 1769 debellat.
1916 1714 2074 1769 Aliud

490 1796 573 1844 est
610 1791 753 1848 enim
799 1795 1013 1865 minari,
1048 1799 1190 1871 quod
1238 1802 1395 1873 longe
1441 1802 1617 1859 futura
1665 1814 1791 1861 sunt
1814 1807 2074 1877 supplicia

488 1889 830 1947 peccatorum
858 1926 874 1952 ,
932 1888 1074 1955 quod
1124 1897 1209 1946 est
1258 1898 1508 1963 tanquam
1565 1909 1690 1949 arcu
1744 1897 1848 1951 tela
1901 1897 2076 1954 inten-

488 1967 645 2038 dere;
694 1975 836 2031 aliud
880 1985 1131 2055 tanquam
1170 1998 1332 2039 manu
1376 1985 1444 2040 ad
1488 2001 1703 2041 manum
1745 1987 1923 2058 gladio
1949 2004 2071 2049 ver-

487 2059 544 2116 bi
608 2076 904 2134 prazsentes
978 2070 1250 2130 debellare
1307 2077 1644 2147 cupiditates.
1704 2079 1919 2136 Lancea
1974 2082 2070 2139 Ita-

489 2164 678 2227 suoque
698 2168 926 2216 tremore.
954 2162 1090 2231 Quid
1131 2175 1215 2222 est
1254 2168 1401 2240 quod
1439 2170 1641 2226 lanceae
1662 2170 1932 2244 hastaeque
1961 2186 2071 2233 tre-

485 2261 639 2305 more
676 2265 834 2321 super
873 2254 1045 2324 ipsum
1078 2258 1270 2329 gaudet
1309 2276 1466 2317 arcus
1491 2271 1544 2318 et
1567 2263 1812 2334 gladius?
1836 2267 1921 2322 An
1947 2269 2070 2338 quia

491 2337 595 2396 nisi
623 2350 677 2396 et
702 2341 815 2411 ipse
837 2353 1051 2413 tremat,
1072 2350 1171 2404 hoc
1207 2360 1310 2416 est,
1341 2353 1523 2409 timeat
1556 2354 1791 2413 futuram
1818 2337 2067 2426 mortem,

484 2440 646 2496 quam
669 2431 931 2501 jaculatur
957 2435 1133 2492 divina
1153 2439 1379 2509 justitia,
1413 2458 1516 2498 non
1546 2454 1724 2515 potest
1748 2457 2069 2518 praesentem

433 2506 437 2511 ”
485 2528 828 2578 contemnere
848 2566 862 2591 ,
885 2541 1042 2596 quam
1067 2506 1377 2598 persecutor
1394 2533 1647 2604 minatur,
1671 2546 1728 2592 ut
1748 2539 2067 2608 intrepidam

483 2604 679 2667 habeat
705 2613 1119 2687 confessionem,
1148 2630 1204 2675 et
1224 2622 1478 2692 przedicet
1500 2640 1623 2682 cum
1651 2626 1840 2683 ﬁducia
1867 2604 2065 2686 verita-

480 2706 613 2775 tetn,
647 2703 853 2761 cuinon
882 2700 1297 2776 possintinimici
1323 2716 1573 2772 resistere
1598 2735 1612 2771 :
1635 2729 1793 2790 atque
1820 2720 1893 2774 ita
1916 2738 2068 2787 super

482 2802 597 2843 eum
614 2794 854 2864 gaudeat,
880 2796 981 2853 hoc
1001 2808 1109 2869 est,
1132 2816 1228 2872 per
1267 2804 1441 2874 ipsum
1485 2808 1655 2864 libere
1679 2821 1949 2867 asseratur
1973 2813 2068 2868 do-

480 2884 651 2939 ctrina
667 2885 779 2953 Dei,
797 2904 890 2958 per
905 2907 1062 2961 quam
1075 2894 1306 2951 minatur
1330 2898 1506 2969 impiis
1518 2900 1751 2957 futurum
1770 2904 2064 2972 interitum,

480 2984 534 3031 et
564 2975 815 3035 interﬁcit
853 2996 1169 3051 praesentem
1212 2987 1577 3060 iniquitatem?
1613 2992 1724 3048 Nisi
1759 2997 1900 3049 enim
1929 3012 2061 3067 gau-

480 3065 627 3123 dium
670 3071 782 3141 spei
813 3084 1009 3130 nostrai
1032 3090 1155 3132 cum
1188 3088 1418 3137 tremore
1446 3082 1802 3140 damnationis
1822 3065 1982 3152 esset,
2010 3088 2064 3142 in

478 3159 635 3215 nobis
677 3163 948 3235 negligens
981 3179 1122 3223 esset
1151 3169 1265 3241 ipsa
1295 3174 1552 3230 securitas
1577 3186 1633 3231 et
1669 3177 1896 3247 superba
1927 3193 2064 3250 pra:-

480 3253 745 3322 sumptio;
779 3271 949 3326 neque
977 3256 1029 3312 in
1056 3258 1268 3315 Psalmo
1300 3263 1454 3318 nobis
1477 3263 1764 3335 diceretur,
1795 3267 2064 3323 Exsultate

477 3339 526 3395 ei
545 3357 660 3396 cum
679 3350 891 3401 tremore
909 3346 1080 3417 (Psal.
1104 3349 1281 3422 tt,il).
1300 3351 1366 3406 Et
1380 3354 1647 3409 iracundia
1667 3358 1836 3412 evertit
1856 3368 2058 3415 terram.

476 3431 633 3505 Apud
659 3438 1002 3509 semetipsum
1032 3440 1266 3500 irascens
1287 3486 1304 3514 ,
1344 3445 1413 3501 ad
1446 3450 1761 3505 evertendas
1787 3452 1842 3507 in
1864 3467 1925 3510 se
1951 3463 2062 3509 ter-

474 3534 637 3581 renas
678 3531 1134 3600 concupiscentias
1177 3542 1233 3591 et
1277 3535 1498 3593 timores
1541 3543 1781 3598 carnales
1805 3584 1819 3609 ,
1867 3545 2061 3615 quibus

475 3617 703 3688 quisque
730 3633 760 3672 a
791 3620 1070 3677 tolerantia
1100 3626 1360 3694 passionis
1388 3629 1661 3685 avertitur.
1705 3631 1762 3687 In
1804 3632 1901 3689 hac
1938 3650 2062 3691 sen-

474 3709 643 3765 tentia
681 3710 816 3767 forte
854 3712 1053 3770 dictum
1094 3726 1209 3787 est,
1256 3716 1543 3776 Irascimini
1581 3733 1626 3778 et
1666 3726 1818 3780 nolite
1854 3743 2061 3797 peccare

476 3796 649 3871 (Psat.
669 3816 741 3869 Iv,
764 3802 843 3877 5).
861 3803 994 3860 Cum
1013 3806 1281 3865 iracundia
1301 3812 1443 3867 enim
1464 3814 1807 3871 saluberrima
1826 3833 1885 3875 se
1901 3819 2060 3877 debet

474 3891 703 3962 quieque
720 3897 1050 3953 correctione
1070 3898 1361 3971 corripere,
1379 3902 1581 3970 dicens,
1607 3904 1795 3978 thuid
1812 3910 1966 3965 tristis
1983 3928 2054 3979 es,

474 3983 646 4037 mima
672 3985 820 4040 mea?
851 3994 901 4043 et
939 4004 1096 4057 quare
1134 3994 1401 4049 conturbas
1431 3998 1551 4051 me?
1580 3997 1745 4068 Spera
1773 4001 1826 4055 in
1855 4000 2051 4069 Deum,

474 4075 596 4147 quia
621 4077 894 4148 conﬁtebor
918 4080 1016 4136 illi.
1047 4081 1181 4150 Quia
1210 4086 1353 4141 enim
1383 4102 1477 4143 ore
1504 4091 1770 4147 confessio
1798 4092 1857 4148 ﬁt
1880 4094 1947 4150 ad
1973 4110 2059 4152 sa-

454 4160 646 4222 lutem
681 4167 856 4242 (Rom.
885 4186 951 4242 ι,
987 4173 1105 4246 10),
1134 4175 1312 4230 statim
1364 4179 1624 4249 sequitur,
1659 4180 1903 4238 Satutare
1946 4187 2058 4242 out-

476 4263 558 4314 ωε
610 4261 707 4316 mei
763 4259 903 4318 Deus
955 4282 1093 4321 meus
1131 4265 1322 4338 (Psat.
1357 4286 1476 4338 xu,
1501 4272 1567 4338 6,
1594 4271 1674 4344 7).
1714 4273 1825 4330 Nec
1861 4279 2054 4348 credet,

475 4350 635 4406 donec
651 4351 939 4410 clamaverit
959 4355 1096 4411 tuba.
1120 4358 1259 4415 Ante
1280 4368 1487 4431 tempus
1512 4364 1708 4437 quippe
1728 4369 2054 4441 tentationis,

473 4441 685 4499 etiamsi
717 4459 906 4503 eversa
944 4455 1027 4505 est
1064 4457 1275 4507 terrena
1306 4453 1621 4526 trepidatio,
1654 4473 1763 4515 non
1800 4458 2054 4534 apparet,

471 4543 577 4588 nec
603 4532 755 4590 facile
778 4537 1102 4595 credendum
1125 4550 1229 4610 est,
1256 4544 1357 4600 nisi
1379 4552 1588 4617 tempus
1615 4548 1788 4620 ipsum
1810 4532 2059 4613 tentatio-

470 4620 558 4718 riis
585 4620 844 4682 docuerit.
886 4625 1013 4683 Cum
1040 4636 1208 4686 autem
1236 4632 1354 4689 tuba
1379 4636 1647 4708 cecinerit,
1688 4640 1850 4709 dicet,
1889 4643 2053 4718 Euge.

470 4709 609 4768 Cum
647 4720 857 4786 tempus
894 4720 1200 4778 tentationis
1236 4725 1477 4796 venerit,
1517 4736 1643 4786 tunc
1672 4747 1800 4787 vero
1830 4709 2055 4803 placebit

471 4802 537 4860 et
559 4804 737 4862 anima
770 4807 920 4879 ejus,
957 4811 1005 4867 si
1040 4808 1299 4883 gloriatur
1334 4814 1387 4872 in
1430 4802 1888 4891 tribulationibus;
1932 4828 2055 4897 quia

470 4894 745 4954 trbulatio
768 4899 1074 4971 patientiam
1100 4914 1368 4976 operatur,
1403 4910 1655 4979 patientia
1684 4928 1812 4970 vero
1858 4894 2054 4987 proba-

470 4986 672 5046 tionem
692 5031 710 5059 ,
748 4991 994 5062 probatio
1024 5010 1150 5051 vero
1180 5011 1331 5068 spem
1360 4998 1536 5073 (Rom.
1564 5018 1619 5070 v,
1646 5002 1701 5068 3,
1731 5003 1788 5077 4)
1818 5023 1832 5060 :
1862 4986 1925 5061 ut
1941 5008 2054 5078 jam

412 5110 413 5117 ι
468 5094 580 5138 non
605 5080 747 5140 dicat
771 5083 965 5140 animai
990 5100 1100 5143 sua:
1124 5086 1360 5146 irascens
1378 5130 1395 5159 ,
1422 5088 1613 5162 thuid
1639 5095 1907 5153 conturbas
1934 5101 2054 5154 me?

468 5171 567 5229 sed
582 5173 817 5245 glorians
835 5174 996 5247 dicat,
1020 5175 1221 5250 Lauda,
1241 5182 1415 5238 anima
1432 5200 1564 5255 mea,
1581 5182 1859 5244 Dominum
1878 5188 2050 5261 (Psat.

466 5270 627 5353 es“,
660 5262 742 5339 Ξ).
769 5264 841 5323 Et
874 5270 1053 5340 procul
1088 5269 1332 5329 adoretur
1365 5290 1588 5348 pugnam
1616 5292 1636 5333 :
1659 5293 1767 5335 non
1804 5282 1955 5353 quasi
1995 5283 2052 5340 in

812 5362 1254 5433 persequentibus
1277 5365 1370 5437 qui
1396 5366 1661 5439 videntur,
1706 5348 2047 5445 sed—procul,

454 5442 574 5503 hoc
595 5456 698 5518 est,
730 5448 888 5523 longe
913 5451 982 5508 ab
1005 5450 1173 5510 oculis
1192 5472 1206 5522 ;
1228 5455 1403 5513 sciens
1428 5458 1550 5530 quia
1576 5474 1680 5517 non
1710 5472 1792 5519 est
1814 5442 1865 5520 ei
1888 5442 2049 5520 colla;-

467 5537 629 5594 οωιῶ
640 5540 883 5596 adversus
904 5558 1107 5598 carnem
1134 5552 1183 5599 et
1199 5547 1495 5618 sanguinem
1508 5590 1525 5620 ,
1547 5551 1637 5606 sed
1653 5554 1891 5609 adversus
1910 5555 2052 5627 prin-

452 5628 601 5701 ’ἄρα
619 5638 667 5686 et
683 5640 967 5703 potestates,
989 5644 1037 5690 et
1053 5646 1268 5695 rectores
1284 5643 1481 5710 mundi,
1506 5645 1818 5701 tenebrarum
1845 5648 2045 5716 harum,

465 5724 705 5816 aduersus
734 5729 1021 5803 spirituatia
1053 5734 1287 5805 nequities
1317 5736 1373 5792 in
1404 5737 1681 5797 catestibus
1713 5739 1925 5816 (Ephes.
1956 5760 2044 5815 vr,

463 5814 1381 5891 L‘Ammmfcdim-

1467 376 2013 438 ANNOTATIONUII.
2042 374 2112 439 ut
2146 375 2285 448 103,
2324 380 2380 437 S.
2421 381 2784 444 AUGUSTINI

3671 399 3774 459 εει

2192 493 2302 569 12),
2334 494 2436 552 hoc
2455 500 2755 570 estproth
2782 501 2925 573 Apte.
2945 513 3125 561 autem
3154 503 3357 565 dictum
3379 514 3484 579 est,
3510 510 3770 582 adoretur,

2190 594 2406 661 propter
2450 590 2742 663 principem
2789 596 3073 667 potestatis
3145 598 3289 656 aeris
3338 598 3523 673 hujus.
3571 602 3776 663 Odores

2188 681 2384 751 quippe
2411 683 2606 755 olfactu
2632 688 2951 757 sentiuntur,
2982 687 3096 746 sive
3119 691 3275 760 boni,
3301 694 3419 751 sive
3442 696 3595 755 mali.
3627 698 3772 759 οόο-
3862 720 3869 725 ·

2188 782 2331 829 ratur
2358 790 2487 848 ergo
2510 794 2751 850 pugnam,
2772 780 2865 855 qui
2882 781 3131 856 intelligit
3153 786 3444 857 principem
3488 792 3770 859 potestatis

2186 868 2328 923 acris
2352 867 2511 940 hujus
2539 873 2748 943 operari
2770 873 2826 929 in
2858 873 2982 933 ﬁliis
3022 875 3333 934 difﬁdentiae
3365 877 3581 952 (Ephes.
3601 898 3666 951 tt,
3688 883 3770 955 2),

2186 974 2409 1032 quorum
2439 968 2868 1036 persequentium
2884 968 2997 1025 iras
3019 970 3342 1031 autinsidiss
3373 975 3583 1043 patitur,
3599 983 3660 1031 ut
3673 975 3772 1035 ad-

2185 1064 2374 1112 versus
2401 1054 2692 1124 spiritualia
2721 1058 2969 1133 nequitia:
3005 1061 3372 1135 spiritualibus
3402 1066 3575 1124 armis
3604 1065 3737 1123 dimi

2183 1150 2292 1209 cet,
2320 1157 2432 1198 non
2449 1146 2811 1215 corporalibus
2838 1148 3095 1207 adversus
3119 1166 3336 1211 carnem
3356 1161 3411 1211 et
3428 1156 3768 1226 sanguinem,

2185 1232 2240 1295 id
2268 1242 2351 1290 est
2379 1236 2545 1292 malos
2568 1246 2623 1292 et
2642 1239 2877 1309 perditos
2901 1241 3145 1299 homines
3161 1285 3176 1311 ,
3207 1259 3341 1316 quos
3365 1247 3573 1303 carneis
3597 1247 3770 1305 oculis

2186 1326 2349 1382 videt.
2396 1327 2661 1385 Tonitrum
2701 1334 2885 1388 ducum
2924 1343 2972 1389 et
3002 1336 3272 1393 clamorem
3303 1352 3324 1394 .‘
3345 1336 3770 1399 subaudiendum

2183 1426 2295 1487 est,
2327 1419 2598 1476 odoratur.
2627 1422 2905 1480 Tonitrum
2933 1434 3111 1483 autem
3137 1438 3355 1500 propter
3379 1429 3551 1501 ipsum
3581 1446 3767 1491 aerem

2183 1519 2311 1580 puto
2336 1511 2535 1568 dictum
2564 1528 2718 1582 esse,
2758 1515 2815 1571 in
2838 1532 2942 1587 quo
2974 1518 3154 1575 clausa
3193 1508 3487 1590 spiritualia
3512 1523 3768 1593 nequitia

2181 1612 2480 1659 versantur.
2513 1602 2631 1662 Non
2664 1607 2808 1665 enim
2845 1619 3083 1667 rectores
3115 1613 3300 1671 mundi
3325 1623 3608 1686 propterea
3633 1617 3766 1674 dicti

2179 1702 2304 1751 sunt
2331 1694 2382 1748 hi
2414 1696 2630 1767 spiritus
2649 1739 2664 1766 ,
2698 1701 2824 1771 quia
2853 1701 3051 1759 caelum
3082 1712 3141 1760 et
3172 1713 3365 1763 terram
3402 1716 3629 1779 regunt,
3665 1709 3768 1766 sed

2177 1784 2316 1841 sicut
2343 1787 2458 1858 ipse
2483 1791 2705 1860 exponit
2731 1792 3038 1864 Apostolus.
3064 1796 3281 1857 Etenim
3297 1814 3367 1857 ne
3393 1800 3469 1857 ita
3496 1801 3764 1873 intellige-

2177 1887 2346 1947 retur,
2391 1881 2620 1952 subjecit
2657 1884 2838 1941 statim
2874 1886 3001 1957 quid
3033 1888 3227 1946 dixerit
3265 1901 3509 1951 rectores
3535 1893 3758 1960 mundi;

2178 1970 2491 2027 tenebrarum
2519 1974 2736 2043 “tum,
2767 1975 2960 2048 inquit,
2984 1977 3088 2035 hoc
3113 1989 3198 2036 est
3223 1981 3505 2052 implerunt
3526 2002 3543 2039 :
3562 1983 3763 2054 quibus

2175 2062 2243 2119 ad
2273 2064 2554 2121 Dominum
2582 2069 2859 2126 conversis
2885 2070 3053 2138 dixit,
3083 2072 3277 2129 Fuistis
3312 2075 3446 2129 enim
3484 2076 3764 2146 αιὶιμωιόο

2176 2155 2426 2221 tenebris;
2453 2174 2585 2213 nunc
2608 2167 2778 2214 autem
2802 2161 2894 2217 tua:
2913 2163 2967 2217 in
2999 2161 3216 2219 Densino
3248 2163 3358 2237 (Id.
3385 2182 3442 2234 v,
3466 2168 3544 2237 8).
3576 2168 3634 2223 In
3663 2182 3768 2226 vo-

2175 2246 2377 2304 luntate
2397 2250 2540 2305 enim
2562 2251 2818 2324 cujusque
2837 2262 2941 2323 est,
2967 2261 3146 2311 utrum
3167 2256 3405 2313 tenebrae
3427 2259 3517 2326 sit,
3538 2275 3609 2315 an
3628 2261 3722 2317 lux
3742 2279 3762 2317 :

2173 2340 2269 2397 sed
2298 2356 2417 2396 cum
2449 2344 2717 2414 tenebrae,
2757 2346 2811 2402 in
2844 2347 3057 2417 seipse,
3096 2348 3202 2406 hoc
3229 2359 3345 2419 est,
3380 2353 3766 2424 pomisque

2173 2432 2341 2503 ipsius
2361 2443 2485 2489 sunt
2504 2436 2753 2506 propria;
2783 2452 2904 2493 cum
2928 2447 3105 2495 autem
3122 2440 3239 2508 lux,
3261 2457 3371 2498 non
3391 2444 3443 2499 in
3465 2444 3759 2514 seipsosed

2173 2523 2226 2578 in
2249 2524 2492 2595 Domino,
2517 2543 2547 2581 a
2573 2543 2678 2599 quo
2703 2529 3052 2599 illuminatur,
3077 2541 3137 2587 ut
3155 2534 3600 2604 quemadmodum
3619 2535 3758 2594 dixit

2171 2613 2364 2683 lsaias,
2404 2617 2639 2673 tenebrae
2675 2619 2791 2689 ejus
2824 2621 2933 2677 sint
2963 2622 3109 2678 velut
3139 2624 3393 2682 meridies
3422 2624 3579 2696 (Isai.
3605 2642 3755 2693 suis,

2172 2703 2285 2775 10).
2320 2705 2520 2762 Dicitur
2543 2716 2596 2764 et
2625 2709 2677 2764 in
2707 2709 2971 2780 Psalmis,
3002 2710 3328 2770 Ittuminabis
3363 2718 3586 2772 tenebras
3618 2734 3761 2773 meas

2173 2793 2345 2865 (Psat.
2378 2813 2485 2852 xvu
2506 2840 2521 2865 ,
2562 2798 2678 2870 29).
2706 2800 2851 2868 Quos
2890 2816 3017 2874 ergo
3044 2803 3174 2860 dicit
3198 2805 3489 2877 Apostolus
3515 2816 3758 2866 rectam

2172 2888 2545 2957 tenebrarum,
2587 2892 2688 2961 ipsi
2726 2901 2781 2948 et
2816 2894 2868 2949 in
2909 2894 3011 2951 hoc
3048 2911 3204 2953 versu
3241 2897 3371 2955 dicti
3405 2907 3532 2957 sunt
3567 2900 3754 2959 duces.

2171 2979 2444 3037 Ducuntur
2482 2982 2627 3039 enim
2667 2993 2722 3040 et
2757 2986 2825 3040 ab
2863 2985 2951 3042 his
2985 2987 3255 3059 tenebras,
3298 2991 3403 3049 hoc
3447 3002 3533 3049 est
3564 2993 3752 3065 impii,

2170 3080 2227 3125 ut
2253 3082 2639 3144 persequantur
2662 3076 2810 3145 pios,
2840 3077 2891 3133 id
2912 3087 3031 3147 est,
3071 3095 3165 3136 eos
3201 3081 3292 3155 qui
3327 3084 3755 3153 persecutionem

2170 3163 2440 3231 patiuntur
2480 3175 2699 3236 propter
2721 3168 2980 3239 justitiam
3004 3209 3021 3238 ,
3064 3186 3173 3227 non
3212 3187 3310 3229 eos
3351 3174 3439 3245 qui
3482 3174 3753 3245 patiuntur

2169 3262 2385 3323 prepter
2431 3255 2727 3326 impietates
2771 3268 2825 3314 et
2861 3260 3167 3332 iniquitates
3205 3280 3351 3321 suas.
3400 3266 3605 3322 Ducum
3648 3282 3749 3324 au-

2168 3347 2273 3395 tem
2309 3342 2491 3399 talium
2525 3347 2812 3404 clamorem
2852 3349 2981 3406 dicit
3017 3352 3230 3409 odorari
3269 3363 3558 3426 martyrem
3590 3373 3604 3410 :
3639 3372 3748 3414 non

2167 3433 2290 3502 quia
2312 3437 2517 3492 sonitus
2537 3438 2729 3509 aliquis
2749 3440 2874 3497 inde
2893 3441 3106 3499 auditur
3127 3444 3344 3501 auribus
3364 3447 3633 3518 corporis,
3654 3446 3751 3505 sed

2165 3524 2286 3594 quia
2314 3526 2490 3582 cordis
2516 3529 2730 3584 auribus
2756 3546 2853 3601 per
2881 3532 3042 3591 tidem
3070 3535 3319 3601 clament,
3345 3546 3543 3607 quanta
3564 3532 3751 3595 diabo-

2164 3608 2249 3671 lus
2277 3626 2331 3672 ct
2357 3619 2528 3691 angeli
2555 3621 2673 3689 ejus
2708 3621 2962 3683 adversus
2993 3625 3090 3681 Dei
3116 3639 3300 3683 servos
3335 3627 3745 3684 machinentur:

2166 3706 2305 3763 unde
2328 3709 2403 3763 ait
2429 3710 2735 3780 Apostolus,
2759 3711 2881 3768 Non
2905 3713 3037 3773 enim
3059 3716 3350 3788 ignoramus
3373 3720 3614 3774 astutiam
3640 3720 3751 3791 ejus

2165 3792 2232 3869 (ll
2252 3797 2370 3853 Cor.
2392 3814 2453 3868 ιι,
2475 3801 2589 3871 11).
2612 3801 2883 3859 Adversus
2901 3820 3060 3876 quem
3080 3807 3367 3864 clamorem
3387 3808 3605 3878 dueum,
3625 3824 3748 3867 sur-

2163 3888 2247 3946 dae
2268 3893 2446 3963 utique
2464 3902 2588 3948 sunt
2608 3909 2765 3951 aures
2790 3896 3100 3954 inﬁdelium.
3130 3898 3392 3971 Numquid
3417 3901 3473 3955 in
3499 3901 3748 3972 sapientia

2164 3989 2250 4036 tua
2273 3983 2537 4053 plumescit
2565 3986 2838 4057 accipiter?
2859 3987 2995 4044 sicut
3015 3990 3068 4045 in
3096 3990 3356 4061 sapientia
3382 3991 3499 4062 Dei,
3524 4007 3643 4063 qua:
3662 3999 3746 4050 est

2161 4066 2436 4143 Christus,
2470 4092 2638 4133 novus
2667 4077 2828 4135 homo
2853 4080 3104 4150 paulatim
3132 4083 3435 4151 innovatur,
3461 4097 3747 4140 conversa-

2162 4167 2363 4224 tionem
2394 4167 2673 4226 habiturus
2697 4170 2754 4227 in
2780 4171 3105 4228 coelestibus.
3141 4168 3399 4246 Expansis
3432 4175 3610 4246 pennis
3641 4175 3745 4229 im-

2160 4260 2359 4315 mobilis
2373 4302 2388 4328 ,
2410 4262 2681 4333 respiciens
2706 4264 2775 4318 ad
2799 4267 3061 4321 austrum?
3079 4266 3355 4336 explicatis
3378 4266 3447 4322 ab
3467 4267 3614 4323 omni
3640 4267 3746 4324 im-

2160 4353 2467 4427 pedimento
2509 4357 2749 4412 saeculari
2796 4359 3077 4415 virtutibus
3125 4360 3352 4430 geminae
3405 4360 3743 4430 dilectionis,

2161 4460 2480 4519 permanens
2516 4448 2867 4507 inconcussus
2907 4451 2960 4506 in
3004 4452 3140 4517 ﬁde;
3182 4468 3289 4507 non
3326 4460 3504 4510 tamen
3547 4454 3603 4509 in
3643 4454 3746 4511 hoc

2161 4535 2278 4610 ipso
2301 4535 2369 4593 de
2397 4538 2573 4610 seipse
2601 4556 2959 4611 praesumens,
2998 4541 3092 4598 sed
3118 4556 3339 4612 sperans
3368 4542 3419 4597 in
3452 4542 3619 4601 Deum
3642 4585 3658 4610 ,
3689 4553 3747 4602 et

2160 4628 2214 4686 in
2248 4630 2398 4706 illum
2428 4647 2685 4688 revocans
2711 4633 3088 4700 intentionem,
3124 4648 3155 4689 a
3184 4649 3292 4705 quo
3325 4632 3439 4706 ipse
3466 4634 3745 4691 charitatis

2160 4704 2321 4776 ardor
2346 4720 2652 4793 inspiratur,
2683 4730 2741 4777 ut
2769 4720 3132 4780 fortitudinem
3161 4704 3312 4780 suam
3348 4704 3421 4779 ad
3453 4724 3624 4795 ipsum
3649 4740 3748 4779 cu-

2159 4812 2353 4869 stodiat
2392 4810 2560 4886 (Psat.
2593 4830 2750 4881 tvm,
2783 4812 2896 4887 10),
2934 4815 3139 4886 dicens,
3170 4815 3356 4872 Nonne
3377 4812 3490 4873 Deo
3516 4815 3747 4889 subjecta

2157 4905 2254 4960 erit
2287 4905 2458 4961 anima
2481 4908 2628 4963 mea?
2665 4908 2729 4963 ab
2765 4908 2878 4979 ipso
2908 4908 3044 4964 enim
3075 4911 3297 4966 salutare
3318 4920 3484 4966 incum
3513 4951 3529 4975 ,
3559 4911 3745 4965 etenim

2160 4994 2266 5067 ipse
2292 5004 2365 5052 est
2395 4994 2535 5053 Deus
2558 5015 2698 5053 meus
2727 5009 2773 5054 et
2806 4999 3044 5055 salutaris
3068 5018 3210 5057 meus
3228 5044 3242 5069 ,
3277 5011 3537 5072 susceptor
3565 5018 3746 5070 meus;

2157 5106 2259 5144 non
2283 5090 2510 5145 movebar
2531 5090 2751 5163 amplius
2785 5090 2807 5165 (
2824 5092 2969 5147 Psal.
3012 5111 3129 5162 th,
3181 5093 3243 5161 2,
3271 5093 3347 5167 3).
3381 5095 3455 5148 Ac
3487 5105 3573 5150 tuo
3604 5108 3741 5165 pra:-

2157 5193 2301 5256 cepto
2329 5184 2582 5240 exaltatur
2618 5186 2827 5256 aquila?
2858 5186 2995 5242 sicut
3020 5186 3135 5258 ejus
3171 5197 3467 5259 praecepto,
3503 5189 3593 5259 qui
3625 5189 3741 5254 ait,

2156 5270 2284 5331 Cum
2311 5276 2562 5332 excitatus
2591 5278 2764 5349 fuero,
2800 5279 2970 5333 omnia
2996 5279 3197 5332 traham
3219 5278 3286 5333 ad
3311 5296 3389 5333 me
3414 5276 3594 5349 (Joan.
3624 5294 3700 5334 xu
3719 5321 3738 5347 ,

2155 5365 2268 5441 32).
2305 5365 2410 5423 Pro
2445 5365 2601 5423 nobis
2626 5366 2768 5424 enim
2796 5369 3119 5437 moriturus,
3150 5377 3201 5424 et
3248 5384 3444 5441 corpus
3497 5384 3738 5425 resurre-

2155 5456 2332 5517 ctione
2357 5459 2624 5516 levaturus
2648 5460 2703 5515 in
2730 5460 2955 5517 cmlum:
2980 5458 3075 5516 Ubi
3103 5462 3274 5531 fuerit,
3296 5460 3480 5532 inquit,
3504 5461 3735 5529 cadaver,

2153 5550 2278 5606 illuc
2298 5552 2732 5622 congregabuntur
2755 5559 2803 5606 et
2825 5550 3009 5624 aquin
3030 5551 3243 5621 (Matth.
3267 5569 3410 5619 XXIV,
3432 5553 3543 5623 28).
3566 5552 3738 5608 Satia-

2155 5644 2232 5699 vit
2266 5644 2408 5700 enim
2439 5643 2493 5699 in
2525 5642 2683 5699 bonis
2706 5641 3014 5701 cmlestibus
3037 5643 3361 5701 desiderium
3395 5645 3511 5717 ejus
3530 5687 3543 5707 ,
3584 5644 3736 5715 cujus

2153 5738 2291 5794 sicut
2307 5735 2497 5807 aquilae
2511 5732 2761 5806 juventus
2779 5735 3119 5793 renovabitur
3139 5735 3310 5808 (Psai.
3334 5752 3426 5805 cu,
3450 5734 3530 5809 5).
3554 5736 3735 5793 Potest

2153 5836 2210 5888 et
2237 5812 2488 5888 esaltatio
2511 5826 2705 5903 aquilae
2730 5826 2800 5888 ad
2827 5828 2882 5887 id
2909 5830 3173 5905 pertinere
3190 5872 3207 5905 ,
3235 5827 3378 5906 quod
3401 5829 3478 5892 ait
3499 5828 3733 5913 Aposto~
