4110 6448
412 368 519 428 885

411 487 525 551 ius,
562 481 683 539 Sive
716 484 849 539 enim
882 491 1042 539 mente
1069 482 1367 539 excessimus
1404 481 1548 550 Deo;
1588 488 1648 537 ut
1684 495 1872 538 versus
1907 483 1996 553 qui

382 574 571 629 etiam
607 574 679 629 ibi
713 575 953 647 sequitur
976 574 1044 630 de
1074 574 1319 640 vulture,
1366 574 1433 628 ad
1470 573 1523 628 id
1560 571 1822 644 pertineat
1855 571 2005 642 quod

408 668 571 723 etiam
600 667 671 731 ibi
696 668 956 739 sequitur,
988 667 1106 723 Sive
1130 676 1460 737 temperantes
1488 678 1661 721 sumus
1678 708 1692 734 ,
1716 665 1873 720 vobis.
1900 666 1999 721 Se-

408 760 589 831 quitur
613 761 776 825 enim,
804 760 905 814 Aut
924 761 1092 814 vultur
1110 776 1260 831 super
1286 758 1467 814 nidum
1495 775 1651 813 suum
1669 760 1724 814 in
1752 768 1894 831 petra
1912 775 1994 813 se-

408 851 531 907 dens
570 850 863 917 morabitur,
901 852 1023 921 quia
1062 866 1131 906 ex
1166 849 1357 906 aﬂ‘ectu
1393 850 1593 906 dictum
1634 849 1843 905 videtur
1886 864 1995 906 non

407 944 651 999 sublimia
679 944 1073 1019 contemplandi
1099 945 1293 1000 mentis
1316 959 1541 1001 excessu
1560 986 1576 1013 ,
1605 944 1700 1001 sed
1730 944 1993 1000 interiori-

407 1036 506 1092 bus
539 1036 851 1092 consulendi
878 1050 983 1108 per
1000 1034 1403 1108 temperantiam
1427 1048 1531 1109 qua
1557 1038 1804 1093 humanis
1830 1038 1994 1094 rebus

404 1130 746 1200 congruitur;
777 1137 845 1186 ut
867 1130 1023 1201 impii
1044 1131 1132 1200 qui
1158 1144 1256 1201 pro
1278 1129 1819 1195 mortuishsbentur,
1832 1131 1992 1201 justi-

404 1221 549 1277 ﬁcati
580 1232 679 1293 per
703 1223 954 1290 verbum,
996 1224 1099 1279 hoe
1133 1230 1243 1292 est,
1274 1225 1425 1294 quasi
1461 1230 1567 1279 ore”
1588 1224 1833 1279 devorati‘
1863 1238 1993 1280 con-

402 1322 677 1369 vertantur
705 1315 765 1369 in
785 1326 981 1390 corpus
1004 1316 1274 1372 Ecclesiae.
1298 1316 1490 1372 γυιων
1510 1316 1663 1372 enim
1680 1316 1747 1371 de
1767 1318 1994 1373 mortuis

402 1405 664 1475 pascitur;
693 1414 747 1460 et
766 1405 887 1462 ideo
910 1420 1063 1477 super
1084 1407 1261 1461 nidum
1275 1422 1445 1475 suum,
1471 1408 1562 1463 ubi
1582 1408 1995 1479 tanquam'fetus

402 1497 551 1565 ponit
575 1511 740 1567 opera
762 1498 888 1554 huic
911 1499 1033 1554 vitae
1056 1501 1375 1555 necessaria.
1400 1500 1526 1556 ldeo
1545 1510 1723 1556 autem
1744 1500 1797 1555 in
1828 1510 1985 1571 petra,

400 1588 523 1656 quia
551 1603 675 1643 cum
702 1589 925 1645 dixisset
952 1590 1259 1661 Apostolus,
1290 1592 1409 1647 Sive
1437 1600 1767 1661 temperantes
1795 1608 1986 1659 sumus,

399 1680 573 1746 vobis;
601 1684 855 1739 continuo
882 1684 1154 1756 subjmit
1171 1726 1186 1750 ,
1215 1686 1451 1741 Charitas
1478 1687 1611 1742 enim
1638 1686 1824 1741 Christi
1850 1703 1989 1742 com-

398 1773 539 1841 pctlit
560 1790 649 1828 nos
678 1774 751 1843 (ll
774 1774 907 1831 εον..
927 1793 978 1843 v,
1005 1779 1091 1845 15,
1127 1778 1217 1849 M)
1244 1796 1257 1832 :
1281 1787 1611 1850 petravautem
1630 1788 1739 1835 erat
1760 1779 1989 1835 Christus

397 1864 444 1937 (1
468 1866 584 1921 Cor.
616 1882 648 1922 κ
670 1909 685 1935 ,
709 1869 786 1941 4).
820 1871 886 1924 Ει
912 1871 1047 1926 bene
1072 1872 1254 1931 sedens
1280 1874 1578 1940 morabitur,
1610 1873 1902 1929 secundum
1933 1874 1987 1929 id

397 1959 895 2029 quod-dictumtest,
926 1960 1215 2033 Compellor
1241 1974 1409 2021 autem
1434 1980 1496 2019 ex
1523 1966 1717 2020 duobus
1750 2008 1764 2033 ,
1797 1982 1986 2021 concu-

395 2052 687 2120 piscentiam
702 2055 1115 2111 habens'dissolvi
1125 2066 1170 2111 et
1186 2070 1293 2112 esse
1305 2075 1418 2111 cum
1437 2057 1669 2122 Christo;
1683 2058 1839 2113 multo
1853 2060 1987 2113 enim

393 2146 555 2215 magis
588 2148 834 2216 optimum
866 2188 881 2213 ,
913 2156 971 2203 ut
1005 2148 1104 2204 hoc
1129 2149 1197 2204 ad
1234 2150 1609 2205 exaltationem
1650 2151 1839 2220 aquila:
1866 2164 1987 2220 per-

396 2234 589 2301 tineat;
621 2236 687 2291 ad
714 2238 977 2294 vulturem
999 2255 1129 2295 vero
1151 2240 1423 2297 sedentem
1446 2242 1498 2295 in
1523 2241 1674 2308 nido,
1698 2251 1753 2298 et
1771 2250 1986 2298 moran-

392 2335 522 2393 tem,
541 2327 749 2385 Manere
773 2332 990 2385 income
1019 2334 1354 2387 necessarium
1389 2343 1595 2404 prapter
1621 2350 1710 2388 vos
1722 2332 1981 2407 (Philipp.

391 2428 445 2482 ιθ,
472 2418 565 2484 25,
590 2419 701 2489 24).
731 2422 801 2475 Ει
822 2421 956 2491 quia:
971 2432 1121 2491 petra
1149 2423 1309 2478 etiam
1335 2431 1445 2478 tota
1475 2424 1714 2480 Ecclesia
1742 2426 1879 2481 bene
1903 2426 1987 2479 in-

392 2508 663 2579 telligitur,
697 2521 913 2582 propter
940 2514 1098 2569 etiam
1127 2514 1427 2582 Simonem,
1465 2515 1554 2586 qui
1586 2515 1658 2569 ob
1686 2515 1788 2571 hoc
1814 2531 1845 2570 a
1874 2517 1983 2571 Do-

390 2606 537 2660 mino
565 2614 746 2676 petrus
773 2608 1182 2678 appellauisset
1211 2609 1485 2680 (Harant
1506 2651 1521 2677 ,
1553 2610 1672 2681 16),
1704 2612 1982 2666 summitas

390 2705 557 2766 petrte
584 2707 667 2753 est
693 2707 853 2769 caput
886 2700 1162 2756 Ecclesiae.
1198 2701 1279 2756 Ad
1306 2702 1409 2757 hoc
1438 2702 1649 2757 additur
1678 2717 1865 2758 versus
1889 2705 1981 2773 qui

389 2790 629 2859 sequitur
653 2808 667 2845 :
692 2790 761 2845 In
785 2796 1070 2847 summitate
1095 2803 1250 2865 petra:
1272 2804 1320 2849 et
1348 2796 1402 2849 in
1429 2811 1659 2850 caverna.
1693 2796 1982 2853 Summitas

388 2880 531 2933 enim
563 2878 789 2936 refertur
812 2884 891 2938 ad-
908 2884 965 2939 id
988 2885 1128 2955 quod
1156 2895 1239 2941 est
1262 2896 1422 2955 caput
1440 2927 1454 2953 ,
1493 2902 1721 2943 caverna
1754 2904 1885 2945 vero
1912 2890 1980 2944 ad

388 2970 442 3025 id
468 2971 610 3042 quod
634 2973 741 3028 vita
768 2982 950 3029 nostra
977 2976 1287 3032 abscondita
1310 2986 1393 3033 est
1409 2992 1539 3033 cum
1557 2978 1771 3035 Christo
1794 2982 1847 3034 in
1869 2981 1981 3036 Deo

388 3060 605 3135 (Coloss.
640 3080 726 3129 ιιι,
762 3064 837 3138 5).
882 3064 947 3120 Et
980 3084 1096 3121 cum
1128 3069 1198 3123 ibi
1236 3070 1422 3138 fuerit,
1469 3073 1653 3140 quaerit
1686 3082 1823 3127 escas
1858 3088 1878 3127 :
1913 3073 1981 3128 de

387 3155 577 3225 quibus
591 3156 789 3212 dictum
804 3169 893 3213 est
906 3160 1083 3225 Petro,
1105 3160 1295 3227 Macta,
1316 3170 1363 3216 et
1382 3163 1634 3217 manduca
1649 3164 1783 3234 (Act.
1802 3176 1881 3231 xu,
1897 3165 1972 3235 7),

387 3254 444 3300 ut
462 3246 829 3318 incorporaret
846 3251 1096 3305 Ecclesiae
1113 3253 1411 3308 credituros
1430 3268 1497 3309 ex
1511 3254 1788 3309 Gentibus.
1806 3254 1981 3325 Longe

386 3340 523 3394 oculi
554 3341 663 3411 ejus
691 3343 1002 3412 respiciunt;
1045 3352 1091 3397 et
1129 3344 1259 3415 pulli
1292 3346 1400 3415 ejus
1440 3346 1728 3400 volutantur
1766 3348 1820 3401 in
1853 3356 1976 3402 san-

386 3433 557 3503 guine.
600 3434 708 3504 Spe
746 3434 938 3491 futurae
980 3438 1394 3493 immortalitatis
1434 3439 1484 3493 in
1524 3439 1687 3494 vitam
1722 3450 1989 3497 attentam

388 3523 915 3581 intentionemtsuam
941 3527 1097 3598 longe
1112 3528 1345 3599 porrigit
1368 3546 1380 3581 :
1409 3531 1835 3599 quamvisopem
1863 3534 1983 3601 ejus

385 3614 439 3671 in
465 3618 642 3673 carnis
663 3618 969 3675 inﬁmitate
989 3622 1316 3686 volutentur,
1341 3620 1393 3675 id
1422 3632 1523 3687 est,
1549 3622 1725 3677 dubiis
1746 3624 1983 3679 motibus

383 3709 634 3779 jactetur,
673 3710 817 3766 dum
841 3713 1103 3768 incertum
1134 3714 1294 3770 habet
1323 3712 1553 3768 humana
1584 3716 1889 3785 ignorantia
1910 3730 1975 3771 ex

383 3802 450 3857 iis
470 3820 590 3873 quae
617 3804 1038 3860 misericorditer
1060 3805 1208 3875 ibcit,
1240 3807 1366 3877 quid
1396 3808 1670 3877 cuiprosit
1694 3809 1760 3863 ad
1784 3808 1972 3875 Deum,

384 3906 505 3951 eum
531 3906 711 3954 tamen
733 3898 890 3969 longe
914 3898 1557 3969 oculisprospicientibus
1578 3908 1797 3970 propter
1820 3910 1977 3957 aeter-

383 3994 505 4043 nam
535 3990 1285 4061 salutemjsinceratebatitate
1306 3994 1596 4063 dispensat.
1623 3995 1867 4049 Sedi‘cum
1894 3996 1975 4051 in-

385 4082 598 4137 venerit
631 4082 735 4139 iste
766 4084 888 4139 talis
918 4094 1165 4155 operator
1193 4095 1247 4140 et
1275 4086 1610 4155 dispensator
1637 4102 1733 4142 eos
1757 4088 1847 4159 qui
1879 4102 1974 4159 per

383 4174 633 4230 aﬂeetnm
653 4191 762 4245 quo
781 4178 1097 4233 renuntiant
1113 4177 1350 4245 diabolo,
1368 4178 1487 4248 jam
1500 4180 1697 4235 mortui
1718 4184 1826 4235 sint
1850 4180 1981 4236 huic-

383 4268 609 4332 steculo;
650 4268 767 4324 sine
796 4268 1129 4323 dubitatione
1161 4269 1337 4339 aliqua
1367 4269 1446 4326 eis
1482 4271 1697 4327 exhibet
1728 4272 1838 4327 oris
1866 4273 1971 4327 mi-

382 4358 662 4412 nisterium
693 4374 747 4414 in
777 4374 941 4429 opere
970 4359 1267 4427 sermonis,
1301 4372 1407 4431 quo
1435 4375 1529 4415 eos
1559 4362 1833 4433 iu'corpus
1863 4362 1969 4418 Ec-

379 4452 558 4507 clesiae
593 4453 703 4522 jam
745 4453 1111 4523 paratissimos
1149 4453 1420 4524 trajiciat:
1453 4464 1508 4510 et
1546 4454 1668 4511 ideo
1706 4456 1966 4526 sequitur,

387 4544 698 4617 Ubicumque
722 4546 910 4618 fuerint
939 4546 1204 4613 cadavera,
1237 4549 1501 4621 confestim
1522 4550 1859 4620 reperiuntur.

454 4636 736 4707 Respondit
770 4636 1050 4702 Dominus,
1092 4647 1139 4691 et
1172 4638 1319 4692 dixit.
1349 4638 1681 4707 Quodnam
1714 4640 1977 4696 Domina!

378 4738 632 4799 tanquam
658 4730 856 4799 repetit
879 4743 1201 4796 sermonem,
1232 4745 1353 4785 cum
1385 4718 1497 4800 ipse
1528 4731 1854 4801 loqueretur,
1887 4734 1969 4788 in-

379 4822 642 4893 telligitur
664 4820 767 4877 Job
795 4821 863 4876 ad
888 4836 950 4877 ea
972 4836 1089 4891 quae
1113 4820 1253 4877 dicta
1278 4814 1421 4885 sunt‘,
1452 4822 1788 4892 obstupuisse
1815 4823 1866 4877 in
1896 4816 1981 4879 si?

376 4912 576 4979 lentio,
607 4920 662 4979 et
687 4912 982 4984 quievisse,
1013 4921 1073 4967 ut
1098 4911 1232 4967 nihil
1261 4912 1490 4982 amplius
1516 4910 1707 4968 dicere
1724 4914 1978 4969 auderet-

377 5006 523 5076 Ergo
555 5005 764 5061 duobus
791 5005 883 5076 qui
911 5012 1206 5075 sequuntur
1234 5005 1475 5061 versibus
1504 5005 1813 5063 exhortatur
1840 5022 1966 5063 eum

376 5098 635 5154 Dominus
651 5098 718 5154 ad
738 5096 1192 5170 reapondendum.
1215 5094 1481 5165 Numquid
1500 5098 1583 5167 qui
1606 5098 1831 5169 disputat
1851 5117 1966 5154 cum

377 5191 754 5261 Omnipotente,
781 5190 1028 5261 quiescit?
1050 5188 1153 5243 hoc
1178 5196 1281 5255 est,
1308 5188 1482 5256 Quare
1510 5201 1564 5245 tu
1590 5191 1827 5261 quiescis-
1843 5198 1981 5247 cum

372 5284 751 5355 Umnipotente
765 5280 1073 5353 disputans?
1094 5280 1325 5351 Arguens
1342 5280 1504 5335 Deum
1521 5281 1836 5352 respondebit
1859 5283 1929 5336 ita
1941 5274 1975 5337 Ξῖ

338 5394 347 5419 ι
372 5374 803 5433 subaudiendum
827 5382 930 5439 est,
959 5370 1255 5440 numquid;
1287 5379 1345 5425 ut
1370 5371 1440 5425 sit
1462 5376 1673 5440 sensus,
1700 5373 1977 5444 Numquid

374 5470 553 5542 arguit
590 5468 758 5525 Deum
800 5467 891 5538 qui
928 5464 1205 5535 (inputans
1246 5463 1625 5532 respondebit?
1665 5464 1968 5533 Quaerenda

376 5564 524 5625 enirn
552 5578 675 5621 cum
700 5560 1079 5633 Omnipotente
1106 5554 1430 5630 disputatur,
1464 5572 1573 5616 non
1601 5558 1968 5617 convincendo

1831 365 2036 424 LIBER
2075 367 2274 427 UNUS.

2105 494 2198 540 aut
2226 476 2535 541 refellendo.
2564 474 2679 540 Non
2718 499 2848 556 ergo
2885 478 3013 556 quia
3043 476 3399 555 O‘mhrpo‘tbn‘s
3423 482 3540 552 est,
3564 482 3690 541 ideo

2104 576 2501 647 quiesiicnd‘im/
2521 586 2603 633 est
2638 593 2670 633 a
2705 576 3023 648 disputando
3054 592 3175 634 cum
3213 592 3299 632 eo.
3331 578 3515 648 Neque
3545 579 3688 633 enim

2103 668 2169 723 ad
2199 669 2535 739 argu‘endunr
2563 670 2631 724 ab
2668 684 2734 725 eo
2771 669 2966 740 aliquid
2995 685 3090 740 per
3116 668 3528 740 disputationem
3566 678 3688 724 tan-

2104 773 2264 828 quam
2294 760 2361 816 ab
2389 762 2503 831 ipsa
2532 760 2767 839 veritate
2781 761 3086 832 requiritur.
3126 762 3307 817 Potest
3334 770 3389 817 et
3416 761 3494 816 sic
3523 761 3685 816 intel-

2102 848 2221 920 ligi,
2249 850 2512 922 Numquid
2538 853 2629 923 qui
2656 852 2889 923 disputat
2916 869 3037 909 cum
3068 854 3314 922 Domino,
3347 854 3610 925 quiescit?
3635 854 3685 910 id

2103 950 2205 1007 est,
2233 944 2354 1012 quia
2378 958 2484 999 non
2512 944 2735 1014 quiescit
2759 945 2853 1015 qui
2879 960 3000 1001 cum
3025 945 3402 1016 Omnipotente
3426 945 3684 1016 disputat,

2101 1043 2449 1090 nonesveum
2472 1036 3013 1106 eodisputandtnn‘ut
3030 1037 3352 1107 quiescatur.
3374 1037 3523 1093 Solet
3541 1036 3685 1093 enim

2100 1126 2382 1199 disputans
2414 1129 2787 1187 contr-adicere-
2815 1147 2827 1183 :
2866 1132 2955 1201 qui
2989 1140 3167 1187 autem
3201 1129 3685 1197 contradicit'Deo,

2099 1222 2376 1289 quiescere
2400 1236 2515 1276 non:
2534 1230 2709 1292 potest
2730 1263 2745 1288 ,
2778 1221 2881 1277 hoc
2903 1232 2986 1278 est
3003 1260 3033 1291 ,ι
3052 1238 3169 1278 non-
3187 1223 3389 1279 invenit
3411 1222 3647 1293 quietem
3662 1262 3691 1289 ,λ

2099 1312 2207 1367 nisi
2242 1312 2294 1368 in
2338 1313 2453 1384 ejus
2492 1314 2765 1371 voluntate
2807 1316 2923 1371 sine
2957 1315 3075 1371 ulla
3102 1315 3525 1372 contradictione
3558 1330 3690 1372 con-

2052 1431 2075 1450 ο
2097 1406 2311 1461 sentiat.
2356 1406 2584 1477 Arguens
2613 1408 2763 1463 enim
2784 1407 2948 1463 Deum
2977 1408 3293 1479 respondebit
3328 1409 3441 1475 ita;
3477 1408 3528 1463 id
3567 1417 3685 1473 est,

2097 1512 2219 1553 cum
2244 1499 2565 1569 disputando
2592 1500 2882 1570 respondet
2910 1500 3042 1565 Deo,
3070 1499 3244 1569 arguit
3270 1500 3457 1568 Deum,
3484 1507 3539 1555 et
3563 1514 3690 1569 pro-

2098 1598 2280 1658 pterea
2307 1606 2413 1646 non
2440 1592 2681 1663 pervenit
2707 1591 2777 1646 ad
2799 1592 3051 1661 quietem.
3083 1591 3237 1648 Unde
3262 1592 3463 1647 dictum
3489 1599 3572 1647 est
3594 1632 3607 1655 ,
3641 1590 3688 1643 0

2096 1680 2278 1748 homo,
2326 1693 2380 1737 tu
2418 1684 2541 1754 quis!
2560 1699 2612 1737 es
2644 1683 2731 1755 qui
2762 1683 3067 1753 respondeas
3096 1681 3207 1737 Deo
3235 1683 3412 1754 (Rom.
3441 1697 3521 1748 Ix,
3551 1680 3686 1753 20)?

2096 1774 2203 1831 Sed
2241 1776 2367 1846 quid
2406 1776 2508 1832 tale
2546 1776 2748 1833 lbeerat
2778 1776 2916 1832 Job?
2946 1775 3061 1831 Non
3092 1776 3235 1831 enim
3269 1776 3410 1829 Deus
3433 1774 3511 1830 sic
3534 1774 3685 1829 illum

2094 1868 2285 1938 accipit
2313 1876 2565 1937 tanquam
2585 1868 3039 1924 contradicentem
3067 1868 3189 1933 sibi,
3220 1868 3358 1922 sicut
3382 1866 3537 1921 amici
3566 1865 3685 1935 ejus

2093 1974 2202 2014 non
2241 1959 2633 2029 intelligentes;
2679 1976 2801 2015 cum
2841 1960 2947 2016 tale
2989 1960 3346 2015 testimonium
3385 1959 3461 2013 illi
3500 1957 3681 2027 perbi-

2094 2051 2250 2120 beat,
2282 2063 2336 2107 et
2364 2053 2417 2107 in
2443 2054 2615 2122 capite
2642 2054 2761 2108 libri
2780 2094 2795 2120 ,
2824 2063 2878 2107 et
2906 2055 2971 2107 in:
2994 2054 3113 2108 line.
3145 2054 3225 2106 An
3254 2060 3470 2122 propter
3492 2063 3683 2121 perso-

2093 2158 2216 2198 nam
2245 2160 2403 2214 quam
2433 2145 2533 2200 Job
2561 2145 2807 2215 gestabat
2830 2146 3028 2200 dictum
3052 2154 3154 2211 est,
3185 2144 3289 2198 hoc
3316 2151 3419 2210 est,
3446 2142 3689 2212 corporis

2094 2233 2339 2303 Domini,
2372 2237 2513 2307 quod
2541 2245 2623 2291 est
2648 2236 2918 2304 Ecclesia,
2950 2236 3003 2289 in
3028 2250 3128 2305 qua
3159 2236 3323 2290 multa
3352 2234 3687 2289 infirmorum

2094 2341 2217 2396 pars
2243 2336 2344 2394 est,
2370 2343 2476 2383 non
2501 2327 2715 2399 quidem
2738 2328 3161 2397 desperatorum,
3190 2326 3283 2382 sed
3305 2335 3484 2381 tamen
3511 2324 3689 2380 adbur‘

2093 2418 2157 2472 inv
2177 2426 2431 2488 provectu
2461 2433 2559 2475 suo
2587 2419 3003 2489 periclitantium
3026 2461 3039 2483 ,
3071 2418 3264 2489 quibus
3288 2432 3424 2488 pene
3448 2430 3686 2472 commo-
3764 2481 3771 2489 α

2091 2517 2283 2563 ventur
2320 2509 2517 2580 pedes,
2564 2519 2617 2566 et
2654 2524 2882 2581 quorum
2929 2509 3087 2579 paulo
3129 2510 3303 2564 minus
3342 2508 3687 2563 effunduntur

2089 2615 2325 2670 gressus,
2356 2601 2481 2656 dum
2510 2603 2683 2657 zelant
2711 2602 2775 2657 in
2797 2601 3183 2671 peccatoribus,
3217 2612 3401 2671 pacem
3432 2608 3682 2671 peccato-

2091 2708 2209 2746 rum
2228 2693 2517 2748 iutuentes‘?
2535 2694 2636 2761 Qui
2653 2694 2862 2769 dicunt:
2888 2693 3148 2759 Quomodo
3163 2694 3303 2747 scivit
3318 2692 3473 2759 Deus,
3489 2701 3535 2747 et
3550 2693 3592 2746 si
3610 2704 3685 2747 est

2091 2785 2297 2839 scientia
2321 2786 2374 2839 in
2394 2784 2689 2841 Altissimo?
2706 2782 2838 2840 Ecce
2857 2786 2953 2856 ipsi
2971 2796 3273 2856 peccatores,
3300 2794 3353 2840 et
3366 2784 3683 2839 abundantes

2089 2876 2143 2929 in
2170 2876 2357 2931 sarculo
2379 2876 2707 2931 obtinuerunt
2723 2877 2942 2931 divitias.
2974 2876 3236 2947 Numquid
3262 2892 3387 2930 vane
3402 2876 3683 2946 justiﬁcaui

2089 2984 2176 3023 cor
2217 2984 2380 3023 meum
2401 3010 2417 3035 ,
2460 2978 2508 3024 et
2550 2970 2649 3024 lavi
2678 2970 2729 3022 in
2758 2968 3103 3023 innocentibus
3122 2984 3301 3022 manus
3328 2983 3462 3021 meas
3484 3009 3496 3033 ,
3530 2977 3587 3020 et'
3608 2967 3687 3036 [ui

2088 3061 2379 3131 ﬂagellatur
2399 3071 2503 3115 tota
2522 3062 2623 3126 die,
2652 3071 2698 3115 et
2722 3061 2943 3132 arguitio
2968 3076 3080 3115 mea
3104 3061 3156 3114 in
3183 3057 3678 3129 matutinumiPsnt.

2089 3169 2254 3219 LXXII,
2276 3154 2453 3225 “2-14).
2479 3154 2619 3209 Nam
2641 3155 2761 3210 hinc
2783 3158 2960 3224 potius
2980 3155 3079 3212 Job
3096 3155 3210 3224 ipse
3228 3154 3435 3209 videtur
3459 3166 3681 3223 respon~

2088 3247 2217 3304 dere
2242 3249 2591 3319 sequentibus
2622 3248 2884 3303 versibus.

2160 3344 2490 3413 Rcspoudens
2513 3351 2679 3396 autent
2700 3341 2798 3395 Job
2819 3342 2948 3396 dixit
2977 3356 2994 3394 :
3026 3340 3162 3405 Quid
3186 3356 3304 3410 ergo
3320 3339 3523 3410 judicer
3543 3353 3684 3392 com-

2087 3436 2306 3490 monitus
2326 3444 2372 3489 et
2392 3436 2676 3505 increpatus
2698 3450 2730 3487 a
2753 3433 2992 3499 Domino,
3016 3432 3226 3486 audiens
3246 3433 3387 3493 talia,
3416 3446 3529 3485 cum
3554 3431 3684 3484 nihil

2085 3527 2221 3580 sim?
2249 3526 2303 3580 id
2328 3536 2443 3593 est,
2476 3525 2603 3596 quid
2631 3539 2761 3595 ergo
2787 3524 2915 3578 mihi
2943 3523 3199 3594 judicium
3229 3536 3517 3591 comparo,
3557 3536 3679 3577 cum

2086 3628 2175 3673 me
2201 3627 2506 3672 commonet
2534 3626 2588 3672 et
2607 3616 2783 3688 arguit
2814 3616 3096 3681 Dominus,
3129 3616 3173 3669 si
3202 3615 3250 3670 ei
3277 3613 3674 3677 cott'tradicam;

2086 3709 2305 3762 audiens
2326 3707 2468 3775 talia,
2502 3707 2555 3762 id
2582 3717 2686 3774 est,
2718 3707 3023 3777 intelligens
3046 3715 3239 3777 quanta
3263 3707 3471 3775 justitia
3492 3716 3545 3760 et
3575 3705 3673 3760 mi-

2086 3802 2376 3858 sericordia
2404 3801 2724 3857 mecum‘sic
2751 3810 2955 3870 agatur,
3000 3812 3120 3855 cum
3162 3808 3265 3869 per
3282 3799 3543 3869 meipsmn
3571 3799 3680 3852 utis

2085 3910 2193 3966 quo
2229 3895 2359 3950 nihil
2398 3894 2537 3949 sim?
2583 3894 2735 3959 Quod
2768 3908 3065 3963 responsura
3107 3892 3280 3947 dabo?
3318 3892 3379 3947 id
3405 3899 3514 3960 erit,
3551 3891 3681 3963 quid

2083 3990 2274 4058 potero
2312 3986 2679 4042 contradicere
2721 3985 2971 4041 veritati?
3025 3985 3236 4039 illam
3282 4000 3467 4056 ponam
3511 3984 3579 4037 ad
3623 3999 3680 4038 as

2082 4096 2289 4146 meum,
2319 4081 2493 4143 idtest,
2519 4078 2710 4135 tenebo
2731 4086 2785 4133 et
2804 4078 3065 4133 coitibebo
3087 4078 3463 4148 loquacitatem
3478 4076 3673 4132 mean.

2083 4174 2257 4230 Semel
2284 4174 2481 4228 locutus
2513 4188 2659 4237 sum;
2695 4173 2877 4225 iterum
2906 4187 3008 4225 non
3034 4169 3295 4241 adjiciunt.
3331 4168 3442 4223 Nisi
3471 4168 3524 4222 in
3554 4184 3674 4238 my-

2080 4264 2248 4320 sterio
2270 4264 2579 4332 aecipiatur,
2610 4261 2877 4331 quomodo
2904 4260 3069 4315 semei
3094 4260 3303 4313 locutus
3330 4267 3411 4313 est
3436 4258 3555 4324 Job,
3583 4259 3676 4327 qui

2082 4358 2240 4411 toties
2270 4355 2477 4409 locutus
2506 4354 2624 4409 est?
2649 4354 2753 4407 Aut
2782 4351 3051 4421 quomodo
3080 4351 3271 4404 iterum
3305 4365 3407 4403 non
3434 4349 3668 4419 adjiciet,

2079 4456 2202 4519 post
2226 4446 2495 4516 paululum
2523 4444 2836 4500 locuturus?
2863 4442 2966 4497 Sed
2995 4442 3191 4497 locutio
3217 4442 3303 4496 hic
3333 4441 3673 4511 intelligenda

2079 4548 2164 4595 est
2190 4552 2503 4608 progressus
2528 4532 2719 4590 anitnae
2750 4535 2800 4588 in
2830 4534 2945 4589 huic
2970 4534 3257 4602 exteriora,
3286 4550 3391 4604 quo
3419 4534 3672 4604 relinquit

2078 4618 2278 4699 neum,
2322 4640 2379 4687 et
2411 4629 2463 4687 ei
2504 4630 2723 4685 resistit.
2769 4628 2922 4685 Unde
2961 4628 3132 4698 major
3176 4630 3277 4684 istc
3321 4643 3667 4699 progressus,

2078 4724 2240 4780 etiam
2269 4722 2471 4777 clamor
2499 4721 2552 4775 in
2578 4718 2851 4789 Scriptura
2878 4719 3191 4790 appellatur,
3222 4735 3343 4775 cum
3375 4720 3495 4774 dicit
3528 4720 3670 4775 Deus

2078 4813 2366 4869 clamorem
2399 4810 2752 4868 Sodomorum
2790 4810 2857 4864 ad
2892 4826 2950 4866 se
2979 4812 3285 4880 pervenisse
3326 4810 3477 4883 (Cen.
3504 4828 3628 4865 xvm
3650 4859 3666 4877 ,

2077 4902 2192 4977 90);
2220 4906 2317 4961 Cui
2345 4904 2609 4959 lucutioni
2628 4912 2785 4973 atque
2813 4902 3031 4958 clamori
3058 4905 3383 4958 contrarium
3424 4913 3505 4959 est
3538 4904 3666 4958 bea-

2076 4997 2343 5055 tissimum
2377 4995 2505 5052 illud
2549 4995 2849 5059 silentium,
2886 4994 2953 5049 de
2989 5009 3094 5064 quo
3130 4994 3341 5061 dicitur,
3384 4994 3453 5060 ἢ
3490 4995 3667 5050 silebit

2075 5090 2194 5147 sine
2233 5090 2423 5145 timore
2465 5089 2533 5143 ab
2576 5087 2722 5143 omni
2765 5087 3111 5157 malignitate.
3152 5088 3295 5143 Bene
3322 5088 3498 5158 itaque
3537 5087 3668 5141 dicit

2076 5184 2243 5240 seuiel
2274 5199 2332 5239 se
2362 5184 2594 5238 locutum
2623 5179 2873 5235 continua
2913 5178 3141 5249 quadam
3174 5179 3438 5234 locutione
3468 5180 3521 5234 in
3552 5190 3664 5234 tota

2077 5278 2184 5332 vita
2210 5277 2408 5332 veteris
2434 5272 2682 5338 hominis,
2715 5286 2837 5326 cum
2862 5281 3005 5326 esset
3036 5273 3255 5343 spiritus
3281 5273 3576 5341 ambulans,
3610 5286 3667 5330 et

2077 5370 2479 5423 nonI-evertens
2508 5364 2677 5437 (Psal.
2700 5377 2899 5430 mm,
2932 5362 3045 5434 59).
3073 5363 3225 5421 Nunc
3243 5374 3421 5422 autem
3441 5376 3657 5422 manum

2077 5461 2360 5530 inponens
2385 5458 2488 5525 ori,
2515 5470 2583 5511 ne
2605 5454 2746 5510 ultra
2774 5454 3160 5525 progrediatur,
3186 5459 3444 5529 promittit
3466 5474 3533 5517 se
3555 5471 3665 5517 non

2081 5554 2317 5625 adjiwre
2343 5553 2556 5620 iterum,
2587 5569 2657 5613 ne
2682 5545 2897 5605 recedat
2922 5562 2953 5605 a
2984 5550 3115 5610 Deo.
3150 5553 3345 5615 Amen.

1812 5722 2241 5835 mea
