  <div class='ocr_page' id='page_1' title='image "/cluster/home/n/w/nwhite01/storage/ocr_20150623/34/hvd.32044015706310/449.png"; bbox 0 0 4110 6444; ppageno 0'>
   <div class='ocr_carea' id='block_1_1' title="bbox 477 415 1564 466">
    <p class='ocr_par' dir='ltr' id='par_1_1' title="bbox 477 430 1564 466">
     <span class='ocr_line' id='line_1_1' title="bbox 477 430 1564 466; baseline 0 0"><span class='ocrx_word' id='word_1_1' title='bbox 477 430 1564 466; x_wconf 52' lang='lat' dir='ltr'>ﬂ</span> 
     </span>
    </p>
   </div>
   <div class='ocr_carea' id='block_1_2' title="bbox 475 466 1043 496">
    <p class='ocr_par' dir='ltr' id='par_1_2' title="bbox 475 466 1043 492">
     <span class='ocr_line' id='line_1_2' title="bbox 475 466 1043 492; baseline -0.004 0"><span class='ocrx_word' id='word_1_2' title='bbox 475 466 1043 492; x_wconf 54' lang='grc' dir='ltr'>π</span> 
     </span>
    </p>
   </div>
   <div class='ocr_carea' id='block_1_3' title="bbox 1070 466 3396 490">
    <p class='ocr_par' dir='ltr' id='par_1_3' title="bbox 1070 466 3396 490">
     <span class='ocr_line' id='line_1_3' title="bbox 1070 466 3396 481; baseline -0.003 -2"><span class='ocrx_word' id='word_1_3' title='bbox 1070 466 3009 481; x_wconf 42' lang='grc' dir='ltr'><strong>ρή---Μ--ῇ--ῄ-ψοα</strong></span> <span class='ocrx_word' id='word_1_4' title='bbox 3020 467 3137 474; x_wconf 72' lang='grc'><strong>.-.--.</strong></span> <span class='ocrx_word' id='word_1_5' title='bbox 3150 467 3289 474; x_wconf 47' lang='lat'><strong>-_~_._.</strong></span> <span class='ocrx_word' id='word_1_6' title='bbox 3302 467 3323 473; x_wconf 66' lang='grc' dir='ltr'><strong>..ι</strong></span> <span class='ocrx_word' id='word_1_7' title='bbox 3332 467 3371 473; x_wconf 47' lang='grc' dir='ltr'><strong>..μ-</strong></span> <span class='ocrx_word' id='word_1_8' title='bbox 3380 469 3396 473; x_wconf 80' lang='grc'><strong>.-</strong></span> 
     </span>
     <span class='ocr_line' id='line_1_4' title="bbox 1070 474 1672 490; baseline -0.017 0"><span class='ocrx_word' id='word_1_9' title='bbox 1070 474 1672 490; x_wconf 74' lang='lat'><strong>——————.——_———</strong></span> 
     </span>
    </p>
   </div>
   <div class='ocr_carea' id='block_1_4' title="bbox 1564 470 2577 685">
    <p class='ocr_par' dir='ltr' id='par_1_4' title="bbox 1564 470 2577 685">
     <span class='ocr_line' id='line_1_5' title="bbox 1564 470 2577 685; baseline -0.005 -7"><span class='ocrx_word' id='word_1_10' title='bbox 1564 470 2577 679; x_wconf 47' lang='lat' dir='ltr'><strong>gemam</strong></span> 
     </span>
    </p>
   </div>
   <div class='ocr_carea' id='block_1_5' title="bbox 1320 751 2795 851">
    <p class='ocr_par' dir='ltr' id='par_1_5' title="bbox 1320 751 2795 851">
     <span class='ocr_line' id='line_1_6' title="bbox 1320 751 2795 851; baseline -0.006 -26"><span class='ocrx_word' id='word_1_11' title='bbox 1320 762 1404 825; x_wconf 86' lang='lat' dir='ltr'><strong>IN</strong></span> <span class='ocrx_word' id='word_1_12' title='bbox 1452 758 1757 851; x_wconf 78' lang='lat' dir='ltr'><strong>LIBRUM</strong></span> <span class='ocrx_word' id='word_1_13' title='bbox 1804 756 1934 820; x_wconf 88' lang='lat' dir='ltr'><strong>CUI</strong></span> <span class='ocrx_word' id='word_1_14' title='bbox 1988 752 2325 817; x_wconf 91' lang='lat' dir='ltr'><strong>TITULUS</strong></span> <span class='ocrx_word' id='word_1_15' title='bbox 2358 751 2795 816; x_wconf 83' lang='lat' dir='ltr'><strong>SPECULUM.</strong></span> 
     </span>
    </p>
   </div>
   <div class='ocr_carea' id='block_1_6' title="bbox 1850 880 2273 937">
    <p class='ocr_par' dir='ltr' id='par_1_6' title="bbox 1850 880 2273 937">
     <span class='ocr_line' id='line_1_7' title="bbox 1850 880 2273 937; baseline -0.007 0"><span class='ocrx_word' id='word_1_16' title='bbox 1850 880 2273 937; x_wconf 37' lang='lat' dir='ltr'><strong>“W3</strong></span> 
     </span>
    </p>
   </div>
   <div class='ocr_carea' id='block_1_7' title="bbox 502 979 3725 1083">
    <p class='ocr_par' dir='ltr' id='par_1_7' title="bbox 502 979 3725 1083">
     <span class='ocr_line' id='line_1_8' title="bbox 502 979 3725 1083; baseline -0.006 -12"><span class='ocrx_word' id='word_1_17' title='bbox 502 1013 829 1083; x_wconf 87' lang='lat' dir='ltr'><strong>Scripturam</strong></span> <span class='ocrx_word' id='word_1_18' title='bbox 872 1024 1076 1067; x_wconf 87' lang='lat' dir='ltr'><strong>sacram</strong></span> <span class='ocrx_word' id='word_1_19' title='bbox 1096 1008 1297 1081; x_wconf 79' lang='lat' dir='ltr'><strong>Speculi</strong></span> <span class='ocrx_word' id='word_1_20' title='bbox 1321 1008 1439 1065; x_wconf 90' lang='lat' dir='ltr'><strong>vice</strong></span> <span class='ocrx_word' id='word_1_21' title='bbox 1466 1022 1587 1065; x_wconf 85' lang='lat' dir='ltr'><strong>esse</strong></span> <span class='ocrx_word' id='word_1_22' title='bbox 1607 1006 1759 1064; x_wconf 91' lang='lat' dir='ltr'><strong>nobis</strong></span> <span class='ocrx_word' id='word_1_23' title='bbox 1783 1005 2110 1078; x_wconf 74' lang='lat' dir='ltr'><strong>propositam</strong></span> <span class='ocrx_word' id='word_1_24' title='bbox 2132 1003 2381 1060; x_wconf 78' lang='lat' dir='ltr'><strong>observat</strong></span> <span class='ocrx_word' id='word_1_25' title='bbox 2416 1003 2706 1074; x_wconf 72' lang='lat' dir='ltr'><strong>Gregorius</strong></span> <span class='ocrx_word' id='word_1_26' title='bbox 2738 1002 2793 1058; x_wconf 90' lang='lat' dir='ltr'><strong>in</strong></span> <span class='ocrx_word' id='word_1_27' title='bbox 2823 1000 2919 1058; x_wconf 87' lang='lat' dir='ltr'><strong>lib.</strong></span> <span class='ocrx_word' id='word_1_28' title='bbox 2950 1001 2987 1056; x_wconf 72' lang='lat'><strong>2</strong></span> <span class='ocrx_word' id='word_1_29' title='bbox 3011 999 3200 1057; x_wconf 86' lang='lat' dir='ltr'><strong>Moral.</strong></span> <span class='ocrx_word' id='word_1_30' title='bbox 3226 984 3344 1069; x_wconf 83' lang='lat' dir='ltr'><strong>cap.</strong></span> <span class='ocrx_word' id='word_1_31' title='bbox 3385 979 3448 1063; x_wconf 53' lang='lat' dir='ltr'><strong>l&#39;;</strong></span> <span class='ocrx_word' id='word_1_32' title='bbox 3475 990 3725 1067; x_wconf 75' lang='lat' dir='ltr'><strong>adeoque</strong></span> 
     </span>
    </p>
   </div>
   <div class='ocr_carea' id='block_1_8' title="bbox 426 1087 3722 1171">
    <p class='ocr_par' dir='ltr' id='par_1_8' title="bbox 426 1087 3722 1171">
     <span class='ocr_line' id='line_1_9' title="bbox 426 1087 3722 1171; baseline -0.005 -11"><span class='ocrx_word' id='word_1_33' title='bbox 426 1095 586 1170; x_wconf 65' lang='lat' dir='ltr'><strong>hanc,</strong></span> <span class='ocrx_word' id='word_1_34' title='bbox 616 1104 701 1157; x_wconf 90' lang='lat' dir='ltr'><strong>ubi</strong></span> <span class='ocrx_word' id='word_1_35' title='bbox 722 1103 955 1157; x_wconf 90' lang='lat' dir='ltr'><strong>virorum</strong></span> <span class='ocrx_word' id='word_1_36' title='bbox 992 1101 1274 1157; x_wconf 79' lang='lat' dir='ltr'><strong>illustrium</strong></span> <span class='ocrx_word' id='word_1_37' title='bbox 1303 1100 1467 1171; x_wconf 91' lang='lat' dir='ltr'><strong>gestis</strong></span> <span class='ocrx_word' id='word_1_38' title='bbox 1488 1098 1764 1155; x_wconf 86' lang='lat' dir='ltr'><strong>narrandis</strong></span> <span class='ocrx_word' id='word_1_39' title='bbox 1784 1097 1999 1163; x_wconf 81' lang='lat' dir='ltr'><strong>insistit,</strong></span> <span class='ocrx_word' id='word_1_40' title='bbox 2042 1112 2147 1153; x_wconf 92' lang='lat' dir='ltr'><strong>non</strong></span> <span class='ocrx_word' id='word_1_41' title='bbox 2183 1096 2371 1153; x_wconf 89' lang='lat' dir='ltr'><strong>eorum</strong></span> <span class='ocrx_word' id='word_1_42' title='bbox 2398 1103 2618 1166; x_wconf 89' lang='lat' dir='ltr'><strong>peccata</strong></span> <span class='ocrx_word' id='word_1_43' title='bbox 2645 1104 2701 1151; x_wconf 92' lang='lat' dir='ltr'><strong>et</strong></span> <span class='ocrx_word' id='word_1_44' title='bbox 2722 1095 2926 1165; x_wconf 89' lang='lat' dir='ltr'><strong>lapsus,</strong></span> <span class='ocrx_word' id='word_1_45' title='bbox 2973 1094 3297 1162; x_wconf 86' lang='lat' dir='ltr'><strong>omninoque</strong></span> <span class='ocrx_word' id='word_1_46' title='bbox 3331 1089 3464 1162; x_wconf 85' lang='lat' dir='ltr'><strong>nihil</strong></span> <span class='ocrx_word' id='word_1_47' title='bbox 3502 1087 3722 1144; x_wconf 81' lang='lat' dir='ltr'><strong>silentio</strong></span> 
     </span>
    </p>
   </div>
   <div class='ocr_carea' id='block_1_9' title="bbox 431 1186 3722 1267">
    <p class='ocr_par' dir='ltr' id='par_1_9' title="bbox 431 1186 3722 1267">
     <span class='ocr_line' id='line_1_10' title="bbox 431 1186 3722 1267; baseline -0.004 -18"><span class='ocrx_word' id='word_1_48' title='bbox 431 1194 701 1267; x_wconf 65' lang='lat' dir='ltr'><strong>praeterire</strong></span> <span class='ocrx_word' id='word_1_49' title='bbox 727 1202 896 1262; x_wconf 86' lang='lat' dir='ltr'><strong>notat,</strong></span> <span class='ocrx_word' id='word_1_50' title='bbox 915 1209 1021 1265; x_wconf 92' lang='lat' dir='ltr'><strong>quo</strong></span> <span class='ocrx_word' id='word_1_51' title='bbox 1047 1194 1226 1250; x_wconf 90' lang='lat' dir='ltr'><strong>minus</strong></span> <span class='ocrx_word' id='word_1_52' title='bbox 1250 1193 1317 1248; x_wconf 91' lang='lat' dir='ltr'><strong>ad</strong></span> <span class='ocrx_word' id='word_1_53' title='bbox 1344 1192 1706 1249; x_wconf 82' lang='lat' dir='ltr'><strong>informandus</strong></span> <span class='ocrx_word' id='word_1_54' title='bbox 1721 1207 1897 1247; x_wconf 90' lang='lat' dir='ltr'><strong>mores</strong></span> <span class='ocrx_word' id='word_1_55' title='bbox 1923 1192 2165 1261; x_wconf 78' lang='lat' dir='ltr'><strong>exempla</strong></span> <span class='ocrx_word' id='word_1_56' title='bbox 2188 1192 2379 1262; x_wconf 89' lang='lat' dir='ltr'><strong>cuique</strong></span> <span class='ocrx_word' id='word_1_57' title='bbox 2406 1191 2609 1246; x_wconf 88' lang='lat' dir='ltr'><strong>homini</strong></span> <span class='ocrx_word' id='word_1_58' title='bbox 2630 1199 2830 1261; x_wconf 61' lang='lat' dir='ltr'><strong>praesto</strong></span> <span class='ocrx_word' id='word_1_59' title='bbox 2858 1191 2966 1244; x_wconf 89' lang='lat' dir='ltr'><strong>sint</strong></span> <span class='ocrx_word' id='word_1_60' title='bbox 2991 1197 3311 1260; x_wconf 91' lang='lat' dir='ltr'><strong>opportuna.</strong></span> <span class='ocrx_word' id='word_1_61' title='bbox 3344 1186 3722 1242; x_wconf 74' lang='lat' dir='ltr'><strong>Verumtamen</strong></span> 
     </span>
    </p>
   </div>
   <div class='ocr_carea' id='block_1_10' title="bbox 432 1278 3719 1355">
    <p class='ocr_par' dir='ltr' id='par_1_10' title="bbox 432 1278 3719 1355">
     <span class='ocr_line' id='line_1_11' title="bbox 432 1278 3719 1355; baseline -0.004 -14"><span class='ocrx_word' id='word_1_62' title='bbox 432 1286 569 1341; x_wconf 92' lang='lat' dir='ltr'><strong>istud</strong></span> <span class='ocrx_word' id='word_1_63' title='bbox 600 1286 802 1355; x_wconf 86' lang='lat' dir='ltr'><strong>speculi</strong></span> <span class='ocrx_word' id='word_1_64' title='bbox 822 1300 1018 1341; x_wconf 90' lang='lat' dir='ltr'><strong>munus</strong></span> <span class='ocrx_word' id='word_1_65' title='bbox 1046 1285 1207 1341; x_wconf 88' lang='lat' dir='ltr'><strong>habet</strong></span> <span class='ocrx_word' id='word_1_66' title='bbox 1232 1286 1501 1355; x_wconf 78' lang='lat' dir='ltr'><strong>Scriptura</strong></span> <span class='ocrx_word' id='word_1_67' title='bbox 1521 1285 1624 1341; x_wconf 90' lang='lat' dir='ltr'><strong>alio</strong></span> <span class='ocrx_word' id='word_1_68' title='bbox 1653 1285 1836 1339; x_wconf 87' lang='lat' dir='ltr'><strong>itidem</strong></span> <span class='ocrx_word' id='word_1_69' title='bbox 1877 1301 1943 1341; x_wconf 83' lang='lat' dir='ltr'><strong>ex</strong></span> <span class='ocrx_word' id='word_1_70' title='bbox 1970 1286 2176 1354; x_wconf 82' lang='lat' dir='ltr'><strong>capite;</strong></span> <span class='ocrx_word' id='word_1_71' title='bbox 2206 1287 2314 1341; x_wconf 91' lang='lat' dir='ltr'><strong>imo</strong></span> <span class='ocrx_word' id='word_1_72' title='bbox 2335 1284 2387 1339; x_wconf 93' lang='lat' dir='ltr'><strong>id</strong></span> <span class='ocrx_word' id='word_1_73' title='bbox 2408 1284 2507 1340; x_wconf 84' lang='lat' dir='ltr'><strong>sibi</strong></span> <span class='ocrx_word' id='word_1_74' title='bbox 2534 1284 2847 1339; x_wconf 89' lang='lat' dir='ltr'><strong>vindicatea</strong></span> <span class='ocrx_word' id='word_1_75' title='bbox 2871 1283 3103 1338; x_wconf 82' lang='lat' dir='ltr'><strong>maxime</strong></span> <span class='ocrx_word' id='word_1_76' title='bbox 3122 1291 3295 1352; x_wconf 89' lang='lat' dir='ltr'><strong>parte,</strong></span> <span class='ocrx_word' id='word_1_77' title='bbox 3319 1294 3423 1351; x_wconf 91' lang='lat' dir='ltr'><strong>qua</strong></span> <span class='ocrx_word' id='word_1_78' title='bbox 3443 1278 3564 1332; x_wconf 64' lang='lat' dir='ltr'><strong>vitae</strong></span> <span class='ocrx_word' id='word_1_79' title='bbox 3581 1291 3719 1347; x_wconf 66' lang='lat' dir='ltr'><strong>prae-</strong></span> 
     </span>
    </p>
   </div>
   <div class='ocr_carea' id='block_1_11' title="bbox 429 1372 3724 1449">
    <p class='ocr_par' dir='ltr' id='par_1_11' title="bbox 429 1372 3724 1449">
     <span class='ocr_line' id='line_1_12' title="bbox 429 1372 3724 1449; baseline -0.004 -14"><span class='ocrx_word' id='word_1_80' title='bbox 429 1386 581 1449; x_wconf 84' lang='lat' dir='ltr'><strong>cepta</strong></span> <span class='ocrx_word' id='word_1_81' title='bbox 599 1380 966 1445; x_wconf 79' lang='lat' dir='ltr'><strong>continentur;</strong></span> <span class='ocrx_word' id='word_1_82' title='bbox 1002 1378 1193 1448; x_wconf 90' lang='lat' dir='ltr'><strong>quibus</strong></span> <span class='ocrx_word' id='word_1_83' title='bbox 1217 1377 1464 1434; x_wconf 86' lang='lat' dir='ltr'><strong>videlicet</strong></span> <span class='ocrx_word' id='word_1_84' title='bbox 1489 1379 1539 1431; x_wconf 93' lang='lat' dir='ltr'><strong>in</strong></span> <span class='ocrx_word' id='word_1_85' title='bbox 1565 1385 1856 1448; x_wconf 91' lang='lat' dir='ltr'><strong>conspectu</strong></span> <span class='ocrx_word' id='word_1_86' title='bbox 1883 1378 2089 1447; x_wconf 87' lang='lat' dir='ltr'><strong>positis,</strong></span> <span class='ocrx_word' id='word_1_87' title='bbox 2122 1378 2166 1433; x_wconf 94' lang='lat' dir='ltr'><strong>si</strong></span> <span class='ocrx_word' id='word_1_88' title='bbox 2187 1378 2295 1433; x_wconf 92' lang='lat' dir='ltr'><strong>ulla</strong></span> <span class='ocrx_word' id='word_1_89' title='bbox 2320 1386 2404 1433; x_wconf 89' lang='lat' dir='ltr'><strong>est</strong></span> <span class='ocrx_word' id='word_1_90' title='bbox 2441 1378 2493 1432; x_wconf 92' lang='lat' dir='ltr'><strong>in</strong></span> <span class='ocrx_word' id='word_1_91' title='bbox 2524 1376 2763 1432; x_wconf 89' lang='lat' dir='ltr'><strong>moribus</strong></span> <span class='ocrx_word' id='word_1_92' title='bbox 2807 1374 2977 1443; x_wconf 92' lang='lat' dir='ltr'><strong>labes,</strong></span> <span class='ocrx_word' id='word_1_93' title='bbox 3011 1375 3057 1430; x_wconf 87' lang='lat' dir='ltr'><strong>si</strong></span> <span class='ocrx_word' id='word_1_94' title='bbox 3085 1374 3252 1430; x_wconf 89' lang='lat' dir='ltr'><strong>decus</strong></span> <span class='ocrx_word' id='word_1_95' title='bbox 3276 1372 3586 1443; x_wconf 86' lang='lat' dir='ltr'><strong>speciesque</strong></span> <span class='ocrx_word' id='word_1_96' title='bbox 3613 1383 3724 1424; x_wconf 89' lang='lat' dir='ltr'><strong>non</strong></span> 
     </span>
    </p>
   </div>
   <div class='ocr_carea' id='block_1_12' title="bbox 431 1470 3728 1548">
    <p class='ocr_par' dir='ltr' id='par_1_12' title="bbox 431 1470 3728 1548">
     <span class='ocr_line' id='line_1_13' title="bbox 431 1470 3728 1548; baseline -0.001 -22"><span class='ocrx_word' id='word_1_97' title='bbox 431 1473 685 1527; x_wconf 83' lang='lat' dir='ltr'><strong>ementita</strong></span> <span class='ocrx_word' id='word_1_98' title='bbox 712 1473 923 1542; x_wconf 84' lang='lat' dir='ltr'><strong>pietatis</strong></span> <span class='ocrx_word' id='word_1_99' title='bbox 946 1474 997 1527; x_wconf 91' lang='lat' dir='ltr'><strong>in</strong></span> <span class='ocrx_word' id='word_1_100' title='bbox 1020 1472 1201 1528; x_wconf 89' lang='lat' dir='ltr'><strong>animo</strong></span> <span class='ocrx_word' id='word_1_101' title='bbox 1229 1474 1441 1539; x_wconf 90' lang='lat' dir='ltr'><strong>insidet,</strong></span> <span class='ocrx_word' id='word_1_102' title='bbox 1471 1474 1677 1529; x_wconf 80' lang='lat' dir='ltr'><strong>facilius</strong></span> <span class='ocrx_word' id='word_1_103' title='bbox 1702 1474 2042 1544; x_wconf 76' lang='lat' dir='ltr'><strong>diiudicatur.</strong></span> <span class='ocrx_word' id='word_1_104' title='bbox 2083 1476 2207 1531; x_wconf 66' lang='lat' dir='ltr'><strong>Haec</strong></span> <span class='ocrx_word' id='word_1_105' title='bbox 2236 1476 2414 1548; x_wconf 90' lang='lat' dir='ltr'><strong>itaque</strong></span> <span class='ocrx_word' id='word_1_106' title='bbox 2440 1485 2704 1547; x_wconf 61' lang='lat' dir='ltr'><strong>praecepta</strong></span> <span class='ocrx_word' id='word_1_107' title='bbox 2739 1475 2798 1530; x_wconf 91' lang='lat' dir='ltr'><strong>S.</strong></span> <span class='ocrx_word' id='word_1_108' title='bbox 2838 1475 3073 1531; x_wconf 90' lang='lat' dir='ltr'><strong>doctoris</strong></span> <span class='ocrx_word' id='word_1_109' title='bbox 3098 1474 3378 1546; x_wconf 78' lang='lat' dir='ltr'><strong>Augustini</strong></span> <span class='ocrx_word' id='word_1_110' title='bbox 3401 1472 3579 1529; x_wconf 88' lang='lat' dir='ltr'><strong>studio</strong></span> <span class='ocrx_word' id='word_1_111' title='bbox 3608 1470 3728 1526; x_wconf 87' lang='lat' dir='ltr'><strong>col-</strong></span> 
     </span>
    </p>
   </div>
   <div class='ocr_carea' id='block_1_13' title="bbox 433 1560 3728 1638">
    <p class='ocr_par' dir='ltr' id='par_1_13' title="bbox 433 1560 3728 1638">
     <span class='ocr_line' id='line_1_14' title="bbox 433 1560 3728 1638; baseline 0 -22"><span class='ocrx_word' id='word_1_112' title='bbox 433 1564 570 1619; x_wconf 88' lang='lat' dir='ltr'><strong>lecta</strong></span> <span class='ocrx_word' id='word_1_113' title='bbox 591 1563 756 1620; x_wconf 86' lang='lat' dir='ltr'><strong>fuisse</strong></span> <span class='ocrx_word' id='word_1_114' title='bbox 782 1564 836 1618; x_wconf 92' lang='lat' dir='ltr'><strong>in</strong></span> <span class='ocrx_word' id='word_1_115' title='bbox 863 1580 1026 1619; x_wconf 92' lang='lat' dir='ltr'><strong>unum</strong></span> <span class='ocrx_word' id='word_1_116' title='bbox 1052 1565 1268 1632; x_wconf 89' lang='lat' dir='ltr'><strong>librum,</strong></span> <span class='ocrx_word' id='word_1_117' title='bbox 1293 1566 1377 1620; x_wconf 91' lang='lat' dir='ltr'><strong>cui</strong></span> <span class='ocrx_word' id='word_1_118' title='bbox 1404 1565 1629 1635; x_wconf 89' lang='lat' dir='ltr'><strong>Speculo</strong></span> <span class='ocrx_word' id='word_1_119' title='bbox 1650 1581 1842 1622; x_wconf 88' lang='lat' dir='ltr'><strong>nomen</strong></span> <span class='ocrx_word' id='word_1_120' title='bbox 1869 1567 1936 1620; x_wconf 93' lang='lat' dir='ltr'><strong>ab</strong></span> <span class='ocrx_word' id='word_1_121' title='bbox 1958 1566 2074 1638; x_wconf 91' lang='lat' dir='ltr'><strong>ipso</strong></span> <span class='ocrx_word' id='word_1_122' title='bbox 2104 1567 2325 1623; x_wconf 92' lang='lat' dir='ltr'><strong>inditum</strong></span> <span class='ocrx_word' id='word_1_123' title='bbox 2348 1575 2449 1633; x_wconf 89' lang='lat' dir='ltr'><strong>est,</strong></span> <span class='ocrx_word' id='word_1_124' title='bbox 2480 1567 2640 1623; x_wconf 87' lang='lat' dir='ltr'><strong>fidem</strong></span> <span class='ocrx_word' id='word_1_125' title='bbox 2669 1567 2794 1623; x_wconf 87' lang='lat' dir='ltr'><strong>facit</strong></span> <span class='ocrx_word' id='word_1_126' title='bbox 2816 1566 3091 1622; x_wconf 88' lang='lat' dir='ltr'><strong>Possidius</strong></span> <span class='ocrx_word' id='word_1_127' title='bbox 3112 1567 3164 1622; x_wconf 93' lang='lat' dir='ltr'><strong>in</strong></span> <span class='ocrx_word' id='word_1_128' title='bbox 3182 1567 3299 1636; x_wconf 84' lang='lat' dir='ltr'><strong>ejus</strong></span> <span class='ocrx_word' id='word_1_129' title='bbox 3322 1566 3448 1631; x_wconf 87' lang='lat' dir='ltr'><strong>vita,</strong></span> <span class='ocrx_word' id='word_1_130' title='bbox 3481 1579 3599 1634; x_wconf 90' lang='lat' dir='ltr'><strong>cap.</strong></span> <span class='ocrx_word' id='word_1_131' title='bbox 3619 1560 3728 1628; x_wconf 72' lang='lat'><strong>28;</strong></span> 
     </span>
    </p>
   </div>
   <div class='ocr_carea' id='block_1_14' title="bbox 429 1653 3727 1729">
    <p class='ocr_par' dir='ltr' id='par_1_14' title="bbox 429 1653 3727 1729">
     <span class='ocr_line' id='line_1_15' title="bbox 429 1653 3727 1729; baseline -0.001 -19"><span class='ocrx_word' id='word_1_132' title='bbox 429 1670 535 1727; x_wconf 89' lang='lat' dir='ltr'><strong>quo</strong></span> <span class='ocrx_word' id='word_1_133' title='bbox 563 1655 680 1709; x_wconf 91' lang='lat' dir='ltr'><strong>loco</strong></span> <span class='ocrx_word' id='word_1_134' title='bbox 704 1656 980 1711; x_wconf 89' lang='lat' dir='ltr'><strong>recensitis</strong></span> <span class='ocrx_word' id='word_1_135' title='bbox 1005 1664 1130 1711; x_wconf 89' lang='lat' dir='ltr'><strong>ante</strong></span> <span class='ocrx_word' id='word_1_136' title='bbox 1157 1656 1616 1711; x_wconf 82' lang='lat' dir='ltr'><strong>Rctractationum</strong></span> <span class='ocrx_word' id='word_1_137' title='bbox 1640 1657 1811 1723; x_wconf 85' lang='lat' dir='ltr'><strong>libris,</strong></span> <span class='ocrx_word' id='word_1_138' title='bbox 1841 1658 2177 1713; x_wconf 81' lang='lat' dir='ltr'><strong>continenter</strong></span> <span class='ocrx_word' id='word_1_139' title='bbox 2204 1658 2417 1727; x_wconf 90' lang='lat' dir='ltr'><strong>subjicit</strong></span> <span class='ocrx_word' id='word_1_140' title='bbox 2453 1676 2466 1712; x_wconf 90' lang='lat'><strong>:</strong></span> <span class='ocrx_word' id='word_1_141' title='bbox 2498 1658 2697 1729; x_wconf 81' lang='lat' dir='ltr'><strong>Quique</strong></span> <span class='ocrx_word' id='word_1_142' title='bbox 2722 1656 2959 1727; x_wconf 75' lang='lat' dir='ltr'><strong>prodesse</strong></span> <span class='ocrx_word' id='word_1_143' title='bbox 2980 1656 3210 1711; x_wconf 86' lang='lat' dir='ltr'><strong>omnibus</strong></span> <span class='ocrx_word' id='word_1_144' title='bbox 3246 1656 3439 1721; x_wconf 81' lang='lat' dir='ltr'><strong>uolens,</strong></span> <span class='ocrx_word' id='word_1_145' title='bbox 3470 1663 3517 1709; x_wconf 87' lang='lat' dir='ltr'><strong>et</strong></span> <span class='ocrx_word' id='word_1_146' title='bbox 3546 1653 3727 1708; x_wconf 83' lang='lat' dir='ltr'><strong>volen-</strong></span> 
     </span>
    </p>
   </div>
   <div class='ocr_carea' id='block_1_15' title="bbox 430 1745 3730 1821">
    <p class='ocr_par' dir='ltr' id='par_1_15' title="bbox 430 1745 3730 1821">
     <span class='ocr_line' id='line_1_16' title="bbox 430 1745 3730 1821; baseline -0.001 -22"><span class='ocrx_word' id='word_1_147' title='bbox 430 1745 559 1799; x_wconf 87' lang='lat' dir='ltr'><strong>tibus</strong></span> <span class='ocrx_word' id='word_1_148' title='bbox 576 1748 735 1801; x_wconf 85' lang='lat' dir='ltr'><strong>multa</strong></span> <span class='ocrx_word' id='word_1_149' title='bbox 763 1747 1007 1801; x_wconf 80' lang='lat' dir='ltr'><strong>librorum</strong></span> <span class='ocrx_word' id='word_1_150' title='bbox 1031 1748 1193 1819; x_wconf 85' lang='lat' dir='ltr'><strong>legere</strong></span> <span class='ocrx_word' id='word_1_151' title='bbox 1220 1758 1267 1802; x_wconf 91' lang='lat' dir='ltr'><strong>et</strong></span> <span class='ocrx_word' id='word_1_152' title='bbox 1290 1765 1392 1803; x_wconf 86' lang='lat' dir='ltr'><strong>non</strong></span> <span class='ocrx_word' id='word_1_153' title='bbox 1417 1748 1716 1815; x_wconf 84' lang='lat' dir='ltr'><strong>valentibus,</strong></span> <span class='ocrx_word' id='word_1_154' title='bbox 1751 1765 1813 1803; x_wconf 83' lang='lat' dir='ltr'><strong>ea:</strong></span> <span class='ocrx_word' id='word_1_155' title='bbox 1857 1759 2067 1819; x_wconf 88' lang='lat' dir='ltr'><strong>utroque</strong></span> <span class='ocrx_word' id='word_1_156' title='bbox 2098 1749 2267 1805; x_wconf 85' lang='lat' dir='ltr'><strong>divino</strong></span> <span class='ocrx_word' id='word_1_157' title='bbox 2299 1749 2634 1816; x_wconf 82' lang='lat' dir='ltr'><strong>Testamento,</strong></span> <span class='ocrx_word' id='word_1_158' title='bbox 2678 1747 2853 1804; x_wconf 84' lang='lat' dir='ltr'><strong>Vetere</strong></span> <span class='ocrx_word' id='word_1_159' title='bbox 2871 1756 2916 1802; x_wconf 91' lang='lat' dir='ltr'><strong>et</strong></span> <span class='ocrx_word' id='word_1_160' title='bbox 2938 1747 3108 1815; x_wconf 88' lang='lat' dir='ltr'><strong>Novo,</strong></span> <span class='ocrx_word' id='word_1_161' title='bbox 3141 1749 3403 1821; x_wconf 64' lang='lat' dir='ltr'><strong>praemissa</strong></span> <span class='ocrx_word' id='word_1_162' title='bbox 3426 1750 3730 1817; x_wconf 66' lang='lat' dir='ltr'><strong>praefatione</strong></span> 
     </span>
    </p>
   </div>
   <div class='ocr_carea' id='block_1_16' title="bbox 434 1837 3731 1913">
    <p class='ocr_par' dir='ltr' id='par_1_16' title="bbox 434 1837 3731 1913">
     <span class='ocr_line' id='line_1_17' title="bbox 434 1837 3731 1913; baseline 0.002 -24"><span class='ocrx_word' id='word_1_163' title='bbox 434 1846 687 1907; x_wconf 61' lang='lat' dir='ltr'><strong>pra’cepta</strong></span> <span class='ocrx_word' id='word_1_164' title='bbox 710 1837 879 1891; x_wconf 85' lang='lat' dir='ltr'><strong>divina</strong></span> <span class='ocrx_word' id='word_1_165' title='bbox 893 1854 981 1892; x_wconf 86' lang='lat' dir='ltr'><strong>seu</strong></span> <span class='ocrx_word' id='word_1_166' title='bbox 1004 1839 1153 1893; x_wconf 87' lang='lat' dir='ltr'><strong>vetita</strong></span> <span class='ocrx_word' id='word_1_167' title='bbox 1181 1838 1250 1892; x_wconf 91' lang='lat' dir='ltr'><strong>ad</strong></span> <span class='ocrx_word' id='word_1_168' title='bbox 1264 1839 1376 1892; x_wconf 74' lang='lat' dir='ltr'><strong>vita:</strong></span> <span class='ocrx_word' id='word_1_169' title='bbox 1400 1840 1627 1909; x_wconf 88' lang='lat' dir='ltr'><strong>regulam</strong></span> <span class='ocrx_word' id='word_1_170' title='bbox 1658 1839 1961 1908; x_wconf 78' lang='lat' dir='ltr'><strong>pertinentia</strong></span> <span class='ocrx_word' id='word_1_171' title='bbox 2000 1842 2266 1911; x_wconf 72' lang='lat' dir='ltr'><strong>excerpsit,</strong></span> <span class='ocrx_word' id='word_1_172' title='bbox 2295 1850 2444 1913; x_wconf 90' lang='lat' dir='ltr'><strong>atque</strong></span> <span class='ocrx_word' id='word_1_173' title='bbox 2467 1858 2530 1896; x_wconf 73' lang='lat' dir='ltr'><strong>ea:</strong></span> <span class='ocrx_word' id='word_1_174' title='bbox 2557 1840 2635 1895; x_wconf 85' lang='lat' dir='ltr'><strong>his</strong></span> <span class='ocrx_word' id='word_1_175' title='bbox 2663 1857 2822 1895; x_wconf 89' lang='lat' dir='ltr'><strong>unum</strong></span> <span class='ocrx_word' id='word_1_176' title='bbox 2839 1839 3064 1895; x_wconf 90' lang='lat' dir='ltr'><strong>codicem</strong></span> <span class='ocrx_word' id='word_1_177' title='bbox 3102 1840 3219 1910; x_wconf 80' lang='lat' dir='ltr'><strong>fecit</strong></span> <span class='ocrx_word' id='word_1_178' title='bbox 3248 1856 3267 1894; x_wconf 93' lang='lat'><strong><em>:</em></strong></span> <span class='ocrx_word' id='word_1_179' title='bbox 3286 1849 3344 1893; x_wconf 91' lang='lat' dir='ltr'><strong>ut</strong></span> <span class='ocrx_word' id='word_1_180' title='bbox 3371 1839 3458 1910; x_wconf 86' lang='lat' dir='ltr'><strong>qui</strong></span> <span class='ocrx_word' id='word_1_181' title='bbox 3481 1838 3625 1893; x_wconf 82' lang='lat' dir='ltr'><strong>uellet</strong></span> <span class='ocrx_word' id='word_1_182' title='bbox 3650 1839 3731 1894; x_wconf 85' lang='lat' dir='ltr'><strong>le-</strong></span> 
     </span>
    </p>
   </div>
   <div class='ocr_carea' id='block_1_17' title="bbox 436 1929 3731 2005">
    <p class='ocr_par' dir='ltr' id='par_1_17' title="bbox 436 1929 3731 2005">
     <span class='ocr_line' id='line_1_18' title="bbox 436 1929 3731 2005; baseline 0.001 -20"><span class='ocrx_word' id='word_1_183' title='bbox 436 1938 589 2000; x_wconf 81' lang='lat' dir='ltr'><strong>geret,</strong></span> <span class='ocrx_word' id='word_1_184' title='bbox 612 1931 830 2003; x_wconf 89' lang='lat' dir='ltr'><strong>atquein</strong></span> <span class='ocrx_word' id='word_1_185' title='bbox 854 1947 912 1985; x_wconf 91' lang='lat' dir='ltr'><strong>eo</strong></span> <span class='ocrx_word' id='word_1_186' title='bbox 934 1931 1011 1985; x_wconf 83' lang='lat' dir='ltr'><strong>vel</strong></span> <span class='ocrx_word' id='word_1_187' title='bbox 1046 1948 1197 1999; x_wconf 86' lang='lat' dir='ltr'><strong>quam</strong></span> <span class='ocrx_word' id='word_1_188' title='bbox 1223 1932 1457 1986; x_wconf 87' lang='lat' dir='ltr'><strong>obediens</strong></span> <span class='ocrx_word' id='word_1_189' title='bbox 1486 1930 1614 1997; x_wconf 87' lang='lat' dir='ltr'><strong>Deo,</strong></span> <span class='ocrx_word' id='word_1_190' title='bbox 1659 1932 2007 1987; x_wconf 86' lang='lat' dir='ltr'><strong>inobedlensve</strong></span> <span class='ocrx_word' id='word_1_191' title='bbox 2036 1942 2161 1988; x_wconf 85' lang='lat' dir='ltr'><strong>esset</strong></span> <span class='ocrx_word' id='word_1_192' title='bbox 2180 1943 2470 2005; x_wconf 84' lang='lat' dir='ltr'><strong>agnosceret</strong></span> <span class='ocrx_word' id='word_1_193' title='bbox 2494 1949 2513 1987; x_wconf 92' lang='lat'><strong><em>:</em></strong></span> <span class='ocrx_word' id='word_1_194' title='bbox 2537 1942 2584 1987; x_wconf 90' lang='lat' dir='ltr'><strong>et</strong></span> <span class='ocrx_word' id='word_1_195' title='bbox 2632 1933 2726 1987; x_wconf 82' lang='lat' dir='ltr'><strong>hoc</strong></span> <span class='ocrx_word' id='word_1_196' title='bbox 2763 1949 2891 2004; x_wconf 88' lang='lat' dir='ltr'><strong>opus</strong></span> <span class='ocrx_word' id='word_1_197' title='bbox 2941 1932 3097 1986; x_wconf 82' lang='lat' dir='ltr'><strong>uoluit</strong></span> <span class='ocrx_word' id='word_1_198' title='bbox 3138 1932 3417 2001; x_wconf 83' lang='lat' dir='ltr'><strong>Speculum</strong></span> <span class='ocrx_word' id='word_1_199' title='bbox 3434 1929 3731 2001; x_wconf 82' lang='lat' dir='ltr'><strong>appellare.</strong></span> 
     </span>
    </p>
   </div>
   <div class='ocr_carea' id='block_1_18' title="bbox 434 2020 3732 2093">
    <p class='ocr_par' dir='ltr' id='par_1_18' title="bbox 434 2020 3732 2093">
     <span class='ocr_line' id='line_1_19' title="bbox 434 2020 3732 2093; baseline 0.001 -19"><span class='ocrx_word' id='word_1_200' title='bbox 434 2021 567 2074; x_wconf 84' lang='lat' dir='ltr'><strong>Tum</strong></span> <span class='ocrx_word' id='word_1_201' title='bbox 588 2036 717 2075; x_wconf 88' lang='lat' dir='ltr'><strong>vero</strong></span> <span class='ocrx_word' id='word_1_202' title='bbox 748 2020 1104 2076; x_wconf 80' lang='lat' dir='ltr'><strong>Vandalorum</strong></span> <span class='ocrx_word' id='word_1_203' title='bbox 1132 2022 1186 2075; x_wconf 92' lang='lat' dir='ltr'><strong>in</strong></span> <span class='ocrx_word' id='word_1_204' title='bbox 1216 2020 1448 2075; x_wconf 86' lang='lat' dir='ltr'><strong>Africam</strong></span> <span class='ocrx_word' id='word_1_205' title='bbox 1493 2021 1861 2092; x_wconf 89' lang='lat' dir='ltr'><strong>irruptionem,</strong></span> <span class='ocrx_word' id='word_1_206' title='bbox 1885 2039 2005 2092; x_wconf 71' lang='lat' dir='ltr'><strong>qua“:</strong></span> <span class='ocrx_word' id='word_1_207' title='bbox 2024 2023 2091 2079; x_wconf 90' lang='lat' dir='ltr'><strong>ad</strong></span> <span class='ocrx_word' id='word_1_208' title='bbox 2121 2040 2318 2079; x_wconf 88' lang='lat' dir='ltr'><strong>annum</strong></span> <span class='ocrx_word' id='word_1_209' title='bbox 2341 2023 2537 2079; x_wconf 87' lang='lat' dir='ltr'><strong>Christi</strong></span> <span class='ocrx_word' id='word_1_210' title='bbox 2563 2024 2669 2078; x_wconf 69' lang='lat'><strong>428</strong></span> <span class='ocrx_word' id='word_1_211' title='bbox 2685 2024 2937 2092; x_wconf 88' lang='lat' dir='ltr'><strong>pertinet,</strong></span> <span class='ocrx_word' id='word_1_212' title='bbox 2968 2023 3117 2078; x_wconf 85' lang='lat' dir='ltr'><strong>brevi</strong></span> <span class='ocrx_word' id='word_1_213' title='bbox 3138 2032 3260 2093; x_wconf 91' lang='lat' dir='ltr'><strong>post</strong></span> <span class='ocrx_word' id='word_1_214' title='bbox 3282 2032 3523 2092; x_wconf 88' lang='lat' dir='ltr'><strong>tempore</strong></span> <span class='ocrx_word' id='word_1_215' title='bbox 3550 2023 3732 2077; x_wconf 80' lang='lat' dir='ltr'><strong>conti-</strong></span> 
     </span>
    </p>
   </div>
   <div class='ocr_carea' id='block_1_19' title="bbox 433 2110 3734 2185">
    <p class='ocr_par' dir='ltr' id='par_1_19' title="bbox 433 2110 3734 2185">
     <span class='ocr_line' id='line_1_20' title="bbox 433 2110 3734 2185; baseline -0 -18"><span class='ocrx_word' id='word_1_216' title='bbox 433 2112 575 2182; x_wconf 88' lang='lat' dir='ltr'><strong>gisse</strong></span> <span class='ocrx_word' id='word_1_217' title='bbox 595 2112 781 2167; x_wconf 88' lang='lat' dir='ltr'><strong>refert.</strong></span> <span class='ocrx_word' id='word_1_218' title='bbox 809 2112 963 2169; x_wconf 90' lang='lat' dir='ltr'><strong>Unde</strong></span> <span class='ocrx_word' id='word_1_219' title='bbox 993 2113 1259 2183; x_wconf 79' lang='lat' dir='ltr'><strong>intelligas</strong></span> <span class='ocrx_word' id='word_1_220' title='bbox 1287 2128 1422 2183; x_wconf 91' lang='lat' dir='ltr'><strong>opus</strong></span> <span class='ocrx_word' id='word_1_221' title='bbox 1452 2114 1589 2167; x_wconf 92' lang='lat' dir='ltr'><strong>istud</strong></span> <span class='ocrx_word' id='word_1_222' title='bbox 1609 2128 1729 2168; x_wconf 89' lang='lat' dir='ltr'><strong>esse</strong></span> <span class='ocrx_word' id='word_1_223' title='bbox 1747 2114 1871 2169; x_wconf 92' lang='lat' dir='ltr'><strong>anni</strong></span> <span class='ocrx_word' id='word_1_224' title='bbox 1899 2113 2011 2170; x_wconf 86' lang='lat' dir='ltr'><strong>fere</strong></span> <span class='ocrx_word' id='word_1_225' title='bbox 2047 2114 2171 2177; x_wconf 67' lang='lat'><strong>4‘27,</strong></span> <span class='ocrx_word' id='word_1_226' title='bbox 2198 2114 2342 2185; x_wconf 89' lang='lat' dir='ltr'><strong>quod</strong></span> <span class='ocrx_word' id='word_1_227' title='bbox 2380 2114 2603 2169; x_wconf 90' lang='lat' dir='ltr'><strong>subinde</strong></span> <span class='ocrx_word' id='word_1_228' title='bbox 2641 2114 2779 2169; x_wconf 90' lang='lat' dir='ltr'><strong>inter</strong></span> <span class='ocrx_word' id='word_1_229' title='bbox 2816 2112 3075 2183; x_wconf 86' lang='lat' dir='ltr'><strong>opuscula</strong></span> <span class='ocrx_word' id='word_1_230' title='bbox 3100 2113 3551 2169; x_wconf 77' lang='lat' dir='ltr'><strong>Retractationum</strong></span> <span class='ocrx_word' id='word_1_231' title='bbox 3574 2110 3734 2167; x_wconf 74' lang='lat' dir='ltr'><strong>libris</strong></span> 
     </span>
    </p>
   </div>
   <div class='ocr_carea' id='block_1_20' title="bbox 436 2204 3732 2278">
    <p class='ocr_par' dir='ltr' id='par_1_20' title="bbox 436 2204 3732 2278">
     <span class='ocr_line' id='line_1_21' title="bbox 436 2204 3732 2278; baseline 0 -19"><span class='ocrx_word' id='word_1_232' title='bbox 436 2205 704 2273; x_wconf 87' lang='lat' dir='ltr'><strong>posterius</strong></span> <span class='ocrx_word' id='word_1_233' title='bbox 743 2205 884 2260; x_wconf 83' lang='lat' dir='ltr'><strong>edita</strong></span> <span class='ocrx_word' id='word_1_234' title='bbox 924 2215 1236 2262; x_wconf 87' lang='lat' dir='ltr'><strong>numeratur</strong></span> <span class='ocrx_word' id='word_1_235' title='bbox 1288 2208 1339 2261; x_wconf 92' lang='lat' dir='ltr'><strong>in</strong></span> <span class='ocrx_word' id='word_1_236' title='bbox 1381 2208 1609 2278; x_wconf 88' lang='lat' dir='ltr'><strong>antiquis</strong></span> <span class='ocrx_word' id='word_1_237' title='bbox 1630 2209 1925 2275; x_wconf 88' lang='lat' dir='ltr'><strong>codicibus,</strong></span> <span class='ocrx_word' id='word_1_238' title='bbox 1948 2211 2024 2265; x_wconf 89' lang='lat' dir='ltr'><strong>uti</strong></span> <span class='ocrx_word' id='word_1_239' title='bbox 2046 2210 2099 2265; x_wconf 92' lang='lat' dir='ltr'><strong>in</strong></span> <span class='ocrx_word' id='word_1_240' title='bbox 2124 2212 2579 2268; x_wconf 83' lang='lat' dir='ltr'><strong>Retractationum</strong></span> <span class='ocrx_word' id='word_1_241' title='bbox 2609 2213 2717 2268; x_wconf 88' lang='lat' dir='ltr'><strong>fine</strong></span> <span class='ocrx_word' id='word_1_242' title='bbox 2735 2212 2889 2267; x_wconf 91' lang='lat' dir='ltr'><strong>Tom.</strong></span> <span class='ocrx_word' id='word_1_243' title='bbox 2921 2212 2946 2266; x_wconf 81' lang='lat' dir='ltr'><strong>l</strong></span> <span class='ocrx_word' id='word_1_244' title='bbox 2978 2219 3291 2267; x_wconf 88' lang='lat' dir='ltr'><strong>annotatum</strong></span> <span class='ocrx_word' id='word_1_245' title='bbox 3315 2207 3433 2263; x_wconf 86' lang='lat' dir='ltr'><strong>fuit.</strong></span> <span class='ocrx_word' id='word_1_246' title='bbox 3465 2204 3732 2262; x_wconf 83' lang='lat' dir='ltr'><strong>Eumdcm</strong></span> 
     </span>
    </p>
   </div>
   <div class='ocr_carea' id='block_1_21' title="bbox 434 2294 3731 2370">
    <p class='ocr_par' dir='ltr' id='par_1_21' title="bbox 434 2294 3731 2370">
     <span class='ocr_line' id='line_1_22' title="bbox 434 2294 3731 2370; baseline 0 -21"><span class='ocrx_word' id='word_1_247' title='bbox 434 2296 626 2351; x_wconf 91' lang='lat' dir='ltr'><strong>librum</strong></span> <span class='ocrx_word' id='word_1_248' title='bbox 670 2297 832 2366; x_wconf 89' lang='lat' dir='ltr'><strong>probe</strong></span> <span class='ocrx_word' id='word_1_249' title='bbox 876 2298 1144 2368; x_wconf 86' lang='lat' dir='ltr'><strong>cognitum</strong></span> <span class='ocrx_word' id='word_1_250' title='bbox 1176 2313 1236 2354; x_wconf 90' lang='lat' dir='ltr'><strong>se</strong></span> <span class='ocrx_word' id='word_1_251' title='bbox 1260 2299 1511 2355; x_wconf 82' lang='lat' dir='ltr'><strong>habuisse</strong></span> <span class='ocrx_word' id='word_1_252' title='bbox 1550 2299 1813 2369; x_wconf 83' lang='lat' dir='ltr'><strong>significat</strong></span> <span class='ocrx_word' id='word_1_253' title='bbox 1834 2300 2184 2358; x_wconf 90' lang='lat' dir='ltr'><strong>Cassiodorus</strong></span> <span class='ocrx_word' id='word_1_254' title='bbox 2213 2314 2429 2359; x_wconf 88' lang='lat' dir='ltr'><strong>senator</strong></span> <span class='ocrx_word' id='word_1_255' title='bbox 2454 2304 2509 2358; x_wconf 90' lang='lat' dir='ltr'><strong>in</strong></span> <span class='ocrx_word' id='word_1_256' title='bbox 2533 2302 2624 2358; x_wconf 92' lang='lat' dir='ltr'><strong>lib.</strong></span> <span class='ocrx_word' id='word_1_257' title='bbox 2658 2303 2726 2359; x_wconf 91' lang='lat' dir='ltr'><strong>de</strong></span> <span class='ocrx_word' id='word_1_258' title='bbox 2756 2303 3089 2359; x_wconf 87' lang='lat' dir='ltr'><strong>Institutione</strong></span> <span class='ocrx_word' id='word_1_259' title='bbox 3118 2301 3227 2356; x_wconf 88' lang='lat' dir='ltr'><strong>div.</strong></span> <span class='ocrx_word' id='word_1_260' title='bbox 3255 2299 3453 2370; x_wconf 89' lang='lat' dir='ltr'><strong>Script.</strong></span> <span class='ocrx_word' id='word_1_261' title='bbox 3483 2312 3600 2366; x_wconf 90' lang='lat' dir='ltr'><strong>cap.</strong></span> <span class='ocrx_word' id='word_1_262' title='bbox 3633 2294 3731 2361; x_wconf 72' lang='lat'><strong>16,</strong></span> 
     </span>
    </p>
   </div>
   <div class='ocr_carea' id='block_1_22' title="bbox 435 2384 3734 2465">
    <p class='ocr_par' dir='ltr' id='par_1_22' title="bbox 435 2384 3734 2465">
     <span class='ocr_line' id='line_1_23' title="bbox 435 2384 3734 2465; baseline -0.001 -24"><span class='ocrx_word' id='word_1_263' title='bbox 435 2388 585 2444; x_wconf 89' lang='lat' dir='ltr'><strong>hisce</strong></span> <span class='ocrx_word' id='word_1_264' title='bbox 607 2390 784 2444; x_wconf 86' lang='lat' dir='ltr'><strong>verbis</strong></span> <span class='ocrx_word' id='word_1_265' title='bbox 811 2407 824 2442; x_wconf 92' lang='lat'>:</span> <span class='ocrx_word' id='word_1_266' title='bbox 857 2389 1006 2445; x_wconf 88' lang='lat' dir='ltr'><strong>Liber</strong></span> <span class='ocrx_word' id='word_1_267' title='bbox 1026 2391 1251 2462; x_wconf 81' lang='lat' dir='ltr'><strong>ejusdem</strong></span> <span class='ocrx_word' id='word_1_268' title='bbox 1280 2391 1547 2459; x_wconf 83' lang='lat' dir='ltr'><strong>Augustini</strong></span> <span class='ocrx_word' id='word_1_269' title='bbox 1574 2393 1717 2461; x_wconf 87' lang='lat' dir='ltr'><strong>quasi</strong></span> <span class='ocrx_word' id='word_1_270' title='bbox 1743 2392 2080 2463; x_wconf 73' lang='lat' dir='ltr'><strong>philosophia:</strong></span> <span class='ocrx_word' id='word_1_271' title='bbox 2103 2393 2330 2461; x_wconf 84' lang='lat' dir='ltr'><strong>moralis,</strong></span> <span class='ocrx_word' id='word_1_272' title='bbox 2362 2410 2512 2465; x_wconf 88' lang='lat' dir='ltr'><strong>quem</strong></span> <span class='ocrx_word' id='word_1_273' title='bbox 2540 2411 2633 2465; x_wconf 92' lang='lat' dir='ltr'><strong>pro</strong></span> <span class='ocrx_word' id='word_1_274' title='bbox 2652 2394 2874 2449; x_wconf 86' lang='lat' dir='ltr'><strong>moribus</strong></span> <span class='ocrx_word' id='word_1_275' title='bbox 2893 2392 3212 2449; x_wconf 86' lang='lat' dir='ltr'><strong>instituendis</strong></span> <span class='ocrx_word' id='word_1_276' title='bbox 3237 2398 3385 2460; x_wconf 82' lang='lat' dir='ltr'><strong>atque</strong></span> <span class='ocrx_word' id='word_1_277' title='bbox 3416 2384 3734 2457; x_wconf 82' lang='lat' dir='ltr'><strong>corrigendis</strong></span> 
     </span>
    </p>
   </div>
   <div class='ocr_carea' id='block_1_23' title="bbox 435 2478 2857 2556">
    <p class='ocr_par' dir='ltr' id='par_1_23' title="bbox 435 2478 2857 2556">
     <span class='ocr_line' id='line_1_24' title="bbox 435 2478 2857 2556; baseline 0.002 -24"><span class='ocrx_word' id='word_1_278' title='bbox 435 2493 496 2532; x_wconf 80' lang='lat' dir='ltr'><strong>ea:</strong></span> <span class='ocrx_word' id='word_1_279' title='bbox 518 2478 688 2532; x_wconf 84' lang='lat' dir='ltr'><strong>divina</strong></span> <span class='ocrx_word' id='word_1_280' title='bbox 706 2479 1004 2533; x_wconf 77' lang='lat' dir='ltr'><strong>auctoritate</strong></span> <span class='ocrx_word' id='word_1_281' title='bbox 1026 2480 1246 2550; x_wconf 83' lang='lat' dir='ltr'><strong>collegit,</strong></span> <span class='ocrx_word' id='word_1_282' title='bbox 1280 2479 1652 2552; x_wconf 86' lang='lat' dir='ltr'><strong>Speculumque</strong></span> <span class='ocrx_word' id='word_1_283' title='bbox 1672 2482 1966 2549; x_wconf 87' lang='lat' dir='ltr'><strong>nominavit,</strong></span> <span class='ocrx_word' id='word_1_284' title='bbox 1989 2498 2175 2553; x_wconf 86' lang='lat' dir='ltr'><strong>magna</strong></span> <span class='ocrx_word' id='word_1_285' title='bbox 2202 2484 2478 2538; x_wconf 86' lang='lat' dir='ltr'><strong>intentione</strong></span> <span class='ocrx_word' id='word_1_286' title='bbox 2497 2484 2736 2556; x_wconf 86' lang='lat' dir='ltr'><strong>legendus</strong></span> <span class='ocrx_word' id='word_1_287' title='bbox 2763 2493 2857 2539; x_wconf 90' lang='lat' dir='ltr'><strong>est.</strong></span> 
     </span>
    </p>
   </div>
   <div class='ocr_carea' id='block_1_24' title="bbox 508 2568 3739 2644">
    <p class='ocr_par' dir='ltr' id='par_1_24' title="bbox 508 2568 3739 2644">
     <span class='ocr_line' id='line_1_25' title="bbox 508 2568 3739 2644; baseline 0.001 -22"><span class='ocrx_word' id='word_1_288' title='bbox 508 2569 674 2624; x_wconf 88' lang='lat' dir='ltr'><strong>Porro</strong></span> <span class='ocrx_word' id='word_1_289' title='bbox 701 2584 823 2624; x_wconf 92' lang='lat' dir='ltr'><strong>cum</strong></span> <span class='ocrx_word' id='word_1_290' title='bbox 845 2569 912 2624; x_wconf 89' lang='lat' dir='ltr'><strong>ad</strong></span> <span class='ocrx_word' id='word_1_291' title='bbox 946 2570 1088 2639; x_wconf 81' lang='lat' dir='ltr'><strong>vulgi</strong></span> <span class='ocrx_word' id='word_1_292' title='bbox 1116 2585 1270 2624; x_wconf 87' lang='lat' dir='ltr'><strong>usum</strong></span> <span class='ocrx_word' id='word_1_293' title='bbox 1300 2570 1439 2625; x_wconf 91' lang='lat' dir='ltr'><strong>istud</strong></span> <span class='ocrx_word' id='word_1_294' title='bbox 1469 2572 1614 2641; x_wconf 89' lang='lat' dir='ltr'><strong>pium</strong></span> <span class='ocrx_word' id='word_1_295' title='bbox 1641 2586 1774 2641; x_wconf 91' lang='lat' dir='ltr'><strong>opus</strong></span> <span class='ocrx_word' id='word_1_296' title='bbox 1801 2583 2135 2644; x_wconf 87' lang='lat' dir='ltr'><strong>compararet</strong></span> <span class='ocrx_word' id='word_1_297' title='bbox 2167 2572 2223 2629; x_wconf 92' lang='lat' dir='ltr'><strong>S.</strong></span> <span class='ocrx_word' id='word_1_298' title='bbox 2256 2575 2470 2640; x_wconf 88' lang='lat' dir='ltr'><strong>Doctor,</strong></span> <span class='ocrx_word' id='word_1_299' title='bbox 2504 2588 2570 2628; x_wconf 88' lang='lat' dir='ltr'><strong>eo</strong></span> <span class='ocrx_word' id='word_1_300' title='bbox 2599 2573 2769 2629; x_wconf 88' lang='lat' dir='ltr'><strong>noluit</strong></span> <span class='ocrx_word' id='word_1_301' title='bbox 2800 2572 2903 2629; x_wconf 91' lang='lat' dir='ltr'><strong>nisi</strong></span> <span class='ocrx_word' id='word_1_302' title='bbox 2938 2571 3205 2628; x_wconf 88' lang='lat' dir='ltr'><strong>faciliores</strong></span> <span class='ocrx_word' id='word_1_303' title='bbox 3235 2568 3504 2625; x_wconf 88' lang='lat' dir='ltr'><strong>intellectu</strong></span> <span class='ocrx_word' id='word_1_304' title='bbox 3530 2580 3739 2638; x_wconf 55' lang='lat' dir='ltr'><strong>prace—</strong></span> 
     </span>
    </p>
   </div>
   <div class='ocr_carea' id='block_1_25' title="bbox 438 2662 3738 2735">
    <p class='ocr_par' dir='ltr' id='par_1_25' title="bbox 438 2662 3738 2735">
     <span class='ocr_line' id='line_1_26' title="bbox 438 2662 3738 2735; baseline -0.001 -19"><span class='ocrx_word' id='word_1_305' title='bbox 438 2662 648 2731; x_wconf 91' lang='lat' dir='ltr'><strong>ptiones</strong></span> <span class='ocrx_word' id='word_1_306' title='bbox 694 2664 1093 2732; x_wconf 88' lang='lat' dir='ltr'><strong>comprehendi.</strong></span> <span class='ocrx_word' id='word_1_307' title='bbox 1140 2662 1257 2729; x_wconf 79' lang='lat' dir='ltr'><strong>Quo</strong></span> <span class='ocrx_word' id='word_1_308' title='bbox 1287 2662 1445 2718; x_wconf 85' lang='lat' dir='ltr'><strong>etiam</strong></span> <span class='ocrx_word' id='word_1_309' title='bbox 1477 2664 1700 2718; x_wconf 89' lang='lat' dir='ltr'><strong>consilio</strong></span> <span class='ocrx_word' id='word_1_310' title='bbox 1729 2664 2014 2720; x_wconf 86' lang='lat' dir='ltr'><strong>adductum</strong></span> <span class='ocrx_word' id='word_1_311' title='bbox 2050 2666 2339 2733; x_wconf 89' lang='lat' dir='ltr'><strong>credimus,</strong></span> <span class='ocrx_word' id='word_1_312' title='bbox 2362 2673 2420 2721; x_wconf 90' lang='lat' dir='ltr'><strong>ut</strong></span> <span class='ocrx_word' id='word_1_313' title='bbox 2447 2667 2695 2721; x_wconf 84' lang='lat' dir='ltr'><strong>versione</strong></span> <span class='ocrx_word' id='word_1_314' title='bbox 2721 2673 2960 2722; x_wconf 88' lang='lat' dir='ltr'><strong>uteretur</strong></span> <span class='ocrx_word' id='word_1_315' title='bbox 2986 2680 3093 2720; x_wconf 92' lang='lat' dir='ltr'><strong>non</strong></span> <span class='ocrx_word' id='word_1_316' title='bbox 3122 2679 3190 2720; x_wconf 81' lang='lat' dir='ltr'><strong>ex</strong></span> <span class='ocrx_word' id='word_1_317' title='bbox 3209 2677 3384 2735; x_wconf 66' lang='lat' dir='ltr'><strong>grteco</strong></span> <span class='ocrx_word' id='word_1_318' title='bbox 3412 2677 3535 2727; x_wconf 66' lang='grc' dir='ltr'><strong>ιιι,</strong></span> <span class='ocrx_word' id='word_1_319' title='bbox 3568 2672 3738 2729; x_wconf 77' lang='lat' dir='ltr'><strong>quam</strong></span> 
     </span>
    </p>
   </div>
   <div class='ocr_carea' id='block_1_26' title="bbox 440 2753 3737 2829">
    <p class='ocr_par' dir='ltr' id='par_1_26' title="bbox 440 2753 3737 2829">
     <span class='ocr_line' id='line_1_27' title="bbox 440 2753 3737 2829; baseline 0 -19"><span class='ocrx_word' id='word_1_320' title='bbox 440 2755 589 2824; x_wconf 89' lang='lat' dir='ltr'><strong>sequi</strong></span> <span class='ocrx_word' id='word_1_321' title='bbox 607 2754 830 2821; x_wconf 90' lang='lat' dir='ltr'><strong>solebat,</strong></span> <span class='ocrx_word' id='word_1_322' title='bbox 845 2753 937 2809; x_wconf 90' lang='lat' dir='ltr'><strong>sed</strong></span> <span class='ocrx_word' id='word_1_323' title='bbox 951 2770 1016 2810; x_wconf 79' lang='lat' dir='ltr'><strong>ex</strong></span> <span class='ocrx_word' id='word_1_324' title='bbox 1031 2753 1263 2817; x_wconf 66' lang='lat' dir='ltr'><strong>hebrmo,</strong></span> <span class='ocrx_word' id='word_1_325' title='bbox 1280 2755 1420 2824; x_wconf 90' lang='lat' dir='ltr'><strong>quod</strong></span> <span class='ocrx_word' id='word_1_326' title='bbox 1446 2755 1582 2810; x_wconf 88' lang='lat' dir='ltr'><strong>hanc</strong></span> <span class='ocrx_word' id='word_1_327' title='bbox 1605 2755 1820 2811; x_wconf 89' lang='lat' dir='ltr'><strong>demum</strong></span> <span class='ocrx_word' id='word_1_328' title='bbox 1834 2759 2183 2828; x_wconf 90' lang='lat' dir='ltr'><strong>comperisset</strong></span> <span class='ocrx_word' id='word_1_329' title='bbox 2200 2774 2321 2815; x_wconf 90' lang='lat' dir='ltr'><strong>esse</strong></span> <span class='ocrx_word' id='word_1_330' title='bbox 2338 2758 2424 2813; x_wconf 84' lang='lat' dir='ltr'><strong>illa</strong></span> <span class='ocrx_word' id='word_1_331' title='bbox 2441 2758 2626 2813; x_wconf 91' lang='lat' dir='ltr'><strong>multis</strong></span> <span class='ocrx_word' id='word_1_332' title='bbox 2653 2759 2707 2813; x_wconf 88' lang='lat' dir='ltr'><strong>in</strong></span> <span class='ocrx_word' id='word_1_333' title='bbox 2730 2758 2864 2814; x_wconf 90' lang='lat' dir='ltr'><strong>locis</strong></span> <span class='ocrx_word' id='word_1_334' title='bbox 2893 2758 3204 2829; x_wconf 88' lang='lat' dir='ltr'><strong>planiorem.</strong></span> <span class='ocrx_word' id='word_1_335' title='bbox 3234 2756 3367 2811; x_wconf 88' lang='lat' dir='ltr'><strong>Nam</strong></span> <span class='ocrx_word' id='word_1_336' title='bbox 3390 2755 3493 2810; x_wconf 90' lang='lat' dir='ltr'><strong>hoc</strong></span> <span class='ocrx_word' id='word_1_337' title='bbox 3517 2753 3737 2810; x_wconf 64' lang='lat' dir='ltr'><strong>nomine</strong></span> 
     </span>
    </p>
   </div>
   <div class='ocr_carea' id='block_1_27' title="bbox 439 2845 3737 2920">
    <p class='ocr_par' dir='ltr' id='par_1_27' title="bbox 439 2845 3737 2920">
     <span class='ocr_line' id='line_1_28' title="bbox 439 2845 3737 2920; baseline 0 -20"><span class='ocrx_word' id='word_1_338' title='bbox 439 2860 555 2901; x_wconf 91' lang='lat' dir='ltr'><strong>eam</strong></span> <span class='ocrx_word' id='word_1_339' title='bbox 577 2846 856 2916; x_wconf 87' lang='lat' dir='ltr'><strong>aliquoties</strong></span> <span class='ocrx_word' id='word_1_340' title='bbox 887 2845 1064 2899; x_wconf 89' lang='lat' dir='ltr'><strong>laudat</strong></span> <span class='ocrx_word' id='word_1_341' title='bbox 1092 2846 1143 2900; x_wconf 92' lang='lat' dir='ltr'><strong>in</strong></span> <span class='ocrx_word' id='word_1_342' title='bbox 1176 2846 1459 2915; x_wconf 89' lang='lat' dir='ltr'><strong>postremis</strong></span> <span class='ocrx_word' id='word_1_343' title='bbox 1477 2846 1587 2901; x_wconf 90' lang='lat' dir='ltr'><strong>suis</strong></span> <span class='ocrx_word' id='word_1_344' title='bbox 1617 2847 1764 2902; x_wconf 89' lang='lat' dir='ltr'><strong>libris</strong></span> <span class='ocrx_word' id='word_1_345' title='bbox 1783 2847 2147 2914; x_wconf 72' lang='lat' dir='ltr'><strong>Quaestionum</strong></span> <span class='ocrx_word' id='word_1_346' title='bbox 2171 2851 2224 2904; x_wconf 89' lang='lat' dir='ltr'><strong>in</strong></span> <span class='ocrx_word' id='word_1_347' title='bbox 2242 2849 2683 2919; x_wconf 86' lang='lat' dir='ltr'><strong>Heptateuchum,</strong></span> <span class='ocrx_word' id='word_1_348' title='bbox 2699 2864 2761 2905; x_wconf 91' lang='lat' dir='ltr'><strong>ac</strong></span> <span class='ocrx_word' id='word_1_349' title='bbox 2779 2851 3075 2920; x_wconf 89' lang='lat' dir='ltr'><strong>praesertim</strong></span> <span class='ocrx_word' id='word_1_350' title='bbox 3097 2849 3150 2902; x_wconf 92' lang='lat' dir='ltr'><strong>in</strong></span> <span class='ocrx_word' id='word_1_351' title='bbox 3175 2856 3364 2919; x_wconf 89' lang='lat' dir='ltr'><strong>quarto</strong></span> <span class='ocrx_word' id='word_1_352' title='bbox 3383 2846 3451 2902; x_wconf 89' lang='lat' dir='ltr'><strong>de</strong></span> <span class='ocrx_word' id='word_1_353' title='bbox 3484 2845 3737 2901; x_wconf 73' lang='lat' dir='ltr'><strong>Doctrina</strong></span> 
     </span>
    </p>
   </div>
   <div class='ocr_carea' id='block_1_28' title="bbox 437 2935 3739 3013">
    <p class='ocr_par' dir='ltr' id='par_1_28' title="bbox 437 2935 3739 3013">
     <span class='ocr_line' id='line_1_29' title="bbox 437 2935 3739 3013; baseline 0.001 -22"><span class='ocrx_word' id='word_1_354' title='bbox 437 2935 737 2993; x_wconf 86' lang='lat' dir='ltr'><strong>Christiana</strong></span> <span class='ocrx_word' id='word_1_355' title='bbox 759 2938 917 3005; x_wconf 88' lang='lat' dir='ltr'><strong>libro,</strong></span> <span class='ocrx_word' id='word_1_356' title='bbox 939 2953 1097 3008; x_wconf 89' lang='lat' dir='ltr'><strong>quem</strong></span> <span class='ocrx_word' id='word_1_357' title='bbox 1122 2938 1290 2993; x_wconf 90' lang='lat' dir='ltr'><strong>tribus</strong></span> <span class='ocrx_word' id='word_1_358' title='bbox 1318 2937 1437 2993; x_wconf 85' lang='lat' dir='ltr'><strong>aliis</strong></span> <span class='ocrx_word' id='word_1_359' title='bbox 1465 2938 1719 3008; x_wconf 88' lang='lat' dir='ltr'><strong>adjiciens</strong></span> <span class='ocrx_word' id='word_1_360' title='bbox 1744 2955 1886 2995; x_wconf 91' lang='lat' dir='ltr'><strong>anno</strong></span> <span class='ocrx_word' id='word_1_361' title='bbox 1914 2942 2038 3007; x_wconf 72' lang='lat'><strong>426,</strong></span> <span class='ocrx_word' id='word_1_362' title='bbox 2070 2950 2162 2997; x_wconf 93' lang='lat' dir='ltr'><strong>aut</strong></span> <span class='ocrx_word' id='word_1_363' title='bbox 2182 2943 2309 3010; x_wconf 72' lang='grc'><strong>427,</strong></span> <span class='ocrx_word' id='word_1_364' title='bbox 2351 2945 2428 2999; x_wconf 90' lang='lat' dir='ltr'><strong>sic</strong></span> <span class='ocrx_word' id='word_1_365' title='bbox 2459 2944 2819 3000; x_wconf 90' lang='lat' dir='ltr'><strong>testimonium</strong></span> <span class='ocrx_word' id='word_1_366' title='bbox 2849 2959 2917 3000; x_wconf 79' lang='lat' dir='ltr'><strong>ex</strong></span> <span class='ocrx_word' id='word_1_367' title='bbox 2945 2942 3204 3013; x_wconf 87' lang='lat' dir='ltr'><strong>propheta</strong></span> <span class='ocrx_word' id='word_1_368' title='bbox 3230 2942 3397 2997; x_wconf 86' lang='lat' dir='ltr'><strong>Amos</strong></span> <span class='ocrx_word' id='word_1_369' title='bbox 3433 2941 3739 3011; x_wconf 74' lang='lat' dir='ltr'><strong>prolatum!</strong></span> 
     </span>
    </p>
   </div>
   <div class='ocr_carea' id='block_1_29' title="bbox 436 3029 3738 3108">
    <p class='ocr_par' dir='ltr' id='par_1_29' title="bbox 436 3029 3738 3108">
     <span class='ocr_line' id='line_1_30' title="bbox 436 3029 3738 3108; baseline 0 -24"><span class='ocrx_word' id='word_1_370' title='bbox 436 3030 674 3102; x_wconf 87' lang='lat' dir='ltr'><strong>loquitur</strong></span> <span class='ocrx_word' id='word_1_371' title='bbox 698 3029 751 3085; x_wconf 88' lang='lat' dir='ltr'><strong>in</strong></span> <span class='ocrx_word' id='word_1_372' title='bbox 778 3045 896 3100; x_wconf 90' lang='lat' dir='ltr'><strong>cap.</strong></span> <span class='ocrx_word' id='word_1_373' title='bbox 923 3031 953 3083; x_wconf 84' lang='grc' dir='ltr'><strong>’ἲ</strong></span> <span class='ocrx_word' id='word_1_374' title='bbox 980 3048 994 3085; x_wconf 90' lang='lat'><strong>:</strong></span> <span class='ocrx_word' id='word_1_375' title='bbox 1026 3029 1148 3085; x_wconf 89' lang='lat' dir='ltr'><strong>Non</strong></span> <span class='ocrx_word' id='word_1_376' title='bbox 1168 3040 1355 3098; x_wconf 87' lang='lat' dir='ltr'><strong>autem,</strong></span> <span class='ocrx_word' id='word_1_377' title='bbox 1397 3032 1491 3097; x_wconf 87' lang='lat' dir='ltr'><strong>ait,</strong></span> <span class='ocrx_word' id='word_1_378' title='bbox 1521 3033 1796 3088; x_wconf 79' lang='lat' dir='ltr'><strong>secundant</strong></span> <span class='ocrx_word' id='word_1_379' title='bbox 1821 3050 1927 3090; x_wconf 68' lang='grc' dir='ltr'><strong>ιιι</strong></span> <span class='ocrx_word' id='word_1_380' title='bbox 1956 3033 2284 3106; x_wconf 84' lang='lat' dir='ltr'><strong>lnterpretes,</strong></span> <span class='ocrx_word' id='word_1_381' title='bbox 2311 3037 2398 3108; x_wconf 86' lang='lat' dir='ltr'><strong>qui</strong></span> <span class='ocrx_word' id='word_1_382' title='bbox 2433 3038 2586 3091; x_wconf 87' lang='lat' dir='ltr'><strong>etiam</strong></span> <span class='ocrx_word' id='word_1_383' title='bbox 2609 3038 2709 3108; x_wconf 87' lang='lat' dir='ltr'><strong>ipsi</strong></span> <span class='ocrx_word' id='word_1_384' title='bbox 2736 3037 2905 3091; x_wconf 77' lang='lat' dir='ltr'><strong>divino</strong></span> <span class='ocrx_word' id='word_1_385' title='bbox 2944 3036 3145 3107; x_wconf 85' lang='lat' dir='ltr'><strong>Spiritu</strong></span> <span class='ocrx_word' id='word_1_386' title='bbox 3190 3034 3525 3107; x_wconf 82' lang='lat' dir='ltr'><strong>interpretati,</strong></span> <span class='ocrx_word' id='word_1_387' title='bbox 3552 3032 3612 3087; x_wconf 84' lang='lat' dir='ltr'><strong>ob</strong></span> <span class='ocrx_word' id='word_1_388' title='bbox 3640 3032 3738 3106; x_wconf 59' lang='grc' dir='ltr'><strong>[τοι</strong></span> 
     </span>
    </p>
   </div>
   <div class='ocr_carea' id='block_1_30' title="bbox 437 3121 3739 3198">
    <p class='ocr_par' dir='ltr' id='par_1_30' title="bbox 437 3121 3739 3198">
     <span class='ocr_line' id='line_1_31' title="bbox 437 3121 3739 3198; baseline 0.001 -25"><span class='ocrx_word' id='word_1_389' title='bbox 437 3122 585 3174; x_wconf 73' lang='lat' dir='ltr'><strong>aliter</strong></span> <span class='ocrx_word' id='word_1_390' title='bbox 610 3121 840 3175; x_wconf 80' lang='lat' dir='ltr'><strong>uidentur</strong></span> <span class='ocrx_word' id='word_1_391' title='bbox 858 3122 1103 3175; x_wconf 88' lang='lat' dir='ltr'><strong>nonnulla</strong></span> <span class='ocrx_word' id='word_1_392' title='bbox 1122 3121 1327 3186; x_wconf 78' lang='lat' dir='ltr'><strong>dixisse,</strong></span> <span class='ocrx_word' id='word_1_393' title='bbox 1348 3130 1400 3174; x_wconf 89' lang='lat' dir='ltr'><strong>ut</strong></span> <span class='ocrx_word' id='word_1_394' title='bbox 1413 3122 1480 3175; x_wconf 89' lang='lat' dir='ltr'><strong>ad</strong></span> <span class='ocrx_word' id='word_1_395' title='bbox 1500 3123 1813 3194; x_wconf 85' lang='lat' dir='ltr'><strong>spiritualem</strong></span> <span class='ocrx_word' id='word_1_396' title='bbox 1840 3142 2038 3180; x_wconf 85' lang='lat' dir='ltr'><strong>sensum</strong></span> <span class='ocrx_word' id='word_1_397' title='bbox 2061 3127 2388 3181; x_wconf 89' lang='lat' dir='ltr'><strong>scrutandum</strong></span> <span class='ocrx_word' id='word_1_398' title='bbox 2400 3128 2562 3198; x_wconf 87' lang='lat' dir='ltr'><strong>magis</strong></span> <span class='ocrx_word' id='word_1_399' title='bbox 2587 3128 2941 3182; x_wconf 86' lang='lat' dir='ltr'><strong>admoneretur</strong></span> <span class='ocrx_word' id='word_1_400' title='bbox 2955 3128 3155 3182; x_wconf 76' lang='lat' dir='ltr'><strong>lectoris</strong></span> <span class='ocrx_word' id='word_1_401' title='bbox 3175 3127 3408 3193; x_wconf 87' lang='lat' dir='ltr'><strong>intentio,</strong></span> <span class='ocrx_word' id='word_1_402' title='bbox 3424 3125 3559 3180; x_wconf 88' lang='lat' dir='ltr'><strong>unde</strong></span> <span class='ocrx_word' id='word_1_403' title='bbox 3579 3125 3739 3179; x_wconf 73' lang='lat' dir='ltr'><strong>etiam</strong></span> 
     </span>
    </p>
   </div>
   <div class='ocr_carea' id='block_1_31' title="bbox 439 3211 3739 3291">
    <p class='ocr_par' dir='ltr' id='par_1_31' title="bbox 439 3211 3739 3291">
     <span class='ocr_line' id='line_1_32' title="bbox 439 3211 3739 3291; baseline 0.001 -27"><span class='ocrx_word' id='word_1_404' title='bbox 439 3212 728 3266; x_wconf 86' lang='lat' dir='ltr'><strong>obscuriora</strong></span> <span class='ocrx_word' id='word_1_405' title='bbox 752 3211 1018 3278; x_wconf 87' lang='lat' dir='ltr'><strong>nonnulla,</strong></span> <span class='ocrx_word' id='word_1_406' title='bbox 1049 3212 1169 3283; x_wconf 85' lang='lat' dir='ltr'><strong>quia</strong></span> <span class='ocrx_word' id='word_1_407' title='bbox 1194 3212 1355 3283; x_wconf 85' lang='lat' dir='ltr'><strong>magis</strong></span> <span class='ocrx_word' id='word_1_408' title='bbox 1375 3212 1587 3282; x_wconf 88' lang='lat' dir='ltr'><strong>tropica,</strong></span> <span class='ocrx_word' id='word_1_409' title='bbox 1614 3223 1731 3268; x_wconf 82' lang='lat' dir='ltr'><strong>sunt</strong></span> <span class='ocrx_word' id='word_1_410' title='bbox 1762 3232 1933 3269; x_wconf 90' lang='lat' dir='ltr'><strong>eorum</strong></span> <span class='ocrx_word' id='word_1_411' title='bbox 1965 3232 1986 3270; x_wconf 90' lang='lat'><strong><em>:</em></strong></span> <span class='ocrx_word' id='word_1_412' title='bbox 2012 3219 2101 3272; x_wconf 88' lang='lat' dir='ltr'><strong>sed</strong></span> <span class='ocrx_word' id='word_1_413' title='bbox 2124 3219 2250 3273; x_wconf 86' lang='lat' dir='ltr'><strong>sicut</strong></span> <span class='ocrx_word' id='word_1_414' title='bbox 2275 3234 2339 3272; x_wconf 78' lang='lat' dir='ltr'><strong>ea:</strong></span> <span class='ocrx_word' id='word_1_415' title='bbox 2362 3217 2558 3272; x_wconf 77' lang='lat' dir='ltr'><strong>ltebrteo</strong></span> <span class='ocrx_word' id='word_1_416' title='bbox 2573 3219 2627 3272; x_wconf 90' lang='lat' dir='ltr'><strong>in</strong></span> <span class='ocrx_word' id='word_1_417' title='bbox 2652 3218 2866 3273; x_wconf 88' lang='lat' dir='ltr'><strong>latinum</strong></span> <span class='ocrx_word' id='word_1_418' title='bbox 2885 3219 3139 3291; x_wconf 87' lang='lat' dir='ltr'><strong>eloquium</strong></span> <span class='ocrx_word' id='word_1_419' title='bbox 3165 3218 3448 3288; x_wconf 80' lang='lat' dir='ltr'><strong>presbytero</strong></span> <span class='ocrx_word' id='word_1_420' title='bbox 3476 3214 3524 3268; x_wconf 88' lang='grc' dir='ltr'><em>Η</em></span> <span class='ocrx_word' id='word_1_421' title='bbox 3533 3216 3739 3285; x_wconf 79' lang='lat' dir='ltr'><strong>ierony-</strong></span> 
     </span>
    </p>
   </div>
   <div class='ocr_carea' id='block_1_32' title="bbox 439 3304 3740 3383">
    <p class='ocr_par' dir='ltr' id='par_1_32' title="bbox 439 3304 3740 3383">
     <span class='ocr_line' id='line_1_33' title="bbox 439 3304 3740 3383; baseline 0.001 -23"><span class='ocrx_word' id='word_1_422' title='bbox 439 3322 521 3360; x_wconf 93' lang='lat' dir='ltr'><strong>mo</strong></span> <span class='ocrx_word' id='word_1_423' title='bbox 543 3305 803 3373; x_wconf 85' lang='lat' dir='ltr'><strong>utriusque</strong></span> <span class='ocrx_word' id='word_1_424' title='bbox 822 3304 1011 3376; x_wconf 73' lang='lat' dir='ltr'><strong>lingua:</strong></span> <span class='ocrx_word' id='word_1_425' title='bbox 1050 3304 1210 3376; x_wconf 84' lang='lat' dir='ltr'><strong>perito</strong></span> <span class='ocrx_word' id='word_1_426' title='bbox 1232 3306 1592 3376; x_wconf 84' lang='lat' dir='ltr'><strong>interpretante</strong></span> <span class='ocrx_word' id='word_1_427' title='bbox 1612 3308 1858 3363; x_wconf 87' lang='lat' dir='ltr'><strong>translata</strong></span> <span class='ocrx_word' id='word_1_428' title='bbox 1880 3318 2021 3364; x_wconf 88' lang='lat' dir='ltr'><strong>sunt.</strong></span> <span class='ocrx_word' id='word_1_429' title='bbox 2051 3310 2339 3377; x_wconf 82' lang='lat' dir='ltr'><strong>Praeterea,</strong></span> <span class='ocrx_word' id='word_1_430' title='bbox 2364 3311 2409 3365; x_wconf 90' lang='lat' dir='ltr'><strong>si</strong></span> <span class='ocrx_word' id='word_1_431' title='bbox 2434 3326 2553 3381; x_wconf 76' lang='lat' dir='ltr'><strong>quae</strong></span> <span class='ocrx_word' id='word_1_432' title='bbox 2582 3311 2803 3366; x_wconf 84' lang='lat' dir='ltr'><strong>forsitan</strong></span> <span class='ocrx_word' id='word_1_433' title='bbox 2836 3327 2903 3367; x_wconf 78' lang='lat' dir='ltr'><strong>ex</strong></span> <span class='ocrx_word' id='word_1_434' title='bbox 2923 3311 3193 3383; x_wconf 77' lang='lat' dir='ltr'><strong>congestis</strong></span> <span class='ocrx_word' id='word_1_435' title='bbox 3216 3310 3268 3365; x_wconf 92' lang='lat' dir='ltr'><strong>in</strong></span> <span class='ocrx_word' id='word_1_436' title='bbox 3289 3308 3578 3379; x_wconf 89' lang='lat' dir='ltr'><strong>Speculum</strong></span> <span class='ocrx_word' id='word_1_437' title='bbox 3607 3323 3740 3363; x_wconf 82' lang='lat' dir='ltr'><strong>sen-</strong></span> 
     </span>
    </p>
   </div>
   <div class='ocr_carea' id='block_1_33' title="bbox 439 3399 3740 3475">
    <p class='ocr_par' dir='ltr' id='par_1_33' title="bbox 439 3399 3740 3475">
     <span class='ocr_line' id='line_1_34' title="bbox 439 3399 3740 3475; baseline -0 -20"><span class='ocrx_word' id='word_1_438' title='bbox 439 3399 619 3455; x_wconf 89' lang='lat' dir='ltr'><strong>tentiis</strong></span> <span class='ocrx_word' id='word_1_439' title='bbox 644 3400 925 3455; x_wconf 87' lang='lat' dir='ltr'><strong>contrariae</strong></span> <span class='ocrx_word' id='word_1_440' title='bbox 967 3400 1297 3468; x_wconf 87' lang='lat' dir='ltr'><strong>viderentur,</strong></span> <span class='ocrx_word' id='word_1_441' title='bbox 1326 3400 1610 3457; x_wconf 88' lang='lat' dir='ltr'><strong>conciliare</strong></span> <span class='ocrx_word' id='word_1_442' title='bbox 1634 3402 1946 3459; x_wconf 89' lang='lat' dir='ltr'><strong>decreverat</strong></span> <span class='ocrx_word' id='word_1_443' title='bbox 1970 3412 2026 3460; x_wconf 90' lang='lat' dir='ltr'><strong>ct</strong></span> <span class='ocrx_word' id='word_1_444' title='bbox 2054 3404 2323 3460; x_wconf 86' lang='lat' dir='ltr'><strong>illustrare</strong></span> <span class='ocrx_word' id='word_1_445' title='bbox 2355 3404 2640 3475; x_wconf 90' lang='lat' dir='ltr'><strong>propositis</strong></span> <span class='ocrx_word' id='word_1_446' title='bbox 2677 3413 2864 3475; x_wconf 89' lang='lat' dir='ltr'><strong>postea</strong></span> <span class='ocrx_word' id='word_1_447' title='bbox 2900 3403 3284 3474; x_wconf 62' lang='lat' dir='ltr'><strong>quaestionibus</strong></span> <span class='ocrx_word' id='word_1_448' title='bbox 3314 3421 3329 3458; x_wconf 91' lang='lat'>:</span> <span class='ocrx_word' id='word_1_449' title='bbox 3358 3417 3492 3473; x_wconf 89' lang='lat' dir='ltr'><strong>quas</strong></span> <span class='ocrx_word' id='word_1_450' title='bbox 3517 3400 3740 3471; x_wconf 76' lang='lat' dir='ltr'><strong>quidem</strong></span> 
     </span>
    </p>
   </div>
   <div class='ocr_carea' id='block_1_34' title="bbox 443 3493 3741 3567">
    <p class='ocr_par' dir='ltr' id='par_1_34' title="bbox 443 3493 3741 3567">
     <span class='ocr_line' id='line_1_35' title="bbox 443 3493 3741 3567; baseline 0 -18"><span class='ocrx_word' id='word_1_451' title='bbox 443 3495 498 3549; x_wconf 92' lang='lat' dir='ltr'><strong>in</strong></span> <span class='ocrx_word' id='word_1_452' title='bbox 534 3494 657 3551; x_wconf 88' lang='lat' dir='ltr'><strong>Mss.</strong></span> <span class='ocrx_word' id='word_1_453' title='bbox 697 3494 971 3551; x_wconf 86' lang='lat' dir='ltr'><strong>codicibus</strong></span> <span class='ocrx_word' id='word_1_454' title='bbox 998 3493 1192 3549; x_wconf 88' lang='lat' dir='ltr'><strong>frustra</strong></span> <span class='ocrx_word' id='word_1_455' title='bbox 1212 3495 1582 3565; x_wconf 82' lang='lat' dir='ltr'><strong>quaesivimus;</strong></span> <span class='ocrx_word' id='word_1_456' title='bbox 1611 3511 1838 3567; x_wconf 90' lang='lat' dir='ltr'><strong>cumque</strong></span> <span class='ocrx_word' id='word_1_457' title='bbox 1858 3497 1925 3552; x_wconf 90' lang='lat' dir='ltr'><strong>de</strong></span> <span class='ocrx_word' id='word_1_458' title='bbox 1950 3497 2054 3553; x_wconf 92' lang='lat' dir='ltr'><strong>hoc</strong></span> <span class='ocrx_word' id='word_1_459' title='bbox 2085 3498 2267 3554; x_wconf 89' lang='lat' dir='ltr'><strong>labore</strong></span> <span class='ocrx_word' id='word_1_460' title='bbox 2295 3496 2429 3553; x_wconf 89' lang='lat' dir='ltr'><strong>nihil</strong></span> <span class='ocrx_word' id='word_1_461' title='bbox 2455 3496 2601 3554; x_wconf 90' lang='lat' dir='ltr'><strong>dicat</strong></span> <span class='ocrx_word' id='word_1_462' title='bbox 2623 3497 2917 3565; x_wconf 90' lang='lat' dir='ltr'><strong>Possidius,</strong></span> <span class='ocrx_word' id='word_1_463' title='bbox 2948 3496 3039 3567; x_wconf 89' lang='lat' dir='ltr'><strong>qui</strong></span> <span class='ocrx_word' id='word_1_464' title='bbox 3072 3496 3141 3552; x_wconf 91' lang='lat' dir='ltr'><strong>de</strong></span> <span class='ocrx_word' id='word_1_465' title='bbox 3167 3497 3281 3567; x_wconf 88' lang='lat' dir='ltr'><strong>ipsa</strong></span> <span class='ocrx_word' id='word_1_466' title='bbox 3308 3495 3390 3550; x_wconf 90' lang='lat' dir='ltr'><strong>vel</strong></span> <span class='ocrx_word' id='word_1_467' title='bbox 3419 3494 3741 3563; x_wconf 69' lang='lat' dir='ltr'><strong>praefatione</strong></span> 
     </span>
    </p>
   </div>
   <div class='ocr_carea' id='block_1_35' title="bbox 439 3583 3653 3659">
    <p class='ocr_par' dir='ltr' id='par_1_35' title="bbox 439 3583 3653 3659">
     <span class='ocr_line' id='line_1_36' title="bbox 439 3583 3653 3659; baseline -0.001 -18"><span class='ocrx_word' id='word_1_468' title='bbox 439 3583 654 3655; x_wconf 88' lang='lat' dir='ltr'><strong>Speculi</strong></span> <span class='ocrx_word' id='word_1_469' title='bbox 675 3583 959 3640; x_wconf 88' lang='lat' dir='ltr'><strong>tacendum</strong></span> <span class='ocrx_word' id='word_1_470' title='bbox 988 3598 1092 3639; x_wconf 90' lang='lat' dir='ltr'><strong>non</strong></span> <span class='ocrx_word' id='word_1_471' title='bbox 1110 3584 1452 3650; x_wconf 83' lang='lat' dir='ltr'><strong>existimavit,</strong></span> <span class='ocrx_word' id='word_1_472' title='bbox 1484 3584 1626 3640; x_wconf 90' lang='lat' dir='ltr'><strong>haud</strong></span> <span class='ocrx_word' id='word_1_473' title='bbox 1646 3586 1913 3642; x_wconf 87' lang='lat' dir='ltr'><strong>immerito</strong></span> <span class='ocrx_word' id='word_1_474' title='bbox 1932 3586 2167 3643; x_wconf 88' lang='lat' dir='ltr'><strong>creditur</strong></span> <span class='ocrx_word' id='word_1_475' title='bbox 2187 3587 2540 3659; x_wconf 77' lang='lat' dir='ltr'><strong>Augustinum</strong></span> <span class='ocrx_word' id='word_1_476' title='bbox 2567 3588 2636 3644; x_wconf 89' lang='lat' dir='ltr'><strong>ab</strong></span> <span class='ocrx_word' id='word_1_477' title='bbox 2657 3602 2723 3642; x_wconf 91' lang='lat' dir='ltr'><strong>eo</strong></span> <span class='ocrx_word' id='word_1_478' title='bbox 2746 3587 3020 3657; x_wconf 87' lang='lat' dir='ltr'><strong>explendo</strong></span> <span class='ocrx_word' id='word_1_479' title='bbox 3048 3584 3395 3657; x_wconf 65' lang='lat' dir='ltr'><strong>prtepeditum</strong></span> <span class='ocrx_word' id='word_1_480' title='bbox 3427 3584 3611 3639; x_wconf 87' lang='lat' dir='ltr'><strong>fuisse.</strong></span> <span class='ocrx_word' id='word_1_481' title='bbox 3646 3613 3653 3617; x_wconf 87' lang='lat'><strong><em>-</em></strong></span> 
     </span>
    </p>
   </div>
   <div class='ocr_carea' id='block_1_36' title="bbox 512 3673 3741 3749">
    <p class='ocr_par' dir='ltr' id='par_1_36' title="bbox 512 3673 3741 3749">
     <span class='ocr_line' id='line_1_37' title="bbox 512 3673 3741 3749; baseline -0 -19"><span class='ocrx_word' id='word_1_482' title='bbox 512 3675 671 3731; x_wconf 81' lang='lat' dir='ltr'><strong>Aliud</strong></span> <span class='ocrx_word' id='word_1_483' title='bbox 696 3690 803 3731; x_wconf 92' lang='lat' dir='ltr'><strong>non</strong></span> <span class='ocrx_word' id='word_1_484' title='bbox 829 3676 898 3730; x_wconf 89' lang='lat' dir='ltr'><strong>ita</strong></span> <span class='ocrx_word' id='word_1_485' title='bbox 929 3675 1136 3745; x_wconf 88' lang='lat' dir='ltr'><strong>pridem</strong></span> <span class='ocrx_word' id='word_1_486' title='bbox 1157 3675 1466 3747; x_wconf 81' lang='lat' dir='ltr'><strong>Hieronymi</strong></span> <span class='ocrx_word' id='word_1_487' title='bbox 1494 3676 1726 3748; x_wconf 83' lang='lat' dir='ltr'><strong>Vigncrii</strong></span> <span class='ocrx_word' id='word_1_488' title='bbox 1769 3693 1896 3733; x_wconf 87' lang='lat' dir='ltr'><strong>cura</strong></span> <span class='ocrx_word' id='word_1_489' title='bbox 1942 3678 2144 3749; x_wconf 90' lang='lat' dir='ltr'><strong>prodiit</strong></span> <span class='ocrx_word' id='word_1_490' title='bbox 2171 3678 2457 3749; x_wconf 85' lang='lat' dir='ltr'><strong>Speculum</strong></span> <span class='ocrx_word' id='word_1_491' title='bbox 2494 3678 2596 3734; x_wconf 92' lang='lat' dir='ltr'><strong>sub</strong></span> <span class='ocrx_word' id='word_1_492' title='bbox 2619 3677 2899 3749; x_wconf 82' lang='lat' dir='ltr'><strong>Augustini</strong></span> <span class='ocrx_word' id='word_1_493' title='bbox 2927 3678 3180 3744; x_wconf 87' lang='lat' dir='ltr'><strong>nomine;</strong></span> <span class='ocrx_word' id='word_1_494' title='bbox 3213 3677 3265 3732; x_wconf 93' lang='lat' dir='ltr'><strong>in</strong></span> <span class='ocrx_word' id='word_1_495' title='bbox 3304 3690 3411 3747; x_wconf 90' lang='lat' dir='ltr'><strong>quo</strong></span> <span class='ocrx_word' id='word_1_496' title='bbox 3453 3673 3741 3732; x_wconf 73' lang='lat' dir='ltr'><strong>sententias</strong></span> 
     </span>
    </p>
   </div>
   <div class='ocr_carea' id='block_1_37' title="bbox 440 3766 3742 3841">
    <p class='ocr_par' dir='ltr' id='par_1_37' title="bbox 440 3766 3742 3841">
     <span class='ocr_line' id='line_1_38' title="bbox 440 3766 3742 3841; baseline -0.002 -16"><span class='ocrx_word' id='word_1_497' title='bbox 440 3769 832 3839; x_wconf 88' lang='lat' dir='ltr'><strong>Seripturarum</strong></span> <span class='ocrx_word' id='word_1_498' title='bbox 856 3775 1175 3822; x_wconf 90' lang='lat' dir='ltr'><strong>revocantur</strong></span> <span class='ocrx_word' id='word_1_499' title='bbox 1203 3768 1271 3822; x_wconf 88' lang='lat' dir='ltr'><strong>ad</strong></span> <span class='ocrx_word' id='word_1_500' title='bbox 1299 3777 1443 3823; x_wconf 88' lang='lat' dir='ltr'><strong>certa</strong></span> <span class='ocrx_word' id='word_1_501' title='bbox 1473 3770 1715 3839; x_wconf 59' lang='lat' dir='ltr'><strong>quaedam</strong></span> <span class='ocrx_word' id='word_1_502' title='bbox 1732 3771 1906 3840; x_wconf 87' lang='lat' dir='ltr'><strong>capita</strong></span> <span class='ocrx_word' id='word_1_503' title='bbox 1933 3771 2171 3826; x_wconf 86' lang='lat' dir='ltr'><strong>instituta</strong></span> <span class='ocrx_word' id='word_1_504' title='bbox 2189 3772 2349 3827; x_wconf 88' lang='lat' dir='ltr'><strong>variis</strong></span> <span class='ocrx_word' id='word_1_505' title='bbox 2365 3770 2434 3828; x_wconf 88' lang='lat' dir='ltr'><strong>de</strong></span> <span class='ocrx_word' id='word_1_506' title='bbox 2450 3770 2608 3828; x_wconf 90' lang='lat' dir='ltr'><strong>rebus</strong></span> <span class='ocrx_word' id='word_1_507' title='bbox 2628 3786 2836 3827; x_wconf 90' lang='lat' dir='ltr'><strong>sacram</strong></span> <span class='ocrx_word' id='word_1_508' title='bbox 2861 3771 3159 3827; x_wconf 90' lang='lat' dir='ltr'><strong>doctrinam</strong></span> <span class='ocrx_word' id='word_1_509' title='bbox 3190 3769 3573 3841; x_wconf 88' lang='lat' dir='ltr'><strong>spectantibus,</strong></span> <span class='ocrx_word' id='word_1_510' title='bbox 3600 3766 3742 3821; x_wconf 85' lang='lat' dir='ltr'><strong>adeo</strong></span> 
     </span>
    </p>
   </div>
   <div class='ocr_carea' id='block_1_38' title="bbox 442 3859 3740 3937">
    <p class='ocr_par' dir='ltr' id='par_1_38' title="bbox 442 3859 3740 3937">
     <span class='ocr_line' id='line_1_39' title="bbox 442 3859 3740 3937; baseline -0 -19"><span class='ocrx_word' id='word_1_511' title='bbox 442 3872 502 3919; x_wconf 93' lang='lat' dir='ltr'><strong>ut</strong></span> <span class='ocrx_word' id='word_1_512' title='bbox 533 3880 640 3919; x_wconf 88' lang='lat' dir='ltr'><strong>non</strong></span> <span class='ocrx_word' id='word_1_513' title='bbox 669 3874 774 3920; x_wconf 91' lang='lat' dir='ltr'><strong>tam</strong></span> <span class='ocrx_word' id='word_1_514' title='bbox 804 3867 927 3920; x_wconf 65' lang='lat' dir='ltr'><strong>vitae</strong></span> <span class='ocrx_word' id='word_1_515' title='bbox 950 3864 1288 3921; x_wconf 76' lang='lat' dir='ltr'><strong>instituenda:</strong></span> <span class='ocrx_word' id='word_1_516' title='bbox 1316 3866 1560 3933; x_wconf 90' lang='lat' dir='ltr'><strong>consilio,</strong></span> <span class='ocrx_word' id='word_1_517' title='bbox 1593 3881 1751 3937; x_wconf 89' lang='lat' dir='ltr'><strong>quam</strong></span> <span class='ocrx_word' id='word_1_518' title='bbox 1774 3866 2054 3923; x_wconf 88' lang='lat' dir='ltr'><strong>erudiendi</strong></span> <span class='ocrx_word' id='word_1_519' title='bbox 2074 3867 2239 3921; x_wconf 87' lang='lat' dir='ltr'><strong>animi</strong></span> <span class='ocrx_word' id='word_1_520' title='bbox 2259 3881 2439 3933; x_wconf 89' lang='lat' dir='ltr'><strong>causa,</strong></span> <span class='ocrx_word' id='word_1_521' title='bbox 2478 3874 2844 3937; x_wconf 83' lang='lat' dir='ltr'><strong>comparatum</strong></span> <span class='ocrx_word' id='word_1_522' title='bbox 2873 3880 2994 3921; x_wconf 92' lang='lat' dir='ltr'><strong>esse</strong></span> <span class='ocrx_word' id='word_1_523' title='bbox 3020 3864 3280 3920; x_wconf 86' lang='lat' dir='ltr'><strong>videatur.</strong></span> <span class='ocrx_word' id='word_1_524' title='bbox 3308 3863 3570 3930; x_wconf 83' lang='lat' dir='ltr'><strong>Quocirca</strong></span> <span class='ocrx_word' id='word_1_525' title='bbox 3595 3859 3740 3917; x_wconf 85' lang='lat' dir='ltr'><strong>istud</strong></span> 
     </span>
    </p>
   </div>
   <div class='ocr_carea' id='block_1_39' title="bbox 448 3955 3738 4030">
    <p class='ocr_par' dir='ltr' id='par_1_39' title="bbox 448 3955 3738 4030">
     <span class='ocr_line' id='line_1_40' title="bbox 448 3955 3738 4030; baseline -0.001 -19"><span class='ocrx_word' id='word_1_526' title='bbox 448 3957 627 4011; x_wconf 91' lang='lat' dir='ltr'><strong>minus</strong></span> <span class='ocrx_word' id='word_1_527' title='bbox 654 3973 775 4012; x_wconf 92' lang='lat' dir='ltr'><strong>cum</strong></span> <span class='ocrx_word' id='word_1_528' title='bbox 801 3972 868 4014; x_wconf 88' lang='lat' dir='ltr'><strong>eo</strong></span> <span class='ocrx_word' id='word_1_529' title='bbox 888 3959 1140 4013; x_wconf 88' lang='lat' dir='ltr'><strong>convenit</strong></span> <span class='ocrx_word' id='word_1_530' title='bbox 1156 3957 1403 4026; x_wconf 89' lang='lat' dir='ltr'><strong>Speculo,</strong></span> <span class='ocrx_word' id='word_1_531' title='bbox 1426 3958 1567 4028; x_wconf 91' lang='lat' dir='ltr'><strong>quod</strong></span> <span class='ocrx_word' id='word_1_532' title='bbox 1605 3966 1662 4014; x_wconf 89' lang='lat' dir='ltr'><strong>et</strong></span> <span class='ocrx_word' id='word_1_533' title='bbox 1683 3959 1905 4014; x_wconf 91' lang='lat' dir='ltr'><strong>Possidii</strong></span> <span class='ocrx_word' id='word_1_534' title='bbox 1925 3958 2101 4015; x_wconf 89' lang='lat' dir='ltr'><strong>verbis</strong></span> <span class='ocrx_word' id='word_1_535' title='bbox 2123 3966 2178 4014; x_wconf 91' lang='lat' dir='ltr'><strong>et</strong></span> <span class='ocrx_word' id='word_1_536' title='bbox 2195 3958 2475 4030; x_wconf 80' lang='lat' dir='ltr'><strong>Augustini</strong></span> <span class='ocrx_word' id='word_1_537' title='bbox 2500 3957 2811 4028; x_wconf 58' lang='lat' dir='ltr'><strong>praefatione</strong></span> <span class='ocrx_word' id='word_1_538' title='bbox 2837 3956 3156 4014; x_wconf 80' lang='lat' dir='ltr'><strong>describitur</strong></span> <span class='ocrx_word' id='word_1_539' title='bbox 3187 3974 3202 4012; x_wconf 91' lang='lat'><strong>:</strong></span> <span class='ocrx_word' id='word_1_540' title='bbox 3227 3955 3493 4027; x_wconf 86' lang='lat' dir='ltr'><strong>planeque</strong></span> <span class='ocrx_word' id='word_1_541' title='bbox 3513 3961 3738 4025; x_wconf 80' lang='lat' dir='ltr'><strong>Oportet</strong></span> 
     </span>
    </p>
   </div>
   <div class='ocr_carea' id='block_1_40' title="bbox 443 4049 2562 4124">
    <p class='ocr_par' dir='ltr' id='par_1_40' title="bbox 443 4049 2562 4124">
     <span class='ocr_line' id='line_1_41' title="bbox 443 4049 2562 4124; baseline 0 -20"><span class='ocrx_word' id='word_1_542' title='bbox 443 4049 599 4105; x_wconf 74' lang='lat' dir='ltr'><strong>sicuti</strong></span> <span class='ocrx_word' id='word_1_543' title='bbox 626 4060 864 4106; x_wconf 88' lang='lat' dir='ltr'><strong>nostrum</strong></span> <span class='ocrx_word' id='word_1_544' title='bbox 889 4051 990 4109; x_wconf 90' lang='lat' dir='ltr'><strong>hoc</strong></span> <span class='ocrx_word' id='word_1_545' title='bbox 1007 4052 1316 4124; x_wconf 86' lang='lat' dir='ltr'><strong>genuinum,</strong></span> <span class='ocrx_word' id='word_1_546' title='bbox 1342 4054 1412 4107; x_wconf 89' lang='lat' dir='ltr'><strong>ita</strong></span> <span class='ocrx_word' id='word_1_547' title='bbox 1434 4051 1809 4122; x_wconf 80' lang='lat' dir='ltr'><strong>Vignerianum</strong></span> <span class='ocrx_word' id='word_1_548' title='bbox 1838 4051 1967 4106; x_wconf 90' lang='lat' dir='ltr'><strong>illud</strong></span> <span class='ocrx_word' id='word_1_549' title='bbox 1986 4051 2228 4121; x_wconf 84' lang='lat' dir='ltr'><strong>spurium</strong></span> <span class='ocrx_word' id='word_1_550' title='bbox 2250 4052 2562 4107; x_wconf 90' lang='lat' dir='ltr'><strong>habeamus.</strong></span> 
     </span>
    </p>
   </div>
   <div class='ocr_carea' id='block_1_41' title="bbox 1039 4214 3751 4385">
    <p class='ocr_par' dir='ltr' id='par_1_41' title="bbox 1039 4214 3751 4385">
     <span class='ocr_line' id='line_1_42' title="bbox 1039 4214 3751 4385; baseline 0.004 -12"><span class='ocrx_word' id='word_1_551' title='bbox 1039 4214 3701 4381; x_wconf 25' lang='lat' dir='ltr'><strong>ﬁﬁWi—Ff—w</strong></span> <span class='ocrx_word' id='word_1_552' title='bbox 3734 4287 3751 4385; x_wconf 75' lang='lat'><strong>2</strong></span> 
     </span>
    </p>
   </div>
   <div class='ocr_carea' id='block_1_42' title="bbox 1408 4432 3757 4569">
    <p class='ocr_par' dir='ltr' id='par_1_42' title="bbox 1408 4432 3757 4569">
     <span class='ocr_line' id='line_1_43' title="bbox 1408 4432 3757 4569; baseline 0.002 -51"><span class='ocrx_word' id='word_1_553' title='bbox 1408 4445 2164 4520; x_wconf 87' lang='lat' dir='ltr'><strong>HIPPONENSIS</strong></span> <span class='ocrx_word' id='word_1_554' title='bbox 2227 4446 2746 4520; x_wconf 86' lang='lat' dir='ltr'><strong>EPISCOPI</strong></span> <span class='ocrx_word' id='word_1_555' title='bbox 3108 4470 3138 4569; x_wconf 40' lang='grc' dir='ltr'><strong>,ι</strong></span> <span class='ocrx_word' id='word_1_556' title='bbox 3182 4462 3186 4468; x_wconf 50' lang='grc' dir='ltr'>δ</span> <span class='ocrx_word' id='word_1_557' title='bbox 3740 4452 3757 4468; x_wconf 80' lang='lat'><strong><em>&#39;</em></strong></span> 
     </span>
    </p>
   </div>
   <div class='ocr_carea' id='block_1_43' title="bbox 1342 4567 2782 4751">
    <p class='ocr_par' dir='ltr' id='par_1_43' title="bbox 1342 4567 2782 4751">
     <span class='ocr_line' id='line_1_44' title="bbox 1342 4567 2782 4751; baseline -0.001 -41"><span class='ocrx_word' id='word_1_558' title='bbox 1342 4582 1497 4710; x_wconf 61' lang='lat' dir='ltr'><strong>ire</strong></span> <span class='ocrx_word' id='word_1_559' title='bbox 1586 4568 2300 4751; x_wconf 55' lang='grc' dir='ltr'><strong>ἔθετίριιιτᾶ</strong></span> <span class='ocrx_word' id='word_1_560' title='bbox 2401 4567 2782 4715; x_wconf 64' lang='lat' dir='ltr'><strong>sacrit</strong></span> 
     </span>
    </p>
   </div>
   <div class='ocr_carea' id='block_1_44' title="bbox 2888 4700 3465 4765">
    <p class='ocr_par' dir='ltr' id='par_1_44' title="bbox 2888 4718 3465 4763">
     <span class='ocr_line' id='line_1_45' title="bbox 2888 4718 3465 4763; baseline -0.002 -7"><span class='ocrx_word' id='word_1_561' title='bbox 2888 4722 2958 4763; x_wconf 53' lang='grc' dir='ltr'><strong>δίε</strong></span> <span class='ocrx_word' id='word_1_562' title='bbox 2981 4724 3135 4763; x_wconf 42' lang='lat'><strong>“~03?-</strong></span> <span class='ocrx_word' id='word_1_563' title='bbox 3177 4723 3185 4743; x_wconf 67' lang='grc'>³</span> <span class='ocrx_word' id='word_1_564' title='bbox 3228 4736 3243 4743; x_wconf 91' lang='grc'><strong>··</strong></span> <span class='ocrx_word' id='word_1_565' title='bbox 3279 4718 3365 4757; x_wconf 67' lang='grc' dir='ltr'><strong>ὲ›.”;</strong></span> <span class='ocrx_word' id='word_1_566' title='bbox 3398 4721 3465 4755; x_wconf 75' lang='lat' dir='ltr'><strong>&quot;:l</strong></span> 
     </span>
    </p>
   </div>
   <div class='ocr_carea' id='block_1_45' title="bbox 2131 4763 3536 4941">
    <p class='ocr_par' dir='ltr' id='par_1_45' title="bbox 2131 4763 3536 4941">
     <span class='ocr_line' id='line_1_46' title="bbox 2131 4763 3536 4941; baseline 0.019 -119"><span class='ocrx_word' id='word_1_567' title='bbox 2662 4763 2752 4830; x_wconf 75' lang='grc' dir='ltr'><strong>(α)</strong></span> <span class='ocrx_word' id='word_1_568' title='bbox 2872 4787 2917 4840; x_wconf 61' lang='lat'><strong>~.’-</strong></span> <span class='ocrx_word' id='word_1_569' title='bbox 2948 4798 3013 4848; x_wconf 73' lang='lat'><strong>_-::,</strong></span> <span class='ocrx_word' id='word_1_570' title='bbox 3042 4778 3151 4864; x_wconf 50' lang='grc' dir='ltr'><strong>ιτῖέεη</strong></span> <span class='ocrx_word' id='word_1_571' title='bbox 3185 4771 3281 4846; x_wconf 42' lang='lat' dir='ltr'><strong>{ut</strong></span> <span class='ocrx_word' id='word_1_572' title='bbox 3325 4804 3392 4845; x_wconf 67' lang='grc' dir='ltr'><strong>..λ</strong></span> <span class='ocrx_word' id='word_1_573' title='bbox 3444 4800 3463 4849; x_wconf 85' lang='lat'><strong>&#39;.</strong></span> <span class='ocrx_word' id='word_1_574' title='bbox 3527 4828 3536 4848; x_wconf 64' lang='grc' dir='ltr'><strong><em>ι</em></strong></span> 
     </span>
     <span class='ocr_line' id='line_1_47' title="bbox 3001 4876 3496 4941; baseline 0 -3"><span class='ocrx_word' id='word_1_575' title='bbox 3001 4906 3024 4938; x_wconf 68' lang='grc' dir='ltr'><strong>εν</strong></span> <span class='ocrx_word' id='word_1_576' title='bbox 3480 4876 3496 4904; x_wconf 53' lang='grc' dir='ltr'><strong>ν’</strong></span> 
     </span>
    </p>
   </div>
   <div class='ocr_carea' id='block_1_46' title="bbox 3001 4882 3482 4941">
    <p class='ocr_par' dir='ltr' id='par_1_46' title="bbox 3001 4889 3482 4941">
     <span class='ocr_line' id='line_1_48' title="bbox 3001 4889 3482 4941; baseline -0.012 -10"><span class='ocrx_word' id='word_1_577' title='bbox 3001 4906 3024 4938; x_wconf 70' lang='grc' dir='ltr'><strong>,ν</strong></span> <span class='ocrx_word' id='word_1_578' title='bbox 3066 4904 3111 4930; x_wconf 60' lang='grc' dir='ltr'><strong>υ.</strong></span> <span class='ocrx_word' id='word_1_579' title='bbox 3480 4902 3482 4904; x_wconf 62' lang='grc' dir='ltr'><strong><em>τ</em></strong></span> 
     </span>
    </p>
   </div>
   <div class='ocr_carea' id='block_1_47' title="bbox 3091 5000 3380 5029">
    <p class='ocr_par' dir='ltr' id='par_1_47' title="bbox 3091 5000 3380 5029">
     <span class='ocr_line' id='line_1_49' title="bbox 3091 5000 3380 5029; baseline -0.007 -13"><span class='ocrx_word' id='word_1_580' title='bbox 3091 5010 3182 5029; x_wconf 44' lang='grc' dir='ltr'><strong>..Α</strong></span> <span class='ocrx_word' id='word_1_581' title='bbox 3274 5000 3380 5026; x_wconf 38' lang='grc' dir='ltr'><strong>ὀη-⁵</strong></span> 
     </span>
    </p>
   </div>
   <div class='ocr_carea' id='block_1_48' title="bbox 452 4163 3713 4222">
    <p class='ocr_par' dir='ltr' id='par_1_48' title="bbox 452 4163 3713 4222">
     <span class='ocr_line' id='line_1_50' title="bbox 452 4163 3713 4222; baseline -0.001 -2"><span class='ocrx_word' id='word_1_582' title='bbox 452 4163 3713 4222; x_wconf 64' lang='lat' dir='ltr'><strong>m</strong></span> 
     </span>
    </p>
   </div>
   <div class='ocr_carea' id='block_1_49' title="bbox 1378 4212 1650 4219">
    <p class='ocr_par' dir='ltr' id='par_1_49' title="bbox 1378 4212 1650 4219">
     <span class='ocr_line' id='line_1_51' title="bbox 1378 4212 1650 4219; baseline 0 0"><span class='ocrx_word' id='word_1_583' title='bbox 1378 4212 1650 4219; x_wconf 66' lang='lat'><strong>__&#39;_—_—_-._</strong></span> 
     </span>
    </p>
   </div>
   <div class='ocr_carea' id='block_1_50' title="bbox 2013 4972 3544 5066">
    <p class='ocr_par' dir='ltr' id='par_1_50' title="bbox 2013 4998 3495 5066">
     <span class='ocr_line' id='line_1_52' title="bbox 2013 4998 3495 5066; baseline 0 -41"><span class='ocrx_word' id='word_1_584' title='bbox 2013 5015 2196 5066; x_wconf 62' lang='lat' dir='ltr'><strong>eeo</strong></span> <span class='ocrx_word' id='word_1_585' title='bbox 3091 5011 3133 5029; x_wconf 24' lang='lat' dir='ltr'><strong>.i</strong></span> <span class='ocrx_word' id='word_1_586' title='bbox 3178 5010 3182 5014; x_wconf 36' lang='grc' dir='ltr'><strong>Α</strong></span> <span class='ocrx_word' id='word_1_587' title='bbox 3274 5002 3333 5025; x_wconf 59' lang='grc' dir='ltr'><strong>,⁸η</strong></span> 
     </span>
    </p>
   </div>
   <div class='ocr_carea' id='block_1_51' title="bbox 1723 5124 2405 5307">
    <p class='ocr_par' dir='ltr' id='par_1_51' title="bbox 1723 5124 2405 5307">
     <span class='ocr_line' id='line_1_53' title="bbox 1723 5124 2405 5307; baseline -0.001 -42"><span class='ocrx_word' id='word_1_588' title='bbox 1723 5124 2353 5307; x_wconf 48' lang='lat' dir='ltr'><strong>ﬁrmitatis</strong></span> <span class='ocrx_word' id='word_1_589' title='bbox 2374 5233 2405 5264; x_wconf 93' lang='lat'><strong>.</strong></span> 
     </span>
    </p>
   </div>
   <div class='ocr_carea' id='block_1_52' title="bbox 518 5340 3757 5417">
    <p class='ocr_par' dir='ltr' id='par_1_52' title="bbox 518 5340 3757 5417">
     <span class='ocr_line' id='line_1_54' title="bbox 518 5340 3757 5417; baseline -0.002 -17"><span class='ocrx_word' id='word_1_590' title='bbox 518 5343 648 5413; x_wconf 82' lang='lat' dir='ltr'><strong>Quis</strong></span> <span class='ocrx_word' id='word_1_591' title='bbox 672 5342 879 5417; x_wconf 83' lang='lat' dir='ltr'><strong>ignorat</strong></span> <span class='ocrx_word' id='word_1_592' title='bbox 907 5342 961 5397; x_wconf 90' lang='lat' dir='ltr'><strong>in</strong></span> <span class='ocrx_word' id='word_1_593' title='bbox 979 5341 1267 5413; x_wconf 87' lang='lat' dir='ltr'><strong>Scripturis</strong></span> <span class='ocrx_word' id='word_1_594' title='bbox 1287 5349 1508 5409; x_wconf 76' lang='lat' dir='ltr'><strong>sanctis,</strong></span> <span class='ocrx_word' id='word_1_595' title='bbox 1532 5342 1583 5397; x_wconf 75' lang='grc' dir='ltr'><strong>ιὰ</strong></span> <span class='ocrx_word' id='word_1_596' title='bbox 1608 5351 1710 5409; x_wconf 89' lang='lat' dir='ltr'><strong>est,</strong></span> <span class='ocrx_word' id='word_1_597' title='bbox 1733 5340 2030 5413; x_wconf 88' lang='lat' dir='ltr'><strong>Legitimis,</strong></span> <span class='ocrx_word' id='word_1_598' title='bbox 2145 5343 2398 5399; x_wconf 85' lang='lat' dir='ltr'><strong>canonica</strong></span> <span class='ocrx_word' id='word_1_599' title='bbox 2421 5341 2681 5414; x_wconf 69' lang='lat' dir='ltr'><strong>praeditis,</strong></span> <span class='ocrx_word' id='word_1_600' title='bbox 2702 5341 2947 5414; x_wconf 58' lang='lat' dir='ltr'><strong>quadam</strong></span> <span class='ocrx_word' id='word_1_601' title='bbox 2971 5343 3050 5399; x_wconf 91' lang='lat' dir='ltr'><strong>sic</strong></span> <span class='ocrx_word' id='word_1_602' title='bbox 3068 5356 3188 5400; x_wconf 89' lang='lat' dir='ltr'><strong>esse</strong></span> <span class='ocrx_word' id='word_1_603' title='bbox 3215 5343 3409 5415; x_wconf 90' lang='lat' dir='ltr'><strong>posita,</strong></span> <span class='ocrx_word' id='word_1_604' title='bbox 3445 5351 3503 5400; x_wconf 90' lang='lat' dir='ltr'><strong>ut</strong></span> <span class='ocrx_word' id='word_1_605' title='bbox 3532 5350 3682 5401; x_wconf 86' lang='lat' dir='ltr'><strong>tantu</strong></span> <span class='ocrx_word' id='word_1_606' title='bbox 3699 5356 3757 5396; x_wconf 79' lang='lat' dir='ltr'><strong>ll)</strong></span> 
     </span>
    </p>
   </div>
   <div class='ocr_carea' id='block_1_53' title="bbox 448 5432 3741 5510">
    <p class='ocr_par' dir='ltr' id='par_1_53' title="bbox 448 5432 3741 5510">
     <span class='ocr_line' id='line_1_55' title="bbox 448 5432 3741 5510; baseline -0.001 -17"><span class='ocrx_word' id='word_1_607' title='bbox 448 5434 813 5505; x_wconf 82' lang='lat' dir='ltr'><strong>Pmpbeticis,</strong></span> <span class='ocrx_word' id='word_1_608' title='bbox 864 5433 1213 5504; x_wconf 86' lang='lat' dir='ltr'><strong>Evangelicis,</strong></span> <span class='ocrx_word' id='word_1_609' title='bbox 1257 5441 1311 5490; x_wconf 91' lang='lat' dir='ltr'><strong>ct</strong></span> <span class='ocrx_word' id='word_1_610' title='bbox 1334 5432 1679 5505; x_wconf 80' lang='lat' dir='ltr'><strong>Apostolicis,</strong></span> <span class='ocrx_word' id='word_1_611' title='bbox 1720 5433 2036 5490; x_wconf 89' lang='lat' dir='ltr'><strong>auctoritate</strong></span> <span class='ocrx_word' id='word_1_612' title='bbox 2144 5434 2411 5491; x_wconf 91' lang='lat' dir='ltr'><strong>seirentur</strong></span> <span class='ocrx_word' id='word_1_613' title='bbox 2427 5434 2877 5502; x_wconf 89' lang='lat' dir='ltr'><strong>cterederentur;</strong></span> <span class='ocrx_word' id='word_1_614' title='bbox 2904 5445 2965 5490; x_wconf 91' lang='lat' dir='ltr'><strong>ut</strong></span> <span class='ocrx_word' id='word_1_615' title='bbox 2989 5443 3072 5493; x_wconf 88' lang='lat' dir='ltr'><strong>est</strong></span> <span class='ocrx_word' id='word_1_616' title='bbox 3100 5437 3315 5507; x_wconf 86' lang='lat' dir='ltr'><strong>quodin</strong></span> <span class='ocrx_word' id='word_1_617' title='bbox 3345 5437 3595 5508; x_wconf 80' lang='lat' dir='ltr'><strong>principio</strong></span> <span class='ocrx_word' id='word_1_618' title='bbox 3619 5437 3741 5510; x_wconf 79' lang='lat' dir='ltr'><strong>fecit</strong></span> 
     </span>
    </p>
   </div>
   <div class='ocr_carea' id='block_1_54' title="bbox 1661 5558 2486 5599">
    <p class='ocr_par' dir='ltr' id='par_1_54' title="bbox 1661 5558 2486 5599">
     <span class='ocr_line' id='line_1_56' title="bbox 1661 5558 2486 5599; baseline 0 -2"><span class='ocrx_word' id='word_1_619' title='bbox 1661 5558 1919 5597; x_wconf 76' lang='grc' dir='ltr'><strong>Δί)κοΜο</strong></span> <span class='ocrx_word' id='word_1_620' title='bbox 1950 5561 2023 5595; x_wconf 73' lang='lat' dir='ltr'><strong>PP.</strong></span> <span class='ocrx_word' id='word_1_621' title='bbox 2058 5560 2486 5599; x_wconf 64' lang='lat' dir='ltr'><strong>MEDIC‘I&#39;INORUM.</strong></span> 
     </span>
    </p>
   </div>
   <div class='ocr_carea' id='block_1_55' title="bbox 1466 5021 2007 5058">
    <p class='ocr_par' dir='ltr' id='par_1_55' title="bbox 1466 5021 2007 5058">
     <span class='ocr_line' id='line_1_57' title="bbox 1466 5021 2007 5058; baseline 0.007 -3"><span class='ocrx_word' id='word_1_622' title='bbox 1466 5021 2007 5058; x_wconf 51' lang='grc' dir='ltr'><strong>-ε</strong></span> 
     </span>
    </p>
   </div>
   <div class='ocr_carea' id='block_1_56' title="bbox 2197 5023 2732 5061">
    <p class='ocr_par' dir='ltr' id='par_1_56' title="bbox 2197 5023 2732 5061">
     <span class='ocr_line' id='line_1_58' title="bbox 2197 5023 2732 5061; baseline -0.002 -1"><span class='ocrx_word' id='word_1_623' title='bbox 2197 5023 2732 5061; x_wconf 41' lang='lat'><strong>*—</strong></span> 
     </span>
    </p>
   </div>
   <div class='ocr_carea' id='block_1_57' title="bbox 3538 5061 3555 5091">
    <p class='ocr_par' dir='ltr' id='par_1_57' title="bbox 3538 5061 3555 5091">
     <span class='ocr_line' id='line_1_59' title="bbox 3538 5061 3555 5091; baseline 0 0"><span class='ocrx_word' id='word_1_624' title='bbox 3538 5061 3555 5091; x_wconf 63' lang='grc' dir='ltr'><em>λ</em></span> 
     </span>
    </p>
   </div>
   <div class='ocr_carea' id='block_1_58' title="bbox 508 5628 3740 5697">
    <p class='ocr_par' dir='ltr' id='par_1_58' title="bbox 508 5628 3740 5697">
     <span class='ocr_line' id='line_1_60' title="bbox 508 5628 3740 5697; baseline 0.005 -22"><span class='ocrx_word' id='word_1_625' title='bbox 508 5635 559 5676; x_wconf 84' lang='lat' dir='ltr'><strong>tn</strong></span> <span class='ocrx_word' id='word_1_626' title='bbox 578 5628 826 5680; x_wconf 85' lang='lat' dir='ltr'><strong>Gallicanis</strong></span> <span class='ocrx_word' id='word_1_627' title='bbox 846 5635 952 5697; x_wconf 50' lang='lat' dir='ltr'><strong>uss.</strong></span> <span class='ocrx_word' id='word_1_628' title='bbox 979 5631 1169 5697; x_wconf 82' lang='lat' dir='ltr'><strong>nonnisi</strong></span> <span class='ocrx_word' id='word_1_629' title='bbox 1180 5629 1647 5697; x_wconf 78' lang='lat' dir='ltr'><strong>_duobus__repertum</strong></span> <span class='ocrx_word' id='word_1_630' title='bbox 1670 5636 1764 5697; x_wconf 78' lang='lat' dir='ltr'><strong>est,</strong></span> <span class='ocrx_word' id='word_1_631' title='bbox 1791 5629 1951 5691; x_wconf 72' lang='lat' dir='ltr'><strong>Hegias</strong></span> <span class='ocrx_word' id='word_1_632' title='bbox 1991 5629 2300 5680; x_wconf 66' lang='lat' dir='ltr'><strong>Bibliothecee</strong></span> <span class='ocrx_word' id='word_1_633' title='bbox 2329 5644 2449 5697; x_wconf 84' lang='lat' dir='ltr'><strong>uno,</strong></span> <span class='ocrx_word' id='word_1_634' title='bbox 2468 5632 2624 5683; x_wconf 90' lang='lat' dir='ltr'><strong>altero</strong></span> <span class='ocrx_word' id='word_1_635' title='bbox 2644 5632 2951 5683; x_wconf 85' lang='lat' dir='ltr'><strong>Carnutensis</strong></span> <span class='ocrx_word' id='word_1_636' title='bbox 2980 5631 3209 5697; x_wconf 55' lang='lat' dir='ltr'><strong>Ecclesia:</strong></span> <span class='ocrx_word' id='word_1_637' title='bbox 3232 5647 3245 5684; x_wconf 90' lang='lat'><strong>:</strong></span> <span class='ocrx_word' id='word_1_638' title='bbox 3280 5647 3485 5697; x_wconf 87' lang='lat' dir='ltr'><strong>quorum</strong></span> <span class='ocrx_word' id='word_1_639' title='bbox 3520 5635 3740 5690; x_wconf 80' lang='lat' dir='ltr'><strong>codicum</strong></span> 
     </span>
    </p>
   </div>
   <div class='ocr_carea' id='block_1_59' title="bbox 447 5691 3400 5757">
    <p class='ocr_par' dir='ltr' id='par_1_59' title="bbox 447 5691 3400 5757">
     <span class='ocr_line' id='line_1_61' title="bbox 447 5691 3400 5757; baseline 0.002 -19"><span class='ocrx_word' id='word_1_640' title='bbox 447 5702 571 5757; x_wconf 56' lang='lat' dir='ltr'><strong>ope,</strong></span> <span class='ocrx_word' id='word_1_641' title='bbox 581 5704 771 5741; x_wconf 87' lang='lat' dir='ltr'><strong>necnon</strong></span> <span class='ocrx_word' id='word_1_642' title='bbox 793 5691 978 5757; x_wconf 81' lang='lat' dir='ltr'><strong>collatis</strong></span> <span class='ocrx_word' id='word_1_643' title='bbox 999 5692 1057 5740; x_wconf 87' lang='lat' dir='ltr'><strong>ad</strong></span> <span class='ocrx_word' id='word_1_644' title='bbox 1078 5692 1277 5741; x_wconf 82' lang='lat' dir='ltr'><strong>eosdem</strong></span> <span class='ocrx_word' id='word_1_645' title='bbox 1293 5691 1486 5742; x_wconf 76' lang='lat' dir='ltr'><strong>codices</strong></span> <span class='ocrx_word' id='word_1_646' title='bbox 1511 5692 1803 5741; x_wconf 89' lang='lat' dir='ltr'><strong>editionibus</strong></span> <span class='ocrx_word' id='word_1_647' title='bbox 1824 5700 1929 5757; x_wconf 56' lang='lat' dir='ltr'><strong>sm,</strong></span> <span class='ocrx_word' id='word_1_648' title='bbox 1949 5697 2023 5739; x_wconf 84' lang='lat' dir='ltr'><strong>Er.</strong></span> <span class='ocrx_word' id='word_1_649' title='bbox 2050 5699 2102 5741; x_wconf 84' lang='lat' dir='ltr'><strong>et</strong></span> <span class='ocrx_word' id='word_1_650' title='bbox 2128 5700 2237 5757; x_wconf 68' lang='grc' dir='ltr'><strong>ων.</strong></span> <span class='ocrx_word' id='word_1_651' title='bbox 2258 5691 2536 5757; x_wconf 85' lang='lat' dir='ltr'><strong>restituitur</strong></span> <span class='ocrx_word' id='word_1_652' title='bbox 2559 5697 2607 5744; x_wconf 89' lang='lat' dir='ltr'><strong>in</strong></span> <span class='ocrx_word' id='word_1_653' title='bbox 2630 5697 2878 5757; x_wconf 81' lang='lat' dir='ltr'><strong>integrum</strong></span> <span class='ocrx_word' id='word_1_654' title='bbox 2898 5693 3063 5745; x_wconf 87' lang='lat' dir='ltr'><strong>multis</strong></span> <span class='ocrx_word' id='word_1_655' title='bbox 3095 5696 3146 5744; x_wconf 88' lang='lat' dir='ltr'><strong>in</strong></span> <span class='ocrx_word' id='word_1_656' title='bbox 3383 5720 3400 5729; x_wconf 67' lang='grc' dir='ltr'><strong><em>ι</em></strong></span> 
     </span>
    </p>
   </div>
   <div class='ocr_carea' id='block_1_60' title="bbox 524 5752 3728 5834">
    <p class='ocr_par' dir='ltr' id='par_1_60' title="bbox 524 5752 3728 5834">
     <span class='ocr_line' id='line_1_62' title="bbox 524 5752 3728 5834; baseline 0.003 -23"><span class='ocrx_word' id='word_1_657' title='bbox 524 5752 1037 5834; x_wconf 62' lang='grc' dir='ltr'><strong>ροιηραναυίηιωε</strong></span> <span class='ocrx_word' id='word_1_658' title='bbox 1073 5764 1511 5834; x_wconf 61' lang='lat' dir='ltr'><strong>pratereaeas</strong></span> <span class='ocrx_word' id='word_1_659' title='bbox 1544 5772 1747 5815; x_wconf 83' lang='lat' dir='ltr'><strong>omnes</strong></span> <span class='ocrx_word' id='word_1_660' title='bbox 1778 5752 2080 5816; x_wconf 78' lang='lat' dir='ltr'><strong>editiones</strong></span> <span class='ocrx_word' id='word_1_661' title='bbox 2116 5755 2304 5817; x_wconf 80' lang='lat' dir='ltr'><strong>initio</strong></span> <span class='ocrx_word' id='word_1_662' title='bbox 2352 5758 2524 5818; x_wconf 81' lang='lat' dir='ltr'><strong>Relr.</strong></span> <span class='ocrx_word' id='word_1_663' title='bbox 2550 5752 2942 5834; x_wconf 77' lang='lat' dir='ltr'><strong>elConl‘ess.,</strong></span> <span class='ocrx_word' id='word_1_664' title='bbox 2964 5766 3008 5819; x_wconf 71' lang='grc' dir='ltr'><strong>τ.</strong></span> <span class='ocrx_word' id='word_1_665' title='bbox 3041 5758 3101 5819; x_wconf 91' lang='grc'><strong>1.</strong></span> <span class='ocrx_word' id='word_1_666' title='bbox 3132 5767 3524 5821; x_wconf 84' lang='lat' dir='ltr'><strong>memoratas.</strong></span> <span class='ocrx_word' id='word_1_667' title='bbox 3610 5758 3728 5827; x_wconf 82' lang='lat' dir='ltr'><strong>M.‘</strong></span> 
     </span>
    </p>
   </div>
   <div class='ocr_carea' id='block_1_61' title="bbox 508 5830 2131 5897">
    <p class='ocr_par' dir='ltr' id='par_1_61' title="bbox 508 5830 1482 5897">
     <span class='ocr_line' id='line_1_63' title="bbox 508 5830 1482 5897; baseline 0.003 -16"><span class='ocrx_word' id='word_1_668' title='bbox 508 5830 585 5897; x_wconf 83' lang='grc' dir='ltr'><strong>(α)</strong></span> <span class='ocrx_word' id='word_1_669' title='bbox 615 5830 850 5896; x_wconf 77' lang='lat' dir='ltr'><strong>Scriptum</strong></span> <span class='ocrx_word' id='word_1_670' title='bbox 870 5834 962 5881; x_wconf 84' lang='lat' dir='ltr'><strong>sub</strong></span> <span class='ocrx_word' id='word_1_671' title='bbox 982 5830 1159 5883; x_wconf 74' lang='lat' dir='ltr'><strong>annum</strong></span> <span class='ocrx_word' id='word_1_672' title='bbox 1181 5833 1351 5885; x_wconf 83' lang='lat' dir='ltr'><strong>Christi</strong></span> <span class='ocrx_word' id='word_1_673' title='bbox 1374 5832 1482 5884; x_wconf 77' lang='grc'><strong>427.</strong></span> 
     </span>
    </p>
   </div>
  </div>
