4110 6498
334 415 444 475 889

332 534 474 589 Deus
497 531 679 588 omium
703 539 751 587 et
776 538 963 588 terram
990 530 1142 605 (Gen.
1170 550 1208 602 ι,
1238 534 1318 606 1),
1348 543 1404 590 et
1424 534 1566 606 quod
1602 534 1657 589 in
1683 531 1927 605 principio

334 634 442 681 erat
468 623 690 679 Verbum
719 624 897 699 (Joan.
927 641 966 693 ι,
998 624 1078 696 1),
1124 634 1179 682 et
1202 641 1550 698 quaecumque
1586 626 1722 682 facta
1751 624 1929 681 divina

332 717 417 772 vel
464 715 699 773 humana
743 717 1112 774 tantummodo
1173 719 1545 791 cognoscenda
1593 726 1925 775 narrantur:

330 809 576 880 quaedam
604 824 734 865 vero
765 810 845 866 sic
868 822 987 867 esse
1026 811 1195 881 jussa,
1221 820 1279 867 ut
1311 812 1724 869 observarentur
1752 820 1805 868 et
1830 812 1927 866 ﬁe-

329 908 471 968 rent,
502 901 587 957 vel
608 901 896 972 prohibita,
943 917 1009 959 ne
1029 903 1246 967 ﬁerent;
1274 913 1333 960 ut
1362 914 1464 973 est,
1495 904 1709 961 Honora
1734 914 1928 975 patrem

330 1000 378 1045 et
404 1001 649 1057 matrem;
694 1000 769 1059 et,
794 993 919 1048 Non
948 995 1271 1067 "imitaberis
1299 995 1492 1068 (Exod.
1520 1014 1610 1062 xx,
1640 997 1729 1062 l2,
1759 998 1847 1063 14,
1880 1004 1928 1052 et

329 1080 519 1137 Matth.
538 1099 632 1150 xv,
658 1085 789 1151 4;v.
810 1084 903 1153 27,
921 1086 1052 1158 28)?
1078 1074 1277 1143 Horum
1296 1096 1474 1145 autem
1490 1104 1608 1159 quae
1623 1088 1861 1159 jubendo
1872 1096 1928 1144 et

326 1174 559 1231 vetando
604 1177 799 1247 scripta
827 1187 970 1248 sunt,
1000 1180 1103 1236 alia
1130 1191 1252 1237 sunt
1272 1191 1730 1239 sacramentorum
1756 1185 1926 1240 velata

326 1266 614 1337 mysteriis,
634 1284 753 1338 qua;
772 1270 941 1326 multa
956 1271 1162 1328 Veteris
1184 1274 1509 1331 Testamenti
1524 1277 1719 1346 populo
1742 1276 1816 1331 illi
1842 1277 1923 1333 fa-

326 1357 516 1413 cienda
536 1359 785 1415 mandata
806 1370 953 1430 sunt,
984 1378 1159 1435 neque
1183 1366 1427 1437 apopulo
1452 1366 1743 1423 christiano
1782 1383 1924 1424 nunc

327 1448 477 1517 ﬁunt,
503 1452 599 1507 sed
620 1455 987 1509 tantummodo
1010 1455 1355 1527 intelligenda
1400 1459 1742 1529 requiruntur
1766 1468 1924 1531 atque

325 1548 620 1598 tractantur
644 1562 657 1598 :
680 1544 837 1600 sicuti
874 1555 958 1602 est
1003 1547 1280 1603 sabbatum
1304 1549 1370 1603 ad
1394 1550 1654 1606 visibilem
1687 1553 1924 1607 vacatio-

324 1649 445 1689 nem
480 1633 656 1707 (Deut.
680 1652 733 1703 v,
760 1638 871 1708 12),
894 1638 1033 1694 sicut
1053 1653 1239 1712 azyma
1266 1641 1320 1696 in
1338 1656 1473 1712 pane
1492 1643 1609 1699 sine
1637 1642 1921 1712 fermento,

324 1726 528 1782 Pascha
556 1729 610 1783 in
636 1731 750 1785 ovis
780 1732 1048 1788 occisione
1079 1730 1273 1806 (Exod.
1306 1735 1438 1807 xu);
1467 1737 1603 1792 sicut
1633 1746 1709 1794 tot
1727 1754 1922 1810 genera

323 1821 701 1877 sacrificiorum
736 1823 1085 1896 ciborumque
1124 1826 1484 1897 vitandorum,
1521 1838 1576 1885 et
1604 1832 1919 1899 neomeniae,

323 1919 376 1965 et
393 1926 585 1967 annua:
605 1913 991 1982 solemnitates,
1018 1933 1150 1987 quas
1170 1920 1460 1977 observant
1487 1938 1626 1978 nunc
1649 1938 1816 1995 usque
1830 1925 1925 1981 Ju-

321 2002 453 2069 daei;
485 2013 539 2059 et
568 2005 671 2061 illa:
696 2007 1127 2077 justiﬁcationes,
1156 2026 1275 2081 qua:
1304 2029 1413 2069 non
1431 2015 1496 2069 ad
1515 2031 1676 2086 opera
1702 2019 1921 2087 justitize

322 2098 535 2165 proprie
557 2099 841 2167 pertinent,
865 2102 960 2156 sed
989 2102 1189 2173 aliquid
1217 2105 1518 2175 signiﬁcare
1535 2108 1918 2179 intelliguntur.

320 2185 450 2254 Quis
474 2188 616 2242 enim
644 2190 965 2248 christianus
991 2194 1220 2263 septimo
1266 2212 1409 2252 anno
1458 2200 1663 2270 cogitur
1706 2216 1921 2257 servum

321 2278 545 2334 reddere
586 2279 850 2347 libertati;
897 2292 953 2339 et
998 2284 1045 2340 si
1088 2285 1367 2343 discedere
1398 2288 1485 2344 ille
1514 2292 1764 2357 uoluerit,
1802 2292 1922 2362 ejus

319 2371 609 2426 auriculam
633 2372 820 2429 subula
836 2376 1160 2445 pertundere
1179 2378 1246 2434 ad
1268 2388 1475 2450 postem
1500 2380 1609 2451 (Id.
1629 2398 1740 2449 xxI,
1757 2383 1812 2450 2,
1839 2382 1919 2457 6),

318 2470 375 2518 et
406 2471 601 2520 ctetera
630 2464 971 2536 hujusmodi?
999 2469 1118 2526 Alia
1144 2487 1275 2528 vero
1300 2474 1460 2545 etiam
1490 2490 1634 2531 nunc
1679 2476 1921 2534 facienda

316 2562 463 2619 sunt,
494 2555 540 2610 si
565 2556 802 2612 facienda
827 2568 1092 2631 praecepta
1117 2572 1271 2629 sunt;
1299 2578 1399 2620 nec
1424 2564 1685 2633 facienda,
1722 2569 1767 2622 si
1798 2583 1923 2638 pro-

318 2644 518 2713 hibita;
541 2649 716 2719 qualia
738 2660 862 2706 sunt
885 2651 975 2706 illa
995 2668 1114 2724 quae
1139 2654 1270 2720 dixi,
1300 2654 1512 2711 Honora
1532 2667 1725 2729 patrem
1752 2670 1797 2713 et
1815 2677 1923 2714 ma-

319 2747 479 2805 trem;
506 2747 579 2807 et,
615 2740 738 2796 Non
753 2744 1100 2801 mwchaberis.
1124 2747 1201 2802 De
1228 2748 1313 2802 his
1340 2748 1502 2819 igitur
1525 2766 1644 2821 quae
1680 2751 1754 2807 ita
1796 2762 1922 2808 sunt

321 2833 490 2901 posita
508 2833 560 2887 in
590 2833 806 2890 Litteris
832 2837 1018 2904 sacris,
1043 2840 1126 2894 vel
1147 2839 1409 2909 jubendo,
1440 2842 1525 2897 vel
1550 2844 1798 2909 vetando,
1836 2845 1922 2901 vel

318 2924 564 2992 sinendo,
598 2934 655 2981 ut
684 2927 842 2982 etiam
870 2945 1031 2997 nunc,
1065 2931 1117 2985 id
1152 2940 1235 2988 est
1262 2941 1502 3003 tempore
1548 2936 1681 2990 Novi
1731 2936 1923 2992 Testa-

320 3018 511 3082 menti,
552 3018 621 3073 ad
657 3019 819 3075 vitam
848 3022 988 3092 piam
1020 3025 1375 3080 exercendam
1423 3042 1704 3099 moresque
1750 3029 1923 3100 perti-

321 3107 635 3174 neant,hoc
655 3124 791 3179 opus
816 3112 957 3181 quod
998 3113 1050 3167 in
1101 3129 1293 3170 manus
1337 3118 1541 3187 sumpsi
1594 3133 1924 3189 componere

320 3212 603 3275 egressus
632 3215 783 3267 sum;
816 3209 874 3256 ut
909 3214 1164 3272 quantum
1193 3220 1279 3260 me
1307 3206 1451 3263 Deus
1474 3208 1710 3279 adjuvat,
1744 3211 1921 3265 omnia

319 3290 449 3345 talia
478 3290 547 3347 de
569 3292 843 3347 canonicis
877 3292 1052 3349 Libris
1084 3295 1348 3367 colligam,
1380 3308 1539 3369 atque
1566 3309 1626 3356 ut
1656 3301 1811 3358 facile
1838 3304 1925 3358 in-

320 3382 457 3453 spici
484 3384 709 3454 possint,
740 3386 796 3441 in
820 3401 984 3441 unum
1005 3396 1255 3459 tanquam
1293 3388 1582 3460 Speculum
1611 3409 1920 3466 congeram.

320 3474 569 3546 Oportuit
583 3479 723 3532 enim
742 3479 820 3534 sic
833 3492 893 3535 ea
916 3480 1043 3550 poni
1065 3481 1132 3535 ab
1152 3482 1461 3538 auctoribus
1484 3487 1701 3553 nostris,
1731 3504 1924 3557 quem-

320 3566 607 3623 admodum
628 3570 801 3639 posita
826 3579 969 3638 sunt,
1001 3581 1061 3627 ut
1080 3580 1345 3643 praecepta
1394 3576 1788 3634 narrationibus
1833 3581 1924 3636 vel

320 3657 766 3727 disputationibus
804 3661 1036 3733 propriis
1071 3664 1316 3734 ﬁgurata,
1346 3673 1401 3719 et
1427 3666 1663 3737 ﬁguratis
1706 3672 1921 3741 propria

321 3747 697 3815 miscerentur,
726 3750 854 3807 dum
881 3768 1064 3808 rerum
1083 3763 1353 3825 gestarum
1379 3757 1514 3813 ordo
1541 3770 1805 3830 servatur,
1825 3770 1922 3818 aut

322 3840 679 3913 respondetur
703 3842 961 3908 adversis,
988 3854 1080 3899 aut
1116 3847 1206 3917 qui
1241 3846 1469 3904 docendi
1501 3858 1625 3906 sunt
1651 3852 1926 3911 instruun-

327 3938 429 3996 tur,
462 3933 893 3989 autoccultcrum
921 3935 1227 3993 inventione
1250 3940 1641 4009 quodammodo
1668 3959 1927 4004 renovan-

327 4031 412 4077 tur
432 4022 485 4077 hi
515 4025 604 4094 qui
634 4034 874 4096 prompta
904 4036 958 4081 et
985 4036 1168 4098 aperta
1188 4028 1468 4087 fastidiunt
1495 4051 1509 4088 :
1541 4049 1638 4091 nos
1661 4046 1839 4093 autem
1868 4040 1924 4094 in

325 4113 430 4168 hoc
458 4128 620 4185 opere
650 4131 748 4171 nec
790 4116 1061 4173 inﬁdelem
1100 4120 1186 4175 vel
1224 4121 1535 4180 adducimus
1560 4126 1644 4181 vel
1687 4128 1925 4186 mdifica-

324 4219 447 4259 mus
473 4205 540 4260 ad
562 4207 751 4269 ﬁdem;
778 4223 879 4263 nec
907 4224 1221 4267 exercemus
1258 4214 1571 4283 quibusdam
1623 4220 1927 4277 salubribus

324 4292 728 4353 difﬁcultatibus
774 4298 1045 4370 ingenium
1086 4303 1542 4377 intentionemque
1570 4309 1928 4379 discentium;

325 4388 567 4445 sedeum
593 4395 681 4461 qui
706 4393 816 4463 jam
842 4395 1069 4452 credens
1097 4398 1316 4456 obedire
1342 4402 1451 4457 Deo
1476 4405 1724 4472 voluerit,
1757 4418 1811 4462 ut
1836 4409 1927 4465 hic

324 4479 686 4552 se.inspiciat,
728 4484 1104 4556 admonemus,
1149 4500 1511 4564 quantumque
1534 4496 1590 4550 in
1616 4496 1771 4554 bonis
1808 4516 1928 4557 mo—
1967 4557 1979 4564 λ,

327 4572 479 4628 ribus
506 4574 861 4647 operibusque
897 4580 1203 4651 profecerit,
1228 4594 1282 4639 et
1321 4597 1576 4657 quantum
1619 4592 1719 4646 sibi
1760 4594 1925 4663 desit,

327 4667 585 4723 attendat.
627 4669 717 4726 Sic
738 4671 883 4727 enim
908 4683 1085 4744 potest
1111 4685 1165 4732 et
1188 4677 1257 4733 de
1284 4678 1370 4734 his
1396 4697 1515 4751 qua:
1544 4682 1705 4740 habet
1726 4688 1932 4755 gratias

324 4771 514 4828 agerc;
541 4767 596 4815 et
623 4760 688 4815 de
714 4759 799 4816 his
817 4778 937 4833 quae
960 4781 1066 4822 non
1090 4767 1270 4837 habet,
1296 4779 1354 4825 ut
1374 4772 1567 4829 habeat
1586 4777 1714 4830 satis
1732 4752 1926 4848 agere;
1972 4752 1988 4791 έ

323 4863 394 4904 ac
431 4860 647 4921 propter
672 4851 762 4908 illa
794 4857 1055 4913 servanda
1083 4873 1262 4915 curam
1292 4876 1587 4935 precesque
1608 4866 1779 4924 fidelis
1807 4870 1959 4939 pie-‘1

326 4944 453 4999 tatis
475 4943 750 5004 adhibere.
776 4948 833 5004 In
856 4949 941 5007 his
964 4961 1142 5008 autem
1168 4957 1414 5013 omnibus
1441 4975 1561 5031 qua:
1598 4962 1927 5034 inspicienda

308 5048 532 5117 ponere
570 5037 796 5107 institui,
824 5056 1171 5115 quacumque
1214 5047 1353 5104 inter
1375 5065 1433 5106 se
1461 5052 1781 5113 videbuntur
1804 5074 1932 5118 esse

245 5157 257 5205 χ
331 5127 618 5197 contraria,
666 5140 850 5200 postea
876 5136 1161 5205 propositis
1188 5142 1573 5209 quaestionibus
1610 5152 1932 5219 exponenda

242 5230 262 5297 \'
330 5225 490 5288 atque
538 5222 789 5279 solvenda
831 5236 976 5281 sunt.
1004 5227 1144 5287 Sane
1173 5235 1428 5303 supplicia
1466 5238 1606 5295 male
1640 5240 1925 5315 factorum,

1110 415 1168 473 S.
1211 413 1582 476 AUGUSTINI
1622 410 1986 474 SPECULUM
2027 410 2116 471 DE
2154 410 2538 475 SCRIPTURA
2574 415 2824 475 SACRA.

2550 533 2637 588 DE
2666 531 2868 589 LIBRO
2896 529 3115 600 LEGIS,

2491 639 2578 688 QUI
2606 641 2807 681 EXODUS
2844 641 3167 682 NOMINATUR.

2110 712 2259 788 [Cap.
2290 716 2405 789 xx.]
2436 717 2547 773 Non
2594 719 2753 775 facies
2782 718 2876 775 tibi
2922 719 3184 789 sculptile,
3217 732 3390 792 neque
3416 733 3630 778 omnem

2038 806 2439 864 similitudinem
2484 825 2603 881 quae
2649 820 2731 865 est
2778 811 2834 866 in
2882 811 3019 868 cmlo
3055 811 3305 883 desuper,
3352 823 3406 870 et
3435 815 3651 886 qumin.

2040 905 2181 953 terra
2209 898 2488 969 deorsum,
2513 918 2613 958 nec
2644 916 2828 959 eorum
2850 918 2969 974 quae
2995 913 3118 960 sunt
3146 906 3199 961 in
3225 907 3377 977 aquis
3404 907 3504 962 sub
3533 918 3634 964 ter-

2037 1003 2094 1043 ra
2125 1006 2139 1045 :
2164 1006 2268 1044 non
2293 991 2539 1048 adorabis
2566 1008 2649 1060 ea,
2679 1009 2853 1065 neque
2873 996 3036 1052 coles.
3059 995 3229 1052 Item:
3247 996 3361 1053 Non
3392 1012 3635 1055 assumes

2040 1095 2238 1137 nomen
2283 1083 2492 1140 Domini
2534 1086 2628 1141 Dei
2657 1087 2732 1142 tui
2760 1086 2814 1143 in
2844 1103 3037 1143 vanum
3071 1106 3084 1143 :
3113 1103 3213 1145 nec
3237 1090 3379 1145 enim
3416 1090 3633 1146 habebit

2035 1172 2299 1230 insontem
2328 1175 2583 1231 Dominus
2604 1194 2725 1234 eum
2756 1180 2844 1250 qui
2872 1182 3425 1252 assumpseritnomen
3454 1183 3634 1240 Domi-

2036 1265 2090 1319 ni
2126 1265 2218 1321 Dei
2246 1267 2344 1321 ‘sui
2390 1267 2605 1323 frustra.
2666 1269 2733 1323 Et
2779 1273 2933 1342 paulo
2984 1282 3093 1343 post
3121 1272 3375 1329 :Honora
3428 1282 3632 1346 patrem

2036 1367 2184 1413 tuum
2216 1366 2269 1413 et
2297 1370 2542 1427 matrem,
2582 1370 2641 1418 ut
2669 1363 2744 1418 sis
2768 1364 3039 1436 longmvus
3074 1381 3234 1435 super
3253 1376 3447 1423 terram
3472 1383 3633 1438 quam

2034 1450 2294 1505 Dominus
2316 1453 2458 1508 Deus
2488 1464 2607 1509 tuus
2631 1455 2776 1510 dabit
2803 1457 2916 1511 tibi.
2950 1456 3066 1512 Non
3083 1458 3316 1515 occides.
3350 1458 3469 1515 Non
3496 1475 3632 1517 mte-

2034 1541 2302 1598 chaheris.
2359 1542 2473 1598 Non
2529 1543 2725 1600 furtum
2769 1546 2949 1602 facies.
2990 1547 3105 1602 Non
3163 1549 3398 1619 loqueris
3448 1560 3632 1607 contra

2034 1634 2336 1702 proximum
2356 1642 2500 1689 tuum
2525 1634 2715 1691 falsum
2734 1638 3121 1695 testimonium.
3143 1639 3257 1695 Non
3285 1642 3631 1711 concupisces

2030 1723 2249 1779 domum
2292 1726 2526 1795 proximi
2567 1727 2662 1791 tui,
2695 1743 2793 1784 nec
2836 1729 3167 1786 desiderabis
3210 1746 3433 1787 uxorem
3474 1732 3629 1803 ejus;

2031 1829 2141 1871 non
2163 1832 2396 1882 servum,
2428 1834 2534 1873 non
2562 1819 2830 1889 ancillam,
2859 1837 2963 1877 non
3003 1822 3214 1888 bovem,
3243 1837 3350 1878 non
3398 1824 3629 1890 asinum,
3684 1862 3688 1867 -

2031 1923 2131 1964 nec
2155 1914 2332 1965 omnia
2363 1927 2481 1982 qurc
2514 1913 2654 1969 illius
2682 1925 2827 1969 sunt.
2876 1914 3008 1969 Item
3035 1925 3147 1986 post
3178 1915 3489 1989 Decalogum
3514 1917 3630 1971 aliis

2029 1998 2083 2053 in
2101 2000 2245 2063 locis,
2271 2002 2380 2056 lucc
2407 2003 2460 2057 in
2486 2006 2658 2059 eodem
2680 2007 2807 2059 hbro
2829 2008 3146 2075 reperiuntur
3173 2018 3421 2079 praecepta
3458 2011 3631 2063 viven-

2031 2092 2126 2146 di:
2154 2093 2270 2148 Non
2317 2093 2519 2151 facietis
2569 2113 2776 2153 mecum
2806 2099 2822 2129 ¹
2856 2098 2986 2153 deos
3029 2109 3329 2169 argenteos,
3373 2115 3473 2156 nec
3498 2100 3630 2155 deos

2030 2197 2221 2239 aureos
2248 2184 2452 2240 facietis
2471 2186 2644 2243 vobis.

2102 2276 2172 2330 Et
2199 2278 2457 2348 aliquanto
2488 2288 2597 2350 post
2628 2280 2784 2354 [xu]
2816 2301 2829 2336 :
2858 2280 2956 2349 Qui
2987 2284 3308 2353 percusserit
3355 2284 3625 2340 hominem

2029 2368 2214 2425 volens
2241 2371 2506 2437 occidere,
2540 2383 2711 2429 morte
2757 2376 3034 2431 moriatur.
3082 2377 3181 2444 Qui
3212 2387 3385 2433 autem
3414 2394 3519 2433 non
3548 2388 3632 2434 est

2030 2463 2331 2527 insidiatus,
2351 2465 2444 2519 sed
2476 2466 2611 2521 Deus
2635 2466 2780 2521 illum
2811 2467 3025 2523 tradidit
3050 2468 3100 2523 in
3128 2485 3318 2526 manus
3341 2471 3476 2541 ejus,
3500 2486 3631 2526 eon-

2034 2554 2250 2609 stituam
2285 2555 2380 2609 tibi
2432 2556 2603 2611 locum
2629 2573 2735 2627 quo
2784 2557 2963 2627 fugere
2991 2558 3201 2623 debeat.
3234 2561 3289 2616 Si
3314 2562 3433 2632 quis
3457 2562 3524 2617 de
3550 2563 3630 2617 in-

2030 2643 2230 2699 dustria
2259 2645 2513 2700 occiderit
2544 2647 2841 2716 proximum
2887 2664 3039 2704 suum
3070 2666 3165 2720 per
3194 2652 3432 2720 insidias,
3462 2654 3529 2708 ab
3555 2654 3631 2708 al-

2031 2736 2133 2788 tari
2163 2750 2284 2789 mco
2318 2736 2516 2791 evclles
2561 2753 2703 2804 eum,
2752 2748 2809 2793 ut
2851 2741 3128 2795 moriatur.
3178 2741 3276 2810 Qui
3307 2745 3629 2813 percusserit

2030 2835 2233 2894 patrem
2271 2841 2422 2880 suum
2468 2836 2524 2882 ct
2564 2838 2810 2898 matrem,
2860 2840 3032 2888 morte
3084 2836 3359 2891 moriatur.
3414 2836 3514 2904 Qui
3560 2836 3631 2891 fu-

2030 2924 2180 2971 ratus
2224 2916 2382 2972 fucrit
2422 2919 2794 2987 hominem,et
2825 2923 3121 2979 vendiderit
3160 2941 3304 2990 eum,
3355 2928 3631 2983 convictus

2032 3024 2227 3073 ueste,
2298 3018 2472 3067 morte
2558 3014 2831 3068 moriatur.
2911 3015 3008 3081 Qui
3077 3016 3411 3073 maledixerit
3494 3018 3631 3088 patri

2031 3113 2129 3153 suo
2176 3108 2268 3154 aut
2306 3101 2509 3168 matri,
2562 3112 2732 3158 morte
2783 3106 3065 3160 moriatur.
3117 3106 3174 3161 Si
3224 3108 3379 3163 rixati
3434 3107 3632 3164 fuerint

2031 3190 2176 3256 viri,
2226 3200 2280 3245 et
2320 3194 2645 3261 percusserit
2703 3195 2837 3249 alter
2896 3196 3193 3266 proximum
3247 3212 3401 3252 suum
3454 3199 3632 3268 lapide

2032 3287 2117 3341 vel
2143 3302 2342 3357 pugno,
2367 3297 2422 3343 et
2450 3289 2536 3344 ille
2561 3287 2807 3344 mortuus
2834 3305 2936 3344 non
2963 3291 3142 3358 fuerit,
3192 3291 3288 3349 sed
3328 3292 3553 3362 jacuerit
3578 3294 3629 3349 in

2032 3375 2265 3444 lectulo;
2289 3378 2335 3432 si
2353 3380 2649 3434 surrexerit
2674 3389 2728 3434 et
2747 3380 3102 3436 ambulaverit
3131 3381 3259 3438 foris
3288 3397 3446 3453 super
3470 3383 3633 3439 bacu-

2034 3469 2144 3523 lum
2188 3483 2363 3534 suum,
2416 3470 2671 3524 innocens
2697 3471 2799 3525 erit
2824 3471 2915 3541 qui
2942 3474 3242 3542 percussit:
3271 3473 3342 3527 ita
3369 3482 3543 3529 tamen
3574 3481 3633 3529 ut

2034 3573 2227 3629 operas
2251 3558 2368 3628 ejus
2385 3569 2439 3613 et
2466 3560 2736 3630 impensas
2766 3562 2817 3615 in
2845 3563 3082 3618 medicos
3101 3564 3362 3619 restituat.
3390 3564 3489 3632 Qui
3514 3581 3634 3635 per-

2034 3649 2261 3706 cusserit
2289 3663 2502 3703 servum
2549 3664 2704 3705 suum
2749 3652 2833 3706 vel
2875 3653 3120 3708 ancillam
3172 3655 3339 3726 virga,
3387 3664 3442 3709 et
3484 3671 3630 3713 mor-

2036 3748 2159 3795 tuus
2178 3739 2339 3794 fuerit
2374 3741 2427 3795 in
2475 3742 2717 3797 manibus
2760 3743 2896 3813 ejus,
2929 3745 3164 3800 criminis
3209 3760 3333 3800 reus
3358 3748 3459 3802 erit
3500 3766 3513 3802 :
3550 3748 3631 3804 sin

2036 3841 2215 3887 autem
2254 3847 2363 3887 uno
2390 3833 2479 3889 die
2504 3836 2857 3905 supervixerit
2884 3838 2968 3893 vel
2998 3839 3224 3904 duobus,
3254 3855 3359 3895 non
3396 3839 3636 3910 suhjace-

2036 3924 2117 3980 bit
2142 3940 2352 3995 prauae;
2384 3927 2507 3997 quia
2536 3929 2758 3997 pecunia
2802 3930 2945 3985 illius
2981 3940 3082 3986 est.
3127 3931 3184 3987 Si
3234 3932 3391 3987 rixati
3440 3932 3637 3988 fuerint

2038 4017 2160 4081 viri,
2194 4026 2247 4073 et
2276 4019 2601 4087 percusserit
2624 4021 2742 4090 quis
2762 4022 3033 4077 mulierem
3063 4034 3446 4094 praegnantem,
3469 4034 3522 4079 et
3542 4026 3637 4081 ab-

2038 4110 2267 4165 ortivum
2314 4111 2527 4181 quidem
2560 4112 2762 4180 fecerit,
2795 4114 2891 4169 sed
2929 4116 3041 4185 ipsa
3081 4116 3301 4183 vixerit;
3346 4117 3638 4187 subjacebit

2039 4200 2259 4267 damno,
2289 4212 2544 4271 quantum
2568 4205 2847 4273 expetierit
2876 4206 3095 4260 maritus
3125 4207 3378 4272 mulieris,
3413 4216 3465 4262 et
3491 4207 3636 4262 arbi-

2039 4291 2108 4345 tri
2128 4276 2420 4361 judicarint
2455 4311 2468 4347 :
2500 4293 2583 4347 sin
2614 4304 2789 4350 autem
2821 4310 2965 4349 mors
2993 4296 3109 4365 ejus
3137 4297 3293 4351 fuerit
3320 4297 3634 4365 subsecuta;

2038 4382 2229 4439 reddet
2252 4383 2484 4438 animam
2509 4399 2609 4454 pro
2628 4386 2824 4451 anima,
2856 4386 3066 4441 oculum
3084 4401 3183 4456 pro
3208 4387 3385 4455 oculo,
3413 4389 3631 4447 dentem

2039 4489 2139 4545 pro
2162 4475 2343 4540 dcute,
2389 4490 2604 4530 manum
2634 4492 2730 4545 pro
2774 4490 2958 4544 manu,
2989 4476 3177 4547 pedem
3204 4493 3302 4550 pro
3318 4479 3471 4550 pede,
3502 4481 3638 4537 adu-
3707 4525 3713 4533 .

2041 4569 2267 4623 stionem
2296 4582 2395 4637 pro
2421 4566 2723 4635 adustione,
2758 4569 2951 4625 vulnus
2991 4585 3090 4640 pro
3134 4572 3374 4642 vulnere,
3415 4573 3636 4631 livorem
3705 4582 3709 4591 '

2040 4673 2140 4729 pro
2167 4658 2355 4713 livore.
2385 4658 2440 4715 Si
2465 4660 2787 4729 percusserit
2813 4661 3076 4732 quispiam
3114 4663 3327 4719 oculum
3368 4666 3509 4721 servi
3546 4666 3632 4721 sui

2040 4760 2131 4806 aut
2149 4750 2377 4819 ancillae,
2406 4759 2461 4807 et
2484 4751 2663 4807 luscos
2688 4768 2781 4809 eos
2810 4752 3031 4823 fecerit;
3063 4755 3293 4814 dimittet
3317 4759 3513 4816 liberos
3541 4775 3639 4831 pro

2041 4842 2198 4897 oculo
2218 4856 2376 4911 quem
2396 4843 2551 4898 eruit.
2580 4844 2800 4900 Dentem
2832 4861 3043 4917 quoque
3066 4848 3111 4902 si
3133 4851 3427 4907 excusserit
3452 4844 3634 4917 servo,

2040 4940 2133 4988 aut
2151 4933 2354 4989 ancilla:
2375 4949 2516 5000 sure;
2563 4936 2808 4992 similiter
2835 4937 3066 4996 dimittet
3086 4955 3180 4997 eos
3208 4941 3426 4997 liberos.
3458 4942 3514 4998 Si
3538 4943 3637 4999 bos

2040 5040 2206 5082 cornu
2233 5027 2447 5098 petierit
2464 5027 2639 5084 virum
2660 5039 2752 5085 aut
2775 5031 3075 5098 mulierem,
3097 5042 3152 5088 et
3170 5035 3362 5089 mortui
3399 5035 3633 5102 fuerint;

2041 5117 2306 5187 lapidibus
2332 5118 2609 5185 obruetur,
2654 5129 2709 5177 et
2752 5135 2856 5177 non
2884 5124 3233 5179 comedentur
3265 5140 3451 5182 carnes
3490 5126 3634 5197 ejus;

2042 5210 2288 5267 dominus
2314 5227 2528 5282 quoque
2549 5213 2700 5269 hovis
2728 5215 2985 5271 innocens
3006 5216 3125 5272 erit.
3153 5216 3303 5284 Quod
3332 5218 3374 5273 si
3402 5219 3497 5273 bos
3521 5234 3640 5274 cor—

2042 5311 2236 5372 nupeta
2266 5302 2425 5359 fuerit
2458 5305 2526 5360 ab
2554 5305 2668 5361 heri
2717 5315 2772 5361 et
2811 5308 3225 5374 nudiustertius,
3267 5319 3321 5364 et
3358 5312 3639 5368 contestati

331 5316 387 5363 et
422 5312 640 5379 praemia
664 5324 813 5372 recte
842 5317 1123 5387 factorum,
1152 5326 1392 5393 quamvis
1413 5331 1663 5386 nonnulla
1692 5312 1930 5393 comme-
1960 5372 1969 5387 ν

332 5403 591 5459 mor-unda
634 5407 1077 5479 existimaverim,
1121 5424 1297 5473 (amen
1328 5418 1382 5472 in
1410 5419 1557 5477 Novo
1583 5424 1927 5484 Testamento
1960 5397 1976 5477 χ
2043 5404 2167 5451 sunt
2202 5395 2474 5451 dominum
2510 5398 2643 5467 ejus,
2686 5412 2787 5454 nec
2829 5398 3045 5453 reclusit
3083 5414 3227 5466 eum,
3275 5401 3639 5473 occideritque

336 5491 615 5552 dissimilia
644 5503 911 5559 veteribus
940 5520 1062 5561 esse
1087 5507 1209 5579 quis
1236 5512 1474 5567 nesciat?
1503 5516 1583 5570 Ab
1611 5517 1722 5587 ipsa
1766 5521 1927 5590 igitur
2042 5487 2635 5597 virum
2666 5498 2719 5597 Ῠί
2744 5489 3190 5597 13931?piflibus_?
3191 5492 3429 5597 bmef‘ir’
3543 5493 3641 5596 90‘

331 5583 474 5656 Lege
493 5603 612 5659 qua,
637 5591 756 5647 dam
778 5603 862 5651 est
888 5612 983 5667 per
1007 5578 1248 5671 Moysen,
1289 5602 1589 5663 divinorum
1629 5578 1929 5684 ’pmcgpw-
2044 5578 2248 5665 minum
2276 5578 2418 5633 illius
2446 5579 2710 5634 occident.
2756 5579 2907 5647 Quod
2946 5582 2992 5638 si
3032 5583 3259 5652 pretium
3285 5585 3333 5638 ei
3357 5583 3513 5640 fuerit
3542 5584 3643 5639 im-

330 5655 475 5743 nuh,
501 5655 676 5749 [mana
721 5699 821 5741 nos
867 5655 1381 5751 c'ommethoiaiums
1409 5711 1527 5754 esse
1565 5655 1979 5778 ρτξωξῶἷᾶξνξ
2044 5664 2566 5741 positum,dabitpro
2581 5674 3128 5746 animasuaquidquid
3146 5675 3303 5732 fuerit
3322 5677 3641 5747 postulatus.

330 5770 704 5840 aggrediamur
726 5779 1021 5838 exordium.
1907 5770 1918 5778 ’
1961 5770 1985 5786 ς

2110 5783 2127 5812 ¹
2150 5781 2399 5852 Particula,
2415 5795 2622 5852 mecum,
2640 5796 2737 5852 non
2753 5786 2999 5852 reperitur
3021 5788 3072 5837 in
3091 5788 3251 5852 editis,
3262 5788 3499 5852 abestque
3513 5801 3644 5843 nunc

1898 5883 1923 5910 Δ
2046 5855 2076 5913 ξι
2099 5844 2333 5913 versione
2356 5842 2574 5906 Vulgata.
2599 5842 2692 5913 Sed
2716 5842 2825 5913 eam
2841 5846 3025 5913 habent
3046 5856 3153 5901 Mss.
3175 5842 3317 5913 hujus
3337 5842 3534 5913 operis;
3558 5852 3645 5903 ba-

1843 5913 1868 5927 “
1899 5904 1933 5967 ές
2047 5905 2136 5974 bet
2151 5904 2381 5974 bebrazus
2401 5904 2588 5974 textus,
2615 5908 2710 5957 imo
2734 5910 2878 5974 etiam
2900 5910 3095 5974 Vulgata
3113 5904 3274 5965 versi'o
3296 5914 3345 5963 in
3365 5904 3643 5970 borbeiena

2049 5965 2296 6019 volumine
2318 5974 2434 6020 ante
2453 5967 2547 6019 800
2568 5965 2717 6021 anuos
2737 5965 2996 6038 descripr

1851 6012 1942 6047 't'dJ
