4110 6458
492 493 684 548 Filium
711 505 923 563 quoque
959 496 1016 545 et
1043 487 1204 543 ﬁliam
1237 485 1282 540 si
1324 499 1492 539 cornu
1533 481 1874 554 percusserit,
1923 478 2082 534 simili

493 582 769 639 sententiae
795 581 1101 656 subiacebit.
1123 578 1178 634 Si
1197 590 1411 631 servum
1433 574 1784 642 ancillamque
1807 569 2078 633 invaserit,

497 679 707 748 triginta
724 677 880 732 siclos
907 673 1106 745 argenti
1118 671 1264 726 dabit
1277 668 1494 724 domino
1515 683 1531 732 ;
1559 666 1655 721 bos
1671 679 1796 719 vero
1814 661 2082 732 lapidibus

496 769 768 824 obruetur.
823 768 878 822 Si
907 766 1026 836 quis
1062 762 1329 834 aperuerit
1361 761 1667 823 cisternam,
1708 766 1762 811 et
1785 753 1998 817 foderit,
2029 759 2084 806 et

496 875 602 914 non
624 858 892 928 operuerit
908 873 1048 920 eam,
1070 853 1432 922 occideritque
1453 850 1551 905 bos
1569 857 1663 902 aut
1674 847 1854 902 asinus
1869 845 1923 899 in
1939 857 2078 908 eam;

496 952 741 1006 dominus
765 949 1009 1003 cisternas
1037 946 1226 1001 reddet
1247 944 1472 1014 pretium
1510 941 1868 1010 iumentorum
1894 953 1908 990 :
1940 931 2082 1004 quod

497 1055 671 1099 autem
704 1053 969 1096 mortuum
995 1051 1097 1104 est,
1129 1038 1294 1108 ipsius
1315 1036 1435 1090 erit.
1468 1033 1522 1090 Si
1547 1033 1644 1087 bos
1666 1031 1868 1085 alienus
1891 1029 2081 1083 bovem

495 1138 712 1191 alterius
737 1133 1117 1200 vulneraverit,
1156 1139 1210 1185 ct
1236 1130 1321 1185 ille
1347 1137 1586 1183 mortuus
1633 1125 1820 1188 fuerit;
1853 1119 2084 1177 vendent

495 1231 682 1285 bovem
725 1227 927 1289 vivum,
961 1235 1010 1279 et
1048 1223 1285 1279 divident
1319 1221 1578 1292 pretium;
1627 1216 1851 1271 cadaver
1903 1221 2079 1266 autem

495 1322 690 1376 mortui
729 1321 867 1375 inter
904 1335 962 1374 se
1009 1319 1339 1388 dispertient.
1385 1315 1476 1369 Sin
1508 1322 1683 1366 autem
1712 1308 1911 1364 Sciebat
1938 1303 2081 1376 quod

494 1413 592 1468 bos
619 1423 908 1482 cornupeta
927 1420 1068 1466 esset
1097 1410 1162 1464 ab
1189 1409 1303 1463 heri
1347 1417 1401 1461 et
1441 1402 1842 1468 nudiustertius,
1889 1408 1942 1452 ct
1975 1411 2082 1452 non

493 1506 776 1561 custodivit
802 1521 922 1559 eunt
952 1503 1194 1557 dominus
1221 1515 1382 1564 suus;
1410 1497 1596 1552 reddet
1640 1496 1832 1550 bovem
1860 1505 1957 1562 pro
1983 1488 2080 1545 h0-

493 1616 578 1665 ve,
605 1599 894 1653 cteadaver
919 1599 1179 1668 integrum
1201 1594 1444 1664 accipiet.

566 1690 742 1766 [xxn.]
767 1690 822 1748 Si
866 1692 983 1760 quis
1036 1691 1239 1744 {imitus
1281 1687 1437 1741 fuerit
1481 1685 1668 1739 bovem
1712 1691 1803 1736 aut
1824 1696 2000 1746 ovem,
2029 1687 2084 1734 et

496 1784 772 1850 occiderit,
801 1783 883 1837 vel
905 1781 1234 1846 vendiderit;
1264 1779 1496 1848 quinque
1515 1777 1679 1831 boves
1703 1790 1797 1843 pro
1820 1788 1926 1826 uno
1948 1772 2082 1826 bove

496 1875 758 1939 restituet,
793 1882 848 1929 et
871 1881 1096 1943 quatuor
1121 1885 1245 1925 oves
1276 1885 1372 1940 pro
1399 1883 1501 1922 una
1529 1882 1648 1922 ove.
1698 1865 1754 1921 Si
1800 1863 2082 1933 etii-ingens

499 1964 583 2019 fur
607 1965 846 2029 domum,
869 1963 981 2018 sive
1002 1961 1290 2016 sutlodiens
1309 1959 1464 2014 fuerit
1492 1959 1757 2020 inventus,
1786 1963 1841 2010 et
1865 1963 2083 2024 accepto

496 2057 715 2111 vulnere
747 2065 988 2110 mortuus
1014 2053 1203 2118 fuerit;
1241 2066 1526 2122 percussor
1556 2065 1661 2103 non
1683 2049 1786 2104 erit
1811 2062 1932 2101 reus
1961 2059 2084 2100 sau-

497 2149 690 2220 guinis.
721 2148 872 2215 Quod
894 2149 935 2201 si
967 2156 1086 2200 orto
1115 2146 1227 2199 sole
1248 2145 1347 2197 hoc.
1373 2143 1580 2207 fecerit,
1604 2139 1944 2195 homicidium
1967 2153 2084 2207 pet!-

499 2240 748 2310 pctravit,
774 2249 826 2294 et
847 2240 958 2309 ipse
988 2238 1262 2292 morietur.
1296 2234 1351 2290 Si
1381 2251 1485 2289 non
1517 2233 1761 2288 habuerit
1800 2229 1946 2301 quod-
1986 2243 2085 2300 pro

499 2331 640 2386 furto
663 2330 866 2398 reddat,
891 2328 1313 2384 venumdabitur.
1338 2325 1392 2380 Si
1414 2335 1590 2378 autem
1620 2325 1894 2378 inventum
1927 2321 2088 2376 fuerit

499 2423 636 2493 apud
663 2437 783 2478 eum
810 2421 949 2492 quod
974 2419 1176 2475 furatus
1205 2428 1287 2474 est
1306 2419 1508 2484 vivens,
1535 2417 1647 2472 sive
1689 2417 1812 2482 bos,
1837 2416 1954 2470 sive
1982 2413 2088 2469 asi—

500 2528 620 2575 nus,
650 2513 761 2567 sive
791 2514 938 2578 ovis;
966 2511 1183 2582 duplum
1212 2511 1472 2564 restituet.
1521 2508 1576 2563 Si
1599 2507 1794 2562 laeserit
1823 2506 2088 2577 quispiam

499 2621 686 2676 agrum
711 2604 799 2660 vel
817 2605 1049 2668 vineam,
1092 2609 1146 2657 et
1173 2602 1436 2656 dimiserit
1476 2600 1781 2670 iumentum
1823 2612 2004 2665 suum,
2033 2605 2091 2652 ut

500 2697 815 2767 depascatur
835 2696 1006 2750 aliena
1027 2713 1039 2749 :
1059 2694 1313 2766 quidquid
1336 2695 1596 2764 optimum
1621 2693 1863 2747 habuerit
1890 2692 1944 2746 in
1961 2704 2090 2761 agro

500 2805 618 2852 suo,
649 2789 732 2844 vel
760 2789 816 2842 in
843 2789 1015 2852 vinea,
1057 2803 1157 2857 pro
1199 2787 1378 2841 damni
1419 2788 1771 2841 aestimatione
1822 2786 2086 2840 restituet.

499 2883 556 2939 Si
585 2895 831 2952 egressus
860 2881 996 2950 ignis
1039 2880 1300 2935 invenerit
1315 2879 1487 2948 spicas
1512 2880 1548 2945 ί,
1581 2887 1634 2933 et
1662 2878 2088 2948 comprehende-

499 2973 572 3027 rit
599 2988 817 3028 acervos
840 2972 1070 3042 frugum,
1095 2972 1207 3026 sive
1231 2979 1429 3025 stantes
1456 2980 1664 3040 segetes
1688 2970 1742 3024 in
1765 2971 1933 3039 agris;
1965 2969 2090 3024 red-

500 3064 593 3118 det
620 3063 872 3118 damnum
899 3063 990 3133 qui
1013 3063 1185 3133 ignem
1213 3062 1563 3117 succenderit.
1594 3061 1647 3116 Si
1671 3063 1792 3131 quis
1813 3075 2091 3115 commen-

501 3154 708 3210 daverit
733 3155 904 3209 amico
937 3155 1212 3224 pecuniam
1258 3163 1348 3208 aut
1383 3170 1472 3208 vas
1503 3153 1556 3206 in
1590 3153 1912 3221 custodiam,
1941 3162 1996 3208 et
2019 3154 2088 3210 ab

501 3260 568 3301 eo
584 3247 673 3316 qui
699 3255 1024 3316 susceperat,
1041 3245 1181 3302 furto
1197 3246 1368 3300 ablata
1384 3245 1606 3311 fuerint;
1633 3246 1677 3299 si
1695 3246 1962 3301 invenitur
1984 3245 2087 3312 fur,

504 3344 723 3414 duplum
746 3343 934 3398 reddet
962 3360 975 3396 :
1013 3343 1056 3397 si
1079 3343 1228 3408 latet,
1260 3341 1506 3396 dominus
1532 3341 1724 3395 domus
1743 3341 2096 3410 applieabitur

502 3438 568 3494 ad
597 3437 746 3505 deos,
769 3446 821 3493 et
840 3435 1041 3507 iurabit
1083 3434 1227 3505 quod
1275 3449 1377 3488 non
1426 3432 1724 3488 extenderit
1771 3448 1987 3488 manum
2035 3433 2095 3487 in

504 3545 617 3586 rem
645 3529 868 3600 proximi
911 3528 1013 3592 sui,
1059 3527 1125 3584 ad
1154 3525 1560 3597 perpetrandam
1591 3525 1849 3594 fraudem,
1891 3535 2000 3581 tam
2039 3527 2095 3582 in

500 3624 635 3680 bove
660 3638 820 3693 quam
850 3623 904 3676 in
926 3622 1098 3687 asino,
1123 3627 1178 3676 et
1199 3635 1300 3676 ove
1316 3635 1379 3675 ac
1399 3619 1734 3684 vestimento,
1767 3629 1818 3673 et
1837 3619 2094 3689 quidquid

500 3713 753 3772 damnum
792 3711 989 3769 inferre
1030 3718 1223 3782 potest,
1265 3719 1320 3766 et
1346 3709 1411 3764 ad
1454 3711 1584 3766 deos
1627 3711 1906 3780 utriusque
1931 3723 2096 3764 causa

501 3806 811 3877 perveniet;
866 3812 922 3859 et
960 3803 1008 3858 si
1057 3802 1132 3857 illi
1179 3801 1550 3873 iudicaverint,
1593 3802 1810 3872 duplum
1852 3803 2095 3856 restituet

502 3898 746 3968 proximo
761 3911 882 3951 suo.
898 3894 950 3951 Si
966 3896 1087 3966 quis
1109 3894 1563 3950 commendaverit
1592 3893 1836 3964 proximo
1861 3905 1960 3947 suo
1986 3891 2097 3948 asi-

503 4006 652 4057 num,
681 3990 870 4044 bovem
915 3996 970 4043 et
1014 4003 1190 4053 ovem,
1217 3994 1273 4042 et
1300 4002 1460 4042 omne
1495 3986 1794 4056 iumentum
1821 3985 1888 4038 ad
1915 3995 2095 4039 custo-

503 4083 666 4147 diam,
691 4091 747 4139 et
771 4090 1038 4137 mortuum
1078 4080 1254 4144 fuerit,
1282 4077 1742 4142 autdcbilitatum,
1771 4076 1856 4131 vel
1877 4083 2091 4146 captum

502 4175 572 4232 ab
584 4175 881 4242 hostibus',
895 4173 1178 4242 nullusque
1191 4171 1290 4224 hoc
1309 4168 1530 4233 viderit;
1541 4167 1910 4238 jusjurandum
1925 4167 2092 4222 eritin

503 4267 702 4336 medio,
743 4267 884 4338 quod
909 4281 1018 4322 non
1047 4262 1349 4320 extenderit
1377 4275 1594 4314 manum
1617 4260 1682 4315 ad
1713 4275 1826 4315 rem
1865 4259 2091 4330 proximi

502 4361 584 4416 sui
605 4379 620 4427 ;
645 4359 1006 4429 suscipietque
1026 4339 1735 4422 dominusiuramentum,et
1751 4351 1840 4406 ille
1868 4349 2092 4407 reddere

503 4467 610 4507 non
637 4459 874 4522 cogetur.
923 4447 1077 4515 Quod
1105 4446 1152 4502 si
1178 4444 1319 4500 furto
1346 4444 1614 4500 sublatum
1643 4443 1822 4511 luerit,
1847 4443 2094 4499 restituet

503 4545 755 4600 damnum
783 4540 1019 4598 domino.
1066 4537 1125 4594 Si
1168 4545 1462 4593 comestum
1492 4535 1732 4600 abestia,
1781 4533 1987 4590 deferet
2025 4534 2092 4590 ad

503 4655 625 4696 eum
652 4635 791 4708 quod
821 4637 1054 4692 occisum
1077 4642 1179 4698 est,
1208 4640 1265 4688 et
1293 4647 1400 4687 non
1425 4630 1688 4686 restituet.
1727 4629 1830 4696 Qui
1856 4645 1886 4684 a
1913 4629 2093 4700 proxi-

505 4744 595 4786 mo
625 4743 722 4782 suo
767 4725 1054 4796 quidquam
1105 4724 1295 4778 horum
1337 4731 1578 4777 mutuum
1621 4721 1985 4791 postulaverit,
2038 4727 2095 4775 et

503 4819 839 4875 debilitatum
859 4825 953 4870 aut
979 4823 1246 4870 mortuum
1272 4812 1454 4879 fuerit,
1478 4812 1698 4867 domino
1723 4814 1831 4865 non
1858 4823 2096 4881 praesen-

505 4921 591 4976 te;
625 4908 853 4966 reddere
879 4907 1246 4977 compelletur.
1299 4904 1452 4971 Quod
1497 4904 1543 4959 si
1588 4904 1640 4958 in
1685 4904 2091 4975 przesentiaruin

503 5004 602 5060 fuit
628 5003 873 5059 dominus
895 5043 912 5069 ,
962 5017 1068 5055 non
1113 4999 1376 5066 restituet,
1407 4997 1638 5052 maxime
1681 4996 1725 5050 si
1774 4996 2091 5052 conductam

503 5103 724 5152 venerat
749 5109 850 5166 pro
869 5091 1114 5149 mercede
1139 5090 1320 5161 operis
1343 5087 1446 5145 sui.
1475 5089 1528 5145 Si
1557 5088 1676 5159 quis
1701 5087 1973 5144 seduxerit
1988 5087 2095 5144 vir-

502 5191 700 5262 ginem,
746 5188 972 5245 necdum
1013 5187 1407 5256 desponsatam,
1439 5193 1493 5239 et
1534 5183 1810 5239 do'rmierit
1847 5195 1970 5239 cum
1998 5199 2089 5251 ea;

501 5284 706 5341 dotabit
734 5298 874 5350 eam,
901 5291 955 5338 et
983 5280 1201 5337 habebit
1227 5294 1350 5335 eam
1373 5292 1612 5332 uxorem.
1656 5275 1712 5333 Si
1753 5286 1906 5348 pater
1929 5277 2091 5348 virgi-

504 5376 588 5432 nis
612 5376 740 5432 dare
761 5374 1012 5442 noluerit,
1031 5371 1220 5429 reddat
1241 5369 1523 5441 pecuniam
1536 5369 1687 5440 iuxta
1710 5369 1926 5424 modum
1954 5367 2094 5423 dotis

567 5530 585 5562 ι
610 5536 677 5579 tta
696 5529 774 5578 hic
795 5528 846 5577 in
867 5527 1087 5577 omnibus
1107 5524 1368 5586 codicibus,
1391 5523 1566 5586 quibus
1589 5521 1844 5586 Bibliorum
1869 5520 2096 5586 volumen

502 5593 796 5641 Oorbeiense
819 5590 1076 5640 consentit.
1105 5596 1158 5638 At
1189 5589 1240 5637 in
1271 5582 1470 5636 hebrum
1494 5592 1545 5634 et
1566 5584 1691 5647 apud
1714 5589 1841 5647 LXX,
1865 5582 2094 5647 ittvctwrit

502 5619 796 5641 \M‘IKSICHW
819 5619 1076 5640 Wuacuuu.
1105 5619 1158 5638 ru.
1192 5619 1240 5637 ιιι
1272 5619 1384 5635 μνιιι
1397 5619 1470 5636 ων
1494 5619 1545 5634 νυ
1566 5619 1691 5647 αγυυ
1715 5619 1820 5632 μιιιι
1867 5619 2042 5633 taciturna
2059 5619 2094 5636 η

707 5655 780 5719 sic
803 5655 949 5704 etiam
985 5651 1186 5719 Vulgata
1212 5656 1322 5713 post
1357 5656 1607 5698 honinem
1639 5619 1992 5696 mtiouem
2021 5646 2094 5697 fa-

503 5715 628 5768 ciam
651 5717 767 5766 Sixti
787 5723 821 5763 ν
844 5715 1145 5765 auctoritate.

824 5752 1274 5839 'iiiéiero.
1296 5773 1358 5828 ab
1378 5771 1621 5836 mis;
1643 5769 1912 5836 quaerentia
1931 5752 2096 5828 verior

1704 371 1778 428 8..
1797 364 2184 428 JUGUSTINI
2218 366 2581 427 ερεευιω

3667 367 3768 434 ωε

2187 494 2346 548 quam
2385 481 2614 551 virgines
2637 482 2888 553 πεῖρα-θ
2913 487 3319 540 consueverunt.
3363 484 3636 543 Mal'eti'cos
3665 497 3766 546 non

2188 572 2406 640 patieris
2432 574 2631 629 vivere.
2660 573 2767 641 Qui
2785 575 2974 630 ederit
2996 591 3123 632 cum
3145 579 3399 646 imitetur),
3452 587 3624 636 morte
3652 597 3768 637 mo-

2188 664 2373 720 riatur.
2404 666 2503 734 Qui
2551 667 2799 724 immutat.
2831 669 2956 736 diis,
2998 671 3291 738 occidetur,
3322 683 3518 741 prteter
3544 667 3771 732 Domino

2185 758 2310 814 soli.
2342 756 2616 815 Adveaaan
2645 775 2752 815 non
2782 761 3141 825 contristabis.
3175 773 3345 833 nerine
3374 761 3574 836 efﬂiges
3601 781 3768 821 eum:

2185 850 2407 906 advena:
2433 853 2580 908 enim
2620 854 2800 910 fuistis
2832 856 2887 910 in
2933 865 3073 912 terra
3101 856 3337 928 Egypti.
3373 855 3637 916 Viduaret
3669 877 3768 932 pu-

2184 942 2320 1012 pillo
2337 955 2440 998 non
2464 944 2740 1000 nocebiois.
2759 947 2814 1002 Si
2845 946 3211 1014 Iaeseritiseos,
3244 949 3674 1008 vociferabuntur
3706 956 3772 1009 ad

2187 1047 2295 1100 me,
2315 1045 2476 1106 βιοεο
2497 1037 2773 1092 exaudiam
2789 1038 3082 1096 clamorem
3096 1049 3302 1104 eorum,
3330 1051 3384 1097 et
3409 1037 3773 1114 indignabitur

2188 1125 2338 1183 [uror
2365 1144 2536 1195 meus,
2565 1132 2963 1203 potentiamque
2992 1149 3087 1189 vos
3115 1133 3302 1204 gladio
3321 1141 3375 1190 et
3398 1146 3554 1191 erunt
3582 1152 3778 1192 uxores

2187 1229 2378 1276 vestrae
2398 1221 2594 1290 viduae,
2617 1234 2673 1280 et
2696 1225 2788 1280 lilii
2816 1227 2979 1282 vestri
3003 1228 3209 1299 pupilli.
3255 1226 3316 1285 Si
3338 1230 3609 1299 pecuniam
3656 1245 3778 1285 mu-

2187 1322 2330 1370 tuam
2357 1316 2574 1374 dederis
2600 1319 2796 1389 populo
2816 1333 2940 1376 meo
2965 1322 3204 1393 pauperi,
3229 1322 3321 1394 qui
3355 1321 3554 1378 habitat
3580 1333 3778 1394 tecum,

2185 1421 2292 1461 non
2319 1408 2534 1478 urgebis
2558 1425 2680 1465 cum
2722 1412 2872 1482 quasi
2891 1423 3124 1478 exactor,
3157 1429 3264 1469 nec
3285 1415 3459 1469 usuris
3488 1415 3779 1486 Opprimes.

2185 1497 2241 1555 Si
2263 1501 2452 1570 pignus
2476 1517 2507 1555 a
2533 1503 2786 1572 proximo
2819 1513 2910 1559 tuo
2934 1505 3208 1575 acceperis
3228 1505 3622 1570 vestimentum,
3655 1512 3782 1560 ante

2186 1593 2314 1647 solis
2337 1607 2588 1649 occasum
2641 1595 2808 1651 redde
2847 1598 2927 1663 ei;
2979 1599 3150 1668 ipsum
3193 1600 3333 1653 enim
3361 1608 3442 1654 cst
3474 1599 3646 1653 sol‘um
3675 1613 3782 1669 quo

2186 1685 2425 1752 operitur
2453 1685 2818 1742 indumennm
2849 1689 3025 1744 carnis
3054 1690 3189 1759 ejus,
3217 1706 3315 1746 nec
3344 1689 3504 1745 habet
3537 1689 3686 1745 aliud
3725 1691 3782 1747 in

2186 1794 2292 1847 quo
2328 1778 2560 1834 dormiat
2590 1799 2602 1834 :
2631 1782 2676 1835 si
2723 1782 3033 1837 clamaverit
3064 1782 3136 1838 ad‘
3169 1797 3274 1847 me,
3307 1782 3585 1838 exaudiam
3631 1798 3781 1848 enin,

2185 1872 2307 1942 quia
2346 1873 2659 1928 misericors
2697 1887 2838 1929 sum.
2890 1875 3000 1931 Diis
3027 1889 3138 1931 non
3161 1873 3430 1938 detrahcs,
3460 1887 3513 1930 et
3554 1874 3786 1945 principi

2189 1966 2368 2036 pepuli
2397 1968 2469 2022 tui
2496 1983 2602 2023 non
2629 1968 2935 2023 maledicos.
2987 1969 3229 2024 Deci-mas
3270 1977 3387 2024 ruas
3425 1978 3480 2023 et
3522 1969 3788 2038 primitias

2188 2073 2293 2125 non
2322 2059 2554 2114 tor-dabis
2593 2059 2807 2115 offerre.
2829 2057 3249 2132 PrimOgenit'nm
3297 2059 3525 2115 ﬁliorum
3569 2068 3788 2114 tuorum

2188 2149 2340 2206 dabis
2365 2151 2515 2204 mihi.

2261 2241 2330 2295 Et
2359 2242 2518 2312 paulo
2550 2251 2666 2314 post
2687 2240 2900 2317 [nm]
2929 2260 2944 2297 :
2974 2237 3098 2298 Non
3122 2240 3386 2313 susicipies
3407 2253 3592 2297 vocem
3624 2255 3788 2296 men-

2191 2335 2364 2401 dacii,
2402 2349 2504 2389 nec
2542 2337 2736 2406 iunges
2776 2349 2989 2389 manum
3032 2341 3198 2402 tuam,
3226 2343 3284 2389 ut
3311 2345 3408 2404 pro
3437 2333 3601 2404 impio
3634 2331 3791 2386 dicas

2194 2423 2385 2480 falsum
2417 2427 2800 2481 testimonium.
2829 2426 2943 2480 Non
2975 2426 3214 2496 sequeris
3244 2425 3454 2480 turbam
3484 2421 3549 2479 ad
3580 2422 3790 2478 facien-

2191 2516 2317 2572 dum
2345 2518 2574 2585 malum,
2611 2533 2710 2573 nec
2754 2519 2810 2572 in
2842 2518 3051 2588 judicio
3087 2517 3434 2588 plhrimorum
3477 2516 3791 2587 acquiesccs

2192 2610 2500 2676 sontentiai,
2541 2619 2600 2664 It
2645 2625 2678 2662 a
2714 2624 2844 2664 vero
2884 2609 3066 2664 device
3094 2611 3132 2663 ι.
3157 2607 3413 2678 Pauperis
3441 2621 3650 2679 quoque
3678 2616 3792 2662 non

2192 2701 2537 2756 misereberis
2556 2701 2608 2755 in
2628 2699 2829 2779 iudicio
2849 2702 2892 2754 ².
2915 2701 2969 2756 Si
2991 2701 3292 2756 occurreris
3314 2699 3436 2755 bovi
3461 2699 3658 2754 inimici
3688 2701 3790 2766 tui,

2197 2801 2289 2847 aut
2329 2793 2482 2848 asino
2524 2793 2756 2860 erranti,
2796 2793 2961 2848 reduc
3001 2792 3068 2847 ad
3105 2807 3248 2848 eum.
3272 2791 3327 2848 Si
3356 2791 3552 2846 videris
3575 2789 3804 2845 asinum-

2194 2887 2426 2942 odientis
2468 2894 2520 2940 te
2560 2887 2742 2956 iacere
2781 2885 2880 2941 sub
2919 2897 3105 2951 onere,
3135 2899 3247 2939 non
3270 2883 3652 2955 pertransibis,
3692 2880 3802 2938 sed

2194 2977 2500 3034 sublevabis
2528 2993 2650 3033 cum
2679 2993 2764 3034 eo.
2799 2978 2921 3033 Non
2943 2976 3235 3032 declinabis
3263 2976 3316 3031 in
3352 2973 3553 3046 iudicio
3582 2987 3794 3044 paupe-

2194 3072 2289 3123 ris.
2318 3069 2650 3124 Mendacium
2681 3068 2872 3139 fugies.
2905 3069 3251 3122 Insontem-et
3273 3065 3473 3134 justum
3505 3079 3610 3119 non
3639 3063 3794 3119 occi-

2194 3158 2324 3224 des;
2351 3161 2472 3230 quia
2501 3175 2719 3216 aversor
2749 3159 2992 3229 impium.
3023 3158 3101 3214 Ne
3131 3157 3360 3226 accipias
3387 3167 3639 3223 munera,
3667 3165 3804 3225 quas

2196 3261 2468 3309 excxcant
2491 3253 2652 3309 etiam
2682 3253 2992 3323 prudentes,
3021 3261 3075 3307 et
3099 3239 3416 3307 subvertunt.‘
3443 3250 3609 3305 verba
3624 3250 3797 3320 iusto-

2195 3359 2342 3398 rum.
2368 3344 2655 3415 Peregrino
2680 3344 2938 3399 maiestas
2967 3355 3071 3398 non
3101 3343 3249 3398 eris:
3281 3341 3428 3397 scitis
3456 3342 3597 3397 enim
3623 3341 3799 3396 adve-

2195 3451 2385 3490 narum
2411 3439 2637 3504 aniutas,
2666 3436 2790 3506 quia
2815 3443 2873 3491 et‘
2899 3435 2998 3506 ipsi
3028 3433 3298 3504 peregrini
3335 3433 3506 3488 lbistis
3549 3433 3602 3486 in
3645 3441 3796 3487 terra

2195 3525 2442 3598 Egypti-
2461 3525 2530 3580 Et
2555 3533 2666 3598 post
2692 3526 2926 3597 quam
2949 3525 3274 3596 ﬁtterposit'd,
3307 3536 3422 3578 cum
3450 3523 3512 3577 de
3540 3523 3793 3595 alienige-

2196 3619 2276 3673 nis
2299 3619 2584 3687 (agererch
2605 3635 2624 3672 :
2642 3618 2767 3673 Non
2783 3617 3042 3674 adorabis
3061 3617 3192 3673 deos
3213 3630 3420 3681 eorum;
3445 3627 3615 3684 neque
3638 3615 3797 3670 coles

2194 3727 2312 3768 eos.
2340 3711 2456 3766 Non
2503 3711 2675 3766 facies
2713 3723 2875 3782 opera
2917 3717 3126 3778 eorum,
3169 3709 3263 3765 sed
3307 3707 3552 3765 d’cstrues
3590 3721 3702 3774 eos,
3733 3715 3806 3762 et‘

2195 3805 2496 3876 confringe:
2533 3813 2738 3862 statuas
2776 3800 2966 3862 eorum
2997 3822 3010 3858 :
3044 3804 3391 3875 scrvictisque
3422 3799 3646 3857 Domino
3676 3799 3798 3857 Deo

2195 3905 2394 3952 vestro.

2266 3988 2336 4043 Et
2358 3999 2470 4061 post
2488 3988 2648 4044 nauita
2663 3988 2716 4043 in
2737 3988 2911 4044 eodem
2937 3987 3064 4044 libro
3084 3988 3146 4043 de
3166 3986 3264 4043 diis
3282 3983 3517 4042 Gentium
3557 3977 3796 4060 [tum]

2200 4078 2308 4136 Sed
2333 4094 2455 4136 aras
2479 4091 2662 4135 eortim
2693 4080 2938 4146 destrue,
2971 4078 3245 4150 confringe
3273 4085 3501 4144 statuas,
3531 4078 3794 4149 lucosque

2195 4172 2426 4228 succide.
2457 4171 2575 4227 Noli
2604 4171 2828 4228 adorare
2855 4173 3015 4227 deum
3050 4170 3321 4237 alienum;
3354 4167 3610 4225 Dominus
3640 4169 3793 4226 zelo-

2197 4273 2276 4322 tes
2304 4281 2500 4320 nomen
2527 4265 2660 4335 eius,
2691 4265 2831 4320 Deus
2861 4273 2944 4321 est
2972 4264 3266 4320 aemulator.
3297 4261 3375 4320 Ne
3399 4265 3547 4320 ineas
3576 4267 3792 4332 pactum

2194 4371 2317 4412 cum
2359 4357 2666 4411 hominibus
2706 4356 2915 4411 illarum
2959 4356 3266 4427 regionum;
3297 4371 3366 4410 ne
3393 4369 3512 4410 cum
3543 4352 3791 4409 fornicati

2197 4450 2395 4507 fuerint
2414 4466 2534 4506 eum
2556 4451 2659 4505 diis
2677 4451 2813 4519 suis,
2836 4457 2894 4506 et
2909 4447 3248 4505 adoravet‘iut
3271 4445 3555 4505 simulacra
3575 4459 3786 4515 eorum,

2195 4552 2352 4600 vocet
2395 4553 2447 4599 te
2489 4544 2785 4614 quispiam,
2833 4549 2896 4598 ut
2936 4541 3188 4599 comedas
3229 4539 3296 4597 de
3345 4541 3650 4596 immolatis.
3678 4535 3792 4596 Nec

2195 4650 2416 4691 uxorem
2437 4635 2504 4691 de
2529 4635 2738 4691 ﬁliabus
2761 4649 2947 4691 eorum
2972 4635 3205 4706 accipies
3235 4633 3364 4690 ﬁliis
3385 4635 3523 4700 tuis;
3554 4643 3624 4688 ne
3641 4643 3791 4704 post-

2195 4745 2356 4799 quam
2380 4731 2509 4798 ipsa)
2534 4729 2731 4784 fuerint
2754 4727 3052 4796 fornicatus,
3079 4726 3330 4782 fornicari
3354 4724 3549 4780 faciant
3571 4733 3624 4780 et
3652 4725 3794 4779 [ilios

2198 4831 2318 4877 tuos
2341 4822 2396 4876 in
2421 4822 2552 4877 deos
2580 4835 2727 4877 suos.
2758 4821 2899 4877 Deos
2926 4817 3222 4876 conﬂatiles
3254 4823 3360 4874 no'u'
3391 4815 3552 4874 facies
3580 4813 3694 4871 tibi.
3720 4815 3796 4869 Et

2198 4917 2353 4989 paulo
2382 4927 2492 4988 post
2517 4932 2534 4970 :
2556 4915 2828 4971 Primitias
2878 4914 3099 4987 frugum
3139 4923 3301 4971 term
3348 4921 3453 4969 mat
3495 4912 3688 4969 oﬂ'cres'
3734 4913 3789 4969 in

2197 5007 2357 5064 domo
2378 5007 2398 5039 ³
2420 5006 2630 5064 Domini
2656 5005 2749 5063 Dei
2776 5007 2874 5062 tul.

2271 5100 2398 5156 Hac
2417 5101 2480 5155 de
2498 5101 2624 5155 libro
2642 5098 2813 5171 Legio,
2836 5099 2922 5170 qui
2928 5097 3156 5155 :Emdus
3177 5098 3484 5165 nominatur,
3506 5095 3794 5168 colligenda

2197 5193 2498 5249 existimavi.
2530 5191 2686 5247 Nam:
2715 5192 2888 5248 eodem
2915 5192 3070 5248 modo
3099 5191 3433 5263 aspiciamus
3475 5192 3528 5246 in
3567 5191 3793 5262 sequenti

2197 5283 2437 5340 Leuitico.

2768 5369 2858 5430 DE
2884 5370 3217 5431 LEV!TICO.

2271 5465 2628 5544 [Cap.xv1n.]
2671 5466 2859 5523 O'umis
2901 5467 3094 5536 homo,
3135 5463 3336 5538 inquit,
3381 5464 3458 5521 ad‘
3490 5457 3788 5536 proximam

2260 5585 2280 5617 ⁸
2300 5591 2360 5633 ιιιη
2375 5583 2538 5642 editis,
2561 5595 2717 5634 avere
2752 5591 2850 5646 nec
2872 5581 3045 5633 dmﬁcs.
3061 5583 3225 5645 Abest,
3248 5587 3365 5643 Deo,
3388 5593 3419 5633 a
3438 5587 3545 5633 Mss.
3571 5582 3716 5646 huius
3731 5580 3792 5633 li-

2195 5647 2291 5709 bri,
2316 5659 2506 5697 necnon
2525 5658 2554 5695 a
2577 5647 2728 5709 sacris
2745 5645 2920 5694 Bibliisa

2258 5705 2285 5742 ³⁷
2301 5709 2615 5774 Carnutensis
2631 5707 2854 5774 Ecclesiae
2883 5715 2966 5758 Ms.
3005 5708 3156 5774 habet
3174 5705 3349 5774 big-iu
3366 5706 3593 5772 negoti:
3622 5707 3790 5774 siuna

2195 5767 2874 5870 leges‘aeturgndﬂtxoorb.
2899 5771 3142 5824 versionis
3161 5767 3395 5835 Vulgata).

2302 5839 2434 5894 Itss..
2455 5831 2508 5886 in
2530 5831 2742 5884 domum.
