4110 6442
350 506 621 582 sanguinis
666 502 749 560 sui
795 514 903 557 non
946 496 1181 561 accedet,
1220 498 1279 548 ut
1311 489 1513 582 revelet
1551 486 1929 557 turpitudinem

351 581 483 676 ejus.
510 601 619 670 Ego
649 594 923 652 Dominus.
954 586 1353 660 Turpitudinem
1380 581 1543 676 patris
1580 582 1654 635 tui
1676 623 1689 647 ,
1729 590 1783 634 et
1822 589 1931 633 tur-

351 695 645 771 pitudinem
690 687 874 745 matris
922 694 1025 740 tuac
1066 697 1171 737 non
1213 675 1570 747 discooperies
1600 691 1613 727 :
1645 682 1816 727 mater
1842 678 1932 725 tua

349 765 461 854 est,
509 803 614 843 non
661 781 920 840 revelabis
962 772 1339 847 turpitudinem
1370 769 1504 841 ejus.
1529 765 1930 836 Turpitudinem

352 885 541 940 uxoris
584 879 748 950 patris
796 879 873 930 tui
913 887 1021 927 non
1068 866 1457 937 discooperies;
1490 858 1759 930 turpitudo
1784 857 1929 913 enim

354 977 517 1046 patris
546 973 619 1027 tui
645 978 746 1025 est.
771 964 1173 1035 Turpitudinem
1196 958 1395 1015 sororis
1416 966 1520 1011 tum
1540 971 1606 1010 ex
1626 962 1795 1024 patre,
1818 952 1931 1046 sive

350 1045 412 1124 ex
445 1073 613 1120 matre
635 1106 647 1127 ,
677 1076 795 1132 quae
824 1056 967 1113 domi
993 1056 1079 1110 vel
1106 1051 1233 1106 foris
1250 1048 1424 1121 genita
1450 1055 1533 1102 est
1550 1088 1564 1111 ,
1588 1061 1692 1100 non
1723 1045 1929 1099 revela-

350 1160 448 1213 bis.
474 1153 877 1225 Turpitudinem
906 1149 1024 1202 ﬁlize
1051 1145 1142 1199 ﬁlii
1174 1142 1246 1197 tui
1265 1140 1350 1197 vel
1376 1138 1549 1208 neptis
1577 1153 1641 1192 ex
1673 1136 1799 1201 ﬁlia,
1824 1150 1930 1189 non

348 1246 648 1309 revelabis;
678 1243 801 1314 quia
833 1238 1104 1310 turpitudo
1133 1243 1222 1289 tua
1249 1241 1348 1288 est.
1380 1228 1779 1299 Turpitudinem
1809 1226 1930 1280 ﬁlim

348 1338 530 1395 uxoris
560 1336 722 1407 patris
750 1333 845 1399 tui,
876 1340 1030 1401 quam
1060 1325 1265 1397 peperit
1290 1320 1424 1394 patri
1450 1329 1560 1388 tuo,
1587 1327 1643 1374 et
1668 1326 1750 1373 est
1777 1332 1930 1371 soror

348 1440 459 1496 tua,
495 1445 599 1483 non
636 1425 916 1482 revelabis.
952 1418 1351 1490 Turpitudinem
1397 1413 1595 1470 sororis
1641 1411 1806 1482 patris
1854 1410 1929 1464 tui

347 1536 455 1576 non
486 1517 875 1587 discooperies;
904 1514 1025 1583 quia
1054 1522 1179 1566 caro
1205 1517 1289 1564 est
1308 1508 1475 1578 patris
1503 1504 1597 1558 tui.
1621 1502 1929 1571 Turpitudi-

346 1626 466 1666 nem
501 1609 702 1664 sororis
738 1606 920 1660 matris
953 1612 1054 1656 tum
1091 1617 1194 1654 non
1229 1597 1517 1661 revelabis;
1542 1611 1607 1651 eo
1636 1594 1775 1663 quod
1805 1608 1929 1647 caro

332 1702 415 1767 sit
438 1702 622 1756 matris
646 1710 767 1754 ture.
792 1693 1194 1765 Turpitudinem
1218 1688 1390 1760 patrui
1420 1688 1491 1742 tui
1520 1702 1622 1740 non
1646 1684 1924 1752 revelabis,

344 1810 443 1849 nec
472 1790 695 1847 accedas
720 1788 785 1843 ad
816 1801 1035 1840 uxorem
1064 1784 1177 1852 ejus
1198 1825 1211 1847 ,
1244 1797 1361 1851 quae
1390 1779 1483 1834 tibi
1515 1776 1767 1831 affinitate
1795 1791 1924 1831 con-

343 1884 597 1955 iungitur.
642 1877 1044 1949 Turpitudinem
1099 1889 1263 1928 nurus
1309 1881 1411 1925 tuae
1463 1884 1565 1924 non
1624 1868 1923 1931 revelabis;

344 1976 467 2047 quia
496 1989 628 2029 uxor
665 1971 757 2025 ﬁlii
798 1969 871 2023 tui
902 1976 1015 2033 cst;
1047 1981 1146 2021 nec
1176 1960 1535 2031 discooperies
1580 1959 1925 2031 ignominiam

344 2066 480 2136 ejus.
507 2061 909 2134 Turpitudinem
941 2057 1121 2112 uxoris
1162 2053 1339 2108 fratris
1378 2052 1449 2106 lui
1490 2068 1594 2105 non
1632 2051 1922 2119 revelabis;

343 2158 465 2227 quia
508 2152 776 2224 turpitudo
819 2148 996 2204 fratris
1040 2148 1113 2202 tui
1156 2158 1256 2201 c5t.
1298 2142 1700 2213 Turpitudinem
1746 2140 1924 2196 uxoris

344 2255 447 2303 tua:
473 2256 526 2301 et
558 2245 678 2299 ﬁlia:
705 2244 819 2313 ejus
841 2258 946 2296 non
976 2238 1254 2295 revelabis.
1285 2234 1473 2291 Filiam
1504 2234 1597 2288 filii
1620 2234 1755 2301 ejus,
1780 2243 1829 2287 et
1860 2233 1923 2287 fl-

341 2336 468 2392 liam
506 2338 627 2391 ﬁlia:
667 2336 806 2389 illius
842 2348 946 2387 non
977 2345 1154 2386 sumes
1176 2370 1189 2394 ,
1233 2336 1289 2381 ut
1335 2326 1545 2382 reveles
1581 2324 1922 2394 ignominiam

345 2429 489 2499 ejus;
523 2432 641 2498 quia
674 2441 798 2480 caro
824 2426 961 2478 illius
988 2430 1128 2485 sunt,
1152 2428 1205 2476 et
1227 2419 1345 2475 talis
1372 2418 1541 2472 coitus
1569 2418 1801 2471 incestus
1822 2424 1921 2469 est.

343 2520 594 2577 Sororem
624 2518 804 2574 uxoris
833 2527 934 2571 tuae
964 2517 1015 2569 in
1043 2514 1343 2585 pellicatum
1372 2511 1515 2565 illius
1541 2525 1644 2563 non
1674 2510 1921 2577 accipies,

341 2628 443 2669 nec
468 2611 727 2667 revelabis
751 2608 1127 2677 turpitudinem
1150 2605 1266 2675 ejus
1291 2602 1463 2658 adhuc
1486 2601 1575 2655 illa
1593 2602 1821 2654 vivente.
1845 2600 1924 2654 Ad

341 2704 618 2760 mulierem
665 2720 781 2773 qua:
826 2701 1025 2772 patitur
1068 2706 1363 2761 menstrua,
1406 2711 1513 2750 non
1557 2695 1795 2760 accedes,
1826 2709 1924 2749 nec

340 2795 603 2852 revelabis
629 2794 920 2849 fmditatcm
951 2792 1083 2861 ejus.
1110 2791 1239 2845 Cum
1270 2804 1435 2843 uxore
1461 2787 1686 2857 proximi
1713 2787 1786 2841 tui
1817 2800 1923 2839 non

338 2887 529 2953 coibis,
558 2901 656 2941 nec
682 2884 900 2940 seminis
930 2882 1306 2938 commixtione
1332 2880 1701 2934 maculaberis.
1731 2878 1805 2931 De
1834 2893 1922 2931 sc-

339 2980 483 3035 niine
513 2988 601 3034 tuo
622 2994 727 3032 non
754 2976 905 3031 dabis
932 2983 989 3029 ut
1017 2981 1360 3029 consecretur
1389 2971 1529 3025 idolo
1557 2969 1758 3024 Moloch
1777 3012 1791 3035 ,
1824 2985 1923 3023 nec

338 3071 545 3144 pollues
588 3084 779 3124 nomen
825 3065 920 3120 Dei
968 3065 1061 3119 tui.
1086 3063 1199 3134 Ego
1228 3063 1499 3116 Dominus.
1526 3060 1657 3115 Cum
1688 3060 1921 3114 masculo

338 3178 444 3219 non
485 3159 916 3217 commisccberis
960 3157 1101 3210 coitu
1141 3156 1404 3222 femineo;
1442 3154 1563 3224 quia
1600 3152 1922 3206 abominatio

338 3264 439 3312 est.
475 3253 607 3311 Cum
643 3253 787 3309 omni
826 3266 1018 3322 pecore
1051 3263 1157 3304 non
1199 3247 1396 3313 coibis,
1435 3262 1532 3300 nec
1574 3244 1921 3299 maculaberis

338 3363 461 3403 cum
491 3362 576 3401 eo.
608 3336 794 3399 Mulier
825 3359 931 3398 non
962 3339 1269 3397 succumbet
1300 3338 1563 3408 jumento,
1596 3352 1695 3392 nec
1724 3336 1918 3391 misce-

337 3436 483 3492 bitur
508 3439 589 3502 ei;
617 3435 739 3505 quia
769 3434 942 3489 scelus
973 3439 1073 3488 est.
1097 3429 1206 3487 Nec
1232 3427 1537 3499 polluamini
1582 3427 1634 3481 in
1674 3426 1919 3482 omnibus

337 3528 440 3583 his.

408 3617 477 3675 Et
514 3627 625 3690 post
654 3617 966 3687 aliquantum
995 3612 1187 3688 [xm]:
1214 3612 1589 3683 Unusquisque
1618 3619 1839 3667 matrem
1868 3620 1921 3666 et

337 3720 544 3785 patrem
589 3724 741 3765 suum
794 3710 993 3764 timeat.
1023 3706 1089 3761 Et
1136 3714 1245 3776 post
1282 3722 1441 3759 unum
1480 3720 1674 3760 versum
1704 3720 1721 3758 :
1746 3703 1919 3758 Nolite

336 3805 573 3860 converti
604 3802 669 3857 ad
709 3801 869 3867 idola,
899 3814 995 3856 nec
1026 3798 1156 3854 deos
1183 3796 1478 3853 conflatiles
1514 3797 1715 3850 faciatis
1745 3795 1914 3850 vobis.

338 3896 451 3969 Ego
475 3897 729 3952 Dominus
757 3895 896 3949 Deus
925 3900 1119 3947 vester.
1140 3890 1207 3944 Et
1230 3900 1340 3961 post
1369 3888 1629 3960 paulnlmn
1656 3904 1673 3943 :
1697 3888 1805 3943 Nec
1829 3904 1916 3942 rc-

337 3997 632 4049 manentes,
661 3986 840 4056 inquit,
868 3986 1041 4056 spicas
1065 3983 1304 4053 colliges,
1335 3997 1507 4053 neque
1547 3983 1598 4035 in
1637 3983 1787 4035 vinea
1830 3989 1917 4035 tua

335 4095 579 4135 racemos
608 4088 661 4134 et
683 4093 843 4149 grana
872 4076 1166 4131 decidentia
1197 4075 1570 4145 congregabis;
1597 4073 1688 4127 sed
1718 4087 1916 4142 paupe-

334 4169 483 4225 ribus
521 4176 575 4225 et
614 4167 904 4239 peregrinis
942 4164 1206 4235 carpenda
1241 4164 1494 4219 dimittes.
1525 4163 1637 4232 Ego
1666 4164 1918 4217 Dominus

335 4261 477 4316 Deus
526 4269 721 4316 vester.
762 4258 879 4315 Non
922 4258 1127 4313 facietis
1171 4256 1386 4311 furtum.
1417 4255 1534 4311 Non
1565 4256 1912 4310 mentiemini.

333 4353 442 4410 Nec
469 4352 698 4424 decipiet
726 4352 1086 4423 unusquisque
1114 4348 1413 4422 proximum
1445 4364 1615 4404 suum.
1646 4348 1760 4402 Non
1792 4363 1915 4419 pcr-

331 4446 534 4520 jnrabis
575 4449 627 4502 in
668 4448 879 4501 nomine
906 4460 1057 4512 meo,
1096 4459 1193 4499 nec
1218 4443 1425 4515 pollues
1464 4456 1656 4497 nomen
1687 4440 1779 4496 Dei
1819 4440 1912 4496 tui.

335 4540 446 4612 Ego
487 4556 605 4596 sum
636 4539 909 4594 Dominus.
945 4537 1057 4593 Nec
1104 4537 1262 4592 facies
1306 4536 1624 4591 calumniam
1676 4535 1916 4607 proximo

334 4641 443 4697 tuo,
474 4647 574 4687 nec
596 4631 649 4686 vi
677 4630 945 4701 Opprimes
977 4645 1117 4685 cum.
1146 4627 1261 4683 Non
1304 4627 1598 4682 morabitur
1622 4642 1753 4696 opus
1780 4641 1917 4680 mer-

333 4722 533 4778 cenarii
574 4721 648 4775 tni
690 4720 827 4790 apud
871 4728 923 4775 te
963 4733 1133 4789 usque
1176 4717 1230 4772 in
1271 4731 1446 4771 mane.
1478 4713 1594 4771 Non
1635 4714 1916 4770 maledices

333 4814 516 4880 surdo,
546 4828 647 4869 nec
676 4827 854 4868 coram
893 4827 1035 4868 οωοο
1073 4824 1239 4882 pones
1278 4806 1654 4864 oﬂ‘endieulum
1686 4825 1699 4860 :
1725 4804 1818 4861 sed
1849 4806 1914 4860 ti-

333 4906 505 4962 mebis
528 4905 813 4961 Dominum
840 4904 1041 4971 Deum,
1070 4902 1193 4973 quia
1222 4915 1320 4971 ego
1349 4913 1467 4953 sum
1495 4897 1768 4952 Dominus.
1800 4895 1913 4950 Non

333 4994 502 5053 facies
548 4997 689 5067 quod
731 4997 965 5067 iniquum
997 5003 1098 5061 est,
1138 5008 1238 5049 nec
1285 4993 1479 5061 inju5te
1504 4989 1784 5060 judicabis.
1808 4989 1915 5044 Nec

335 5086 647 5144 consideres
684 5100 965 5157 personam
1002 5082 1281 5156 pauperis,
1313 5097 1410 5137 nec
1450 5081 1684 5136 honores
1713 5082 1913 5134 vultum

332 5178 565 5250 potentis
589 5177 763 5249 :juste
788 5176 964 5248 judica
994 5179 1236 5245 proximo
1260 5182 1370 5229 tuo.
1393 5172 1507 5228 Non
1530 5172 1636 5227 eris
1661 5172 1911 5225 crimina-

334 5278 417 5325 tor
436 5279 490 5326 et
509 5283 729 5326 susurro
748 5270 801 5324 in
823 5269 1052 5339 populis.
1075 5266 1189 5323 Non
1212 5268 1375 5322 stabis
1395 5273 1579 5321 contra
1605 5263 1912 5334 sanguinem

335 5361 565 5433 proximi
594 5360 692 5417 tui.
723 5360 837 5431 Ego
871 5358 1141 5415 Dominus.
1180 5356 1255 5415 Ne
1288 5358 1464 5413 oderis
1508 5357 1723 5411 fratrem
1764 5363 1911 5409 tuum

316 5451 387 5508 ‘in
407 5454 571 5510 corde
593 5463 725 5510 tuo:
755 5454 847 5510 sed
871 5454 1078 5524 publice
1098 5467 1259 5522 argue
1278 5465 1416 5517 eum,
1447 5464 1514 5504 ne
1536 5448 1731 5502 habeas
1756 5461 1914 5516 super

335 5540 427 5599 iito
455 5553 755 5616 peccatum.
778 5545 893 5600 Non
925 5558 1132 5613 quaeras
1161 5542 1439 5605 ultionem,
1463 5554 1562 5594 nec
1584 5552 1791 5592 memor
1809 5538 1913 5592 eris

335 5628 548 5707 injuriae
586 5638 781 5693 civium
823 5644 1056 5690 tuorum.
1086 5632 1275 5702 Diliges
1317 5630 1544 5685 amicum
1584 5639 1733 5685 tuum
1778 5630 1915 5685 sicut

332 5729 587 5803 teipsum.
610 5728 723 5803 Ego
745 5742 864 5787 sum
882 5726 1159 5795 Dominus,
1180 5723 1348 5797 Leges
1372 5736 1520 5780 meas
1541 5720 1823 5780 custodite.
1845 5719 1915 5777 Et

1588 370 1675 426 DE
1712 368 2091 428 SCRlPTURA
2130 371 2376 430 SACRA.

2738 286 2763 299 δ

3510 382 3617 440 891

2038 485 2189 554 paulo
2216 494 2325 555 post
2350 478 2499 541 :Non
2520 486 2811 543 comedetis
2829 503 2949 543 cum
2976 490 3230 559 sanguine
3250 492 3290 545 ί.
3312 492 3425 547 Non
3447 507 3611 562 augu-

2039 574 2303 639 rabimini,
2336 591 2434 631 nec
2461 577 2813 634 observabitis
2847 582 3069 635 somnia.
3097 580 3280 652 Neque
3326 586 3378 637 in
3422 593 3613 639 rotuno

2037 664 2161 719 dum
2209 668 2547 723 attondebitis
2595 685 2821 737 comam,
2858 688 2955 728 nec
2998 672 3193 729 radetis
3220 676 3243 707 '
3276 676 3513 732 barbam.
3543 676 3613 733 Et

2039 758 2200 825 Super
2228 766 2438 811 mortuo
2469 774 2573 814 non
2611 760 2853 816 incidetis
2889 778 3103 819 carnem
3133 774 3361 821 vestram
3397 785 3409 822 :
3442 784 3614 839 neque

2038 845 2234 916 ﬁguras
2264 850 2466 919 aliquas
2504 860 2557 906 et
2597 853 2838 922 stigmata
2868 854 3067 911 facietis
3094 858 3261 912 vobis.
3290 857 3404 929 Ego
3433 860 3614 914 Domi-

2036 952 2157 994 nus.
2182 940 2257 995 Ne
2276 944 2562 1012 prostituas
2584 944 2745 998 ﬁliam
2767 952 2931 1019 tuam,
2957 964 3027 1002 ne
3044 952 3431 1005 contaminetur
3453 959 3614 1016 terra,

2037 1038 2090 1085 et
2124 1032 2403 1100 impleatur
2429 1032 2655 1101 piaculo.
2680 1034 2746 1087 Et
2776 1040 2886 1105 post
2912 1044 3066 1090 unum
3095 1050 3288 1092 tersum
3319 1056 3334 1092 :
3362 1040 3476 1109 Ego
3508 1039 3613 1094 Do-

2036 1123 2228 1177 minus.
2249 1123 2326 1178 Ne
2346 1124 2620 1180 declinctis
2645 1125 2709 1178 ad
2742 1138 2946 1195 magos,
2969 1142 3067 1183 nec
3092 1130 3160 1183 ab
3182 1130 3399 1185 hariolis
3420 1130 3614 1201 aliquid

2037 1218 2402 1284 sciscitemini,
2447 1226 2505 1273 ut
2549 1219 2859 1288 polluamini
2907 1234 3004 1290 per
3046 1235 3156 1277 eos.
3208 1223 3318 1294 Ego
3362 1224 3615 1279 Dominus

2037 1307 2177 1363 Deus
2202 1316 2400 1364 vester.
2428 1307 2617 1364 Coram
2652 1324 2789 1365 cano
2814 1312 2987 1381 capite
3021 1327 3302 1382 consurge,
3329 1321 3385 1369 et
3414 1314 3614 1369 honora

2034 1400 2317 1466 personam
2341 1400 2503 1465 Senis,
2527 1409 2582 1454 et
2607 1403 2737 1457 time
2766 1402 2931 1457 Deum
2960 1411 3125 1458 tuum.
3152 1404 3263 1474 Ego
3289 1420 3403 1460 sum
3432 1404 3615 1460 Domi-

2033 1500 2154 1545 nus.
2181 1490 2236 1547 Si
2265 1491 2580 1549 habitaverit
2603 1495 2803 1549 advena
2833 1497 2884 1550 in
2911 1504 3049 1551 terra
3077 1505 3271 1565 vestra,
3295 1506 3350 1553 et
3378 1506 3614 1555 moratus

2033 1579 2191 1637 fuerit
2226 1584 2365 1639 inter
2399 1601 2526 1651 vos,
2565 1602 2634 1642 ne
2664 1588 2996 1657 exprobretis
3029 1590 3107 1654 ei;
3136 1589 3229 1645 sed
3259 1590 3327 1644 sit
3355 1591 3491 1645 inter
3520 1606 3615 1646 vos

2032 1678 2181 1745 quasi
2232 1678 2512 1749 indigena,
2541 1687 2596 1735 et
2623 1679 2852 1751 diligetis
2876 1696 2997 1736 eum
3035 1682 3185 1752 quasi
3222 1683 3610 1752 vosmetipsos:

2032 1766 2204 1823 fuistis
2233 1770 2376 1823 enim
2406 1779 2460 1824 et
2491 1787 2585 1827 vos
2614 1771 2835 1826 advena:
2862 1774 2912 1825 in
2942 1779 3083 1827 terra
3109 1771 3339 1843 Egypti.
3368 1773 3480 1843 Ego
3511 1774 3612 1828 Do-

2032 1860 2207 1913 minus
2230 1861 2369 1917 Deus
2402 1863 2804 1918 vesteruNolite
2844 1862 3018 1919 facere
3059 1865 3254 1933 aliquid
3291 1866 3525 1935 iniquum
3556 1865 3610 1923 in

2025 1951 2248 2022 judicio,
2294 1954 2343 2008 in
2393 1955 2594 2023 regula,
2629 1955 2681 2008 in
2712 1954 2966 2023 pondere,
3011 1955 3062 2009 in
3103 1970 3370 2010 mensura.
3403 1956 3611 2012 Statera

2028 2043 2195 2115 justa,
2221 2054 2273 2099 et
2298 2059 2447 2114 aequa
2472 2046 2578 2099 sint
2601 2044 2865 2115 pondera;
2885 2048 3057 2115 justus
3074 2047 3303 2114 modius,
3326 2063 3612 2118 aequusque

2030 2138 2311 2193 sextarius.
2341 2137 2459 2206 Ego
2490 2137 2749 2191 Dominus
2790 2138 2929 2192 Deus
2966 2145 3161 2203 vester,
3193 2138 3283 2207 qui
3323 2138 3481 2193 eduxi
3516 2151 3614 2193 vos

2029 2226 2098 2281 de
2126 2235 2263 2280 terra
2294 2224 2531 2296 (Egypti.
2569 2227 2847 2281 Custodite
2879 2228 3057 2281 omnia
3088 2237 3351 2298 praecepta
3390 2243 3528 2295 mea,
3560 2238 3614 2284 et

2028 2317 2275 2371 universa
2299 2316 2512 2384 judicia,
2540 2324 2595 2371 et
2620 2316 2776 2371 facite
2798 2332 2878 2371 ea.
2903 2316 3015 2387 Ego
3037 2319 3310 2373 Dominus.

2102 2405 2239 2477 [xx.]
2268 2407 2601 2477 Locutusque
2631 2417 2714 2463 est
2741 2409 2995 2463 Dominus
3033 2409 3098 2463 ad
3137 2410 3375 2481 Moysen,
3401 2410 3608 2475 dicens,

2030 2495 2156 2551 Haec
2183 2497 2418 2566 loqueris
2440 2497 2559 2551 ﬁliis
2586 2497 2751 2553 Israel
2776 2517 2786 2551 :
2812 2498 2984 2553 llemo
3009 2500 3075 2554 de
3108 2500 3227 2554 ﬁliis
3253 2500 3432 2566 Israel,
3464 2506 3517 2555 et
3544 2500 3611 2555 de

2027 2588 2248 2642 advenis
2288 2589 2375 2656 qui
2420 2589 2660 2644 habitant
2687 2589 2741 2643 in
2770 2589 2953 2656 lsrael,
2983 2590 3027 2643 si
3058 2590 3177 2659 quis
3204 2589 3408 2645 dederit
3431 2590 3499 2644 de
3520 2604 3608 2645 se-

2027 2680 2172 2734 mine
2224 2692 2319 2733 suo
2368 2680 2508 2735 idolo
2548 2680 2794 2749 Moloch,
2842 2690 3011 2737 morte
3048 2682 3342 2746 moriatur;
3383 2682 3611 2752 populus

2026 2781 2187 2827 teme
2229 2773 2483 2841 lapidabit
2524 2789 2645 2828 eum
2671 2790 2685 2827 :
2713 2783 2768 2828 ct
2812 2788 2910 2843 ego
2961 2789 3150 2843 ponam
3200 2773 3389 2828 faciem
3435 2788 3608 2828 meam

2029 2876 2212 2921 contra
2243 2867 2411 2932 illum,
2439 2865 2814 2936 suecidamque
2839 2880 2959 2919 eum
2992 2865 3059 2919 de
3088 2865 3263 2920 medio
3292 2866 3471 2935 populi
3501 2865 3606 2932 sui,

2027 2968 2091 3009 eo
2117 2956 2258 3024 quod
2284 2956 2349 3009 de
2380 2957 2584 3012 semine
2604 2971 2700 3010 suo
2729 2957 2934 3011 dederit
2958 2957 3182 3023 Moloch,
3213 2967 3265 3011 et
3285 2956 3610 3011 contamina-

2026 3047 2164 3100 verit
2190 3048 2549 3101 sanctuarium
2577 3062 2773 3113 meum,
2801 3055 2851 3102 et
2883 3048 3125 3117 polluerit
3149 3062 3340 3102 nomen
3368 3055 3609 3102 sanctum

2025 3151 2225 3191 meum.
2247 3137 2401 3203 Quod
2427 3138 2472 3191 si
2500 3139 2770 3208 negligens
2793 3140 3017 3209 populus
3044 3148 3221 3205 teme,
3249 3146 3303 3193 et
3327 3139 3476 3208 quasi
3498 3153 3608 3207 par-

2025 3229 2320 3298 vipendens
2354 3229 2635 3299 imperium
2668 3246 2843 3284 meum
2864 3271 2879 3297 ,
2919 3231 3179 3284 dimiserit
3221 3230 3489 3287 hominem
3517 3229 3607 3298 qui

2025 3320 2176 3376 dedit
2210 3323 2276 3378 de
2317 3325 2523 3377 semine
2550 3338 2648 3379 suo
2672 3323 2898 3389 Moloch,
2932 3339 3030 3378 nec
3049 3323 3272 3378 voluerit
3310 3337 3429 3377 eum
3468 3323 3606 3377 occi-

2024 3414 2184 3478 dere;
2217 3430 2407 3483 ponam
2450 3415 2636 3470 faciem
2673 3430 2849 3469 meam
2874 3429 3031 3484 super
3060 3415 3327 3469 hominem
3360 3415 3523 3479 illum,
3552 3420 3607 3467 ct

2023 3506 2393 3572 cognationem
2434 3506 2586 3574 ejus;
2626 3505 2999 3574 succidamquc
3035 3515 3086 3559 et
3123 3506 3293 3573 ipsum
3332 3513 3382 3557 et
3418 3518 3605 3559 omnes

2021 3594 2111 3663 qui
2142 3603 2530 3649 consenserunt
2555 3596 2624 3661 ei,
2660 3604 2720 3649 ut
2748 3595 3135 3650 fornicarentur
3162 3610 3285 3648 cum
3305 3593 3510 3648 Moloch
3535 3592 3603 3649 de

2024 3684 2205 3739 medio
2241 3685 2421 3754 populi
2463 3687 2564 3740 sui.
2596 3687 2782 3740 Anima
2813 3702 2931 3755 quae
2960 3686 3302 3740 declinaverit
3329 3685 3393 3739 ad
3420 3699 3604 3755 magos

2020 3784 2078 3830 et
2105 3776 2359 3842 hariolos,
2381 3786 2434 3831 et
2462 3776 2717 3831 fornicata
2743 3777 2900 3831 fuerit
2921 3792 3039 3831 cum
3064 3778 3171 3843 eis;
3202 3791 3392 3847 ponam
3418 3776 3602 3831 faciem

2020 3880 2197 3920 meam
2221 3876 2405 3920 contra
2432 3882 2571 3933 eam,
2600 3876 2655 3921 et
2682 3867 3005 3921 interﬁciam
3030 3867 3177 3920 illam
3198 3866 3263 3920 de
3300 3866 3477 3921 medio
3510 3880 3605 3935 po-

2022 3956 2133 4026 puli
2173 3957 2276 4011 sui.
2315 3956 2763 4024 Sanetiﬁcamini,
2799 3966 2855 4012 et
2894 3965 3068 4012 estote
3111 3956 3315 4021 sancti;
3342 3959 3463 4025 quia
3504 3970 3603 4026 ego

2020 4059 2240 4105 senatus
2284 4066 2404 4105 sum
2453 4052 2707 4105 Dominus
2747 4052 2887 4105 Deus
2922 4059 3113 4105 vester.
3157 4049 3429 4104 Custodite
3469 4064 3607 4119 pra-

2019 4150 2173 4210 cepta
2214 4156 2367 4207 mea,
2402 4149 2459 4197 et
2502 4141 2654 4197 facile
2686 4154 2767 4196 ea.
2794 4142 2905 4209 Ego
2932 4141 3188 4195 Dominus
3213 4140 3301 4209 qui
3329 4138 3601 4194 sanctiﬁco

2021 4248 2138 4288 vos.
2170 4234 2271 4299 Qui
2302 4234 2635 4289 maledixerit
2664 4234 2800 4303 patri
2834 4248 2933 4287 suo
2958 4241 3051 4286 aut
3076 4232 3252 4296 matri,
3280 4240 3454 4285 morte
3482 4246 3600 4284 mo-

2019 4325 2209 4380 riatur.
2238 4327 2378 4382 Patri
2409 4328 2668 4396 matrique
2693 4326 2783 4395 qui
2815 4324 3148 4379 maledixerit
3174 4323 3215 4388 ³,
3241 4323 3451 4392 sanguis
3478 4321 3593 4390 ejus

2019 4417 2093 4471 sit
2117 4432 2277 4486 super
2301 4432 2445 4472 eum.
2480 4417 2537 4471 Si
2562 4416 2858 4471 mmchatus
2886 4415 3041 4468 fuerit
3068 4414 3152 4467 vir
3178 4428 3300 4467 cum
3327 4425 3491 4467 uxore
3520 4411 3600 4465 al-

2020 4507 2225 4570 terius,
2268 4515 2323 4562 et
2379 4506 2691 4560 adulterium
2766 4504 3151 4575 perpetraverit
3199 4518 3320 4558 eum
3374 4502 3603 4572 conjuge

2023 4597 2249 4667 proximi
2280 4596 2393 4660 sui;
2418 4605 2588 4649 morte
2614 4595 2909 4649 moriantur
2927 4603 2982 4649 et
3000 4594 3241 4649 moechus
3260 4602 3315 4648 et
3340 4593 3599 4648 adultera.

2020 4688 2123 4754 Qui
2148 4686 2428 4740 dormierit
2455 4700 2575 4739 cum
2606 4700 2833 4770 qoverca
2858 4700 2987 4753 sua,
3018 4695 3072 4741 et
3101 4686 3415 4741 revelaverit
3455 4686 3602 4756 igno-

2019 4778 2237 4831 miniam
2270 4777 2435 4848 patris
2460 4776 2575 4843 sui;
2603 4786 2775 4832 morte
2802 4778 3096 4833 moriantur
3139 4779 3297 4832 ambo
3335 4796 3349 4832 :
3386 4778 3601 4847 sanguis

2020 4884 2209 4927 eorum
2232 4872 2299 4926 sit
2325 4884 2484 4941 super
2510 4884 2626 4928 eos.
2653 4871 2711 4927 Si
2739 4872 2854 4943 quis
2881 4873 3159 4929 dormierit
3180 4886 3299 4929 cum
3328 4890 3462 4928 nuru
3482 4888 3598 4939 sua,

2019 4976 2246 5037 uterque
2273 4970 2563 5034 moriatur;
2590 4969 2714 5039 quia
2744 4970 2918 5025 scelus
2944 4970 3146 5039 operati
3189 4978 3315 5023 sunt
3343 4986 3356 5022 :
3385 4970 3601 5038 sanguis

2017 5073 2205 5114 eorum
2251 5060 2325 5113 sit
2371 5074 2532 5131 super
2576 5075 2690 5116 eos.
2736 5060 2837 5127 Qui
2881 5060 3157 5116 dormierit
3189 5074 3311 5113 cum
3358 5059 3594 5113 masculo

2016 5151 2159 5207 coitu
2199 5150 2451 5219 femineo,
2498 5160 2721 5222 uterque
2769 5160 3017 5222 operatus
3064 5158 3149 5206 est
3190 5150 3384 5215 nefas;
3429 5158 3600 5204 morte

2082 5264 2101 5299 ί
2126 5266 2263 5327 mliti,
2287 5278 2615 5330 cumcum
2920 5270 2974 5330 at
2998 5272 3107 5330 Mss.
3137 5271 3304 5330 carent
3324 5274 3463 5330 voce,
3489 5276 3601 5313 car-

2016 5341 2144 5389 nem,
2169 5326 2280 5391 qua:
2302 5330 2465 5391 necin
2486 5327 2648 5391 latinis
2672 5326 2832 5378 Bibliis
2854 5327 3215 5391 nisimendosis
3231 5326 3492 5391 reperitur.

2081 5393 2101 5423 ²
2130 5384 2437 5440 Carnutensis
2475 5390 2627 5440 codex
2651 5425 2665 5450 ,
2702 5402 2788 5439 nec
2818 5386 3088 5439 eradicetis.
3136 5386 3219 5436 Alii
3250 5384 3388 5449 juxta
3426 5384 3597 5450 VU]ng

2016 5460 2113 5505 tam
2138 5489 2153 5513 ,
2198 5452 2398 5502 radetis.
2443 5460 2541 5501 Hoc
2575 5449 2717 5503 modo
2750 5453 2791 5500 si
2842 5450 3042 5513 legebat
3079 5449 3601 5513 Augustinus,__mirari

2016 5507 2150 5566 subit
2168 5528 2251 5563 cur
2275 5514 2401 5563 istud
2422 5521 2715 5576 prteceptum
2742 5507 3041 5576 transtulerit
3070 5512 3119 5560 in
3143 5507 3320 5560 hancce
3351 5507 3600 5576 (mllectiof

2016 5589 2149 5635 nem,
2175 5588 2286 5638 quae
2306 5572 2485 5636 praeter
2508 5572 2750 5637 przecepta
2784 5573 2844 5623 ad
2886 5575 3070 5638 veteris
3088 5580 3285 5638 etnva
3305 5572 3601 5638 'l‘estamenti

2017 5634 2209 5699 tempus
2234 5634 2464 5699 per—aeque
2476 5634 2762 5699 spectantia
2773 5636 3039 5699 continere
3052 5635 3166 5699 nihil
3189 5634 3418 5699 debebat.
3459 5641 3602 5684 Porro

2016 5693 2133 5747 ιλιι(
2150 5693 2365 5761 ver'tunt,
2384 5693 2528 5749 'oudé‘
2543 5696 2807 5761 phlfwreite
2830 5694 2907 5745 tén
2936 5696 3073 5759 opsin
3094 5696 3171 5746 tori
3203 5693 3425 5760 ρόρύησε,
3450 5706 3603 5761 nequ

2018 5758 2334 5823 corrumpas
2354 5757 2597 5823 αξρρςειάη
2620 5757 2783 5823 borea:
2804 5757 2991 5823 mimi-
3083 5819 3093 5823 _
3204 5757 3211 5759 ⁷

2083 5822 2105 5855 ο
2122 5828 2174 5873 ω
2192 5816 2577 5886 c'astigatibribus
2604 5820 2779 5882 Bibliis,
2803 5819 2933 5886 patri
2952 5819 3182 5885 mamque
3201 5816 3475 5874 maledwit.
