4110 6454
541 431 649 492 895

543 549 874 606 moriantur:
897 549 1111 622 sanguis
1145 559 1332 604 eorum
1358 545 1442 603 .sit
1479 556 1642 616 super
1677 557 1793 600 eos.
1820 543 1923 612 Qui
1960 556 2122 613 supra

543 655 766 697 uxorem
795 641 958 696 ﬁliam
987 638 1198 696 duxerit
1223 645 1446 694 matrem
1477 638 1621 708 ejus,
1659 635 1832 692 scelus
1871 643 2124 705 operatus

541 741 659 800 est;
687 734 838 789 vivus
881 732 1088 788 ardebit
1121 745 1244 788 cum
1288 732 1398 799 eis,
1428 745 1529 787 nec
1554 727 1890 803 permanebit
1919 735 2124 783 tantum

543 824 694 878 nefas
740 824 794 880 in
839 824 1018 880 medio
1055 825 1237 880 vestri.
1275 824 1377 891 Qui
1418 837 1537 879 eum
1569 822 1814 894 jumento
1849 830 1904 878 et
1928 834 2123 891 pecore

543 917 749 983 coierit,
780 926 951 973 morte
977 918 1238 973 moriatur
1265 935 1279 970 :
1307 931 1473 988 pecus
1499 931 1710 988 quoque
1738 914 1985 971 occidite.
2010 912 2125 969 Mu-

541 1007 644 1063 lier
669 1023 789 1078 qu:e
830 1009 1170 1066 succubuerit
1197 1009 1414 1066 cuilibet
1437 1009 1699 1079 jumento,
1733 1007 1892 1062 simul
1922 1005 2124 1062 interﬁ-

543 1099 714 1154 cietur
738 1115 860 1155 cum
889 1116 983 1167 eo;
1004 1103 1219 1173 sanguis
1247 1117 1433 1158 eorum
1463 1103 1534 1160 sit
1569 1117 1732 1172 super
1755 1116 1869 1156 eos.
1897 1100 2000 1168 Qui
2035 1113 2126 1156 ac-

541 1191 744 1260 ceperit
783 1207 1022 1248 sororem
1065 1209 1237 1261 suam,
1278 1194 1436 1248 ﬁliam
1480 1194 1646 1264 patris
1689 1193 1792 1260 sui,
1833 1193 1918 1248 vel
1961 1192 2124 1247 ﬁliam

541 1284 730 1338 matris
756 1301 887 1349 sum,
910 1295 964 1342 et
990 1287 1183 1344 viderit
1210 1279 1591 1358 turpitudinem
1612 1287 1748 1358 ejus,
1780 1287 1974 1358 illaque
1997 1301 2125 1342 con-

540 1375 776 1444 spexerit
821 1377 998 1432 fratris
1047 1379 1423 1448 ignominiam,
1469 1378 1726 1435 nefariam
1765 1393 1880 1434 rem
1921 1378 2125 1449 operati

541 1475 701 1534 sunt;
729 1469 1039 1526 occidentur
1067 1472 1119 1526 in
1147 1480 1435 1542 conspectu
1463 1472 1671 1542 populi,
1700 1488 1766 1529 eo
1787 1472 1929 1544 quod
1957 1471 2126 1542 turpi-

541 1559 779 1616 tudinem
807 1576 956 1617 suam
983 1571 1167 1619 mutuo
1186 1566 1575 1630 revelaverint;
1604 1575 1659 1621 et
1698 1567 1984 1636 portabunt
2025 1565 2126 1621 ini-

539 1650 794 1720 quitatem
841 1669 1013 1708 suam.
1055 1655 1155 1723 Qui
1207 1657 1394 1711 coierit
1441 1673 1562 1712 cum
1607 1658 1830 1712 muliere
1878 1659 1932 1712 in
1978 1657 2125 1721 ﬂuxu

540 1754 836 1811 menstruo,
865 1756 919 1802 et
946 1748 1266 1804 revelaverit
1302 1751 1682 1821 turpitudinem
1717 1751 1865 1819 ejus,
1902 1751 2122 1821 ipsaque

539 1838 807 1906 aperuerit
831 1837 1030 1894 fontem
1054 1841 1325 1912 sanguinis
1346 1843 1449 1908 sui,
1470 1841 1858 1898 interficientur
1878 1843 2036 1898 ambo
2055 1843 2124 1900 de

538 1928 714 1983 medio
755 1931 930 1999 populi
959 1931 1061 1986 sui.
1089 1927 1494 2002 Turpitudinem
1535 1943 1838 1989 matertera:
1865 1943 1918 1990 et
1945 1935 2123 1990 amitte

540 2027 644 2073 tute
688 2036 792 2074 non
827 2021 1206 2092 discooperies.
1243 2023 1344 2092 Qui
1383 2024 1486 2080 hoc
1529 2024 1733 2089 fecerit,
1781 2025 2122 2095 ignominiam

539 2111 716 2166 carnis
763 2126 873 2166 suae
924 2114 1182 2180 nudavit;
1237 2116 1525 2185 portabunt
1574 2118 1732 2172 ambo
1789 2117 2120 2186 iniquitatem

541 2215 712 2256 suam.
736 2203 835 2270 Qui
859 2206 1046 2260 coierit
1073 2221 1192 2262 cum
1226 2223 1392 2263 uxore
1429 2209 1602 2278 patrui
1629 2208 1712 2263 vel
1743 2207 1988 2262 avunculi
2015 2209 2120 2275 sui,

539 2303 593 2349 et
613 2297 926 2352 revelaverit
951 2299 1294 2369 ignominiam
1315 2301 1644 2371 cognationis
1667 2315 1812 2365 suae;
1841 2301 2124 2372 portabunt

539 2384 698 2438 ambo
725 2396 994 2454 peceatum
1022 2403 1206 2453 suum;
1237 2390 1438 2460 absque
1466 2391 1652 2446 liberis
1679 2393 1994 2450 morientur.
2021 2391 2122 2458 Qui

537 2472 751 2530 duxerit
777 2491 996 2532 uxorem
1027 2477 1206 2536 fratris
1230 2481 1332 2548 sui,
1358 2497 1468 2536 rem
1499 2480 1624 2536 facit
1652 2482 1888 2537 illicitam
1914 2501 1927 2536 :
1959 2483 2124 2553 turpi-

537 2566 773 2623 tudinem
817 2569 993 2624 fratris
1029 2572 1110 2626 sui
1151 2574 1438 2638 revelavit;
1466 2574 1668 2644 absque
1698 2575 1818 2630 filiis
1847 2584 2023 2630 erunt.
2057 2575 2122 2630 Et

536 2661 589 2714 in
609 2663 710 2716 alio
739 2663 849 2717 loco
871 2683 890 2718 :
914 2664 1005 2719 Vir
1029 2666 1141 2720 sive
1163 2668 1374 2735 mulier,
1398 2668 1452 2722 in
1479 2669 1670 2739 quibus
1697 2667 2016 2740 pytlionicus
2037 2669 2122 2725 vel

536 2752 876 2810 divinationis
893 2755 1046 2812 fuerit
1066 2758 1304 2827 spiritus,
1326 2769 1498 2814 morte
1519 2760 1839 2826 moriantur;
1859 2759 2122 2830 lapidibus

537 2843 763 2901 obruent
790 2862 884 2903 eos
909 2865 921 2901 :
948 2850 1163 2919 sanguis
1189 2865 1375 2906 eorum
1401 2852 1470 2906 sit
1494 2867 1655 2921 super
1683 2853 1820 2908 illos.

609 2936 837 3009 Itemque
870 2940 923 2994 in
957 2942 1059 2995 alio
1103 2942 1244 3010 loco,
1275 2960 1389 2997 cum
1433 2943 1496 2997 de
1529 2960 1722 2998 summa
1749 2944 2005 2999 sacerdote
2041 2945 2121 3000 lo-

535 3038 768 3095 queretur
794 3027 990 3103 [xxn]:
1028 3031 1318 3103 Virginem,
1344 3034 1539 3102 inquit,
1566 3034 1724 3092 ducet
1751 3050 2004 3102 uxorem;
2035 3036 2121 3092 vi-

535 3118 697 3175 duam
728 3132 782 3176 et
809 3123 1138 3192 repudiatam
1160 3167 1173 3189 ,
1199 3134 1254 3181 et
1294 3127 1566 3182 sordidam
1592 3136 1751 3198 atque
1783 3129 2118 3186 meretricem

536 3225 644 3266 non
669 3213 914 3284 accipiet,
943 3215 1035 3270 sed
1063 3217 1292 3285 puellam
1324 3217 1388 3273 de
1418 3219 1612 3288 populo
1639 3234 1735 3275 suo
1759 3238 1772 3275 :
1793 3236 1860 3276 ne
1879 3223 2124 3278 commis-

534 3312 653 3359 ceat
671 3305 890 3374 stirpem
917 3309 1129 3378 generis
1153 3308 1272 3375 sui,
1303 3309 1458 3382 vulgo
1480 3311 1654 3381 gentis
1689 3326 1799 3368 sua:
1823 3330 1840 3380 ;
1866 3313 1987 3384 quia
2021 3329 2122 3386 ego

536 3395 794 3450 Dominus
821 3397 912 3468 qui
941 3399 1214 3455 sanctiﬁco
1233 3416 1380 3456 eum.

606 3485 676 3540 Et
704 3498 815 3558 post
852 3490 1011 3544 multa
1039 3488 1242 3564 [χιιι]
1273 3509 1286 3544 :
1313 3492 1485 3548 llomo
1512 3494 1602 3564 qui
1635 3496 1971 3555 maledixerit
2009 3500 2121 3558 Deo

534 3589 634 3632 suo
654 3617 671 3644 ,
699 3579 931 3646 portabit
956 3589 1230 3650 peccatum
1255 3598 1430 3637 suum.
1463 3584 1530 3639 Et
1554 3587 1642 3656 qui
1670 3587 2120 3658 blasphemaverit

533 3683 730 3726 nomen
751 3671 994 3739 Domini,
1024 3683 1196 3730 morte
1226 3677 1482 3731 moriatur
1510 3695 1524 3732 :
1561 3677 1826 3748 lapidibus
1854 3683 2122 3752 opprimet

535 3775 656 3816 eum
678 3763 852 3817 omnis
877 3764 1190 3830 multitudo,
1221 3765 1333 3822 sive
1361 3767 1448 3822 ille
1476 3767 1608 3822 civis
1631 3808 1647 3833 ,
1674 3769 1785 3825 sive
1811 3771 2121 3842 peregrinus

535 3850 714 3906 fuerit.
743 3853 842 3919 Qui
867 3853 1314 3925 blasphemaverit
1334 3873 1526 3914 nomen
1554 3858 1784 3924 Domini,
1812 3870 1984 3917 morte
1999 3877 2120 3917 mo-

535 3942 724 3997 riatur.
753 3943 855 4011 Qui
881 3947 1203 4014 percusserit
1227 3956 1281 4002 et
1309 3948 1565 4004 occiderit
1593 3949 1865 4008 hominem
1887 3991 1903 4016 ,
1946 3961 2120 4010 morte

534 4035 810 4090 moriatur.
840 4024 940 4105 Qui
981 4041 1301 4109 percusserit
1337 4043 1566 4110 animal,
1601 4044 1789 4100 reddat
1821 4045 2074 4104 vicarium
2097 4090 2116 4117 ,

533 4125 585 4180 id
613 4136 694 4182 est
713 4169 729 4195 ,
768 4129 1000 4185 animam
1029 4145 1126 4200 pro
1151 4131 1346 4186 anima.
1379 4132 1478 4202 Qui
1506 4134 1819 4205 irrogaverit
1854 4139 2118 4195 maculam

533 4218 748 4274 cuilibet
780 4220 972 4275 civium
997 4236 1236 4285 suorum,
1266 4223 1403 4279 sicut
1429 4223 1572 4290 fecit,
1597 4224 1688 4282 ﬁat
1710 4227 1760 4284 ei
1785 4243 1800 4281 :
1831 4227 2116 4286 fracturam

531 4323 629 4381 pro
648 4310 894 4379 fractura,
920 4314 1131 4370 oculum
1154 4330 1251 4384 pro
1277 4317 1451 4381 oculo,
1475 4317 1686 4374 dentem
1709 4334 1806 4390 pro
1827 4319 1986 4377 dente
2005 4338 2116 4379 res-

530 4401 704 4469 tituet;
727 4405 934 4474 qualem
960 4403 1214 4461 inflixerit
1238 4408 1522 4477 maculam,
1544 4411 1702 4465 talem
1731 4412 1996 4470 sustinere
2021 4430 2116 4471 co-

531 4503 706 4565 getur.
732 4495 830 4564 Qui
860 4499 1184 4568 percusserit
1219 4501 1518 4571 jumentum
1539 4545 1555 4571 ,
1598 4503 1785 4561 reddet
1821 4505 1984 4562 aliud.
2013 4507 2116 4575 Qui

529 4588 852 4656 percusserit
909 4588 1212 4656 hominem,
1261 4592 1528 4662 punietur.
1579 4593 1813 4666 Equum
1858 4596 2113 4667 judicium

529 4679 599 4733 sit
623 4680 762 4734 inter
797 4694 892 4735 vos
918 4723 934 4746 ,
965 4681 1082 4737 sive
1105 4684 1413 4754 peregrinus
1433 4726 1448 4752 ,
1478 4685 1594 4763 sive
1620 4689 1751 4744 civis
1780 4692 2112 4761 peccaverit;

529 4770 651 4842 quia
677 4786 778 4843 ego
801 4786 919 4828 sum
950 4773 1204 4830 Dominus
1232 4776 1372 4832 Deus
1398 4787 1596 4835 vester.

599 4862 667 4917 Et
696 4873 809 4934 post
833 4866 1149 4936 aliquantum
1174 4865 1372 4942 [xxvu]
1402 4886 1414 4922 :
1444 4869 1560 4925 Non
1586 4869 1790 4930 facietis
1814 4873 1967 4931 vobis
1996 4875 2114 4932 ido-

526 4955 636 5012 lum
664 4965 720 5013 et
749 4959 993 5029 sculptile
1013 5001 1026 5025 ,
1051 4975 1152 5016 nec
1181 4962 1364 5018 titulos
1393 4963 1643 5035 erigetis,
1671 4981 1772 5022 nec
1800 4967 2062 5040 insignem
2094 4970 2112 5002 ¹

526 5047 757 5121 lapidem
785 5053 992 5122 ponetis
1018 5053 1070 5108 in
1103 5062 1243 5110 terra
1268 5063 1466 5124 vestra,
1495 5065 1552 5113 ut
1571 5057 1804 5116 adoretis
1830 5075 1976 5117 eum.
2001 5061 2114 5134 Ego

526 5141 669 5197 enim
697 5157 812 5197 sum
835 5143 1090 5199 Dominus
1116 5145 1257 5201 Deus
1274 5155 1471 5203 vester.

599 5233 728 5290 Ilaec
747 5235 810 5289 de
832 5234 1074 5292 Leuitico.
1099 5235 1256 5292 Nunc
1275 5239 1339 5295 de
1363 5239 1490 5296 libro
1517 5243 1662 5314 cujus
1687 5260 1867 5299 nomen
1891 5254 1963 5300 est
1989 5243 2112 5300 Nu-

525 5329 670 5398 meri,
692 5345 807 5401 qua
825 5329 933 5386 visa
961 5339 1077 5387 sunt
1101 5335 1538 5390 commemoranda
1561 5353 1826 5408 ponemus.

1093 5448 1183 5504 DE
1220 5447 1543 5507 NUMERIS.

599 5557 762 5634 [Cap.
803 5563 1006 5637 xxvn.]
1047 5563 1222 5620 Homo
1266 5581 1386 5622 curn
1428 5574 1670 5622 mortuus
1717 5567 1875 5624 fuerit
1913 5567 2115 5640 absque

529 5653 661 5724 ﬁlio,
688 5655 756 5711 ad
780 5657 941 5712 tiliam
977 5657 1092 5727 ejus
1120 5659 1361 5714 transibit
1393 5657 1696 5714 hiereditas.
1726 5659 1782 5714 Si
1815 5659 1975 5715 ﬁliam
2005 5674 2114 5715 non

530 5744 810 5809 habuerit.
851 5744 1069 5804 habebit
1105 5763 1447 5805 successores
1476 5747 1667 5804 fratres
1708 5763 1853 5804 suos.
1885 5749 2038 5818 Quod
2065 5749 2114 5807 si

593 5887 613 5923 ι
633 5885 709 5938 sic
726 5891 835 5940 llas.
845 5889 986 5956 juxta
1001 5889 1263 5955 Vulgalam.
1289 5895 1347 5944 At
1368 5891 1500 5957 editi,
1519 5890 1571 5944 in
1601 5889 1808 5959 tam.

1729 425 1789 486 S.
1828 417 2194 484 AUGUSTINI
2227 413 2616 484 SPECULUM'

2231 551 2286 599 et
2315 542 2504 600 fratres
2533 559 2637 601 non
2665 543 2939 611 habuerit,
2961 541 3157 603 dabitis
3170 544 3536 606 hiereditatém
3565 547 3814 610 fratribus

2231 639 2397 710 patris
2420 639 2554 710 ejus.
2601 638 2696 696 Sin
2722 649 2898 697 autem
2924 655 3024 698 nec
3048 649 3266 713 patruos
3295 641 3574 713 habuerit,
3599 643 3807 700 dabitur

2231 729 2512 786 hereditas
2552 730 2615 786 iis
2649 730 2740 802 qui
2770 732 2818 788 ei
2859 731 3086 804 proximi
3111 741 3237 788 sunt
3267 751 3282 789 :
3311 735 3518 806 eritque
3561 733 3664 790 hoc
3693 735 3811 790 ﬁliis

2229 819 2395 893 Israel
2421 831 2663 880 sanctum
2687 823 2803 896 lege
2825 833 3100 897 perpetua,
3122 825 3262 883 sicut
3279 828 3530 899 praecepit
3555 828 3812 886 Dominus

2229 911 2416 985 Moysi.

2302 1003 2370 1058 Et
2400 1013 2512 1074 post
2531 1007 2692 1062 multa
2709 1005 2918 1082 [sum]
2950 1007 3031 1064 Ad
3073 1009 3232 1066 unius
3259 1011 3620 1068 testimonium
3642 1012 3820 1068 nullus

2230 1096 2689 1155 condemnabitur.
2711 1099 2827 1157 Non
2853 1097 3129 1173 accipietis
3150 1105 3378 1175 pretium
3400 1107 3468 1162 ab
3485 1121 3550 1162 eo
3575 1107 3666 1178 qui
3691 1120 3815 1163 reus

2231 1197 2314 1243 est
2341 1189 2632 1260 sanguinis.

2305 1279 2429 1336 Haec
2447 1282 2510 1336 de
2537 1282 2779 1339 Numeris
2815 1286 3125 1356 invenimus,
3147 1304 3260 1360 quae
3282 1288 3594 1359 inspicienda
3617 1291 3820 1363 putavi-

2229 1388 2364 1428 mus.
2386 1371 2832 1430 Deuteronomium
2855 1377 3090 1448 deinceps
3118 1381 3565 1438 considerabimus.

2678 1510 2766 1566 DE
2804 1511 3365 1572 DEUTERONOMIO.
3409 1529 3414 1532 '

2301 1639 2452 1715 [Cap.
2480 1642 2544 1717 ι.]
2569 1642 2718 1700 Nulla
2743 1646 2847 1702 erit
2883 1645 3131 1712 distantia
3174 1663 3520 1720 personarum
3552 1667 3567 1706 :
3598 1651 3672 1708 ita
3697 1666 3826 1723 par-

2228 1749 2353 1790 vum
2379 1735 2604 1792 audietis
2634 1746 2692 1792 ut
2734 1754 2982 1811 magnum
3004 1782 3020 1807 ,
3061 1756 3162 1797 nec
3195 1742 3466 1813 accipietis
3502 1743 3824 1817 cujusquam

2229 1843 2531 1898 personam;
2559 1831 2681 1901 quia
2712 1831 2807 1887 Dei
2831 1832 3089 1903 judicium
3116 1843 3221 1891 est.

2301 1919 2369 1974 Et
2389 1921 2619 1990 plurimis
2638 1923 2964 1993 interpositis,
2994 1926 3082 1979 ubi
3134 1917 3444 2000 Decaloqum
3470 1931 3647 1998 repetit
3697 1929 3826 2005 [ιιι

2230 2013 2507 2070 Custodite
2538 2015 2696 2086 igitur
2719 2017 2947 2074 sollicite
2975 2018 3183 2075 animas
3208 2028 3435 2076 vestras.
3464 2021 3578 2077 Non
3607 2022 3824 2078 vidistis

2228 2107 2456 2178 aliquam
2483 2109 2884 2165 similitudinem
2909 2110 2963 2165 in
2983 2110 3070 2168 die
3084 2127 3186 2182 qua
3209 2113 3419 2168 locutus
3447 2123 3529 2170 est
3558 2114 3827 2170 Dominus

2227 2201 2378 2256 vobis
2411 2203 2461 2256 in
2493 2203 2669 2258 lloreb
2707 2202 2775 2259 de
2804 2203 2982 2259 medio
3026 2205 3202 2276 ignis:
3235 2221 3302 2261 ne
3331 2205 3468 2262 forte
3492 2207 3703 2277 decepti
3738 2207 3826 2263 fa-

2227 2294 2380 2348 ciatis
2427 2295 2575 2349 vobis
2613 2295 2874 2366 sculptam
2917 2296 3351 2362 similitudinem,
3399 2307 3488 2352 aut
3528 2298 3824 2369 imaginem

2229 2386 2449 2441 masculi
2477 2387 2560 2440 vel
2587 2386 2831 2451 feminze;
2856 2387 3261 2444 similitudinem
3281 2389 3520 2444 omnium
3542 2389 3828 2459 jumento-

2227 2493 2344 2531 rum
2379 2492 2497 2546 qu:e
2525 2486 2649 2532 sunt
2676 2492 2838 2548 super
2863 2486 3059 2534 terram
3079 2521 3096 2546 ,
3126 2480 3210 2535 vel
3230 2479 3405 2534 avium
3431 2480 3530 2535 sub
3553 2480 3694 2537 caelo
3723 2495 3829 2536 vo-

2227 2567 2484 2635 lantium;
2515 2576 2674 2639 atque
2692 2569 2959 2640 reptilium
2981 2585 3100 2640 qua:
3119 2580 3399 2626 moventur
3424 2570 3477 2626 in
3503 2578 3640 2646 terra
3660 2613 3677 2639 ,
3706 2572 3831 2627 sive

2225 2659 2450 2730 piscium
2495 2661 2584 2730 qui
2623 2660 2722 2715 sub
2765 2669 2908 2716 terra
2967 2670 3245 2716 morantur
3279 2663 3332 2716 in
3373 2663 3560 2732 aquis;
3586 2677 3655 2717 ne
3680 2660 3832 2718 forte

2226 2754 2395 2809 oculis
2433 2755 2651 2811 elevatis
2683 2755 2749 2810 ad
2786 2757 2981 2812 conum
3013 2757 3198 2811 videas
3233 2757 3402 2812 solem
3428 2765 3483 2812 et
3519 2754 3736 2819 lunam,
3765 2762 3832 2810 et

2226 2845 2405 2900 omnia
2433 2856 2575 2901 astra
2601 2847 2744 2914 cmli,
2768 2856 2821 2901 et
2847 2862 3031 2902 errore
3059 2847 3319 2916 deceptus
3339 2846 3530 2901 adores
3551 2887 3568 2911 ,
3597 2853 3651 2900 et
3670 2843 3830 2898 colas

2227 2952 2345 3007 qu:e
2365 2939 2565 2993 creavit
2589 2938 2846 2993 Dominus
2868 2939 3006 2993 Deus
3034 2946 3154 2992 tuus
3185 2938 3236 2992 in
3275 2935 3626 2992 ministerium
3657 2947 3835 2989 cunc-

2229 3027 2294 3082 tis
2319 3027 2586 3098 genlibus,
2612 3045 2731 3100 qu:e
2757 3030 2855 3084 sub
2877 3030 3014 3085 cmlo
3040 3038 3182 3084 sunt.
3204 3027 3269 3082 Et
3291 3029 3444 3100 paulo
3472 3036 3583 3098 post
3609 3026 3828 3093 :Cave,

2225 3118 2416 3188 inquit,
2455 3133 2521 3174 ne
2551 3119 2763 3188 quando
2789 3119 3120 3176 obliviscaris
3149 3120 3289 3190 pacti
3330 3119 3538 3174 Domini
3569 3118 3660 3172 Dei
3701 3116 3783 3172 tui
3803 3157 3826 3184 ,

2225 3211 2363 3283 quod
2394 3213 2590 3283 pepigit
2619 3221 2832 3284 tecum_;
2863 3222 2919 3268 et
2955 3212 3118 3268 facias
3155 3213 3248 3267 tibi
3277 3213 3535 3284 sculptam
3566 3211 3834 3266 similitu—

2226 3302 2405 3358 dinem
2451 3317 2672 3372 eorum,
2722 3319 2840 3376 qua:
2892 3303 3008 3360 ﬁeri
3056 3304 3316 3360 Dominus
3361 3304 3631 3375 prohibuit
3659 3303 3831 3372 :quia

2227 3392 2482 3449 Dominus
2504 3394 2645 3451 Deus
2667 3403 2787 3452 tuus
2816 3395 2955 3467 ignis
2982 3410 3304 3453 consumens
3327 3405 3410 3451 est
3429 3435 3444 3462 ,
3478 3395 3620 3451 Deus
3642 3409 3832 3450 temu-

2225 3483 2380 3540 lator.

2296 3576 2364 3631 Et
2389 3577 2491 3631 alio
2529 3579 2639 3633 loco
2661 3577 2763 3652 [v.]
2793 3595 2806 3633 :
2833 3578 2950 3634 Non
2976 3579 3197 3636 habebis
3222 3579 3353 3635 deos
3381 3579 3582 3635 alienos
3606 3577 3658 3632 in
3679 3591 3832 3634 con-

2225 3677 2410 3739 spectu
2436 3685 2577 3726 meo.
2606 3671 2724 3726 Non
2751 3672 2911 3727 facies
2940 3672 3034 3726 tibi
3072 3673 3349 3742 sculptile,
3389 3687 3490 3728 nec
3513 3669 3832 3726 similitudi-

2226 3777 2346 3815 nem
2377 3762 2614 3816 omnium
2654 3779 2773 3834 qu:e
2804 3764 2856 3818 in
2886 3765 3024 3820 caelo
3045 3773 3172 3820 sunt
3209 3764 3468 3834 desuper,
3510 3774 3564 3819 et
3601 3779 3721 3834 qua:
3758 3763 3833 3820 in

2226 3859 2366 3906 terra
2391 3851 2640 3908 deorsum
2665 3894 2682 3920 ,
2723 3863 2778 3909 et
2801 3871 2918 3924 qu:e
2946 3864 3229 3910 versantur
3253 3855 3305 3909 in
3341 3855 3495 3925 aquis
3522 3855 3623 3910 sub
3650 3863 3829 3912 terra.

2221 3942 2339 4000 Non
2359 3945 2607 4000 adorabis
2631 3961 2694 4001 ea
2715 3987 2730 4012 ,
2763 3962 2935 4018 neque
2973 3949 3139 4004 coles.
3169 3949 3280 4020 Ego
3309 3947 3452 4002 enim
3483 3963 3602 4003 sum
3629 3947 3829 4003 Domi-

2181 4081 2190 4092 .
2224 4050 2326 4090 nus
2356 4035 2494 4092 Deus
2524 4045 2677 4104 tuus,
2709 4038 2851 4093 Deus
2875 4039 3182 4107 aemulator,
3211 4039 3442 4095 reddens
3480 4039 3828 4109 iniquitatem

2224 4138 2431 4199 patrum
2456 4129 2512 4184 in
2541 4130 2677 4186 filios
2700 4131 2751 4185 in
2783 4132 2992 4186 tertiam
3017 4141 3072 4187 et
3108 4142 3348 4202 quartam
3375 4133 3775 4202 generationem
3799 4173 3822 4200 ,

2224 4221 2288 4275 iis
2315 4222 2404 4292 qui
2434 4222 2662 4278 oderunt
2689 4239 2795 4288 me;
2821 4231 2878 4278 et
2901 4222 3103 4279 faciens
3126 4223 3542 4280 misericordiam
3566 4224 3618 4278 in
3645 4225 3824 4282 multa

2223 4313 2387 4366 millia
2421 4313 2762 4386 diligentibus
2801 4331 2924 4383 me,
2973 4323 3030 4371 et
3079 4316 3497 4372 custodientibus
3547 4326 3824 4388 praecepta

2221 4420 2361 4461 mea.
2393 4404 2507 4460 Non
2545 4407 2826 4478 usurpabis
2863 4423 3058 4464 nomen
3087 4409 3299 4464 Domini
3329 4410 3419 4465 Dei
3451 4411 3526 4465 tui
3563 4409 3762 4466 frustra
3797 4427 3818 4466 :

2221 4495 2344 4566 quia
2379 4511 2486 4552 non
2522 4497 2625 4552 erit
2665 4499 2992 4569 impunitus,
3037 4499 3127 4569 qui
3167 4515 3327 4570 super
3364 4516 3422 4556 re
3449 4515 3581 4554 vana
3611 4515 3820 4558 nomen

2220 4578 2337 4650 ejus
2360 4583 2726 4651 assumpserit.
2759 4581 2830 4636 Et
2858 4588 2971 4654 post
3004 4585 3271 4654 paululum
3293 4601 3312 4639 :
3335 4585 3545 4639 Honora
3563 4628 3579 4653 ,
3609 4587 3815 4657 inquit,

2220 4680 2427 4740 patrem
2454 4681 2601 4728 tuum
2631 4683 2686 4728 et
2715 4683 2969 4742 matrem,
2997 4677 3136 4732 sicut
3159 4679 3411 4748 praecepit
3435 4679 3526 4733 tibi
3551 4679 3818 4736 Dominus

2222 4762 2362 4819 Deus
2393 4772 2546 4830 tuus;
2575 4775 2631 4820 ut
2656 4765 2814 4837 longo
2849 4767 2994 4823 vivas
3022 4775 3282 4838 tempore,
3305 4778 3359 4824 et
3383 4769 3520 4825 bene
3549 4771 3617 4825 sit
3639 4771 3732 4825 tibi
3756 4772 3816 4829 in

2221 4863 2364 4912 terra
2391 4873 2547 4929 quam
2577 4859 2832 4916 Dominus
2860 4860 3002 4916 Deus
3027 4869 3149 4916 tuus
3176 4861 3397 4918 daturus
3425 4872 3507 4917 est
3536 4863 3650 4918 tibi.
3689 4863 3814 4922 Non

2219 4947 2460 5015 occides,
2490 4965 2662 5022 neque
2700 4951 3090 5018 mmcbaberis,
3127 4952 3430 5025 furtumque
3465 4969 3570 5009 non
3610 4953 3812 5024 facies,

2219 5054 2320 5096 nec
2347 5042 2579 5113 loqueris
2611 5053 2794 5102 contra
2818 5047 3119 5116 proximum
3155 5054 3305 5102 tuum
3338 5045 3528 5102 falsum
3569 5049 3815 5104 testimo-

2219 5138 2387 5194 nium.
2416 5137 2530 5192 Non
2554 5139 2903 5208 concupisces
2927 5155 3146 5196 uxorem
3174 5141 3402 5211 proximi
3425 5142 3533 5210 tui,
3566 5156 3668 5197 non
3713 5141 3816 5197 do-

2218 5247 2364 5287 mum
2387 5273 2403 5296 ,
2445 5245 2552 5286 non
2579 5246 2763 5303 agrum
2782 5273 2798 5299 ,
2831 5247 2937 5288 non
2965 5247 3176 5290 servum
3197 5271 3214 5301 ,
3247 5248 3353 5289 non
3380 5234 3627 5290 ancillam
3649 5276 3665 5301 ,
3697 5250 3812 5291 non

2219 5323 2408 5380 bovem
2429 5365 2445 5392 ,
2472 5339 2576 5379 non
2599 5325 2808 5379 asinum
2831 5367 2848 5392 ,
2869 5332 2925 5382 et
2946 5325 3194 5382 universa
3219 5342 3339 5398 qu:e
3366 5327 3508 5382 illius
3533 5338 3678 5383 sunt.

2293 5417 2360 5472 Et
2407 5419 2527 5474 alibi
2571 5419 2622 5474 in
2670 5420 2846 5474 eodem
2887 5420 3013 5476 libro
3059 5419 3178 5494 [vn]
3229 5439 3242 5476 :
3295 5422 3492 5493 Diliges
3523 5424 3808 5479 Dominum

2220 5511 2387 5566 Deum
2418 5520 2564 5568 tuum
2591 5527 2654 5568 ex
2687 5520 2800 5567 toto
2820 5513 2981 5568 corde
3009 5523 3132 5582 tuo,
3163 5522 3217 5570 et
3245 5530 3311 5570 ex
3337 5524 3444 5570 tota
3465 5518 3638 5572 anima
3677 5526 3768 5574 tua
3787 5558 3805 5585 ,

2221 5611 2276 5658 et
2297 5619 2364 5658 ex
2395 5611 2503 5658 tota
2531 5602 2842 5659 fortitudine
2863 5613 2972 5659 tua.
3006 5605 3074 5660 Et
3099 5607 3254 5676 paulo
3279 5617 3392 5679 post
3416 5624 3436 5663 :
3461 5609 3594 5664 Cum
3621 5624 3808 5666 come-

2221 5693 2366 5750 deris
2391 5705 2445 5750 et
2469 5703 2736 5752 saturatus
2760 5695 2946 5761 fueris,
2975 5711 3106 5754 eave
3129 5698 3407 5768 diligenter
3433 5715 3501 5755 ne
3525 5700 3808 5757 oblivisca-

2220 5789 2294 5844 ris
2333 5787 2578 5856 Domini,
2606 5789 2694 5860 qui
2724 5789 2905 5845 eduxit
2933 5798 2985 5845 te
3012 5789 3080 5846 de
3118 5800 3260 5847 terra
3297 5791 3510 5864 Aigypti
3541 5793 3608 5849 de
3645 5795 3805 5850 domo

2223 5879 2516 5940 servitutis.
2547 5879 2833 5939 Dominum
2857 5880 3026 5940 Deum
3046 5888 3195 5941 tuum
3222 5882 3433 5941 timebis
3451 5923 3468 5954 ,
3491 5893 3546 5942 et
3574 5884 3675 5959 ipsi
3699 5883 3802 5948 soli
