4110 6442
316 360 417 420 B97

316 486 519 530 servies
539 511 556 539 ,
586 484 651 527 ac
690 484 785 542 per
822 483 1020 528 nomen
1044 469 1185 527 illius
1208 467 1434 541 jurabis.
1466 468 1582 525 Non
1614 470 1758 526 ibitis
1784 480 1903 540 post

316 565 445 621 deos
470 565 674 620 alienos
700 572 1014 619 cunctarum
1039 563 1275 634 gentium
1300 577 1419 633 quae
1456 561 1508 617 in
1531 561 1754 617 circuitu
1810 576 1905 617 ve-

317 663 430 711 stro
469 662 594 709 sunt
625 670 638 707 :
670 654 921 724 quoniam
959 653 1102 710 Deus
1129 653 1438 719 aemulator,
1469 651 1724 708 Dominus
1766 651 1908 709 Deus

318 752 440 801 tuus
480 745 532 799 in
559 743 739 799 medio
765 745 874 812 tui;
902 759 972 800 ne
996 743 1207 815 quando
1231 744 1491 801 irascatur
1516 742 1668 798 furor
1695 742 1906 798 Domini

320 835 412 890 Dei
449 835 523 889 tui
550 844 737 891 contra
763 843 850 903 te,
879 844 934 891 et
974 834 1178 891 auferat
1217 841 1271 891 te
1298 836 1366 891 de
1405 833 1686 905 superﬁcie
1724 845 1903 890 terrae.

319 926 433 984 Non
464 928 693 983 tcntabis
715 926 994 983 Dominum
1021 926 1187 982 Deum
1206 934 1376 981 tuum.

391 1016 523 1072 Item
558 1018 711 1088 paulo
741 1027 887 1088 post,
918 1034 1033 1072 cum
1056 1018 1121 1073 de
1145 1017 1441 1090 alienigenis
1465 1016 1689 1088 loquitur
1718 1014 1857 1090 [vn.]
1890 1033 1903 1071 :

318 1108 503 1179 Neque
530 1108 760 1166 sociabis
786 1123 908 1163 cum
938 1109 1016 1165 eis
1040 1108 1304 1179 coniugia;
1334 1108 1494 1163 ﬁliam
1518 1118 1659 1163 tuam
1681 1124 1784 1163 non
1815 1108 1909 1164 da-

320 1201 401 1256 bis
430 1200 540 1256 ﬁlio
573 1201 688 1271 ejus
708 1242 723 1268 ,
751 1216 851 1256 nec
880 1200 1041 1256 ﬁliam
1069 1200 1209 1256 illius
1235 1200 1467 1271 accipies
1491 1200 1601 1257 ﬁlio
1631 1210 1741 1256 tuo.
1771 1201 1906 1269 Quia

318 1292 537 1349 seducet
563 1293 727 1348 ﬁlium
747 1302 894 1349 tuum
916 1309 984 1349 ne
1008 1304 1263 1366 sequatur
1281 1309 1368 1350 me
1388 1337 1404 1363 ,
1434 1303 1488 1351 et
1511 1303 1569 1349 ut
1598 1296 1767 1366 magis
1787 1310 1907 1351 ser-

317 1383 428 1437 viat
450 1382 553 1438 diis
576 1384 764 1440 alienis
784 1402 797 1440 :
817 1385 1182 1456 irasceturque
1208 1386 1356 1441 furor
1380 1386 1611 1452 Domini,
1631 1396 1684 1443 et
1704 1386 1908 1442 delebit

318 1482 371 1529 te
399 1476 523 1530 cito.
552 1476 689 1543 Quin
714 1477 889 1547 potius
909 1476 1024 1533 haec
1046 1477 1250 1533 facietis
1276 1478 1354 1534 eis
1382 1497 1395 1532 :
1423 1493 1545 1534 aras
1565 1494 1750 1534 eorum
1775 1479 1904 1535 sub-

317 1566 543 1636 vertite,
588 1567 906 1641 confringite
943 1578 1177 1637 statuas,
1224 1570 1479 1643 lucosque
1516 1572 1773 1629 succidite
1796 1616 1812 1641 ,
1852 1583 1907 1630 et

316 1660 581 1730 sculptilia
604 1663 921 1719 comburite.
955 1663 1025 1717 Et
1051 1672 1162 1734 post
1192 1664 1603 1738 aliquantulum:
1631 1665 1905 1737 Sculptilia

315 1767 504 1809 eorum
538 1756 659 1826 igne
688 1758 994 1813 combures.
1029 1756 1147 1813 Non
1174 1759 1519 1829 concupisces
1546 1770 1825 1831 argentum
1851 1770 1905 1818 et

314 1858 507 1900 aurum
552 1846 620 1901 de
647 1848 839 1918 quibus
877 1848 1015 1905 facta
1042 1859 1199 1919 sunt,
1245 1866 1418 1922 neque
1445 1867 1686 1908 assumes
1723 1869 1791 1908 ex
1827 1854 1905 1909 eis

297 1936 412 1993 .tibi
436 1937 745 2008 quidquam,
775 1956 844 1995 nc
860 1940 1121 2008 offendas;
1150 1953 1451 2014 propterea,
1483 1946 1604 2012 quia
1630 1945 1905 2001 abomina-

316 2027 390 2082 tio
414 2035 499 2082 est
522 2029 732 2085 Domini
760 2031 854 2086 Dei
879 2034 973 2086 tui.
1004 2032 1113 2088 Nec
1142 2034 1337 2089 inferes
1366 2034 1636 2105 quidpiam
1666 2052 1734 2091 ex
1762 2036 1903 2094 idolo

316 2118 370 2173 in
396 2118 613 2174 domum
636 2129 808 2189 tuam;
840 2139 908 2177 ne
928 2122 1025 2176 ﬁas
1053 2124 1356 2191 anathema,
1385 2125 1522 2180 sicut
1545 2136 1598 2180 et
1618 2127 1745 2181 illud
1775 2136 1855 2183 est
1886 2145 1901 2183 :

313 2210 466 2283 quasi
509 2213 814 2283 spurcitiam
854 2213 1205 2271 detestabcris
1228 2258 1243 2283 ,
1272 2225 1326 2271 et
1350 2217 1494 2272 velut
1535 2218 1905 2289 inquinamen-

314 2309 427 2356 tum
455 2317 519 2359 ac
543 2305 729 2363 sordes
766 2306 1148 2363 abominationi
1186 2308 1436 2377 habebis;
1463 2310 1586 2381 quia
1620 2311 1902 2368 anathema

312 2400 417 2449 est.

384 2483 455 2539 Et
479 2487 581 2542 alio
600 2487 654 2542 in
680 2488 789 2543 loco
816 2488 975 2563 [vm.]
1005 2508 1018 2544 :
1050 2490 1283 2547 Observa
1304 2533 1319 2560 ,
1352 2502 1406 2548 et
1438 2509 1566 2549 cave
1596 2510 1664 2551 ne
1688 2493 1903 2567 quando

311 2576 645 2635 obliviscaris
670 2582 880 2637 Domini
910 2584 1006 2639 Dei
1034 2584 1129 2648 tui,
1154 2592 1208 2640 et
1228 2585 1462 2657 negligas
1485 2587 1733 2642 mandata
1761 2588 1898 2659 ejus,

312 2678 475 2739 atque
497 2670 720 2741 judicia,
758 2682 817 2729 et
852 2676 1184 2731 ceremonias
1203 2716 1218 2742 ,
1247 2691 1378 2746 quas
1405 2692 1505 2748 ego
1530 2678 1781 2750 praecipio
1806 2682 1899 2737 tibi

310 2758 473 2819 hodie
496 2781 510 2816 :
540 2780 607 2819 ne
627 2775 909 2836 postquam
929 2766 1230 2823 comederis
1253 2776 1309 2823 et
1332 2769 1554 2825 satiatus
1574 2770 1741 2827 fueris
1761 2813 1775 2840 ,
1797 2773 1898 2827 do-

309 2868 429 2909 mos
456 2855 705 2926 pulchras
730 2857 1077 2915 aediﬁcaveris
1095 2900 1111 2927 ,
1151 2870 1204 2914 et
1233 2858 1555 2916 habitaveris
1580 2862 1632 2916 in
1662 2862 1773 2927 eis;
1802 2862 1899 2917 ha-

309 2945 596 3018 buerisque
620 2960 862 3007 armenta
890 2960 945 3007 et
971 2953 1156 3007 ovium
1181 2969 1397 3024 greges,
1445 2958 1647 3026 argenti
1689 2965 1744 3011 et
1784 2958 1900 3013 auri

310 3047 730 3112 cunctarumque
758 3058 937 3099 rerum
978 3044 1184 3114 copiam
1205 3086 1221 3112 ,
1257 3045 1492 3102 elevetur
1516 3063 1608 3103 cor
1632 3057 1812 3115 tuum,
1845 3061 1900 3106 et

309 3142 416 3185 non
454 3133 815 3189 reminiscaris
839 3135 1049 3191 Domini
1080 3137 1174 3191 Dei
1207 3136 1301 3190 tui.
1337 3136 1404 3191 Et
1435 3149 1547 3208 post
1566 3156 1755 3209 paucos
1784 3157 1898 3195 ver-

310 3238 397 3277 sus
418 3239 438 3277 .'
461 3223 542 3279 Ad
565 3234 884 3291 extremum,
908 3227 1096 3297 inquit,
1132 3227 1381 3283 misertus
1407 3239 1489 3283 est
1511 3228 1618 3297 tui;
1659 3246 1727 3285 ne
1753 3230 1896 3287 dice-

310 3325 398 3370 res
420 3315 473 3369 in
494 3317 655 3372 corde
680 3327 771 3373 tuo
790 3358 805 3383 ,
835 3319 1113 3374 Fortitudo
1134 3336 1251 3375 mea
1280 3330 1334 3375 et
1358 3321 1520 3376 robur
1543 3338 1733 3379 manus
1762 3342 1897 3382 inea:

312 3404 428 3461 haec
456 3407 585 3462 mihi
612 3409 786 3463 omnia
813 3411 1175 3480 praeStiterunt
1205 3428 1217 3464 :
1248 3411 1343 3467 sed
1365 3413 1665 3471 recorderis
1685 3417 1896 3473 Domini

314 3497 411 3553 Dei
441 3498 546 3566 tui,
573 3500 715 3570 quod
741 3501 854 3570 ipse
885 3502 976 3557 tibi
1002 3503 1143 3559 vires
1165 3502 1470 3573 praebuerit.

382 3588 451 3643 Et
478 3602 588 3659 post
615 3592 933 3661 aliquantum
955 3591 1077 3666 [xu]
1100 3610 1115 3648 :
1137 3594 1207 3648 Ut
1234 3594 1335 3664 ipsi
1361 3596 1653 3651 comedatis
1673 3638 1689 3664 ,
1720 3614 1784 3653 ac
1811 3614 1898 3654 sa-

312 3683 583 3738 turemini.
614 3683 809 3741 Cavete
838 3701 905 3741 ne
933 3686 1069 3742 forte
1099 3687 1395 3756 decipiatur
1417 3703 1511 3744 cor
1542 3698 1814 3756 vestrum,
1844 3701 1899 3748 et

309 3776 572 3833 recedatis
596 3794 627 3833 a
657 3779 884 3834 Domino
916 3781 1027 3837 Deo
1046 3823 1061 3848 ,
1095 3782 1445 3853 serviatisque
1468 3783 1568 3837 diis
1592 3783 1781 3839 alienis
1798 3825 1815 3854 ,
1843 3795 1899 3842 et

310 3865 546 3923 adoretis
569 3871 980 3942 eos;iratusque
1010 3873 1269 3929 Dominus
1296 3873 1507 3929 claudat
1534 3876 1753 3931 caelum.

381 3956 449 4011 Et
469 3970 582 4029 post
604 3963 917 4032 aliquantum
945 3961 1084 4036 [xn.]
1119 3981 1133 4017 ε
1163 3964 1463 4020 Subvertite
1483 3966 1661 4022 omnia
1702 3968 1816 4023 loca
1845 3969 1899 4025 in

309 4052 502 4123 quibus
534 4052 814 4109 coluerunt
838 4064 1022 4124 gentes
1045 4096 1061 4121 ,
1093 4071 1227 4126 quas
1256 4058 1555 4126 possessuri
1576 4060 1706 4113 estis
1724 4100 1740 4127 ,
1768 4061 1907 4137 deos

307 4158 469 4211 suos,
509 4160 669 4215 super
708 4155 919 4201 montes
957 4146 1196 4201 excelsos
1236 4157 1289 4203 et
1324 4147 1521 4217 colles,
1563 4160 1617 4205 et
1654 4151 1838 4206 subter
1878 4152 1895 4185 ¹

309 4252 470 4293 omne
501 4238 701 4308 lignum
743 4236 1076 4293 frondosum.
1107 4238 1372 4309 Dissipate
1413 4255 1535 4295 aras
1578 4257 1798 4311 eorum,
1843 4253 1899 4301 et

307 4328 625 4399 confringite
672 4336 908 4394 statuas;
941 4327 1091 4383 lucos
1126 4328 1249 4398 igne
1298 4331 1630 4398 coniburite,
1673 4344 1726 4388 et
1754 4334 1895 4391 idola

306 4421 650 4476 comminuito
682 4439 697 4475 :
725 4421 1017 4491 disperditc
1055 4421 1270 4477 nomina
1299 4439 1485 4478 eorum
1511 4425 1578 4480 de
1605 4426 1736 4481 locis
1767 4426 1892 4482 illis.

307 4511 378 4567 Et
412 4512 713 4584 quibusdam
744 4513 1050 4582 interpositis
1069 4555 1083 4579 ,
1115 4531 1230 4568 cum
1269 4515 1334 4570 de
1351 4516 1646 4587 alienigenis
1673 4519 1897 4587 loquere-

310 4616 392 4660 tur
417 4619 439 4660 :
466 4604 609 4661 Cave
648 4620 717 4660 ne
743 4604 973 4660 imiteris
1011 4620 1141 4674 eas,
1182 4615 1461 4677 postquam
1494 4618 1545 4662 te
1580 4607 1775 4663 fuerint
1815 4609 1898 4664 in-

306 4704 552 4752 troeunte
596 4696 865 4752 subversae
889 4738 904 4762 ,
945 4704 999 4752 et
1034 4697 1272 4766 requiras
1302 4698 1634 4753 ceremonias
1668 4714 1850 4755 earum
1872 4743 1888 4770 ,

304 4789 523 4855 dicens,
554 4787 702 4845 Sicut
726 4788 1004 4843 coluerunt
1029 4798 1220 4858 gentes
1247 4788 1362 4843 ista:
1392 4788 1521 4844 deos
1548 4804 1674 4843 suos
1694 4829 1710 4857 ,
1742 4790 1811 4845 ita
1842 4803 1895 4847 et

303 4894 403 4948 ego
427 4878 621 4933 colam.
647 4877 765 4934 Non
787 4877 953 4933 facies
976 4878 1223 4934 similiter
1240 4878 1466 4934 Domino
1494 4880 1605 4935 Deo
1634 4891 1741 4935 tuo.
1764 4881 1893 4936 0m-

304 4983 400 5023 nes
443 4970 587 5025 enim
630 4969 1051 5026 abominationes
1104 4985 1236 5041 quas
1277 4980 1557 5026 aversatur
1598 4972 1891 5043 Dominus,

306 5060 546 5117 fecerunt
571 5062 673 5116 diis
693 5063 836 5127 suis,
865 5062 1152 5119 offerentes
1182 5063 1320 5120 ﬁlios
1339 5075 1390 5120 ct
1412 5064 1568 5131 ﬁlias,
1597 5074 1652 5121 et
1668 5066 1892 5121 combu-

304 5162 486 5209 rentes
513 5153 642 5224 igni.
687 5153 840 5220 Quod
882 5154 1131 5224 praecipio
1171 5156 1297 5223 tibi,
1345 5155 1449 5212 hoc
1492 5166 1691 5211 tantum
1734 5158 1894 5215 facito

305 5242 560 5309 Domino;
592 5260 693 5301 nec
711 5244 876 5300 addas
900 5245 1219 5317 quidquam,
1248 5262 1348 5304 nec
1374 5249 1604 5304 minuas.

378 5335 545 5410 [χιιι]
585 5337 643 5393 Si
695 5338 991 5394 surrexerit
1034 5338 1087 5393 in
1136 5339 1313 5395 medio
1348 5341 1425 5395 tui
1451 5341 1771 5411 prOphetes,
1803 5352 1896 5399 aut

305 5428 396 5500 qui
425 5428 692 5484 somnium
722 5428 921 5486 vidisse
948 5444 1008 5486 se
1050 5428 1227 5495 dicat,
1259 5440 1313 5486 et
1340 5432 1643 5500 praedixerit
1685 5434 1894 5503 signum

304 5530 463 5593 atque
509 5531 849 5592 portentum;
901 5533 957 5579 et
994 5525 1232 5580 evenerit
1273 5525 1412 5595 quod
1464 5527 1669 5583 locutus
1696 5538 1810 5595 est,
1843 5540 1897 5586 et

303 5615 502 5670 dixerit
527 5615 641 5677 tibi,
674 5615 874 5671 Eamus
902 5625 958 5673 et
1007 5631 1293 5686 sequamur
1322 5617 1453 5673 deos
1480 5619 1708 5689 alienos,
1760 5640 1896 5692 quos

302 5708 539 5780 ignoras,
564 5716 620 5764 et
641 5710 936 5765 serviamus
955 5710 1064 5776 cis;
1088 5724 1194 5764 non
1217 5709 1401 5765 audias
1426 5712 1587 5769 verba
1617 5715 1895 5793 propheta:

369 5823 389 5861 ³
422 5821 495 5874 sic
514 5827 622 5887 uss.
645 5822 782 5875 iuxta
801 5822 1063 5887 Vulgatam.
1089 5828 1147 5877 At
1167 5821 1305 5890 editi,
1325 5835 1486 5891 super.

1502 407 1513 418 .
1565 357 1657 415 DE
1692 352 2075 416 SCRIPTURA
2112 357 2359 418 SACRA.

2722 270 2749 287 δ

3482 378 3590 438 898

2015 469 2175 539 illius,
2198 481 2289 527 aut
2314 473 2652 533 somniatoris
2679 492 2691 531 :
2723 478 2846 549 quia
2874 487 3045 537 tentat
3074 496 3167 539 vos
3179 483 3436 545 Dominus
3451 491 3593 551 Deus

2011 570 2210 629 vester,
2236 570 2290 617 ut
2316 564 2487 633 palam
2515 564 2607 621 ﬁat
2632 576 2811 625 utrum
2840 569 3068 641 diligatis
3098 588 3240 640 eum,
3278 591 3347 633 an
3377 595 3502 649 non,
3535 583 3593 640 in

2013 658 2124 705 toto
2150 653 2310 709 corde
2347 664 2401 711 et
2430 657 2482 711 in
2510 665 2619 713 tota
2645 660 2822 716 anima
2855 670 3052 719 vestra.
3098 665 3379 725 Dominum
3424 672 3591 731 Deum

2012 752 2246 800 vestrum
2287 749 2592 820 sequimini,
2625 762 2677 807 et
2712 753 2885 823 ipsum
2915 756 3097 813 timete
3131 776 3145 813 :
3176 761 3422 819 mandata
3452 767 3593 826 illius

2011 839 2292 906 custodite,
2319 850 2374 896 et
2395 844 2571 901 audite
2600 860 2787 901 vocem
2811 849 2926 918 ejus
2954 867 2966 903 :
2998 850 3097 920 ipsi
3126 854 3394 927 servietis,
3424 871 3475 915 et
3493 862 3593 933 ipsi

2013 930 2367 991 adhaerebitis.
2392 937 2657 1007 Propheta
2679 949 2854 995 autem
2872 941 2958 997 ille
2978 952 3067 997 aut
3084 942 3238 1001 fictor
3256 930 3589 1011 somniorum

2012 1021 2390 1092 interﬁcietur;
2422 1028 2545 1097 quia
2573 1028 2780 1085 locutus
2809 1040 2911 1102 est,
2935 1041 2994 1088 ut
3031 1048 3127 1089 vos
3146 1049 3412 1097 averteret
3434 1058 3465 1099 a
3486 1044 3592 1101 Do-

2010 1117 2158 1173 mino
2184 1119 2293 1175 Deo
2320 1128 2517 1189 vestro,
2550 1123 2642 1193 qui
2676 1123 2857 1181 eduxit
2880 1143 2976 1185 vos
3003 1130 3070 1188 de
3098 1142 3236 1190 terra
3270 1137 3509 1210 IEgypti,
3537 1152 3592 1197 et

2011 1208 2237 1265 redemit
2261 1210 2328 1266 de
2355 1211 2513 1268 domo
2541 1213 2838 1283 servitutis;
2861 1227 2917 1273 ut
2935 1233 3180 1281 errarete
3200 1208 3399 1285 faceret
3414 1208 3595 1288 devia

2011 1318 2169 1373 quam
2202 1304 2297 1360 tibi
2326 1316 2655 1376 praeceperat
2680 1309 2937 1369 Dominus
2962 1314 3100 1372 Deus
3127 1328 3273 1385 tuus;
3304 1330 3358 1377 et
3384 1322 3595 1381 auferes

2010 1397 2209 1452 malum
2237 1397 2305 1454 de
2332 1399 2509 1455 medio
2540 1400 2635 1456 tui.
2663 1400 2721 1458 Si
2741 1402 2834 1458 tibi
2851 1406 3409 1479 volueritpcrsuadere
3431 1412 3596 1471 frater

2011 1496 2154 1558 tuus,
2188 1490 2327 1547 ﬁlius
2346 1493 2535 1548 matris
2565 1501 2689 1562 tuae,
2724 1504 2816 1551 aut
2840 1496 2981 1555 ﬁlius
3011 1508 3155 1569 tuus,
3198 1504 3280 1558 vel
3322 1505 3451 1573 filia,
3483 1507 3594 1565 sive

2010 1598 2146 1638 uxor
2171 1599 2289 1654 quae
2316 1593 2400 1641 est
2421 1586 2473 1641 in
2504 1587 2624 1642 sinu
2647 1596 2756 1657 tuo,
2779 1598 2871 1644 aut
2897 1592 3096 1650 amicus
3124 1610 3281 1666 quem
3319 1599 3495 1671 diligis
3535 1611 3593 1658 ut

2010 1673 2241 1728 animam
2274 1683 2438 1745 tuam,
2461 1677 2597 1733 clam
2614 1678 2821 1748 dicens,
2854 1680 3054 1740 Eamus
3073 1694 3127 1739 et
3145 1700 3433 1759 sequamur
3460 1692 3593 1750 deos

2009 1765 2240 1835 alienos,
2271 1784 2405 1839 quos
2452 1779 2508 1825 tu
2536 1771 2747 1843 ignoras
2770 1783 2824 1829 et
2852 1785 3028 1846 patres
3077 1779 3174 1848 tui,
3205 1793 3513 1841 cunctarum
3541 1788 3594 1845 in

2009 1860 2232 1914 circuitu
2259 1863 2513 1931 gentium,
2546 1880 2666 1934 quae
2687 1865 2837 1934 juxta
2858 1868 2946 1925 vel
2977 1872 3164 1940 procul
3195 1884 3319 1929 sunt
3347 1876 3417 1931 ab
3443 1878 3594 1935 initio

2009 1964 2179 2021 usque
2196 1951 2262 2005 ad
2280 1951 2411 2007 ﬁnes
2432 1962 2615 2017 terrze;
2638 1968 2743 2011 non
2762 1959 3071 2028 acquiescas
3089 1962 3160 2030 ei,
3185 1980 3358 2036 neque
3380 1969 3585 2041 audias,

2008 2058 2181 2113 neque
2210 2054 2392 2114 parcat
2418 2046 2467 2100 ei
2486 2048 2671 2102 oculus
2700 2058 2841 2117 tuus,
2866 2060 2923 2106 ut
2944 2052 3267 2123 miserearis,
3292 2063 3594 2120 etoccultes

2008 2148 2129 2189 eum
2156 2152 2168 2187 :
2201 2135 2293 2190 sed
2321 2136 2499 2191 statim
2517 2138 2834 2207 interlicies;
2866 2141 2935 2197 sit
2962 2144 3107 2213 prius
3126 2163 3315 2203 manus
3334 2159 3419 2207 tua
3436 2169 3596 2222 super

2009 2240 2160 2291 eum;
2190 2234 2245 2281 et
2270 2235 2392 2295 post
2419 2236 2469 2283 te
2495 2229 2513 2259 ί
2536 2229 2710 2285 omnis
2740 2232 2967 2301 populus
2992 2234 3165 2291 mittat
3190 2254 3403 2295 manum
3426 2260 3438 2295 :
3465 2242 3595 2312 iapi-

2008 2314 2165 2372 dibus
2191 2316 2412 2374 obrutus
2441 2320 2738 2390 necabitur,
2786 2324 2909 2394 quia
2939 2334 2991 2383 te
3019 2326 3184 2383 voluit
3218 2330 3529 2391 abstrahere
3561 2351 3593 2393 a

2006 2408 2235 2466 DOmino
2259 2412 2370 2468 Deo
2392 2422 2502 2469 tuo.

2078 2500 2146 2554 Et
2177 2512 2289 2571 post
2338 2505 2607 2574 paululum
2657 2504 2859 2580 [xm]:
2891 2508 3007 2565 Non
3052 2524 3148 2566 vos
3190 2512 3462 2584 incidetis,
3492 2535 3592 2578 nec

2006 2590 2214 2648 facietis
2252 2594 2522 2651 calvitium
2566 2612 2729 2668 super
2756 2607 3014 2657 mortuo:
3068 2604 3319 2674 quoniam
3365 2611 3591 2681 populus

2005 2694 2219 2739 sanctus
2245 2702 2307 2742 es
2326 2688 2550 2745 Domino
2574 2690 2684 2747 Deo
2706 2700 2815 2747 tuo.

2075 2774 2145 2829 Et
2170 2776 2271 2830 alio
2297 2779 2405 2833 loco
2433 2778 2570 2854 [xv.]
2596 2796 2609 2833 :
2643 2781 2699 2837 Si
2728 2798 2883 2849 unus,
2901 2783 3086 2855 inquit,
3098 2785 3166 2843 de
3183 2787 3435 2847 fratribus
3463 2794 3588 2864 tuis,

1970 2850 1977 2859 1
2004 2865 2093 2933 qui
2117 2875 2354 2921 moratur
2381 2850 2519 2923 intra
2548 2850 2726 2939 portas
2753 2850 2981 2928 civitatis
3020 2850 3147 2941 ιιὶω,
3178 2876 3233 2932 in
3260 2886 3399 2935 terra
3428 2850 3586 2952 quan;

2006 2952 2264 3010 Dominus
2285 2957 2426 3012 Deus
2454 2968 2575 3013 tuus
2597 2959 2820 3015 daturus
2852 2972 2937 3018 est
2981 2963 3093 3032 tibi,
3123 2964 3190 3020 ad
3219 2979 3584 3037 paupertatem

2003 3048 2241 3115 venerit;
2279 3065 2385 3103 non
2415 3050 2703 3108 obdurabis
2726 3068 2819 3109 cor
2838 3062 3007 3121 tuum,
3036 3072 3137 3113 nec
3162 3061 3444 3117 contrahes
3472 3078 3591 3118 ma-

2003 3153 2131 3193 num
2162 3156 2174 3192 :
2203 3139 2295 3195 sed
2325 3140 2532 3209 aperies
2548 3156 2664 3197 eam
2696 3145 2936 3214 pauperi,
2963 3155 3017 3202 et
3041 3147 3193 3204 dabis
3220 3158 3458 3207 mutuum
3484 3168 3592 3224 quo

2003 3244 2124 3283 eum
2156 3229 2393 3299 indigere
2422 3235 2776 3303 perspexeris.
2806 3233 2948 3292 Cave
2975 3252 3043 3293 ne
3064 3237 3202 3296 forte
3218 3242 3467 3314 subrepat
3498 3246 3590 3303 tibi

2002 3318 2164 3388 impia
2206 3321 2476 3390 cogitatio,
2507 3332 2561 3378 et
2584 3324 2733 3380 dicas
2767 3326 2818 3381 in
2844 3327 3005 3383 corde
3035 3336 3147 3397 tuo,
3186 3332 3591 3405 Appropinquat

2002 3409 2260 3479 septimus
2284 3425 2455 3465 annus
2485 3413 2843 3481 remissionis;
2874 3426 2927 3471 et
2966 3428 3176 3475 avertas
3203 3423 3387 3478 oculos
3404 3440 3436 3480 a
3455 3441 3590 3497 pau-

2002 3515 2130 3569 pere
2151 3499 2317 3558 fratre
2346 3511 2454 3571 tuo,
2479 3505 2667 3561 nolens
2695 3506 2745 3563 ei
2765 3508 2903 3577 quod
2926 3511 3159 3578 postulat
3181 3524 3418 3571 mutuum
3445 3533 3591 3575 com-

2001 3591 2253 3659 modare;
2286 3609 2355 3648 ne
2384 3595 2579 3652 clamet
2603 3607 2788 3652 contra
2811 3607 2861 3653 te
2885 3599 2953 3654 ad
2980 3601 3286 3672 Dominum,
3311 3615 3365 3661 et
3390 3606 3590 3666 ﬁattibi

2002 3684 2057 3738 in
2084 3693 2358 3754 peccatum
2386 3705 2399 3740 :
2429 3687 2522 3742 sed
2550 3688 2702 3744 dabis
2729 3690 2815 3755 ei;
2843 3706 2942 3746 nec
2962 3707 3088 3763 ages
3102 3695 3374 3767 quidpiam
3401 3700 3590 3758 callide

2001 3776 2059 3831 in
2086 3775 2204 3845 ejus
2232 3778 2639 3836 necessitatibus
2681 3781 3022 3839 sublevandis
3054 3802 3069 3840 :
3102 3794 3160 3841 ut
3187 3786 3467 3846 benedicat
3494 3792 3589 3848 tibi

2003 3868 2261 3923 Dominus
2276 3869 2425 3925 Deus
2450 3879 2570 3926 tuus
2596 3872 2648 3926 in
2677 3874 2824 3929 omni
2854 3883 3113 3945 tempore,
3134 3887 3187 3934 et
3216 3880 3269 3935 in
3300 3885 3507 3939 cunctis
3522 3883 3591 3941 ad

2002 3975 2122 4029 quae
2146 3976 2365 4015 manum
2395 3962 2625 4019 miseris.
2656 3963 2774 4020 Non
2803 3965 3031 4045 deerunt
3061 3984 3322 4040 pauperes
3364 3974 3417 4029 in
3452 3983 3592 4032 terra

2003 4051 2346 4109 habitationis
2369 4064 2469 4112 tuae
2497 4073 2509 4110 :
2552 4056 2749 4113 idcirco
2779 4074 2877 4131 ego
2905 4062 3156 4133 praccipio
3182 4067 3275 4122 tibi
3310 4070 3592 4138 utaperias

2002 4161 2218 4203 manum
2247 4146 2397 4202 fratri
2420 4156 2510 4203 tuo
2526 4164 2693 4219 egeno
2711 4160 2767 4206 et
2786 4154 3024 4223 pauperi,
3038 4155 3129 4224 qui
3156 4164 3328 4213 tecum
3352 4170 3593 4219 versatur

2001 4235 2055 4291 in
2083 4246 2243 4292 terra.

2073 4327 2142 4381 Et
2167 4338 2280 4398 post
2299 4328 2612 4399 aliquantum
2626 4330 2782 4404 [xvt.]
2809 4350 2823 4386 :
2850 4333 3061 4390 Judices
3087 4345 3141 4391 et
3162 4338 3442 4407 magistros
3470 4356 3590 4398 con-

2000 4422 2189 4477 stitues
2218 4422 2272 4476 in
2302 4424 2550 4479 omnibus
2576 4425 2746 4494 portis
2775 4425 2876 4480 tuis
2896 4467 2911 4494 ,
2958 4442 3093 4497 quas
3145 4429 3397 4487 Dominus
3448 4434 3591 4491 Deus

2001 4520 2124 4566 tuus
2152 4512 2361 4568 dederit
2394 4514 2622 4584 tibi,per
2650 4515 2885 4586 singulas
2916 4517 3085 4573 tribus
3114 4527 3253 4588 tuas,
3271 4530 3332 4576 ut
3349 4522 3592 4593 judicent

2000 4604 2253 4672 populum
2299 4603 2445 4673 justo
2476 4604 2677 4673 judicio
2712 4624 2724 4660 :
2756 4623 2858 4663 nec
2893 4610 2948 4663 in
2979 4610 3205 4666 alteram
3246 4624 3453 4683 partem
3491 4615 3590 4673 de-

1999 4692 2215 4747 clinent.
2237 4692 2353 4748 Non
2385 4694 2616 4764 accipias
2658 4711 2968 4767 personam,
3015 4716 3114 4758 nec
3163 4719 3419 4772 munera;
3467 4707 3591 4779 quia

2001 4799 2223 4838 munera
2250 4796 2523 4841 excaecant
2551 4787 2733 4842 oculos
2753 4789 3097 4860 sapientium,
3130 4804 3183 4849 et
3200 4804 3407 4851 mutant
3430 4797 3589 4853 verba

1994 4875 2281 4945 justorum.
2306 4876 2457 4932 Juste
2471 4878 2613 4947 quod
2636 4878 2838 4949 justum
2856 4892 2937 4937 est
2963 4886 3316 4954 persequeris,
3341 4896 3398 4941 ut
3421 4887 3586 4953 vivas,

2000 4978 2052 5023 ct
2077 4968 2353 5038 possideas
2380 4979 2577 5025 terram
2605 4987 2765 5042 quam
2800 4972 3060 5031 Dominus
3090 4976 3230 5032 Deus
3274 4986 3395 5034 tuus
3425 4979 3588 5037 dede-

2000 5060 2067 5115 rit
2098 5060 2209 5116 tibi.
2226 5060 2294 5114 Et
2316 5071 2429 5133 post
2462 5080 2659 5132 pauca:
2677 5063 2793 5119 Non
2808 5064 2971 5122 facies
2987 5068 3102 5134 tibi,
3124 5083 3284 5140 atque
3300 5071 3590 5128 constitues

1998 5164 2250 5223 statuam,
2284 5173 2404 5227 quae
2433 5158 2545 5213 odit
2571 5158 2827 5215 Dominus
2848 5160 2987 5216 Deus
3016 5171 3160 5241 tuus.

2070 5250 2204 5306 Item
2230 5261 2339 5323 post
2369 5268 2533 5323 pauca
2562 5251 2747 5327 [xvn.]
2780 5270 2795 5307 :
2826 5254 2957 5309 Cum
3004 5257 3202 5325 reperti
3232 5256 3426 5314 fuerint
3450 5259 3589 5329 apud

2003 5352 2056 5399 te
2084 5345 2221 5399 intra
2253 5360 2411 5399 unam
2438 5351 2711 5414 portarum
2739 5353 2971 5413 tuarum,
2999 5362 3131 5419 quas
3172 5348 3423 5406 Dominus
3448 5351 3588 5407 Deus

2004 5448 2123 5493 tuus
2149 5437 2295 5492 dabit
2323 5436 2437 5502 tibi,
2489 5436 2573 5490 vir
2599 5446 2689 5490 aut
2718 5436 2928 5501 mulier,
2962 5438 3052 5506 qui
3084 5437 3281 5494 faciant
3309 5442 3503 5496 malum
3529 5443 3586 5499 in

2003 5540 2290 5600 conspectu
2316 5529 2527 5583 Domini
2550 5529 2644 5584 Dei
2673 5530 2777 5595 tui,
2810 5540 2865 5585 et
2891 5532 3347 5603 transgrediantur
3376 5548 3586 5607 pactum

2001 5626 2162 5691 illius,
2195 5633 2253 5677 ut
2279 5621 2493 5689 vadant,
2525 5632 2579 5678 et
2608 5623 2840 5678 serviant
2873 5623 2975 5678 diis
3029 5624 3237 5693 alienis,
3270 5638 3325 5683 et
3366 5629 3589 5687 adorent

2002 5734 2096 5775 eos
2119 5758 2135 5785 ,
2188 5716 2354 5770 solem
2382 5722 2436 5768 et
2466 5714 2645 5768 lunam
2675 5724 2728 5769 et
2771 5730 2984 5770 omnem
3016 5717 3260 5775 militiam
3289 5721 3433 5792 coeli,
3466 5738 3587 5794 qua

2069 5836 2086 5863 ι
2112 5837 2163 5880 ιιι
2184 5828 2341 5879 latinis
2362 5828 2750 5892 castigatioribus
2770 5825 2947 5894 Bibliis,
2971 5834 3015 5880 et
