4110 6462
545 549 651 591 non
671 530 931 607 praecepi;
959 535 1015 587 et
1038 526 1141 584 hoc
1168 520 1264 585 tibi
1283 520 1441 579 fuerit
1461 519 1781 588 nuntiatum,
1801 517 2128 590 audiensque

543 623 849 699 inquisieris
873 621 1185 695 diligenter,
1232 625 1289 673 et
1332 629 1516 671 verum
1567 626 1687 668 esse
1725 610 1991 681 repereris
2008 650 2024 676 ,
2074 616 2130 664 et

545 717 872 777 abominatio
895 713 1035 769 facta
1062 720 1147 775 est
1171 710 1225 767 in
1253 706 1455 765 Israel:
1482 704 1677 763 educes
1701 703 1874 760 virum
1898 718 1962 758 ac
2004 717 2126 756 mu-

542 810 752 873 liorem,
782 806 873 880 qui
896 820 1012 861 rem
1038 797 1505 859 sceleratissimam
1542 803 1981 873 perpetraverunt
2000 837 2016 862 ,
2059 793 2130 850 ad

544 909 725 975 portas
744 897 970 955 civitatis
1000 904 1125 963 tum,
1152 902 1209 949 et
1251 891 1517 965 lapidibus
1561 889 1875 947 obruentur.
1928 887 1987 943 In
2030 901 2129 943 ore

545 993 776 1051 duorum
808 998 898 1045 aut
939 986 1102 1043 trium
1140 985 1357 1042 testium
1384 982 1599 1056 peribit,
1638 982 1732 1056 qui
1759 980 2125 1037 interﬁcietur.

542 1082 713 1139 Nemo
741 1079 1012 1137 occidatur
1049 1091 1157 1135 uno
1191 1084 1377 1132 contra
1406 1088 1465 1130 se
1505 1073 1716 1129 dicente
1742 1071 2124 1128 testimonium.

540 1176 725 1233 Manus
753 1172 966 1229 testium
996 1170 1168 1240 prima
1213 1165 1495 1224 interﬁciat
1520 1180 1665 1232 eum,
1706 1172 1762 1221 et
1785 1179 1975 1219 manus
2000 1162 2128 1218 reli-

540 1269 629 1341 qui
669 1265 847 1339 populi
883 1272 1119 1320 extrcma
1162 1262 1435 1327 mittatur;
1481 1268 1539 1315 ut
1578 1258 1791 1315 auferas
1834 1258 2031 1315 malum
2059 1256 2127 1313 de

540 1363 718 1420 medio
770 1361 866 1416 tui.
897 1358 1030 1414 IIem
1058 1367 1171 1431 post
1213 1357 1527 1429 aliquantum
1564 1353 1705 1423 :Qui
1734 1360 1911 1409 autem
1941 1366 2126 1423 super-

536 1454 696 1512 bierit
722 1452 909 1509 nolens
937 1449 1159 1505 obedire
1185 1447 1475 1505 sacerdotis
1511 1444 1755 1517 imperio,
1781 1442 1872 1517 qui
1895 1455 1960 1498 eo
1986 1449 2126 1496 tem-

540 1561 672 1619 pore
703 1544 967 1601 ministrat
987 1540 1216 1597 Domino
1238 1540 1354 1594 Deo
1384 1544 1495 1604 tuo,
1524 1543 1579 1591 et
1605 1535 1823 1591 decreto
1867 1532 2123 1604 ‘judicis;

540 1636 800 1695 moriatur
818 1635 981 1691 homo
997 1633 1089 1689 ille
1118 1648 1133 1686 :
1160 1637 1216 1688 et
1236 1629 1444 1691 auferes
1460 1627 1658 1685 malum
1680 1626 1747 1682 de
1771 1625 1931 1681 Israel
1956 1643 1970 1691 ;
1997 1640 2123 1680 cun-

538 1738 762 1800 ctusque
788 1725 1016 1798 populus
1040 1722 1266 1779 audiens
1303 1718 1531 1788 timebit,
1581 1726 1641 1774 ut
1668 1717 1846 1773 nullus
1875 1715 2125 1791 deinceps

537 1821 858 1877 intumescat
886 1815 1156 1887 superbia.

606 1910 673 1966 Et
700 1918 812 1981 post
839 1906 1069 1979 quaedam
1097 1903 1411 1976 interposita,
1461 1918 1575 1957 eum
1616 1902 1679 1956 de
1714 1900 2005 1974 alienigenis
2032 1900 2125 1954 ad-

536 2012 756 2060 moneret
782 1999 984 2077 [πῖναι]
1017 2017 1030 2053 :
1061 1997 1224 2065 Cave,
1254 1997 1520 2068 inquit,ne
1540 1994 1735 2051 imitari
1760 1995 1892 2051 velis
1921 1994 2125 2050 abomi-

537 2095 779 2151 nationes
802 2092 1012 2148 illarum
1052 2088 1311 2160 gentium.
1365 2086 1473 2143 Nec
1502 2086 1806 2141 inveniatur
1849 2085 1903 2140 in
1930 2093 2003 2152 te,
2032 2086 2123 2156 qui

536 2189 726 2245 lustret
749 2186 911 2242 lilium
943 2199 1096 2240 suum
1135 2191 1227 2237 aut
1259 2181 1420 2236 ﬁliam
1449 2181 1652 2236 ducens
1680 2194 1776 2251 per
1804 2179 2003 2251 ignem,
2034 2186 2125 2233 aut

537 2279 627 2352 qui
671 2278 904 2335 hariolos
961 2276 1280 2340 sciscitetur,
1320 2282 1375 2330 et
1418 2272 1672 2329 observet
1719 2272 1923 2331 somnia
1964 2282 2124 2344 atque

536 2370 783 2442 auguria;
809 2383 910 2425 nec
924 2369 991 2422 sit
1020 2366 1314 2433 maleﬁcus,
1345 2380 1444 2419 nec
1469 2364 1785 2428 incantator,
1814 2378 1988 2434 neque
2014 2379 2113 2436 py-

536 2461 729 2516 thones
751 2458 1000 2514 consulas
1026 2471 1125 2512 nec
1144 2456 1372 2521 divinos,
1394 2460 1450 2509 et
1463 2468 1671 2524 quaeras
1694 2468 1725 2508 a
1751 2453 1975 2509 mortuis
1993 2453 2125 2508 veri-

534 2563 719 2610 tatem.
746 2552 934 2614 Omnia
963 2549 1104 2606 enim
1134 2547 1250 2603 haec
1276 2547 1611 2602 abominatur
1634 2546 1912 2603 Dominus.

610 2644 677 2699 Et
696 2651 807 2715 post
834 2643 1148 2711 aliquantum
1174 2636 1337 2711 [xm]
1371 2656 1383 2691 :
1437 2636 1552 2691 Non
1582 2637 1743 2691 stabit
1790 2636 1941 2692 testis
1984 2649 2122 2691 unus

533 2745 722 2794 contra
768 2735 1021 2804 aliquem,
1063 2729 1316 2802 quidquid
1359 2728 1487 2785 illud
1537 2729 1742 2799 peccati
1772 2736 1826 2784 et
1871 2727 2122 2787 facinoris

532 2827 728 2885 fuerit:
763 2824 857 2881 sed
904 2824 960 2878 in
1011 2835 1107 2877 ore
1136 2820 1360 2876 duorum
1390 2828 1480 2873 aut
1509 2822 1668 2874 trium
1718 2820 1933 2875 testium
1962 2818 2123 2873 stabit

540 2932 700 2975 omne
724 2915 967 2972 verbum.
996 2912 1054 2969 Si
1084 2911 1286 2967 steterit
1314 2912 1464 2966 testis
1490 2910 1716 2965 mendax
1740 2918 1923 2965 contra
1942 2906 2121 2963 homi-

532 3024 679 3074 nem,
728 3019 982 3061 accusans
1010 3018 1132 3058 eum
1165 2999 1650 3073 praevaricationis;
1677 3000 1896 3054 stabunt
1938 2999 2118 3067 ambo,

533 3112 761 3170 quorum
790 3110 947 3151 causa
974 3102 1075 3160 est,
1104 3100 1228 3148 ante
1244 3092 1530 3146 Dominum
1554 3091 1606 3145 in
1627 3098 1921 3160 conspectu
1938 3103 2120 3144 sacer-

546 3188 736 3249 dotum
766 3193 821 3244 et
842 3183 1205 3255 judicum,qui
1231 3180 1425 3237 fuerint
1452 3181 1504 3235 in
1534 3179 1719 3235 diebus
1744 3179 2121 3249 illiszcumque

530 3278 936 3352 diligentissime
962 3282 1358 3348 perscrutantes
1380 3273 1679 3328 invenerint
1697 3270 1890 3327 falsum
1922 3278 2118 3325 testem

529 3370 730 3429 dixisse
752 3378 941 3427 contra
981 3366 1204 3422 fratrem
1228 3379 1382 3423 suum
1409 3363 1782 3428 mendacium;
1817 3360 2045 3417 reddent
2070 3363 2120 3417 ei

530 3458 669 3519 sicut
697 3459 846 3516 fratri
874 3472 971 3514 suo
998 3455 1225 3512 reddere
1258 3453 1538 3526 cogitavit;
1579 3460 1633 3509 et
1678 3450 1892 3508 auferes
1920 3452 2118 3507 malum

531 3554 601 3613 de
626 3554 804 3612 medio
832 3552 948 3609 tui:
977 3558 1037 3606 ut
1063 3547 1337 3604 audientes
1364 3546 1543 3603 caateri
1586 3548 1829 3601 timorem
1866 3544 2116 3612 habeant,

530 3655 587 3704 et
613 3659 946 3718 nequaquam
973 3641 1099 3697 talia
1128 3638 1360 3695 audeant
1388 3638 1584 3693 facere.
1619 3635 1740 3692 Non
1779 3635 2120 3691 misereberis

530 3738 682 3811 ejus;
725 3735 821 3795 sed
862 3733 1094 3789 animam
1128 3745 1226 3802 pro
1272 3729 1446 3784 anima
1471 3769 1488 3796 ,
1538 3727 1749 3783 oculum
1780 3740 1877 3797 pro
1928 3726 2116 3791 oculo,

531 3828 747 3886 dentem
775 3840 871 3898 pro
895 3823 1076 3891 dente,
1090 3834 1307 3883 manum
1330 3832 1430 3895 pro
1454 3832 1637 3887 manu,
1661 3817 1851 3889 pedem
1866 3830 1965 3889 pro
1982 3814 2120 3887 pede

529 3919 731 3989 exiges.

603 4008 673 4064 Et
718 4007 842 4063 alibi
866 4006 921 4061 in
950 4004 1123 4061 eodem
1152 4003 1279 4058 libro
1327 4000 1535 4076 [111.]:
1566 4000 1625 4058 Si
1670 4000 1915 4073 genuerit
1954 4000 2119 4057 homo

532 4101 698 4160 tilium
719 4109 1086 4155 contumacem
1108 4105 1161 4153 et
1180 4105 1506 4167 protervum,
1521 4094 1611 4166 qui
1626 4110 1736 4150 non
1759 4092 1937 4149 audiat
1954 4094 2117 4164 patris

529 4209 593 4251 ac
618 4194 804 4249 matris
824 4189 1124 4262 imperium,
1159 4196 1213 4245 et
1232 4187 1493 4244 coercitus
1518 4186 1739 4243 obedire
1767 4197 2113 4256 contempse-

530 4287 632 4351 rit;
664 4282 1067 4358 apprehendent
1091 4297 1235 4348 eum,
1264 4289 1320 4336 et
1341 4280 1607 4337 deducent
1628 4279 1695 4335 ad
1718 4280 1959 4336 seniores
1982 4278 2116 4335 civi-

454 4410 461 4415 -
529 4379 654 4434 tatis
675 4376 852 4443 illius,
896 4381 953 4430 et
994 4373 1061 4428 ad
1112 4380 1320 4443 portam
1343 4370 1551 4442 judicii,
1581 4369 1870 4441 dicentque
1902 4370 1969 4425 ad
1999 4384 2137 4437 eos,

520 4464 698 4525 Filius
726 4472 909 4521 noster
936 4465 1035 4519 iste
1062 4471 1343 4534 protervus
1371 4469 1425 4517 et
1454 4469 1739 4516 contumax
1771 4469 1872 4529 est,
1915 4462 2116 4517 monita

530 4566 714 4616 nostra
752 4556 939 4611 audire
962 4555 1300 4624 contempsit,
1343 4553 1821 4608 comessationibus
1864 4562 2015 4608 vacat
2062 4562 2118 4609 et

526 4647 752 4709 luxuriae
778 4657 936 4721 atque
954 4646 1209 4705 conviviis
1232 4664 1245 4701 :
1268 4645 1528 4715 lapidibus
1543 4660 1665 4702 eum
1685 4645 1876 4702 obruet
1890 4645 2115 4716 populus

528 4742 781 4810 civitatis,
807 4746 861 4797 et
886 4739 1175 4805 morietur;
1204 4745 1262 4793 ut
1300 4736 1554 4793 auferatis
1592 4738 1796 4793 malum
1834 4736 1900 4793 de
1938 4736 2115 4793 medio

526 4834 712 4901 vestri,
730 4841 785 4889 et
808 4832 1089 4888 universus
1117 4828 1279 4885 Israel
1299 4827 1519 4885 audiens
1537 4828 1898 4900 pertimescat.

606 4924 672 4981 Et
688 4932 800 4998 post
812 4939 976 4997 pauca
996 4918 1215 5001 [um]:
1242 4918 1360 4975 Non
1388 4919 1592 4977 videbis
1618 4919 1807 4976 bovem
1836 4918 2017 4975 fratris
2038 4922 2115 4977 tui

426 5080 431 5085 ,
528 5029 623 5076 aut
644 5033 800 5074 ovem
820 5020 1122 5084 errantem,
1151 5021 1207 5070 et
1234 5012 1560 5085 praeteribis;
1608 5012 1704 5069 sed
1733 5014 1956 5071 reduces
2004 5012 2115 5069 fra-

527 5114 598 5171 tri
632 5120 722 5169 tuo
751 5130 767 5167 :
796 5110 1006 5167 etiamsi
1050 5123 1162 5164 non
1187 5116 1267 5165 est
1296 5109 1619 5180 pmpinquus
1650 5116 1770 5163 tuus
1799 5105 1982 5176 frater,
2015 5122 2115 5164 nec

526 5205 673 5265 nosti
726 5218 891 5271 eum,
925 5201 1089 5257 duces
1127 5200 1181 5256 in
1211 5200 1427 5255 domum
1466 5206 1639 5264 tuam,
1680 5205 1735 5254 et
1776 5208 1931 5255 erunt
1975 5198 2115 5273 apud

526 5305 584 5355 te
606 5294 863 5370 quamdiu
891 5301 1092 5366 qumrat
1120 5307 1183 5349 ea
1204 5292 1370 5347 frater
1399 5300 1551 5357 tuus;
1581 5298 1637 5348 et
1660 5292 1904 5363 recipiat.
1956 5292 2115 5349 Simi-

528 5389 654 5446 liter
675 5387 837 5444 lacies
864 5386 931 5443 de
956 5387 1106 5443 asino
1126 5393 1182 5441 et
1210 5385 1542 5451 vestimento,
1574 5384 1723 5441 etde
1747 5386 1889 5441 omni
1921 5401 1981 5443 re
2006 5386 2115 5441 fra-

592 5543 611 5579 ¹
636 5550 785 5605 ωσι,
838 5555 905 5596 ea:
954 5542 1150 5594 decreto
1192 5553 1212 5593 :
1255 5543 1329 5594 uti
1377 5541 1493 5593 olim
1528 5544 1816 5607 quibusdam
1868 5547 1919 5595 in
1953 5546 2117 5600 Bibh'is

517 5606 804 5716 legebatur.
830 5613 887 5657 Αι
928 5613 1027 5657 Am.
1058 5612 1132 5655 Er.
1174 5614 1225 5657 et
1257 5615 1381 5669 uss,
1419 5612 1466 5659 ct
1502 5606 1691 5658 decreto
1721 5621 1739 5659 :
1776 5608 2111 5674 subintelligc,

517 5672 592 5716 no
611 5681 700 5716 ens
721 5668 951 5716 obedire:
976 5680 1086 5716 nam
1126 5668 1355 5716 hehrreus
1378 5675 1545 5716 textus
1579 5672 1647 5716 sic
1683 5669 1789 5716 fere
1828 5678 1965 5716 sonat.
1991 5685 2002 5716 :
2030 5673 2117 5716 (mi

516 5668 700 5718 nolens
721 5668 951 5719 obedire'
976 5680 1086 5716 nam
1126 5668 1355 5718 hehrreus
1378 5675 1545 5720 textus
1579 5672 1647 5719 sic
1683 5669 1789 5719 fere
1828 5678 1965 5721 sonat
1991 5685 2002 5721 :
2028 5668 2118 5734 Emi

516 5731 695 5795 Mra
710 5730 767 5795 et
785 5706 1097 5795 σφω-δείξω
1118 5743 1215 5780 non
1235 5732 1532 5782 audiendum
1556 5730 1623 5780 ad
1642 5732 2019 5783 sacerdotem...
2044 5736 2118 5786 vel

516 5731 695 5799 Mra
710 5730 767 5782 tu
785 5730 1097 5795 cupa-trium!
1118 5743 1215 5780 non
1235 5732 1532 5782 audierataut
1556 5730 1623 5780 ad
1642 5732 2019 5783 sacerdotem...
2042 5730 2117 5786 uel

527 5804 594 5844 aa
606 5792 854 5865 judicent,
897 5792 1142 5866 morietur,
1180 5802 1274 5844 etc.
1302 5802 1356 5846 At
1377 5808 1523 5861 graec.
1550 5799 1677 5861 LXX,
1710 5800 1761 5846 ut
1788 5808 1884 5855 non
1927 5796 2117 5853 obediat

893 5854 1158 5919 vetjuttt’a,
1198 5862 1291 5908 etc.
1398 5866 1403 5873 '

893 5867 1158 5919 venusta,
1198 5867 1291 5908 etc.

1721 402 1778 460 S.
1820 394 2191 458 AUGUSTI!“
2221 397 2585 463 SPECULUM
2621 418 2631 429 ’

2239 523 2333 576 tris
2366 523 2441 578 tui
2483 541 2600 598 quae
2627 527 2846 599 perierit
2873 546 2887 585 :
2914 528 2967 585 si
3002 529 3268 588 inveneris
3304 546 3446 601 eam,
3482 546 3550 589 ne
3582 532 3813 607 negligas

2232 616 2381 687 quasi
2397 616 2644 674 alienam.
2678 619 2741 689 Si
2759 620 2960 678 vlderis
2988 623 3195 683 asinum
3212 623 3391 680 fratris
3410 625 3591 682 tuiaut
3617 625 3810 682 bovem

2231 706 2490 765 cecidisse
2520 710 2573 766 in
2594 711 2697 781 via,
2717 728 2823 768 non
2846 712 3126 789 despicies,
3149 715 3244 771 sed
3259 715 3562 773 sublevabis
3577 732 3701 774 cum
3722 732 3809 779 eo.

2231 796 2350 854 Non
2380 800 2626 859 induetur
2666 803 2855 863 mulier
2883 816 3033 865 veste
3061 807 3334 877 virili,nec
3360 805 3443 863 vir
3468 815 3647 863 utetur
3665 817 3815 869 veste

2233 889 2459 949 feminea
2494 913 2507 949 :
2537 895 2905 967 abominabilis
2930 900 3073 963 enim
3097 899 3241 973 apud
3282 900 3569 958 Dominum
3606 912 3691 960 est
3718 905 3810 976 qui

2230 985 2359 1049 facit
2382 987 2517 1047 lucc.
2547 989 2678 1049 Item
2700 1000 2817 1063 post
2838 1008 3008 1063 pauca
3034 1008 3055 1050 :
3080 992 3214 1051 Cum
3233 992 3578 1052 aediﬁcaveris
3596 994 3818 1053 domum

2233 1093 2446 1148 novam,
2472 1080 2633 1139 facies
2659 1099 2870 1143 murum
2894 1086 3019 1151 tecti
3032 1101 3131 1165 per
3147 1087 3461 1154 circuitum;
3480 1103 3547 1145 ne
3574 1087 3818 1147 effundar

2231 1178 2319 1226 tur
2344 1173 2559 1247 sanguis
2586 1171 2649 1231 iu'
2667 1174 2826 1231 domo
2856 1183 2965 1245 tua,
2992 1186 3053 1235 et
3074 1178 3149 1235 sis
3173 1194 3297 1239 reus
3320 1179 3530 1238 labente
3552 1179 3659 1235 alio
3674 1189 3733 1237 et
3757 1181 3813 1243 in

2230 1277 2469 1339 prteceps
2500 1274 2708 1325 ruente.
2737 1264 2871 1322 Item
2900 1266 3060 1338 paulo
3086 1278 3199 1343 post
3222 1286 3241 1325 :
3259 1269 3316 1327 Si
3339 1269 3551 1327 duxerit
3575 1272 3657 1327 vir
3682 1285 3818 1329 uxo-

2230 1370 2364 1421 rem,
2410 1364 2463 1413 et
2502 1365 2683 1427 postea
2708 1374 2827 1419 eam
2854 1357 2978 1414 odio
3002 1358 3276 1428 habuerit;
3303 1361 3684 1437 quaesierith
3725 1376 3820 1421 oc-

2230 1447 2471 1502 casiones
2494 1449 2686 1519 quibus
2706 1448 2938 1506 dimittat
2955 1466 3095 1519 eam,
3124 1452 3382 1524 objiciens
3402 1454 3454 1509 ei
3478 1469 3672 1511 nomen
3694 1469 3821 1526 pes-

2230 1536 2442 1607 simum,
2465 1546 2521 1594 et
2544 1539 2754 1609 dixerit,
2783 1538 3015 1598 Uxorem
3047 1540 3185 1598 hanc
3222 1544 3433 1617 accepi,
3459 1552 3517 1599 et
3543 1544 3823 1618 ingressus

2230 1626 2298 1683 ad
2321 1642 2438 1683 eam
2463 1645 2570 1685 non
2609 1630 2790 1685 inveni
2829 1630 3088 1703 virginem
3119 1650 3132 1686 :
3166 1632 3357 1689 tollent
3407 1649 3527 1689 eam
3573 1644 3727 1705 pater
3763 1642 3821 1695 et

2226 1728 2401 1776 mater
2426 1720 2561 1792 ejus,
2602 1731 2657 1777 et
2687 1720 2858 1777 ferent
2882 1737 3062 1779 secum
3088 1724 3241 1794 signa
3260 1723 3581 1797 virginitatis
3598 1726 3719 1797 ejus
3745 1722 3819 1799 ad

2230 1809 2468 1865 seniores
2499 1810 2662 1878 urbis,
2697 1813 2788 1884 qui
2814 1812 2867 1866 in
2902 1820 3052 1882 porta
3081 1821 3234 1880 sunt;
3260 1821 3315 1869 et
3338 1812 3481 1870 dicet
3517 1824 3690 1887 pater,
3722 1813 3819 1870 Fi-

2230 1898 2354 1953 liam
2394 1916 2565 1955 mcam
2596 1901 2718 1957 dedi
2762 1901 2887 1958 huic
2923 1917 3168 1969 uxorem,
3202 1918 3364 1976 quam
3396 1904 3519 1977 quia
3551 1904 3686 1973 odit,
3714 1905 3820 1965 imo

2228 1992 2377 2063 ponit
2400 1993 2448 2047 ei
2480 2009 2669 2049 nomen
2700 1994 3009 2066 pessimum,
3037 2003 3096 2051 ut
3123 1994 3284 2063 dicat,
3300 1995 3419 2052 Non
3442 1995 3620 2053 inveni
3645 1995 3820 2051 tiliam

2231 2092 2373 2139 tuam
2402 2084 2657 2157 virginem
2690 2103 2703 2140 :
2730 2097 2787 2142 et
2813 2102 2939 2143 ecce
2970 2086 3085 2143 h:cc
3121 2094 3248 2144 sunt
3285 2090 3437 2161 signa
3489 2087 3819 2160 virginitatis

2229 2174 2353 2230 tiliae
2380 2191 2533 2230 mete.
2562 2176 2878 2248 Expandent
2897 2178 3271 2234 vestimentum
3291 2192 3473 2235 coram
3512 2178 3820 2235 senioribus

2231 2265 2460 2321 civitatis
2490 2285 2504 2321 :
2532 2267 3036 2339 apprehendentque
3072 2283 3227 2325 senes
3256 2269 3402 2324 urbis
3430 2267 3573 2324 illius
3614 2269 3819 2341 virum,

2228 2366 2281 2413 et
2300 2357 2654 2414 verberabunt
2677 2359 2827 2415 illum
2852 2377 2867 2427 ;
2900 2361 3318 2416 condemnantes
3347 2360 3567 2431 insuper
3595 2369 3819 2415 centum

2227 2449 2372 2505 siclis
2392 2452 2617 2523 argenti,
2646 2467 2782 2524 quos
2810 2453 2955 2508 dabit
2979 2454 3113 2524 patri
3138 2454 3357 2527 puellae;
3379 2453 3635 2526 quoniam
3655 2453 3821 2509 dill‘a-

2227 2542 2390 2597 mavit
2414 2556 2608 2597 nomen
2628 2542 2922 2613 pessimum
2943 2559 3102 2615 super
3117 2544 3375 2614 virginem
3405 2543 3571 2603 Israel
3602 2562 3615 2599 :
3648 2544 3826 2602 habe-

2226 2634 2407 2705 bitque
2437 2649 2553 2690 eam
2592 2650 2812 2690 uxorem
2837 2677 2852 2702 ,
2891 2643 3076 2692 etnon
3120 2638 3313 2709 poterit
3352 2635 3623 2694 dimittere
3669 2637 3826 2692 omni

2227 2733 2468 2795 tempore
2499 2725 2619 2780 vita:
2648 2741 2779 2781 sum.
2802 2725 2952 2797 Quod
2975 2727 3017 2785 si
3050 2741 3232 2781 verum
3265 2736 3348 2780 est
3368 2724 3507 2799 quod
3535 2727 3738 2799 objicit,
3764 2734 3828 2784 et

2228 2833 2333 2873 non
2397 2826 2480 2875 est
2530 2818 2583 2872 in
2625 2816 2798 2889 puella
2853 2817 3064 2875 inventa
3103 2819 3404 2890 virginitas;
3441 2818 3655 2895 ejicient
3694 2835 3829 2875 eam

2226 2916 2375 2964 extra
2402 2908 2544 2963 fores
2568 2908 2761 2964 domus
2788 2909 2952 2979 patris
2974 2908 3076 2977 sui,
3108 2917 3162 2964 et
3180 2908 3442 2979 lapidibus
3462 2909 3689 2965 obruent
3712 2910 3827 2969 viri

2226 3000 2452 3055 civitatis
2482 3000 2617 3072 ejus,
2666 3010 2722 3056 et
2771 3001 3061 3067 morietur;
3113 3000 3364 3071 quoniam
3399 2999 3523 3056 fecit
3560 3000 3710 3056 nefas
3760 3000 3831 3057 in

2224 3089 2413 3160 Israel,
2448 3101 2507 3147 ut
2536 3092 2887 3153 fornicaretur
2911 3094 2962 3148 in
2993 3093 3153 3149 domo
3178 3093 3343 3164 patris
3371 3093 3455 3148 sui
3483 3110 3497 3147 :
3526 3102 3579 3149 et
3604 3090 3831 3150 auferes

2233 3185 2431 3241 malum
2480 3185 2547 3242 de
2592 3186 2771 3242 medio
2817 3186 2912 3242 tui.
2952 3186 3009 3242 Si
3057 3185 3334 3243 dormierit
3365 3187 3445 3243 vir
3484 3201 3604 3241 cum
3643 3200 3830 3242 uxore

2225 3274 2465 3344 alterius,
2494 3284 2719 3348 uterque
2740 3277 3019 3346 moriatur,
3037 3277 3090 3332 id
3111 3286 3193 3333 est
3220 3277 3427 3334 adulter
3454 3284 3508 3334 et
3534 3276 3826 3346 adultam;

2225 3376 2280 3423 et
2306 3366 2518 3423 auferes
2569 3367 2771 3423 malum
2825 3368 2895 3423 de
2941 3367 3127 3423 Israel.
3180 3366 3236 3423 Si
3282 3368 3513 3438 puellam
3552 3366 3828 3438 virginem

2224 3456 2570 3528 deSponderit
2593 3457 2694 3524 vir,
2718 3467 2770 3513 et
2788 3458 3051 3514 invenerit
3073 3471 3191 3512 eam
3217 3457 3405 3527 aliquis
3422 3457 3476 3510 in
3496 3456 3731 3523 civitate,
3759 3465 3832 3512 et

2224 3547 2572 3603 concubuerit
2599 3560 2723 3603 cum
2767 3547 2887 3615 illa;
2920 3547 3116 3603 educes
3153 3555 3439 3618 utrumque
3481 3545 3549 3602 ad
3602 3554 3830 3618 portam

2223 3638 2454 3693 civitatis
2482 3639 2657 3706 illius,
2702 3647 2757 3694 et
2785 3638 3050 3709 lapidibus
3086 3638 3408 3705 obruentur;
3446 3628 3641 3708 puella,
3688 3637 3831 3708 quia

2222 3742 2333 3785 non
2363 3729 2629 3801 clamavit,
2656 3743 2776 3785 cum
2798 3729 3010 3785 essetin
3036 3730 3279 3795 civitate;
3304 3728 3404 3796 vir,
3423 3729 3545 3803 quia
3568 3728 3834 3784 humilia-

2222 3821 2302 3875 vit
2330 3835 2553 3876 uxorem
2584 3820 2811 3891 proximi
2837 3820 2919 3875 sui
2951 3838 2966 3876 :
2993 3829 3046 3876 et
3079 3819 3292 3876 auferes
3320 3820 3517 3875 malum
3542 3819 3610 3876 de
3634 3819 3832 3878 medio

2224 3912 2321 3971 tui.
2353 3912 2447 3968 Sin
2473 3922 2649 3967 autem
2677 3913 2728 3966 in
2754 3927 2882 3982 agro
2899 3913 3157 3983 repererit
3183 3912 3265 3966 vir
3292 3910 3527 3983 puellam
3555 3926 3676 3982 qua:
3711 3911 3825 3968 de-

2222 4016 2475 4076 sponsata
2501 4014 2603 4071 est,
2627 4012 2683 4061 et
2721 4004 3128 4076 apprehendens
3151 4004 3498 4061 concubuerit
3532 4019 3654 4060 cum
3699 4005 3828 4074 illa,

2200 4095 2339 4168 oipse
2368 4096 2631 4151 morietur
2659 4096 2804 4152 solus
2830 4114 2843 4149 :
2877 4095 3050 4166 puella
3076 4095 3206 4151 nihil
3230 4095 3477 4166 patietur,
3494 4108 3594 4151 nec
3613 4103 3697 4150 est
3717 4108 3829 4152 rea

2222 4189 2411 4245 mortis
2444 4204 2457 4242 :
2484 4188 2735 4259 quoniam
2764 4188 2902 4243 sicut
2924 4188 3060 4243 latro
3088 4188 3361 4260 consurgit
3376 4194 3562 4243 contra
3588 4185 3826 4244 fratrem

2222 4298 2401 4352 suum,
2430 4291 2484 4339 et
2509 4282 2705 4338 occidit
2734 4282 2966 4336 animam
2992 4282 3137 4352 ejus;
3162 4282 3235 4337 ita
3260 4288 3315 4337 et
3336 4280 3511 4352 puella
3555 4294 3822 4351 perpessa

2222 4383 2310 4429 est
2339 4390 2351 4427 :
2387 4374 2500 4428 sola
2527 4380 2645 4428 erat
2692 4372 2746 4427 in
2774 4386 2923 4443 agro,
2966 4372 3235 4439 clamavit,
3265 4383 3320 4427 et
3341 4372 3518 4427 nullus
3543 4370 3692 4427 alluit
3718 4372 3823 4442 qui

2218 4466 2478 4523 liberaret
2495 4481 2633 4521 eam.
2665 4463 2722 4523 Si
2749 4465 3012 4521 invenerit
3037 4466 3120 4534 vir
3135 4464 3367 4533 puellam
3394 4464 3822 4539 virginem,qua

2221 4572 2328 4613 non
2380 4556 2542 4612 habet
2580 4571 2835 4627 sponsum
2861 4598 2876 4623 ,
2922 4562 2977 4611 et
3009 4554 3418 4627 apprehendens
3462 4552 3821 4611 concubuerit

2221 4663 2341 4707 cum
2370 4664 2455 4717 ea,
2490 4657 2545 4705 et
2560 4663 2648 4705 res
2674 4648 2740 4703 ad
2764 4646 3025 4720 judicium
3056 4648 3290 4713 venerit;
3319 4646 3467 4703 dabit
3490 4647 3581 4718 qui
3600 4645 3814 4702 dormi-

2218 4743 2297 4801 vit
2318 4757 2438 4799 cum
2464 4757 2546 4809 ea,
2574 4741 2709 4814 patri
2737 4741 2926 4813 puella:
2952 4748 3164 4797 centum
3192 4740 3351 4796 siclos
3375 4739 3601 4811 argenti,
3628 4745 3683 4794 et
3706 4738 3815 4794 ha~

2216 4835 2367 4895 bebit
2391 4851 2511 4893 eam
2532 4850 2775 4901 uxorem,
2807 4835 2928 4909 quia
2954 4832 3251 4890 humiliavit
3277 4847 3395 4890 eam
3424 4849 3438 4887 :
3468 4847 3574 4888 non
3611 4832 3819 4903 poterit
3858 4832 3887 4897 fx

2220 4929 2489 4987 dimittere
2514 4929 2717 4985 cunctis
2744 4928 2933 4984 diebus
2956 4927 3078 4983 vitae
3100 4941 3231 4982 suae.
3252 4925 3369 4981 Non
3393 4925 3619 4995 accipiet
3640 4923 3813 4981 homo
3855 4918 3879 4963 ἰ

2220 5036 2444 5078 uxorem
2475 5018 2645 5092 patris
2675 5018 2777 5084 sui,
2809 5034 2909 5074 nec
2949 5016 3206 5074 revelabit
3245 5020 3634 5087 operimentum
3664 5015 3811 5086 ejus.
3859 5012 3862 5021 ’

2293 5112 2363 5168 Et
2384 5121 2496 5184 post
2516 5112 2781 5184 paululum
2802 5107 3006 5184 [xqu]
3032 5127 3045 5165 :
3066 5109 3182 5165 Non
3196 5109 3298 5163 erit
3314 5107 3569 5163 meretrix
3583 5106 3651 5162 de
3674 5105 3816 5161 ﬁlia-

2218 5184 2319 5262 bus
2344 5203 2527 5271 lsrael,
2555 5218 2655 5259 nec
2683 5212 2944 5259 scortator
2968 5201 3038 5258 de
3067 5201 3193 5256 ﬁliis
3210 5199 3400 5255 israel.
3437 5198 3506 5253 Et
3527 5206 3641 5270 post
3672 5213 3811 5270 pau-

2224 5298 2385 5352 lulum
2405 5314 2423 5351 :
2452 5296 2568 5352 Non
2598 5294 2859 5351 fenerabis
2882 5293 3033 5349 fratri
3063 5301 3157 5349 tuo
3174 5293 3243 5348 ad
3265 5306 3483 5348 usuram
3502 5290 3808 5363 pecuniam,

2222 5405 2322 5446 nec
2332 5389 2502 5461 fuges,
2516 5403 2615 5445 nec
2627 5386 2917 5459 quamlibet
2928 5386 3088 5441 aliam
3109 5398 3223 5441 rem
3240 5400 3255 5450 ;
3285 5383 3379 5442 sed
3394 5384 3589 5439 alieno.
3608 5380 3679 5438 Et
3693 5390 3810 5454 post

2222 5498 2412 5554 paucos
2454 5497 2626 5537 versus
2654 5496 2675 5534 :
2702 5479 2831 5535 Cum
2857 5478 3067 5534 voveris
3091 5485 3273 5533 votum
3298 5475 3527 5530 Domino
3548 5474 3659 5530 Deo
3687 5482 3800 5538 tuo,

2222 5590 2328 5630 non
2357 5573 2590 5629 tardabis
2626 5570 2885 5637 reddere;
2931 5569 3054 5640 quia
3096 5569 3334 5639 requiret
3370 5565 3499 5622 illud
3552 5564 3805 5621 Dominus

2224 5666 2363 5723 Deus
2392 5675 2533 5732 tuus,
2566 5672 2621 5721 ct
2663 5664 2707 5719 si
2734 5671 2970 5720 moratus
3016 5661 3201 5729 fueris,
3256 5654 3589 5732 reputabitur
3627 5656 3719 5712 tibi
3745 5655 3802 5711 in

2224 5767 2519 5829 peccatum.
2548 5756 2604 5833 Si
2634 5756 2866 5812 nolueris
2894 5754 3150 5826 polliceri,
3189 5753 3389 5824 absque
3410 5759 3627 5823 peccato
3651 5747 3760 5803 eris
3786 5766 3800 5802 :

2225 5850 2371 5925 quod
2390 5858 2567 5909 autem
2591 5850 2757 5911 semel
2786 5863 3059 5923 egressum
3087 5856 3170 5909 est
3188 5846 3255 5906 de
3269 5845 3424 5905 labiis
3456 5843 3581 5917 tuis,
3616 5843 3799 5901 obser-
