4110 6472
298 426 389 484 901

294 540 463 606 ratiis,
504 545 557 595 et
591 535 757 593 facies
801 534 939 592 sicut
958 529 1249 604 promisisti
1265 527 1497 587 Domino
1520 529 1631 585 Deo
1669 537 1761 584 tuo
1780 569 1795 596 ,
1824 536 1881 584 et

296 634 505 709 propria
534 632 805 688 voluntate
820 637 875 685 et
894 642 988 685 ore
1006 636 1098 681 tuo
1128 626 1337 682 locutus
1372 639 1453 680 es.

363 728 432 783 Et
474 726 630 799 paulo
655 732 768 797 post
808 721 1017 795 [mm]
1050 719 1205 777 :Non
1233 717 1465 789 accipies
1502 716 1619 771 loco
1642 713 1896 787 pignoris

293 822 599 891 inferiorem
626 826 681 874 et
703 816 1033 887 superiorem
1064 813 1283 878 molam,
1315 809 1439 881 quia
1464 809 1696 863 animam
1729 820 1881 861 suam

293 908 547 985 apposuit
574 910 593 941 ί
619 907 735 963 tibi.
758 906 813 962 Si
835 903 1199 976 deprehensus
1220 901 1379 957 fuerit
1405 900 1565 956 homo
1594 896 1881 951 sollicitans

291 1004 517 1062 fratrem
545 1014 700 1058 suum
723 998 791 1053 de
812 997 936 1052 ﬁliis
961 995 1148 1064 lsrael,
1167 1002 1223 1049 et
1243 992 1458 1048 vendito
1485 1005 1551 1046 eo
1576 986 1881 1058 accipiens‘

290 1096 545 1167 pretium,
587 1089 937 1148 interﬁciatur
991 1104 1006 1143 :
1050 1094 1106 1143 et
1146 1086 1354 1141 auferes
1384 1084 1579 1139 malum
1611 1080 1679 1135 de
1706 1078 1883 1134 medio

290 1187 389 1243 tui.
441 1186 512 1241 Et
551 1192 663 1256 post
708 1197 894 1254 paucos
928 1196 1105 1235 uersus
1132 1195 1153 1233 :
1177 1178 1307 1234 Cum
1346 1176 1576 1246 repetis,
1608 1172 1801 1244 inquit,
1848 1186 1881 1226 a

290 1277 536 1348 proximo
552 1284 647 1330 tuo
673 1284 789 1329 rem
814 1272 1042 1342 aliquam
1064 1284 1221 1341 quam
1247 1265 1542 1334 debettibi,
1575 1279 1680 1319 non
1707 1264 1883 1333 ingre-

290 1368 455 1426 dierls
487 1366 705 1425 domum
743 1365 893 1435 ejus,
939 1371 998 1417 ut
1043 1362 1235 1433 pignus
1283 1357 1529 1425 anieras;
1576 1356 1674 1412 sed
1712 1354 1882 1411 stabis

290 1460 443 1527 foris,
461 1469 516 1516 et
563 1459 652 1515 ille
692 1457 787 1512 tibi
831 1452 1069 1526 proferet
1122 1451 1269 1523 quod
1291 1450 1562 1505 habuerit.
1582 1448 1677 1503 Sin
1704 1456 1881 1501 autem

298 1569 502 1626 pauper
527 1562 627 1618 est,
655 1565 762 1607 non
789 1546 1123 1621 pernoctabit
1149 1544 1287 1616 apud
1319 1553 1372 1598 te
1396 1544 1623 1615 pignus;
1653 1542 1745 1597 sed
1774 1549 1883 1595 sta-

293 1650 389 1705 tim
413 1646 610 1702 reddes
634 1644 685 1700 ei
710 1652 833 1698 ante
855 1641 982 1697 solis
1010 1652 1277 1702 occasum,
1312 1645 1373 1690 ut
1395 1635 1670 1690 dormiens
1694 1633 1749 1685 in
1782 1646 1880 1686 ve-

289 1741 545 1796 stimento
565 1752 663 1793 suo
682 1734 964 1791 benedicat
986 1732 1099 1799 tibi,
1121 1740 1175 1787 et
1193 1729 1391 1784 habeas
1412 1728 1670 1797 justitiam
1699 1740 1879 1781 coram

290 1828 521 1885 Domino
552 1829 662 1883 Deo
689 1836 797 1881 tuo.
843 1824 961 1880 Non
999 1821 1219 1893 negabis
1252 1818 1556 1874 mercedem
1597 1816 1881 1885 indigentis

291 1928 350 1977 et
365 1920 610 1992 pauperis
634 1916 812 1974 fratris
834 1915 930 1983 tui,
951 1915 1062 1971 sive
1090 1913 1309 1967 adventa
1335 1911 1425 1981 qui
1446 1919 1620 1965 tecum
1644 1917 1881 1963 moratur

290 2010 348 2067 in
378 2020 541 2079 terra,
568 2020 622 2066 et
648 2010 782 2064 intra
813 2015 995 2078 portas
1018 2014 1136 2061 tuas
1160 2014 1243 2059 est
1268 2021 1282 2057 :
1309 2001 1401 2057 sed
1432 2001 1619 2056 eadem
1643 1999 1730 2054 die
1755 1998 1880 2054 red-

291 2098 390 2158 des
415 2102 463 2157 ei
486 2101 717 2172 pretium
750 2098 948 2153 laboris
976 2097 1091 2161 sui,
1125 2102 1248 2151 ante
1274 2093 1405 2149 solis
1432 2106 1716 2156 occasum;
1756 2089 1880 2161 quia

293 2209 497 2266 panper
516 2203 624 2259 est,
657 2200 711 2249 et
731 2208 796 2248 ex
823 2206 889 2246 eo
918 2196 1181 2245 sustentat
1202 2188 1430 2241 animam
1454 2200 1603 2240 suam
1628 2203 1645 2239 τ
1672 2200 1740 2239 ne
1768 2184 1881 2239 ela-

291 2295 407 2343 met
427 2300 607 2341 coram
628 2294 680 2340 te
706 2284 772 2339 ad
794 2282 1102 2347 Dominum,
1131 2288 1184 2355 et
1206 2286 1483 2348 reputetur
1502 2276 1595 2331 tibi
1620 2277 1672 2330 in
1695 2289 1882 2346 pecca-

294 2386 429 2432 tum.
475 2376 593 2431 Non
634 2374 942 2430 occidentur
979 2381 1159 2441 patres
1200 2384 1297 2439 pro
1338 2368 1493 2434 ﬁliis,
1536 2381 1638 2422 nec
1664 2366 1758 2421 lilii
1782 2380 1882 2436 pro

291 2469 573 2540 patribus;
600 2465 692 2521 sed
721 2463 1085 2535 unusquisque
1108 2475 1207 2531 pro
1224 2475 1329 2515 suo
1356 2467 1578 2529 peccato
1601 2457 1879 2513 morietur.

293 2557 366 2613 Et
392 2567 505 2629 post
535 2573 723 2629 paucos
743 2572 911 2611 uersus
946 2553 1215 2622 :Quando
1244 2552 1535 2606 messueris
1564 2560 1802 2620 segetem
1826 2549 1882 2604 in

292 2665 427 2722 agro
451 2660 563 2719 tuo,
592 2658 647 2705 et
667 2648 861 2703 oblitus
887 2646 1220 2716 manipulum
1242 2642 1551 2713 reliqueris;
1579 2657 1685 2695 non
1700 2654 1886 2696 rever-

292 2743 426 2800 teris
471 2752 533 2797 ut
574 2742 731 2797 tollas
772 2741 920 2794 illum
950 2756 965 2793 :
995 2738 1090 2795 sed
1132 2737 1396 2791 advenam
1439 2743 1493 2789 et
1533 2734 1790 2804 pupillum
1830 2743 1883 2787 et

290 2834 511 2891 viduam
540 2833 751 2889 auferre
788 2831 1047 2902 patieris;
1094 2838 1151 2884 ut
1194 2827 1476 2884 benedicat
1506 2826 1598 2881 tibi
1629 2825 1883 2879 Dominus

292 2926 439 2982 Deus
461 2936 585 2981 tuus
617 2924 671 2979 in
705 2922 1045 2992 omni'opere
1069 2934 1323 2975 manuum
1355 2926 1585 2972 tuarum.
1626 2914 1685 2970 Si
1707 2916 1884 2985 fruges

293 3020 515 3089 colliges
542 3017 798 3073 olivarum
820 3058 835 3082 ,
866 3014 1121 3086 quidquid
1150 3011 1467 3067 remanserit
1495 3010 1547 3062 in
1582 3007 1881 3075 arboribus,

299 3126 411 3165 non
455 3109 739 3164 reverteris
783 3114 843 3161 ut
888 3105 1136 3175 colligas;
1186 3103 1279 3158 sed
1325 3100 1595 3170 relinques
1641 3097 1881 3164 advenae,

299 3200 537 3272 pupillo,
571 3214 634 3254 ac
674 3198 867 3252 viduae.
915 3196 974 3251 Si
1014 3192 1423 3249 vindemiatoris
1462 3192 1673 3245 vineam
1712 3197 1881 3255 tuam,

295 3307 406 3350 non
433 3292 652 3363 colliges
680 3297 1017 3346 remanentes
1041 3302 1312 3352 racemos;
1340 3286 1432 3340 sed
1458 3285 1651 3339 cedent
1674 3285 1729 3339 in
1756 3298 1886 3339 usus

298 3386 522 3443 advena:
540 3426 569 3451 ,ρ
590 3383 770 3455 pupilli
794 3424 809 3450 ,
840 3394 901 3437 ac
925 3381 1117 3435 vidum.
1140 3380 1411 3433 Memento
1434 3378 1576 3448 quod
1604 3385 1660 3432 et
1686 3385 1742 3430 tu
1771 3390 1886 3431 ser-

294 3477 462 3534 vieris
489 3476 544 3531 in
571 3474 802 3547 Egypto
822 3515 837 3541 ,
867 3480 923 3529 et
960 3472 1158 3528 idcirco
1186 3469 1487 3541 praecipiam
1518 3468 1613 3523 tibi
1640 3474 1700 3522 ut
1726 3467 1884 3521 facias

298 3566 442 3625 hanc
470 3582 604 3622 rem.

374 3656 563 3731 [xxv.]
602 3655 661 3712 Si
688 3653 847 3710 fuerit
868 3666 1027 3709 causa
1056 3653 1192 3707 inter
1217 3651 1426 3720 aliquos
1451 3689 1465 3713 ,
1498 3657 1552 3704 et
1577 3647 1884 3719 interpella-

301 3748 483 3804 verint
520 3746 756 3818 judiees;
805 3758 964 3815 quem
989 3744 1191 3812 justum
1215 3755 1336 3796 esse
1364 3740 1768 3811 perspexerint,
1814 3739 1885 3794 illi

302 3837 525 3909 justitia:
566 3836 794 3907 palmam
820 3834 1056 3898 dabunt;
1087 3846 1242 3902 quem
1272 3831 1522 3900 impium,
1559 3830 1887 3886 condemna-

300 3928 443 3985 bnnt
478 3926 786 3998 impietatis.
828 3925 926 3980 Sin
966 3931 1142 3978 autem
1178 3923 1267 3991 qui
1298 3923 1538 3993 peccavit
1560 3921 1777 3992 dignum
1807 3922 1887 3975 vi-

306 4020 485 4076 derint
509 4020 712 4090 plagis;
758 4022 1099 4087 prosternent
1123 4055 1138 4080 ,
1188 4023 1244 4069 et
1267 4028 1445 4069 coram
1475 4028 1535 4069 se
1560 4013 1890 4069 facientver-

299 4110 505 4166 'berari.
538 4110 642 4164 Pro
663 4120 910 4163 mensura
938 4106 1138 4177 peccati
1167 4106 1631 4175 enitetplagarum
1664 4106 1888 4161 modus:

300 4202 381 4256 ‘ita
408 4200 694 4265 duntaxat,
725 4206 783 4253 ut
806 4197 1280 4268 quadragenarium
1310 4212 1589 4251 numerum
1609 4212 1713 4250 non
1737 4210 1891 4251 exoc-

310 4292 457 4359 dant,
487 4306 555 4347 ne
584 4289 725 4347 finde
746 4290 1008 4345 laceratus
1033 4298 1156 4343 tmte
1180 4290 1363 4343 oculos
1388 4300 1511 4343 tuos
1536 4290 1696 4344 obeat
1724 4289 1748 4321 ³
1775 4289 1889 4343 fra-

304 4388 394 4441 ter
414 4394 560 4439 tuus.
592 4382 659 4437 Et
684 4392 795 4455 post
823 4382 1089 4453 paululum
1126 4399 1139 4435 :
1168 4380 1222 4437 Si
1238 4381 1526 4437 habuerint
1548 4381 1762 4438 interse
1778 4384 1892 4454 jur-
1983 4424 1989 4429 .

308 4479 451 4548 glum
491 4476 624 4542 viri,
667 4484 721 4532 et
765 4488 899 4531 imus
938 4483 1128 4530 contra
1157 4476 1382 4531 alterum
1422 4476 1584 4533 rixari
1608 4479 1890 4547 eruperint,

310 4571 602 4641 volensque
636 4584 773 4624 uxor
792 4568 1016 4624 alterius
1042 4582 1233 4623 eruere
1258 4567 1429 4621 virum
1458 4582 1612 4622 suum
1636 4568 1703 4623 de
1732 4584 1895 4623 manu

300 4658 549 4719 fortioris
571 4703 587 4730 ,
622 4661 833 4718 miserit
857 4674 1073 4715 manum
1093 4701 1106 4726 ,
1136 4668 1193 4714 et
1220 4658 1631 4730 apprehenderit
1658 4660 1893 4714 verenda

312 4755 458 4829 ejus;
490 4753 772 4810 abscindas
801 4766 1014 4807 manum
1041 4752 1201 4814 illius,
1220 4766 1317 4806 nec
1342 4751 1568 4805 ﬂecteris
1595 4766 1757 4820 super
1776 4766 1895 4806 eam

304 4845 423 4900 ulla
462 4844 846 4901 misericordia.
894 4842 1013 4897 Non
1058 4842 1281 4897 habebis
1328 4843 1384 4895 in
1432 4842 1645 4897 sacculo
1683 4842 1895 4898 diversa

312 4935 549 5010 pondera
570 4977 585 5005 ,
616 4935 786 5006 majus
810 4944 865 4990 et
882 4935 1065 4990 minus
1087 4950 1102 5000 ;
1132 4948 1235 4988 nec
1264 4934 1366 4987 erit
1397 4934 1449 4987 in
1474 4933 1637 4989 domo
1662 4944 1751 4989 tua
1771 4951 1894 4992 mo-

315 5027 434 5084 dius
458 5029 628 5099 major
652 5036 707 5083 et
731 5028 925 5082 minor.
978 5026 1196 5082 Pondus
1236 5026 1455 5081 habebis
1484 5027 1687 5095 justum
1713 5038 1769 5084 et
1798 5044 1895 5086 ve-

316 5135 469 5183 rum;
496 5128 550 5175 et
580 5118 787 5173 modius
814 5118 1032 5188 aequalis
1060 5124 1116 5172 et
1134 5132 1291 5172 verus
1318 5122 1417 5172 erit
1440 5117 1553 5171 tibi.

385 5208 455 5263 Et
484 5219 595 5279 post
624 5210 863 5280 pleraque
904 5207 1118 5281 [una]
1150 5208 1493 5265 :Maledietus
1518 5209 1678 5266 homo
1704 5212 1793 5283 qui
1816 5212 1898 5268 fa-

313 5302 389 5358 cit
422 5301 667 5372 sculptile
702 5310 765 5358 et
805 5301 1073 5357 conllatile
1097 5341 1111 5367 ,
1160 5301 1603 5358 abominationem
1651 5304 1893 5372 Domini,

305 5411 451 5468 opus
465 5411 722 5452 manuum
741 5395 1022 5465 artiﬁcum,
1051 5396 1305 5466 ponitque
1331 5396 1461 5451 illud
1478 5396 1532 5451 in
1547 5396 1859 5453 abscondito
1881 5416 1893 5452 :

380 5573 490 5636 {Ita
511 5572 766 5636 Speculum
788 5574 837 5623 in
860 5575 1081 5623 omnibus
1101 5570 1272 5636 libris:
1300 5574 1475 5636 quibus
1496 5576 1735 5624 consentit
1757 5583 1901 5627 vetus

304 5633 572 5685 meum
594 5634 821 5686 volumen
842 5638 978 5687 Corb.
1006 5644 1060 5687 At
1081 5637 1130 5685 in
1150 5633 1440 5686 BibliisSixti
1462 5639 1746 5687 auctoritate
1760 5642 1901 5687 casti-

313 5698 453 5771 gatis
463 5696 660 5771 legitur,
678 5698 912 5771 .olgposait.
1063 5761 1073 5770 .

378 5759 561 5871 arma,
586 5759 800 5824 accipiet.
848 5761 1146 5823 smnusoripti
1169 5799 1183 5822 ,
1232 5760 1485 5828 accipiens.
1518 5759 1735 5826 Vulgata,
1768 5775 1899 5815 accc-

316 5833 477 5934 ⁸’Ἧι
498 5884 648 5935 sacris
665 5882 841 5947 Bibliis,
867 5884 1019 5935 abeat.

1516 410 1603 472 DE
1642 408 2026 473 SGMPTUIA
2061 414 2305 474 SACRA.

3465 427 3572 486 ω’

1990 539 2043 585 et
2061 532 2401 602 respondebit
2423 534 2597 589 omnis
2626 535 2850 606 populus
2868 576 2883 605 ,
2917 544 2971 593 et
2995 537 3157 607 dicet,
3185 540 3377 597 Amen.
3406 540 3569 601 Male—

1987 621 2158 679 dictus
2183 626 2274 695 qui
2312 640 2417 681 non
2452 627 2679 683 honorat
2715 638 2920 698 patrem
2945 645 3097 686 suum
3133 641 3189 687 et
3216 642 3443 691 matrem
3470 653 3484 691 :
3512 646 3569 694 et

1986 713 2128 770 dicet
2152 717 2325 773 omnis
2352 718 2597 788 populus,
2631 721 2823 775 Amen.
2862 721 3169 781 Maledictus
3193 727 3282 795 qui
3310 727 3568 786 transfert

1987 807 2241 862 terminos
2262 809 2491 878 proximi
2514 812 2595 865 sui
2627 828 2640 863 :
2670 821 2724 867 et
2748 812 2887 867 dicet
2902 815 3076 869 omnis
3101 817 3348 885 populus,
3369 819 3564 875 Amen.

1985 896 2298 955 Maledictus
2316 902 2407 971 qui
2435 917 2615 957 errare
2641 902 2766 958 facit
2790 918 2990 960 caecum
3015 906 3068 960 in
3090 907 3279 964 itinere
3307 926 3323 963 ε
3352 919 3409 965 et
3427 911 3573 968 dicet

1986 990 2159 1045 omnis
2184 992 2409 1061 pOpu‘lus
2431 1032 2447 1059 ,
2496 994 2688 1049 Arnen.
2732 996 3042 1053 Maledictus
3070 1001 3161 1069 qui
3196 1003 3455 1069 pervertit
3477 1004 3567 1074 ju-

1984 1081 2180 1137 dicium
2210 1083 2447 1153 advenae,
2476 1087 2680 1156 pupilli,
2711 1096 2764 1142 et
2784 1089 2959 1144 viduae
2992 1107 3005 1143 :
3029 1099 3084 1145 et
3104 1090 3244 1148 dicet
3272 1096 3446 1151 omnis
3471 1110 3570 1165 po-

1984 1174 2159 1245 pulus,
2191 1175 2379 1230 Amen.
2412 1176 2717 1234 Maledictus
2735 1180 2910 1234 omnis
2928 1182 3018 1251 qui
3044 1181 3242 1238 dormit
3256 1198 3383 1240 eum
3402 1201 3575 1242 uxore

1985 1268 2151 1336 patris
2170 1268 2278 1332 sui,
2307 1278 2359 1323 et
2381 1271 2579 1325 revelat
2600 1273 2989 1341 operimentum
3016 1275 3197 1330 lectuli
3216 1278 3329 1347 ejus
3360 1294 3377 1331 :
3407 1287 3463 1334 et
3482 1278 3567 1334 di-

1985 1367 2069 1414 cet
2089 1360 2261 1415 omnis
2290 1362 2542 1431 populus,
2572 1364 2764 1419 Amen.
2791 1365 3101 1421 Maledictus
3116 1370 3209 1439 qui
3228 1369 3425 1427 dormit
3446 1386 3568 1427 eam

1985 1454 2128 1508 omni
2165 1455 2450 1522 jumento:
2483 1463 2538 1511 et
2564 1456 2705 1512 dicet
2743 1461 2916 1513 omnis
2941 1462 3167 1529 populus
3188 1502 3202 1526 ,
3236 1462 3428 1521 Amen.
3461 1464 3570 1520 Ma-

1985 1544 2208 1600 ledictus
2237 1548 2325 1616 qui
2357 1547 2553 1603 dormit
2589 1564 2707 1603 cum
2744 1565 2929 1606 sorore
2955 1565 3048 1606 sua
3069 1593 3083 1618 ,
3113 1552 3220 1607 ﬁlia
3265 1555 3425 1623 patris
3451 1557 3566 1624 sui,

1987 1636 2065 1689 vel
2111 1638 2295 1691 matris
2345 1652 2499 1693 suac:
2546 1648 2600 1695 et
2642 1641 2787 1696 dicet
2837 1644 3011 1697 omnis
3059 1646 3321 1715 populus,
3371 1648 3564 1703 Amen.

1982 1726 2291 1783 Maledictus
2314 1731 2405 1799 qui
2434 1730 2629 1785 dormit
2652 1747 2775 1786 eum
2797 1748 2952 1789 socru
2969 1750 3063 1789 sua
3098 1752 3112 1790 :
3142 1744 3199 1791 et
3218 1736 3367 1793 dicet
3388 1740 3564 1795 omnis

1985 1823 2227 1892 populus,
2260 1824 2449 1878 Amen.
2464 1824 2775 1880 ‘Maledictus
2796 1827 2884 1896 qui
2901 1829 3037 1881 clam
3060 1832 3382 1898 percusserit
3398 1833 3570 1901 proni-

1984 1927 2129 1967 mum
2147 1929 2300 1969 suum
2324 1931 2337 1968 :
2366 1923 2422 1969 et
2441 1916 2581 1971 dicet
2608 1917 2783 1970 omnis
2806 1920 3033 1989 populus
3052 1960 3067 1984 ,
3112 1922 3302 1975 Amen.
3347 1922 3566 1978 Maledi-
3592 1970 3595 1973 λ

1985 2016 2102 2063 ctus
2130 2009 2219 2079 qui
2249 2010 2440 2077 accipit
2480 2024 2736 2076 munera,
2779 2021 2836 2064 nt
2884 2013 3144 2080 percutiat
3181 2015 3416 2069 animam
3432 2030 3567 2073 san-

1983 2099 2160 2171 guinis
2186 2100 2480 2154 innocentis
2508 2118 2521 2153 :
2547 2110 2599 2154 et
2626 2100 2767 2155 dicet
2791 2102 2965 2156 omnis
2987 2103 3243 2172 populus,
3276 2107 3467 2160 Amen.

2060 2191 2177 2245 Huc
2204 2207 2358 2262 usque
2398 2192 2459 2244 de
2492 2192 2639 2245 libris
2673 2191 2843 2261 Moysi
2876 2209 2989 2263 qua:
3014 2194 3123 2247 visa
3163 2205 3278 2250 sunt
3313 2196 3569 2265 ponenda,

1986 2286 2269 2356 posuimus.
2303 2283 2371 2338 1η
2410 2285 2489 2338 his
2526 2299 2640 2339 veno
2680 2301 2797 2355 qua:
2831 2295 3107 2357 sequuntur
3138 2296 3182 2340 et
3224 2289 3571 2358 appellantur,

1984 2376 2111 2430 Jcsu
2150 2375 2319 2442 Nave,
2341 2376 2615 2441 Judicum,
2650 2377 2971 2447 Regnorum,
3004 2378 3431 2451 Paralipomenon
3450 2421 3466 2447 ,
3490 2397 3573 2436 re-

1986 2455 2098 2520 rum
2142 2477 2396 2537 gestarum
2444 2469 2610 2538 potius
2658 2470 2871 2523 historia
2913 2470 3095 2540 legitur
3130 2487 3282 2539 quam
3323 2481 3574 2542 macerata

1986 2561 2198 2614 vivendi.
2266 2560 2393 2615 Haec
2432 2571 2603 2615 ianum
2645 2563 2951 2631 paucissima
2992 2563 3059 2617 de
3097 2563 3225 2618 lino
3262 2563 3389 2619 Jesu
3424 2563 3574 2622 Nare

1986 2652 2338 2723 prwtcreunda
2362 2653 2415 2704 in
2440 2654 2533 2705 hoc
2549 2669 2699 2722 opere
2724 2670 2827 2709 non
2856 2655 3049 2723 putaui.

2520 2764 2606 2818 DE
2644 2764 2805 2821 JESU
2842 2766 3047 2820 NAVE.

2048 2876 2212 2948 .{Cap.
2239 2877 2392 2950 χχιι]
2432 2879 2800 2945 Revertimini,
2842 2887 2895 2933 ct
2932 2880 3003 2934 ite
3035 2879 3090 2933 in
3117 2878 3454 2935 tabernacula
3485 2896 3577 2937 ve-

1986 2975 2127 3032 stra,
2166 2977 2220 3023 ct
2249 2970 2302 3025 in
2333 2977 2526 3023 terram
2565 2967 2917 3037 possessionis
2938 3010 2951 3033 ,
2997 2984 3155 3038 quam
3183 2969 3395 3024 tradidit
3423 2971 3574 3030 vobis

1985 3060 2197 3131 Moyses
2248 3060 2475 3115 lautulus
2521 3060 2728 3114 Domini
2776 3070 2921 3114 trans
2963 3058 3251 3116 Jordanem
3282 3079 3294 3114 :
3327 3062 3397 3116 ita
3436 3063 3574 3117 dun-

1986 3160 2134 3208 taxat
2158 3161 2215 3211 ut
2242 3153 2555 3207 custodiatis
2579 3160 2799 3218 attente,
2823 3160 2877 3206 et
2898 3168 3060 3222 opere
3081 3153 3394 3223 compleatis
3421 3169 3572 3209 man-

1989 3244 2175 3303 datum
2203 3252 2257 3299 et
2277 3244 2449 3312 legem
2471 3286 2484 3311 ,
2519 3258 2675 3313 quam
2704 3243 2955 3313 praecepit
2981 3242 3130 3296 vobis
3149 3242 3361 3315 Moyses
3389 3257 3576 3300 servus

1984 3338 2197 3393 Domini
2224 3352 2238 3401 ;
2268 3345 2324 3392 ut
2348 3338 2579 3408 diligatis
2602 3336 2881 3391 Dominum
2906 3338 3069 3391 Deum
3095 3343 3355 3405 vestrum,
3384 3346 3437 3393 et
3464 3352 3577 3392 am-

1984 3430 2184 3489 buletis
2218 3431 2274 3484 in
2300 3431 2544 3483 omnibus
2572 3430 2669 3482 viis
2698 3430 2814 3499 ejus
2837 3471 2852 3495 ,
2896 3437 2950 3483 et
2985 3429 3284 3485 observetis
3330 3430 3577 3485 mandata

1980 3524 2146 3591 illius,
2181 3522 2606 3591 adhwreatisque
2636 3522 2706 3587 ei,
2736 3535 2798 3575 ac
2824 3520 3065 3575 serviatis
3090 3522 3141 3576 ei
3165 3522 3218 3577 in
3240 3523 3385 3579 omni
3415 3522 3577 3579 corde

1983 3623 2044 3672 et
2071 3615 2246 3669 anima
2272 3622 2469 3668 vestra.

2061 3706 2129 3759 Ει
2164 3706 2217 3759 in
2258 3705 2359 3759 alio
2396 3704 2503 3757 loco
2538 3701 2739 3775 [χχιιι]
2770 3701 2885 3758 :Ne
2909 3713 3187 3775 postquam
3217 3703 3538 3761 intraveritis
3558 3747 3575 3773 ,

1991 3797 2185 3868 uiguit,
2215 3796 2281 3850 ad
2313 3803 2496 3865 gentes
2533 3810 2653 3863 quae
2693 3792 2829 3848 inter
2863 3809 2959 3847 vos
2984 3793 3173 3848 futura:
3203 3802 3352 3860 sunt,
3390 3796 3580 3865 juretis

1992 3889 2047 3945 in
2066 3888 2286 3944 nomine
2306 3887 2527 3942 deorum
2555 3901 2759 3951 earum,
2791 3894 2845 3940 et
2871 3886 3116 3941 serviatis
3141 3886 3240 3954 eis,
3269 3896 3323 3941 et
3347 3888 3580 3943 adoretis

1992 3980 2112 4036 illos
2145 3997 2159 4033 :
2192 3979 2287 4034 sed
2312 3978 2630 4033 adhaerentis
2656 3975 2881 4032 Domino
2907 3976 3017 4032 Deo
3042 3985 3219 4034 vestro
3237 4020 3252 4044 ,
3285 3980 3424 4050 quod
3454 3979 3583 4035 ieci-

1992 4072 2087 4128 stis
2116 4085 2285 4141 usque
2308 4070 2360 4123 in
2390 4070 2529 4124 diem
2562 4070 2716 4123 hanc.

2064 4162 2144 4218 De
2187 4162 2314 4217 libro
2366 4172 2534 4215 autem
2574 4159 2899 4215 Psalmorum
2954 4160 3117 4214 multa
3161 4163 3393 4232 ponenda
3440 4170 3578 4230 sunt,

1994 4252 2219 4325 quamvis
2262 4252 2437 4307 eadem
2476 4268 2610 4323 swpe
2644 4260 2932 4323 repetantur
2962 4268 2977 4304 :
3011 4251 3101 4305 sed
3139 4252 3325 4307 habebo
3353 4255 3579 4323 modum,

1995 4353 2236 4416 quantum
2278 4352 2485 4414 potero,
2531 4359 2594 4395 ne
2633 4342 2727 4395 hoc
2764 4358 2889 4413 Opus
2923 4343 3057 4413 quod
3093 4343 3331 4397 memoria
3366 4346 3583 4400 maxime

1997 4438 2264 4495 tenendum
2298 4445 2400 4505 est,
2432 4438 2485 4490 in
2514 4436 2722 4489 nimiam
2750 4435 3110 4506 longitudinem
3137 4444 3332 4509 pergat.

2582 4548 2670 4603 DE
2702 4548 3000 4607 PSALMIS.

2074 4663 2140 4717 In
2166 4663 2367 4734 psalmo
2408 4678 2444 4716 1.
2484 4662 2680 4716 Beatus
2725 4662 2807 4716 vir
2835 4661 2926 4731 qui
2952 4676 3061 4717 non
3107 4662 3236 4717 abiit
3279 4663 3333 4718 in
3360 4663 3584 4719 consilio

1996 4757 2287 4827 irepiorum
2312 4796 2327 4820 ,
2377 4755 2513 4809 etin
2562 4755 2646 4808 via
2684 4762 3022 4824 peccatorum
3059 4770 3167 4811 non
3204 4758 3388 4825 stetit,
3428 4766 3486 4813 ct
3530 4758 3585 4812 in

1992 4849 2249 4905 cathedra
2283 4849 2580 4903 deriserunt
2622 4864 2729 4902 non
2769 4848 2924 4904 sedit.
2972 4848 3078 4905 Sed
3117 4850 3170 4905 in
3211 4850 3328 4920 lege
3370 4851 3583 4905 Domini

1991 4943 2241 4998 voluntas
2266 4941 2401 5012 ejus,
2429 4948 2483 4995 et
2502 4941 2557 4995 in
2579 4940 2695 5011 lege
2722 4940 2837 5011 ejus
2857 4941 3193 4996 meditabitur
3212 4942 3296 4996 die
3318 4956 3379 4996 ac
3405 4950 3583 4996 nocte.

1998 5031 2067 5089 in
2106 5035 2298 5105 psalmo
2342 5050 2400 5087 ιι.
2432 5032 2584 5088 Nunc
2625 5047 2787 5103 ergo,
2832 5048 3015 5103 reges,
3054 5032 3361 5101 intelligite;
3407 5032 3583 5087 erudi-

1997 5127 2162 5191 miui,
2199 5125 2407 5195 judiees
2432 5133 2611 5179 terrm.
2663 5125 2871 5180 Servite
2898 5124 3122 5179 Domino
3159 5125 3215 5178 in
3260 5124 3449 5179 timore
3472 5165 3488 5192 ,
3532 5134 3588 5180 et

1998 5217 2264 5273 exsultatc
2311 5231 2430 5271 eum
2478 5225 2729 5271 tremore.
2782 5215 3011 5270 Aderatc
3050 5230 3181 5283 pure
3213 5212 3325 5287 (α),
3358 5230 3425 5269 ne
3453 5216 3589 5269 forte

2065 5330 2137 5393 (ᾳ)
2173 5329 2401 5393 Sequitur
2428 5331 2702 5393 versionem
2743 5328 3049 5393 meronymi,
3084 5326 3357 5393 quitrimo
3390 5326 3589 5389 quidem

1996 5388 2227 5455 Psalmos,
2252 5388 2376 5455 quos
2388 5392 2528 5455 juxta
2549 5397 2665 5455 Lux,
2679 5391 2774 5452 jam
2796 5389 2908 5439 olim
2922 5388 3140 5439 Ecclesia
3156 5388 3397 5455 decantat,
3410 5388 3589 5455 emen-

2002 5454 2185 5503 dandos
2206 5450 2427 5515 recepit;
2453 5450 2753 5515 postmodum
2774 5462 3040 5515 veronova
3063 5462 3127 5515 ex
3164 5450 3363 5515 hebraéo
3386 5450 3589 5515 transla-

2003 5518 2138 5568 tione
2176 5512 2467 5565 Psalteriunf
2494 5515 2733 5575 integrum
2774 5512 3012 5575 latinitate
3046 5513 3238 5575 donavit
3266 5526 3276 5559 :
3302 5526 3394 5573 qua
3431 5514 3493 5561 dc
3532 5527 3589 5563 re

2007 5586 2167 5627 exstat
2202 5580 2350 5638 ipsius
2381 5579 2436 5622 ml
2474 5587 2545 5636 se;
2566 5578 2781 5621 inveniann
2802 5574 3005 5631 iipistnla
3027 5610 3039 5632 ,
3081 5574 3395 5638 cjusdmnque
3427 5576 3590 5635 ()pcris

2004 5636 2303 5689 mentionem
2346 5642 2455 5687 iacit
2488 5642 2628 5684 etiam
2656 5638 2941 5695 Augustinus
2978 5639 3023 5685 in
3050 5636 3247 5697 Epistula
3274 5638 3331 5683 ad
3356 5638 3590 5687 Audacem

2006 5716 2133 5751 nunc
2165 5704 2247 5749 '2th
2274 5736 2287 5759 ,
2330 5716 2375 5748 ιι.
2416 5703 2472 5761 Si;
2495 5702 2705 5760 denique
2735 5700 2934 5755 illljllSCC
2972 5698 3195 5747 versiculi
3226 5699 3589 5759 interpretatio-

2005 5778 2139 5821 nem,
2180 5765 2362 5811 {derata
2385 5776 2521 5825 pure,
2542 5774 2673 5809 suam
2697 5761 2907 5815 agnnsrit
2932 5763 3256 5825 Hieronymus,
3283 5761 3591 5825 vindicatque

2002 5828 2057 5876 in
2081 5827 2164 5873 lib.
2194 5828 2215 5875 l
2249 5822 2481 5873 adversus
2514 5825 2760 5871 numnum.
2786 5829 2836 5869 in
2870 5826 3089 5881 caeteris,
3114 5824 3277 5871 cmiter
3310 5822 3590 5875 Psalteriiun

2008 5896 2200 5940 Hieron.
2222 5888 2361 5950 juxta
2383 5886 2524 5936 bebr.
2552 5886 2678 5947 quod
2704 5886 2855 5935 babes
2878 5886 2928 5937 in
2952 5883 3077 5937 illius
3099 5894 3308 5948 Operam
3329 5894 3458 5938 tonio
3479 5888 3528 5938 7.
