4110 6512
558 538 839 605 irascatur,
868 542 924 591 et
941 531 1172 606 pereatis
1199 529 1269 586 de
1291 528 1396 586 via.
1431 526 1564 585 Cum
1583 527 1842 582 exarserit
1865 533 1989 597 post
2011 540 2145 597 pan.

558 629 724 689 lulum
751 627 901 685 furor
945 626 1082 697 ejus,
1120 622 1262 679 beati
1306 634 1494 677 omnes
1525 619 1617 692 qui
1654 629 1871 691 sperant
1908 619 1965 675 in
1999 634 2142 676 eum.

561 719 628 777 1η
649 719 846 793 psalmo
874 733 948 774 tv.
978 714 1103 774 Filii
1124 712 1261 781 viri,
1291 725 1589 783 usquequo,
1615 709 1800 782 inclyti
1824 709 1961 778 mei,
1992 709 2147 782 igno-

557 815 786 871 miniose
811 808 1029 883 diligitis
1067 806 1355 865 vanitatem
1378 844 1395 875 ,
1436 811 1740 877 quaerentes
1766 803 2145 861 mendacium?

558 905 629 963 Et
657 904 811 979 paulo
839 911 951 976 post
979 919 996 958 :
1022 898 1317 959 lrascimiui
1339 940 1357 968 ,
1400 908 1455 954 et
1479 897 1647 955 nolite
1671 910 1899 969 peccare
1927 914 1942 952 :
1971 895 2147 967 loqui-

556 997 688 1055 mini
711 997 767 1053 in
786 992 1037 1053 cordibus
1051 990 1244 1050 vestris
1265 1005 1430 1062 super
1445 988 1638 1048 cubilia
1653 996 1853 1057 vestra,
1875 996 1931 1045 et
1948 996 2141 1045 tacete.

554 1087 864 1147 Sacriﬁeate
902 1083 1223 1143 sacriﬁcium
1259 1081 1480 1153 iustitia:
1500 1122 1518 1150 ,
1562 1091 1618 1138 et
1651 1079 1905 1139 conﬁdite
1940 1081 1995 1136 in
2030 1078 2142 1136 Do-

553 1179 721 1241 mino.
749 1176 819 1234 In
843 1177 1041 1250 psalmo
1063 1191 1121 1232 ν.
1151 1174 1414 1245 Quoniam
1438 1188 1549 1231 non
1571 1188 1633 1231 es
1656 1172 1799 1230 Deus
1820 1172 2010 1229 volens
2034 1171 2141 1228 ini-

552 1271 832 1344 quitatem.
894 1267 1007 1326 Nec
1047 1265 1309 1324 habitabit
1353 1264 1508 1337 juxta
1562 1272 1619 1321 te
1675 1262 1980 1335 malignus;
2032 1277 2142 1319 non

551 1363 772 1421 stabunt
798 1360 970 1434 iniqui
992 1359 1049 1418 in
1074 1365 1367 1430 conspectu
1389 1354 1670 1414 oculorum
1706 1363 1940 1413 tuorum.
1971 1352 2143 1411 Odisti

551 1472 743 1515 omnes
766 1444 1055 1529 operantes
1082 1452 1438 1525 iniquitatem,
1465 1449 1659 1523 perdes
1681 1449 1961 1521 loquentes
1985 1463 2143 1505 men-

551 1550 784 1611 dacium.
832 1547 1022 1604 Virum
1054 1544 1371 1617 sanguinum
1398 1550 1455 1599 et
1475 1541 1724 1599 dolosum
1750 1539 2144 1598 abominabitur

551 1643 834 1701 Dominus.
855 1638 925 1696 In
947 1639 1145 1713 psalmo
1170 1653 1284 1694 xiv.
1309 1635 1554 1703 Domine,
1581 1634 1702 1707 quis
1719 1631 2144 1706 peregrinabitur
2168 1703 2175 1709 '

550 1737 613 1795 in
652 1735 881 1793 tentorio
910 1732 1043 1789 tuo?
1091 1739 1147 1788 et
1182 1729 1304 1803 quis
1345 1726 1606 1785 habitabit
1647 1726 1704 1783 in
1738 1734 1923 1783 monte
1957 1733 2144 1782 sancto

551 1828 678 1887 tuo?
713 1827 817 1896 Qui
855 1822 1151 1897 ingreditur
1187 1821 1304 1877 sine
1348 1819 1589 1887 macula,
1628 1826 1687 1874 et
1710 1812 1963 1889 operatur
1984 1815 2146 1886 justi-

551 1921 682 1978 tiam
697 1959 715 1987 ,
753 1918 1096 1989 loquiturque
1134 1913 1421 1970 veritatem
1460 1911 1514 1968 in
1558 1908 1721 1967 corde
1744 1924 1843 1966 suo
1875 1906 2007 1978 :qui
2033 1919 2143 1963 non

550 2023 637 2073 est
654 2012 823 2070 facilis
846 2011 903 2067 in
923 2010 1102 2081 lingua
1121 2022 1241 2077 sua,
1268 2020 1444 2077 neque
1462 2002 1785 2063 fecitamico
1801 2016 1902 2059 suo
1919 1999 2140 2066 malum,

550 2115 607 2163 et
630 2103 977 2176 opprobrium
1003 2116 1111 2157 non
1141 2098 1394 2156 sustinuit
1411 2112 1574 2170 super
1596 2096 1770 2154 vicino
1806 2109 1925 2151 suo.
1957 2092 2144 2164 Despi-

558 2199 699 2257 citur
725 2196 893 2253 oculis
919 2194 1039 2266 ejus
1075 2191 1352 2264 improbus
1380 2192 1399 2224 ³
1417 2231 1435 2259 ,
1466 2190 1716 2246 timentes
1751 2196 1931 2244 autem
1956 2183 2142 2242 Domi-

551 2306 684 2350 num
723 2287 1010 2361 gloriﬁcat.
1064 2284 1217 2342 Jurat
1245 2293 1303 2340 ut
1325 2298 1386 2341 se
1410 2281 1649 2359 affligat,
1696 2288 1754 2336 et
1796 2292 1905 2335 non
1948 2282 2139 2333 mutat.

552 2379 841 2440 Pecuniam
864 2391 1020 2434 suam
1038 2390 1149 2432 non
1168 2373 1316 2431 dedit
1341 2373 1410 2431 ad
1429 2385 1646 2430 usuram
1664 2411 1682 2440 ,
1712 2377 1770 2427 et
1794 2382 2018 2425 munera
2041 2365 2140 2423 ad-

548 2488 740 2532 versus
765 2471 1042 2530 innoxium
1060 2483 1169 2525 non
1197 2465 1424 2538 aecepit.
1456 2464 1558 2533 Qui
1586 2463 1714 2544 facit
1731 2462 1870 2530 haec,
1892 2476 2001 2518 non
2022 2474 2142 2516 mo-

547 2552 759 2625 vebitur
794 2565 852 2621 in
879 2571 1164 2620 aeternum.
1211 2560 1281 2616 In
1309 2559 1508 2632 psalmo
1539 2572 1699 2614 xxut.
1728 2556 1859 2627 Quis
1890 2553 2143 2612 ascendet

547 2658 605 2714 in
640 2664 880 2713 montem
915 2651 1172 2710 Domini?
1213 2658 1308 2706 aut
1346 2648 1469 2721 quis
1504 2640 1667 2704 stabit
1700 2646 1757 2703 in
1792 2647 1912 2703 loco
1952 2651 2141 2701 sancto

545 2747 697 2819 ejus?
739 2745 1004 2801 lnnocens
1037 2739 1289 2798 manibus
1322 2749 1379 2796 et
1421 2737 1623 2795 mundo
1649 2736 1814 2794 corde
1832 2776 1851 2806 ,
1899 2735 1990 2807 qui
2030 2749 2141 2791 non

547 2836 802 2897 exaltavit
829 2835 1026 2891 frustra
1044 2832 1278 2890 animam
1303 2845 1476 2897 suam,
1503 2837 1560 2887 et
1583 2844 1693 2886 non
1709 2827 1910 2899 juravit
1926 2825 2137 2884 dolose.

548 2928 792 3001 Accipiet
835 2925 1267 2983 benedictionem
1302 2939 1335 2979 a
1368 2921 1598 2979 Domino
1616 2961 1632 2989 ,
1674 2928 1731 2976 et
1773 2919 2037 2992 justitiam
2061 2919 2083 2950 ³
2106 2933 2140 2973 a

547 3021 663 3078 Deo
686 3018 907 3078 salutari
933 3032 1051 3074 suo.
1093 3015 1159 3072 In
1186 3015 1384 3087 psalmo
1409 3029 1555 3069 xxvr.
1596 3011 1712 3068 Lux
1741 3025 1861 3066 mea
1881 3007 2140 3065 Dominus

546 3122 604 3170 et
624 3113 863 3170 salutare
886 3124 1067 3167 meum
1083 3150 1101 3178 ,
1132 3123 1291 3180 quem
1317 3105 1558 3163 timebo?
1599 3102 1860 3161 Dominus
1883 3100 2140 3157 fortitudo

545 3206 670 3263 vita:
690 3220 847 3273 meai,
876 3218 1035 3275 quem
1055 3199 1389 3257 formidabat
1415 3195 1485 3253 Et
1509 3207 1620 3270 post
1642 3203 1857 3268 quatuor
1879 3208 2053 3249 versus
2071 3191 2094 3225 ³
2118 3210 2136 3251 :

549 3297 609 3355 Si
624 3284 873 3354 steterint
911 3293 1196 3349 adversum
1243 3306 1335 3347 me
1377 3296 1551 3345 castra
1573 3329 1591 3356 ,
1632 3302 1743 3343 non
1789 3284 2000 3342 timebit
2045 3298 2141 3340 eor

544 3404 746 3447 meum.
785 3387 844 3446 Si
872 3385 1167 3444 surrexerit
1189 3391 1375 3440 contra
1402 3396 1492 3437 me
1530 3379 1728 3436 bellum
1751 3419 1770 3448 ,
1813 3378 1869 3433 in
1911 3377 2015 3434 hoc
2039 3389 2141 3447 ego

545 3480 831 3539 confidam.
876 3478 1053 3538 Unum
1082 3476 1209 3550 petii
1246 3491 1279 3530 a
1302 3474 1558 3541 Domino,
1608 3481 1663 3529 et
1688 3471 1792 3528 lioc
1818 3468 2088 3541 requiram
2119 3486 2135 3524 :

545 3580 609 3630 ut
651 3571 887 3629 habitem
924 3571 981 3627 in
1027 3569 1188 3625 domo
1225 3564 1459 3633 Domini,
1484 3563 1735 3621 omnibus
1775 3560 1967 3619 diebus
2014 3560 2140 3636 vita:

547 3680 719 3731 meat;
749 3672 808 3719 ut
829 3661 1039 3719 videam
1060 3657 1508 3731 pulchritudinem
1529 3654 1763 3722 Domini,
1791 3662 1848 3710 et
1866 3651 2138 3709 attendam

546 3757 809 3830 templum
843 3754 979 3826 ejus.
1026 3752 1094 3810 Et
1136 3752 1386 3808 alio‘loco
1415 3765 1434 3809 .'
1463 3749 1584 3805 Tibi
1629 3747 1764 3804 dixit
1802 3760 1895 3804 cor
1932 3761 2135 3815 meum,

543 3849 776 3920 Quaesivi
788 3847 991 3906 vultum
1009 3846 1154 3917 ejus;
1172 3845 1362 3900 faciem
1376 3852 1540 3909 tuam,
1566 3840 1814 3909 Domine,
1843 3840 2135 3912 requiram.

544 3941 615 3999 Et
644 3949 819 4013 postea
848 3956 867 3995 :
900 3938 1162 4007 Exspecta
1188 3934 1472 3990 Dominum
1490 3974 1506 4001 ,
1539 3930 1858 3998 confortare,
1889 3939 1945 3986 et
1971 3929 2136 3987 robo-

542 4042 693 4090 retur
710 4046 807 4088 cor
830 4039 1002 4097 tuum,
1025 4035 1081 4084 et
1107 4026 1314 4083 sustine
1334 4023 1636 4082 Dominum.
1660 4022 1730 4077 In
1754 4022 1952 4094 psalmo
1967 4035 2134 4076 xxvn.

540 4124 622 4184 Nc
647 4122 829 4180 tradas
852 4137 941 4179 me
965 4135 1089 4177 cum
1113 4117 1313 4190 impiis,
1337 4125 1393 4173 et
1417 4132 1538 4172 cum
1566 4115 1915 4187 operantibus
1937 4112 2136 4184 iniqui-

548 4225 751 4284 tatem;
791 4213 883 4286 qui
907 4213 1200 4284 loquuntur
1223 4223 1409 4281 pacem
1431 4223 1552 4263 cum
1586 4205 1774 4262 amicis
1798 4206 1907 4261 suis
1931 4246 1947 4273 ,
1975 4213 2032 4260 et
2053 4212 2138 4260 est

541 4310 741 4369 malum
761 4308 818 4364 in
842 4305 1010 4364 corde
1027 4319 1235 4361 eorum.
1263 4302 1333 4357 1η
1360 4302 1555 4373 psalmo
1570 4315 1697 4356 xxx.
1726 4297 2132 4367 Confortamini,

542 4410 600 4458 et
625 4400 908 4457 roboretur
935 4412 1031 4453 cor
1050 4404 1312 4462 vestrum,
1343 4407 1533 4449 omnes
1563 4390 1665 4462 qui
1682 4388 2005 4461 exspectatis
2023 4388 2134 4445 Do-

539 4495 765 4551 minum.
811 4490 881 4547 In
909 4486 1108 4563 psalmo
1151 4502 1297 4543 xxxi.
1347 4485 1523 4543 Nolite
1564 4483 1681 4540 ﬁeri
1717 4482 1855 4538 sicut
1888 4495 2058 4553 equus
2080 4489 2137 4538 et

539 4586 738 4653 mulus,
768 4583 961 4655 quibus
982 4595 1093 4637 non
1115 4590 1201 4637 est
1227 4577 1601 4649 intelligentia.
1625 4574 1686 4630 ln
1707 4573 1899 4631 chamo
1913 4581 1968 4630 et
1982 4571 2134 4630 freno

539 4679 783 4739 maxillas
809 4691 996 4734 eorum
1022 4673 1331 4745 constringe
1354 4712 1370 4742 ,
1414 4670 1503 4741 qui
1530 4685 1636 4726 non
1663 4667 2042 4739 approximant
2063 4664 2134 4723 ad

544 4782 619 4830 te.
660 4771 811 4828 Multi
836 4769 1049 4826 dolores
1092 4766 1272 4839 impii;
1317 4764 1677 4821 confidentem
1711 4771 1890 4819 autem
1932 4760 1987 4816 in
2027 4760 2135 4819 Do-

541 4865 690 4924 mino
717 4860 1085 4919 misericordia
1112 4856 1479 4916 circumdabit.
1514 4853 1795 4912 Lmtamini
1831 4853 1887 4911 in
1904 4852 2134 4910 Domino

538 4969 594 5017 ct
629 4958 924 5025 exsultate,
965 4956 1134 5027 justi;
1175 4962 1231 5009 et
1260 4952 1486 5025 gaudete
1507 4991 1523 5019 ,
1561 4963 1751 5007 omnes
1786 4948 1921 5005 recti
1946 4947 2129 5005 corde.

538 5052 607 5111 In
632 5052 827 5125 psalmo
854 5064 1023 5105 xxxn.
1070 5046 1307 5103 Laudate
1330 5086 1346 5112 ,
1378 5043 1537 5115 justi,
1581 5041 1907 5106 Dominum;
1951 5049 2133 5099 rectos

536 5144 689 5202 decet
716 5139 965 5197 laudatio.
991 5136 1176 5194 Etalio
1193 5136 1303 5192 loco
1325 5151 1344 5190 :
1363 5135 1523 5192 Beata
1547 5148 1679 5206 gens
1707 5132 1859 5203 cujus
1876 5132 2133 5189 Dominus

536 5237 682 5294 Deus
701 5236 839 5307 ejus,
866 5233 1097 5306 populus
1120 5246 1278 5302 quem
1299 5231 1459 5301 elegit
1486 5229 1747 5284 Dominus
1770 5228 1827 5284 in
1851 5225 2132 5283 haeredita-

507 5339 643 5386 -tem
674 5327 797 5385 sibi.
842 5325 912 5382 In
946 5322 1144 5397 psalmo
1168 5338 1355 5379 xxxiii.
1406 5320 1728 5377 Benedicam
1756 5318 2042 5374 Dominum
2074 5317 2131 5372 in

510 5422 683 5485 omni
709 5429 982 5492 tempore;
1022 5431 1233 5488 semper
1255 5415 1373 5471 laus
1402 5413 1520 5484 ejus
1544 5413 1598 5467 in
1632 5428 1729 5468 ore
1758 5426 1898 5467 meo.
1930 5409 1989 5464 ln
2025 5410 2130 5467 Do-

598 5583 617 5614 ι
640 5578 792 5651 sicad
808 5583 916 5651 Mss.
936 5573 1429 5651 ﬁdemcorreximus:
1449 5568 1535 5619 ubi
1573 5568 1626 5617 in
1831 5564 2128 5629 legebatur:

599 5634 1340 5775 miwﬁagfmogg:
1366 5707 1487 5747 vero
1517 5692 1659 5757 juxta
1689 5688 1962 5754 Hieronymi
1996 5686 2128 5741 Psal-

533 5770 1001 5831 ῐθιῖίυιηνῖυδιπίφῐι·
1073 5829 1079 5831 Α
1301 5820 1331 5831 ..
1607 5823 1661 5831 _,

599 5829 620 5860 ³
643 5835 691 5875 ιιι
711 5820 843 5889 prius
864 5824 1023 5888 editis,
1036 5829 1082 5875 et
1096 5823 1199 5888 post
1218 5820 1390 5875 tertius
1405 5831 1587 5874 versus.
1607 5820 1897 5884 Bcponimus
1919 5826 1985 5867 ex
1997 5820 2127 5880 νεα,

532 5896 580 5944 α
596 5895 703 5954 post
717 5894 937 5953 quatuor.

1763 413 1824 470 S.
1863 410 2230 472 AUGUSTINI
2248 412 2629 505 .SPECULUM

2252 529 2400 585 mino
2416 530 2718 588 laudabitur
2730 532 2912 590 anima
2928 548 3048 591 mea
3065 551 3082 605 ;
3098 534 3321 593 audiant
3337 524 3499 595 mites
3513 537 3846 599 etlaeteutur.

2251 617 2583 690 Magniﬁcate
2610 622 2896 680 Dominum
2929 640 3144 682 mecum
3166 667 3184 695 ,
3230 636 3287 683 et
3325 628 3624 687 exaltemus
3650 646 3846 691 nomen

2252 711 2370 782 ejus
2410 713 2629 782 pariter.
2682 712 2752 769 Et
2793 725 2908 788 post
2946 733 3133 788 paucos
3171 735 3343 776 versas
3366 735 3385 774 :
3418 719 3643 778 Gustate
3679 732 3739 780 et
3770 725 3824 780 vi

2252 800 2412 872 dcte,
2442 802 2567 875 quia
2608 803 2784 862 bonus
2828 807 3125 875 Dominus;
3167 807 3361 867 beatus
3398 809 3484 867 vir
3522 811 3615 883 qui
3660 825 3849 884 sperat

2250 890 2307 948 in
2334 908 2421 951 eo.
2469 894 2675 955 Timete
2704 897 2990 957 Dominum
3010 938 3026 966 ,
3058 900 3229 961 sancti
3261 900 3408 973 ejus;
3452 903 3707 973 quoniam
3736 920 3847 962 non

2251 993 2335 1041 est
2386 985 2567 1058 inopia
2612 989 2925 1047 timentibus
2963 1007 3109 1048 eum.
3155 992 3365 1051 Leones
3410 995 3802 1067 indiguerunt‘
3825 1039 3844 1067 ,

2249 1086 2307 1134 et
2346 1079 2683 1151 BSurierunt;
2730 1084 3097 1156 quaerentibus
3134 1095 3316 1144 autem
3362 1087 3648 1145 Dominum
3667 1131 3685 1158 ,
3735 1106 3845 1147 non

2249 1169 2423 1229 deerit
2473 1188 2636 1232 omne
2691 1175 2914 1234 bonum.
2996 1178 3186 1237 Venite
3207 1220 3225 1248 ,
3282 1179 3418 1248 ﬁlii,
3485 1182 3664 1239 audite
3713 1199 3843 1252 me;

2249 1265 2496 1325 timorem
2521 1268 2732 1326 Domini
2758 1270 2965 1328 docebo
3006 1289 3121 1330 vos.
3163 1273 3296 1343 Quis
3336 1284 3423 1333 est
3460 1275 3545 1333 vir
3579 1277 3675 1348 qui
3710 1277 3846 1334 velit

2248 1361 2436 1432 vitam,
2477 1362 2706 1437 diligens
2741 1366 2929 1425 videre
2969 1366 3085 1427 dies
3124 1368 3331 1426 bonos?
3358 1368 3577 1427 Custodi
3604 1369 3845 1443 linguam

2249 1460 2395 1510 tuam
2422 1469 2455 1511 a
2482 1456 2647 1526 malo,
2686 1467 2743 1515 et
2770 1458 2909 1516 labia
2950 1466 3040 1515 tua
3077 1475 3147 1517 ne
3181 1460 3467 1533 loquantur
3493 1460 3698 1519 dolum.
3731 1462 3845 1519 Re-

2249 1547 2381 1604 cede
2399 1562 2432 1604 a
2449 1549 2615 1618 malo,
2641 1558 2699 1607 et
2723 1551 2809 1608 fac
2840 1540 3074 1625 bonum;
3114 1568 3298 1625 quaere
3326 1567 3535 1625 pacem,
3575 1561 3633 1611 et
3654 1568 3847 1626 perse-

2248 1654 2416 1711 quere
2437 1657 2577 1698 eam.
2599 1642 2669 1699 Et
2687 1653 2801 1716 post
2818 1654 3010 1718 septem
3026 1660 3198 1702 versus
3213 1648 3270 1707 ’ς
3293 1646 3454 1704 Juxta
3478 1655 3561 1703 est
3583 1646 3846 1704 Dominus

2248 1732 2491 1789 contritis
2513 1732 2698 1801 corde,
2725 1743 2781 1790 et
2797 1723 3099 1794 confractus
3122 1734 3312 1808 spiritu
3335 1735 3578 1793 salvabit.
3602 1733 3673 1791 In
3693 1735 3842 1809 psal-

2248 1838 2333 1878 mo
2355 1837 2540 1880 xxxvr.
2559 1823 2679 1881 Noli
2694 1826 3021 1883 contendere
3037 1842 3160 1883 cum
3181 1827 3450 1899 malignis,
3475 1842 3649 1898 neque
3673 1841 3848 1882 azmu-

2250 1912 2378 1972 leris
2412 1913 2667 1973 facientes
2708 1915 3064 1989 iniquitatem.
3099 1918 3363 1987 Quoniam
3391 1919 3529 1975 sicut
3555 1917 3727 1975 herba
3745 1933 3847 1974 ve-

2249 2003 2437 2062 lociter
2451 2014 2798 2064 conterentur
2810 2024 2827 2072 ;
2844 2017 2902 2066 et
2912 2009 3051 2066 sicut
3069 2009 3189 2066 olus
3204 2009 3372 2065 viride
3385 2016 3652 2066 arescent.
3671 2006 3848 2078 Spera

2248 2097 2305 2155 in
2326 2099 2572 2167 Domino,
2594 2108 2653 2156 et
2667 2101 2749 2158 fac
2770 2101 3001 2170 bonum;
3029 2102 3375 2174 peregrinare
3392 2102 3446 2158 in
3473 2110 3638 2169 terra,
3664 2108 3724 2157 et
3746 2114 3848 2170 pa-

2248 2204 2403 2248 scere
2424 2192 2550 2249 ﬁde.
2577 2192 2685 2249 Et'
2703 2192 2974 2251 delectare
2999 2194 3057 2252 in
3084 2193 3333 2260 Domino,
3365 2203 3420 2250 et
3447 2194 3595 2249 dabit
3615 2192 3715 2249 tibi
3745 2207 3847 2262 pe-

2249 2282 2466 2339 titiones
2485 2282 2665 2339 cordis
2685 2284 2781 2340 tui.
2803 2282 3008 2342 Volve‘
3027 2300 3191 2356 super
3208 2284 3493 2340 Dominum
3513 2283 3653 2339 viam
3672 2292 3847 2353 tuam,

2248 2382 2306 2431 et
2321 2375 2531 2432 conﬁde
2550 2376 2604 2433 in
2629 2392 2717 2444 eo,
2745 2384 2802 2433 et
2826 2377 2942 2449 ipse
2965 2375 3144 2434 faciet.
3176 2376 3247 2432 Et
3282 2376 3478 2435 educet
3501 2376 3643 2432 sicut
3658 2376 3852 2431 lumen

2244 2466 2503 2537 justitiam
2539 2477 2708 2537 tuam,
2755 2477 2811 2525 et
2852 2468 3114 2540 judicium
3163 2478 3314 2525 tuum
3358 2469 3498 2525 sicut
3537 2467 3848 2524 meridiem.

2247 2558 2391 2617 Tace
2417 2559 2667 2627 Domino,
2698 2568 2757 2617 et
2789 2570 3043 2632 exspecta
3065 2576 3191 2618 cum
3214 2578 3229 2616 :
3252 2561 3364 2617 noli
3389 2559 3718 2617 contendere
3743 2558 3851 2615 ad-

2246 2666 2435 2708 versus
2461 2666 2586 2708 eum
2613 2652 2704 2724 qui
2731 2651 2945 2723 proﬁcit
2983 2653 3039 2708 in
3087 2653 3173 2709 via
3213 2668 3330 2721 sua,
3375 2652 3634 2709 adversus
3667 2653 3853 2708 virum

2246 2742 2342 2813 qui
2362 2742 2490 2800 facit
2511 2758 2633 2815 qua:
2659 2745 2876 2815 cogitat.
2906 2742 3129 2800 Dimitte
3163 2743 3318 2811 iram,
3341 2752 3397 2800 et
3423 2743 3666 2814 relinque
3688 2742 3865 2799 furov.

2245 2848 2392 2901 rem;
2422 2826 2533 2890 noli
2573 2834 2922 2901 contendere,
2963 2842 3026 2891 ut
3062 2834 3206 2890 male
3233 2833 3418 2891 facias.
3449 2833 3715 2902 Quoniam
3750 2833 3855 2906 qui

2245 2925 2389 2982 male
2411 2924 2632 2994 faciunt,
2674 2927 2994 2995 interibunt;
3039 2936 3413 2998 exspectantes
3442 2936 3623 2983 autem
3650 2925 3853 2982 Domi-

2245 3030 2394 3084 num,
2442 3016 2544 3088 ipsi
2585 3007 2978 3074 haereditabuut
3017 3027 3236 3073 terram.
3265 3017 3459 3073 Adhuc
3484 3016 3629 3074 enim
3667 3017 3857 3074 modi-

2248 3122 2393 3176 cum,
2410 3108 2694 3165 etnonerit
2705 3108 2905 3179 impius
2916 3124 2934 3176 ;
2947 3118 3000 3164 et
3013 3108 3273 3179 cogitabis
3297 3108 3367 3164 de
3383 3107 3503 3164 loco
3513 3106 3648 3179 ejus,
3662 3116 3857 3164 etnon
3941 3143 3946 3149 -

2247 3198 2524 3257 subsistet.
2536 3199 2691 3256 Mites
2702 3211 2884 3255 autem
2896 3199 3289 3256 haereditabunt
3301 3208 3522 3267 terram,
3541 3207 3598 3255 et
3609 3198 3860 3258 delecta-

2244 3290 2447 3348 buntur
2472 3291 2529 3348 in
2554 3291 2894 3348 multitudine
2917 3292 3083 3363 pacis.
3110 3290 3182 3346 Et
3206 3292 3360 3363 paulo
3382 3300 3495 3363 post
3516 3306 3536 3346 :
3554 3289 3742 3347 Melius
3764 3301 3861 3349 est

2247 3396 2435 3453 parum
2462 3384 2627 3456 justo,
2659 3399 2822 3455 super
2850 3383 3070 3440 divitias
3112 3383 3399 3455 impiorum
3441 3382 3658 3439 multas.
3708 3381 3859 3452 Quia

2244 3475 2464 3532 brachia
2489 3474 2776 3546 impiorum
2799 3474 3234 3547 confringentur;
3264 3474 3505 3532 sublevat
3545 3482 3730 3530 autem
3753 3474 3861 3546 ju-

2247 3578 2363 3626 stos
2387 3569 2665 3627 Dominus.
2703 3569 2885 3640 Etpost
2922 3570 3237 3640 aliquantum
3257 3585 3277 3623 :
3298 3566 3510 3625 Recede
3534 3582 3569 3623 a
3595 3567 3762 3635 malo,
3802 3578 3863 3625 et

2245 3662 2332 3719 fac
2371 3661 2592 3719 bonum.
2633 3660 2704 3717 Et
2726 3661 2885 3716 alibi:
2906 3660 3174 3732 Exspecta
3214 3659 3519 3729 Dominum,
3550 3667 3607 3715 et
3632 3658 3861 3717 custodi

2247 3756 2388 3811 viam
2417 3755 2566 3825 ejus;
2593 3763 2650 3812 et
2676 3755 2930 3811 exaltabit
2955 3762 3027 3820 te,
3068 3763 3129 3810 ut
3171 3752 3447 3825 possideas
3484 3763 3707 3810 terram.
3735 3754 3860 3810 Cu-

2247 3845 2388 3902 stodi
2408 3844 2823 3915 simplicitatem,
2851 3853 2907 3901 et
2932 3844 3055 3901 vide
3092 3853 3329 3911 tectum;
3369 3844 3496 3915 quia
3518 3842 3624 3900 erit
3645 3843 3718 3900 ad
3742 3858 3861 3902 ex-

2246 3946 2476 3994 tremum
2502 3938 2618 3993 viro
2646 3952 2770 4007 pax.
2792 3936 2863 3992 In
2886 3935 3085 4007 psalmo
3108 3951 3290 4024 xxxix.
3313 3936 3505 3993 Beatus
3528 3936 3611 3991 vir
3628 3937 3722 4006 qui
3745 3952 3861 4007 po-

2246 4029 2356 4086 suit
2382 4028 2668 4085 Dominum
2685 4027 2709 4061 ⁸
2736 4025 3115 4084 conﬁdentiam
3142 4040 3316 4096 suam,
3357 4035 3414 4083 et
3440 4042 3546 4082 non
3576 4035 3661 4083 est
3680 4041 3859 4084 aver-

2244 4136 2339 4179 sus
2362 4119 2432 4176 ad
2451 4119 2730 4190 superbias
2744 4133 3074 4190 pompasque
3087 4116 3372 4175 mendacii.
3388 4115 3459 4173 In
3475 4117 3674 4189 psalmo
3690 4133 3854 4175 xuii.

2243 4211 2304 4268 ln
2329 4211 2558 4268 Domino
2584 4210 2937 4283 gaudebimus
2967 4219 3075 4266 tota
3099 4208 3209 4278 die,
3237 4218 3295 4266 et
3322 4210 3378 4265 in
3414 4209 3635 4267 nomine
3660 4217 3755 4266 tuo
3792 4210 3855 4268 in

2243 4312 2505 4361 aeternum
2527 4302 2921 4359 conﬁtebimur.
2949 4302 3020 4357 Et
3038 4301 3194 4372 paulo
3212 4309 3327 4373 post
3340 4317 3361 4356 .'
3388 4299 3579 4357 Omnia
3604 4300 3723 4358 haec
3739 4317 3855 4360 ve-

2243 4408 2442 4455 nerunt
2477 4412 2639 4469 super
2662 4411 2794 4465 nos;
2824 4404 3017 4453 et-non
3040 4407 3226 4451 sumus
3253 4393 3406 4450 obliti
3427 4393 3525 4461 tui,
3552 4407 3655 4450 nec
3679 4408 3855 4451 men-

2243 4489 2327 4546 titi
2351 4489 2546 4546 fuimus
2572 4488 2629 4544 in
2658 4496 2814 4559 pacto
2841 4495 2954 4543 tuo.
2982 4484 3104 4545 Non
3122 4493 3208 4542 est
3229 4498 3549 4541 conversum
3575 4493 3722 4540 retro
3740 4498 3857 4543 cor

2242 4595 2509 4649 nostrum,
2550 4596 2651 4638 nec
2690 4579 3094 4637 declinaverunt
3131 4591 3347 4649 gressus
3388 4575 3559 4632 nostri
3587 4591 3620 4632 a
3645 4577 3854 4634 semita

2242 4686 2354 4734 tua.
2383 4670 2650 4743 Quoniam
2677 4670 2918 4742 deiecisti
2937 4685 3038 4726 nos
3063 4668 3118 4724 in
3146 4668 3268 4725 loco
3292 4667 3605 4735 draconum,
3632 4675 3688 4724 et
3707 4682 3854 4739 ope—

2241 4769 2397 4828 ruisti
2420 4782 2520 4824 nos
2550 4766 2740 4823 umbra
2767 4764 2977 4820 mortis.
3008 4762 3067 4819 Si
3092 4761 3243 4822 obliti
3268 4776 3456 4818 sumus
3479 4760 3713 4818 nominis
3739 4761 3851 4820 Dei

2241 4864 2433 4931 nostri,
2462 4871 2519 4919 et
2549 4859 2902 4933 expendimus
2926 4865 3120 4913 manus
3158 4865 3372 4912 nostras
3397 4854 3466 4910 ad
3504 4854 3674 4911 Deum
3698 4854 3848 4914 alie-

2240 4971 2400 5019 num;
2427 4951 2687 5024 numquid
2714 4966 2823 5008 non
2844 4950 2985 5007 Deus
3000 4946 3526 5019 investigabitistud?
3552 4946 3668 5019 ipse
3688 4947 3847 5005 enim

2239 5051 2389 5107 novit
2415 5046 2767 5121 cogitationes
2793 5042 2993 5102 cordis.
3023 5041 3286 5111 Quoniam
3316 5048 3535 5112 propter
3560 5048 3612 5096 te
3634 5045 3845 5099 morti-

2302 5251 2321 5283 ί
2338 5250 2547 5321 Αεὶοιμββ.
2558 5236 2993 5321 juxta
3014 5239 3312 5303 Psalterium.
3347 5243 3407 5288 At
3435 5236 3558 5321 editi
3577 5236 3659 5288 hic
3679 5236 3849 5289 habe-

2236 5311 2371 5371 bant,
2395 5309 2561 5362 divites
2577 5309 2903 5374 t'ndt'guertmt.
3510 5318 3522 5329 -
3799 5363 3813 5373 _

2301 5375 2322 5406 ³
2346 5374 2481 5447 aditi,
2500 5378 2547 5422 et
2566 5376 2669 5436 post
2690 5372 2892 5432 quartus
2912 5377 3096 5418 versus.
3120 5369 3178 5413 At
3208 5371 3334 5423 Mss,
3354 5368 3400 5413 et
3420 5365 3523 5436 post
3760 5366 3853 5412 sic

2236 5437 2284 5474 in
2311 5435 2454 5474 PIIIIIS
2497 5433 2789 5474 nlnrnmmle
2825 5441 3062 5474 numerus
3095 5424 3330 5474 mendose
3362 5436 3584 5474 630111118
3729 5457 3745 5474 ι
3786 5430 3851 5474 οι

2236 5437 2295 5504 in
2311 5424 2480 5485 editis'
2497 5424 2789 5504 plerumque
2825 5441 3078 5504 numerus
3095 5424 3341 5504 mentitae.
3362 5424 3745 5504 exprimebatur,
3786 5430 3851 5474 et
3865 5458 3902 5504 ﬁ.

2235 5498 2378 5549 aliter
2399 5489 2548 5560 auide
2570 5498 2621 5546 in
2643 5489 2749 5560 Mss-
2772 5493 2901 5555 quod
2925 5489 3081 5560 semel
3369 5489 3663 5560 animum,
3701 5543 3815 5560 _-_.
3855 5489 3904 5560 ἐξ

2301 5522 3673 5631 ἷδιᾌᾞέἰέἓέᾚπᾷἓῧὶἓιξῒιῗῖἕιὶὶῢίιΐῖῷὄὶἶῖείἲη
3701 5522 3909 5597 νωμᾶ

2237 5626 2362 5674 terio
2382 5626 2558 5672 Hieron
2589 5626 2671 5671 mi.

2297 5686 2320 5718 δ
2343 5691 2473 5734 ιιον..
2497 5635 2670 5734 mium.
2707 5680 2793 5731 Ali’
2814 5679 3010 5731 codices
3032 5676 3149 5727 editi
3187 5681 3239 5724 et
3273 5674 3435 5734 scripti

2297 5668 2670 5756 λξὶόξξζὲιόῐιὶὶῖιζ
2707 5680 2793 5731 Ali’
2814 5679 3010 5731 codices
3032 5676 3149 5727 editi
3187 5681 3239 5724 et
3273 5674 3455 5741 saipu,
3502 5668 3649 5731 volve,
3684 5670 3845 5732 juxta

2233 5747 2374 5799 Psalt.
2400 5747 2671 5811 uieronym.
3239 5800 3249 5809 .
3542 5796 3552 5807 _

2633 5807 2750 5858 etin
2772 5802 2915 5856 Psalt.
2941 5804 3134 5853 Hieron.
3162 5796 3467 5876 AtmeditiS,
3505 5796 3603 5860 διον
3631 5802 3842 5864 φημ’·

2349 5880 2588 5924 mDeum.
