  <div class='ocr_page' id='page_1' title='image "/cluster/home/n/w/nwhite01/storage/ocr_20150623/34/hvd.32044015706310/458.png"; bbox 0 0 4110 6440; ppageno 0'>
   <div class='ocr_carea' id='block_1_1' title="bbox 336 343 440 402">
    <p class='ocr_par' dir='ltr' id='par_1_1' title="bbox 336 343 440 402">
     <span class='ocr_line' id='line_1_1' title="bbox 336 343 440 402; baseline -0.029 0"><span class='ocrx_word' id='word_1_1' title='bbox 336 343 440 402; x_wconf 66' lang='lat'><strong>965</strong></span> 
     </span>
    </p>
   </div>
   <div class='ocr_carea' id='block_1_2' title="bbox 340 450 1917 524">
    <p class='ocr_par' dir='ltr' id='par_1_2' title="bbox 340 450 1917 524">
     <span class='ocr_line' id='line_1_2' title="bbox 340 450 1917 524; baseline -0.01 -9"><span class='ocrx_word' id='word_1_2' title='bbox 340 460 477 515; x_wconf 80' lang='lat' dir='ltr'><strong>lica;i</strong></span> <span class='ocrx_word' id='word_1_3' title='bbox 500 473 684 518; x_wconf 74' lang='lat' dir='ltr'><strong>sumus</strong></span> <span class='ocrx_word' id='word_1_4' title='bbox 712 464 816 510; x_wconf 89' lang='lat' dir='ltr'><strong>tota</strong></span> <span class='ocrx_word' id='word_1_5' title='bbox 846 454 951 521; x_wconf 88' lang='lat' dir='ltr'><strong>die,</strong></span> <span class='ocrx_word' id='word_1_6' title='bbox 989 454 1213 524; x_wconf 90' lang='lat' dir='ltr'><strong>reputati</strong></span> <span class='ocrx_word' id='word_1_7' title='bbox 1243 468 1423 507; x_wconf 89' lang='lat' dir='ltr'><strong>sumus</strong></span> <span class='ocrx_word' id='word_1_8' title='bbox 1460 460 1517 506; x_wconf 94' lang='lat' dir='ltr'><strong>ut</strong></span> <span class='ocrx_word' id='word_1_9' title='bbox 1541 467 1667 522; x_wconf 73' lang='lat' dir='ltr'><strong>grex</strong></span> <span class='ocrx_word' id='word_1_10' title='bbox 1695 450 1917 504; x_wconf 82' lang='lat' dir='ltr'><strong>occisio-</strong></span> 
     </span>
    </p>
   </div>
   <div class='ocr_carea' id='block_1_3' title="bbox 338 539 1922 619">
    <p class='ocr_par' dir='ltr' id='par_1_3' title="bbox 338 539 1922 619">
     <span class='ocr_line' id='line_1_3' title="bbox 338 539 1922 619; baseline -0.009 -12"><span class='ocrx_word' id='word_1_11' title='bbox 338 552 442 607; x_wconf 85' lang='lat' dir='ltr'><strong>nis.</strong></span> <span class='ocrx_word' id='word_1_12' title='bbox 474 548 541 604; x_wconf 82' lang='lat' dir='ltr'><strong>ln</strong></span> <span class='ocrx_word' id='word_1_13' title='bbox 583 550 776 619; x_wconf 82' lang='lat' dir='ltr'><strong>psalmo</strong></span> <span class='ocrx_word' id='word_1_14' title='bbox 816 562 955 600; x_wconf 76' lang='lat' dir='ltr'><strong>xLVt.</strong></span> <span class='ocrx_word' id='word_1_15' title='bbox 984 546 1169 600; x_wconf 80' lang='lat' dir='ltr'><strong>Canite</strong></span> <span class='ocrx_word' id='word_1_16' title='bbox 1209 545 1337 607; x_wconf 90' lang='lat' dir='ltr'><strong>Deo,</strong></span> <span class='ocrx_word' id='word_1_17' title='bbox 1372 544 1579 597; x_wconf 85' lang='lat' dir='ltr'><strong>eanite:</strong></span> <span class='ocrx_word' id='word_1_18' title='bbox 1608 541 1781 595; x_wconf 91' lang='lat' dir='ltr'><strong>canite</strong></span> <span class='ocrx_word' id='word_1_19' title='bbox 1812 539 1922 608; x_wconf 88' lang='lat' dir='ltr'><strong>regi</strong></span> 
     </span>
    </p>
   </div>
   <div class='ocr_carea' id='block_1_4' title="bbox 340 630 1925 705">
    <p class='ocr_par' dir='ltr' id='par_1_4' title="bbox 340 630 1925 705">
     <span class='ocr_line' id='line_1_4' title="bbox 340 630 1925 705; baseline -0.009 -8"><span class='ocrx_word' id='word_1_20' title='bbox 340 651 547 705; x_wconf 87' lang='lat' dir='ltr'><strong>nostro,</strong></span> <span class='ocrx_word' id='word_1_21' title='bbox 572 640 764 693; x_wconf 90' lang='lat' dir='ltr'><strong>canite.</strong></span> <span class='ocrx_word' id='word_1_22' title='bbox 798 638 931 704; x_wconf 86' lang='lat' dir='ltr'><strong>Quia</strong></span> <span class='ocrx_word' id='word_1_23' title='bbox 959 652 1051 691; x_wconf 78' lang='lat' dir='ltr'><strong>rex</strong></span> <span class='ocrx_word' id='word_1_24' title='bbox 1078 636 1340 689; x_wconf 73' lang='lat' dir='ltr'><strong>universm</strong></span> <span class='ocrx_word' id='word_1_25' title='bbox 1382 646 1536 688; x_wconf 70' lang='lat' dir='ltr'><strong>terra:</strong></span> <span class='ocrx_word' id='word_1_26' title='bbox 1562 632 1722 698; x_wconf 86' lang='lat' dir='ltr'><strong>Deus,</strong></span> <span class='ocrx_word' id='word_1_27' title='bbox 1752 630 1925 684; x_wconf 88' lang='lat' dir='ltr'><strong>eanite</strong></span> 
     </span>
    </p>
   </div>
   <div class='ocr_carea' id='block_1_5' title="bbox 340 720 1929 803">
    <p class='ocr_par' dir='ltr' id='par_1_5' title="bbox 340 720 1929 803">
     <span class='ocr_line' id='line_1_5' title="bbox 340 720 1929 803; baseline -0.01 -13"><span class='ocrx_word' id='word_1_28' title='bbox 340 734 573 790; x_wconf 87' lang='lat' dir='ltr'><strong>erudite.</strong></span> <span class='ocrx_word' id='word_1_29' title='bbox 598 730 663 786; x_wconf 85' lang='lat' dir='ltr'><strong>In</strong></span> <span class='ocrx_word' id='word_1_30' title='bbox 686 732 879 803; x_wconf 78' lang='lat' dir='ltr'><strong>psalmo</strong></span> <span class='ocrx_word' id='word_1_31' title='bbox 908 744 1048 783; x_wconf 64' lang='grc' dir='ltr'>χιιι.</span> <span class='ocrx_word' id='word_1_32' title='bbox 1074 728 1288 782; x_wconf 90' lang='lat' dir='ltr'><strong>lmmola</strong></span> <span class='ocrx_word' id='word_1_33' title='bbox 1313 727 1422 781; x_wconf 90' lang='lat' dir='ltr'><strong>Deo</strong></span> <span class='ocrx_word' id='word_1_34' title='bbox 1444 722 1672 789; x_wconf 84' lang='lat' dir='ltr'><strong>tandem,</strong></span> <span class='ocrx_word' id='word_1_35' title='bbox 1693 730 1745 776; x_wconf 89' lang='lat' dir='ltr'><strong>et</strong></span> <span class='ocrx_word' id='word_1_36' title='bbox 1764 720 1929 776; x_wconf 89' lang='lat' dir='ltr'><strong>redde</strong></span> 
     </span>
    </p>
   </div>
   <div class='ocr_carea' id='block_1_6' title="bbox 342 813 1927 879">
    <p class='ocr_par' dir='ltr' id='par_1_6' title="bbox 342 813 1927 879">
     <span class='ocr_line' id='line_1_6' title="bbox 342 813 1927 879; baseline -0.008 0"><span class='ocrx_word' id='word_1_37' title='bbox 342 824 620 879; x_wconf 79' lang='lat' dir='ltr'><strong>Altissimo</strong></span> <span class='ocrx_word' id='word_1_38' title='bbox 648 832 766 877; x_wconf 91' lang='lat' dir='ltr'><strong>vota</strong></span> <span class='ocrx_word' id='word_1_39' title='bbox 794 830 901 874; x_wconf 91' lang='lat' dir='ltr'><strong>tua.</strong></span> <span class='ocrx_word' id='word_1_40' title='bbox 933 819 1002 874; x_wconf 86' lang='lat' dir='ltr'><strong>Et</strong></span> <span class='ocrx_word' id='word_1_41' title='bbox 1031 820 1213 873; x_wconf 86' lang='lat' dir='ltr'><strong>invoca</strong></span> <span class='ocrx_word' id='word_1_42' title='bbox 1240 832 1325 873; x_wconf 89' lang='lat' dir='ltr'><strong>me</strong></span> <span class='ocrx_word' id='word_1_43' title='bbox 1356 818 1407 870; x_wconf 91' lang='lat' dir='ltr'><strong>in</strong></span> <span class='ocrx_word' id='word_1_44' title='bbox 1438 816 1525 869; x_wconf 89' lang='lat' dir='ltr'><strong>die</strong></span> <span class='ocrx_word' id='word_1_45' title='bbox 1553 813 1927 868; x_wconf 70' lang='lat' dir='ltr'><strong>tribulationis:</strong></span> 
     </span>
    </p>
   </div>
   <div class='ocr_carea' id='block_1_7' title="bbox 344 905 1927 983">
    <p class='ocr_par' dir='ltr' id='par_1_7' title="bbox 344 905 1927 983">
     <span class='ocr_line' id='line_1_7' title="bbox 344 905 1927 983; baseline -0.009 -14"><span class='ocrx_word' id='word_1_46' title='bbox 344 915 582 970; x_wconf 90' lang='lat' dir='ltr'><strong>liberabo</strong></span> <span class='ocrx_word' id='word_1_47' title='bbox 607 923 678 979; x_wconf 93' lang='lat' dir='ltr'><strong>te,</strong></span> <span class='ocrx_word' id='word_1_48' title='bbox 702 921 755 968; x_wconf 91' lang='lat' dir='ltr'><strong>et</strong></span> <span class='ocrx_word' id='word_1_49' title='bbox 770 910 1093 983; x_wconf 81' lang='lat' dir='ltr'><strong>glorificabis</strong></span> <span class='ocrx_word' id='word_1_50' title='bbox 1111 924 1213 965; x_wconf 90' lang='lat' dir='ltr'><strong>me.</strong></span> <span class='ocrx_word' id='word_1_51' title='bbox 1238 909 1403 977; x_wconf 91' lang='lat' dir='ltr'><strong>lmpio</strong></span> <span class='ocrx_word' id='word_1_52' title='bbox 1425 916 1599 961; x_wconf 90' lang='lat' dir='ltr'><strong>autem</strong></span> <span class='ocrx_word' id='word_1_53' title='bbox 1617 905 1749 959; x_wconf 73' lang='lat' dir='ltr'><strong>dixit</strong></span> <span class='ocrx_word' id='word_1_54' title='bbox 1769 906 1927 967; x_wconf 87' lang='lat' dir='ltr'><strong>Deus,</strong></span> 
     </span>
    </p>
   </div>
   <div class='ocr_carea' id='block_1_8' title="bbox 266 992 1928 1076">
    <p class='ocr_par' dir='ltr' id='par_1_8' title="bbox 266 992 1928 1076">
     <span class='ocr_line' id='line_1_8' title="bbox 266 992 1928 1076; baseline -0.008 -16"><span class='ocrx_word' id='word_1_55' title='bbox 266 992 267 999; x_wconf 30' lang='grc'><em>“</em></span> <span class='ocrx_word' id='word_1_56' title='bbox 344 1006 479 1076; x_wconf 83' lang='lat' dir='ltr'><strong>Quid</strong></span> <span class='ocrx_word' id='word_1_57' title='bbox 527 1005 621 1060; x_wconf 89' lang='lat' dir='ltr'><strong>tibi</strong></span> <span class='ocrx_word' id='word_1_58' title='bbox 650 1013 733 1059; x_wconf 92' lang='lat' dir='ltr'><strong>est</strong></span> <span class='ocrx_word' id='word_1_59' title='bbox 759 1018 881 1057; x_wconf 91' lang='lat' dir='ltr'><strong>cum</strong></span> <span class='ocrx_word' id='word_1_60' title='bbox 911 1001 1218 1057; x_wconf 83' lang='lat' dir='ltr'><strong>narratione</strong></span> <span class='ocrx_word' id='word_1_61' title='bbox 1249 1009 1632 1070; x_wconf 73' lang='lat' dir='ltr'><strong>prmceptorum</strong></span> <span class='ocrx_word' id='word_1_62' title='bbox 1663 1010 1928 1058; x_wconf 89' lang='lat' dir='ltr'><strong>meorum,</strong></span> 
     </span>
    </p>
   </div>
   <div class='ocr_carea' id='block_1_9' title="bbox 344 1087 1931 1167">
    <p class='ocr_par' dir='ltr' id='par_1_9' title="bbox 344 1087 1931 1167">
     <span class='ocr_line' id='line_1_9' title="bbox 344 1087 1931 1167; baseline -0.009 -13"><span class='ocrx_word' id='word_1_63' title='bbox 344 1110 398 1154; x_wconf 93' lang='lat' dir='ltr'><strong>ut</strong></span> <span class='ocrx_word' id='word_1_64' title='bbox 428 1113 669 1154; x_wconf 91' lang='lat' dir='ltr'><strong>assumas</strong></span> <span class='ocrx_word' id='word_1_65' title='bbox 704 1104 915 1167; x_wconf 89' lang='lat' dir='ltr'><strong>pactum</strong></span> <span class='ocrx_word' id='word_1_66' title='bbox 953 1109 1130 1149; x_wconf 91' lang='lat' dir='ltr'><strong>meum</strong></span> <span class='ocrx_word' id='word_1_67' title='bbox 1164 1092 1217 1146; x_wconf 90' lang='lat' dir='ltr'><strong>in</strong></span> <span class='ocrx_word' id='word_1_68' title='bbox 1247 1107 1341 1145; x_wconf 90' lang='lat' dir='ltr'><strong>ore</strong></span> <span class='ocrx_word' id='word_1_69' title='bbox 1381 1090 1505 1145; x_wconf 89' lang='lat' dir='ltr'><strong>tuo?</strong></span> <span class='ocrx_word' id='word_1_70' title='bbox 1530 1089 1628 1157; x_wconf 87' lang='lat' dir='ltr'><strong>Qui</strong></span> <span class='ocrx_word' id='word_1_71' title='bbox 1667 1087 1824 1142; x_wconf 90' lang='lat' dir='ltr'><strong>odisti</strong></span> <span class='ocrx_word' id='word_1_72' title='bbox 1847 1087 1931 1141; x_wconf 85' lang='lat' dir='ltr'><strong>di—</strong></span> 
     </span>
    </p>
   </div>
   <div class='ocr_carea' id='block_1_10' title="bbox 344 1180 1933 1258">
    <p class='ocr_par' dir='ltr' id='par_1_10' title="bbox 344 1180 1933 1258">
     <span class='ocr_line' id='line_1_10' title="bbox 344 1180 1933 1258; baseline -0.006 -14"><span class='ocrx_word' id='word_1_73' title='bbox 344 1188 643 1258; x_wconf 81' lang='lat' dir='ltr'><strong>sciplinam,</strong></span> <span class='ocrx_word' id='word_1_74' title='bbox 673 1197 727 1242; x_wconf 90' lang='lat' dir='ltr'><strong>et</strong></span> <span class='ocrx_word' id='word_1_75' title='bbox 756 1185 1025 1257; x_wconf 91' lang='lat' dir='ltr'><strong>projeeisti</strong></span> <span class='ocrx_word' id='word_1_76' title='bbox 1050 1184 1210 1239; x_wconf 89' lang='lat' dir='ltr'><strong>verba</strong></span> <span class='ocrx_word' id='word_1_77' title='bbox 1238 1198 1354 1238; x_wconf 91' lang='lat' dir='ltr'><strong>mea</strong></span> <span class='ocrx_word' id='word_1_78' title='bbox 1383 1190 1502 1251; x_wconf 91' lang='lat' dir='ltr'><strong>post</strong></span> <span class='ocrx_word' id='word_1_79' title='bbox 1530 1190 1601 1235; x_wconf 93' lang='lat' dir='ltr'><strong>te.</strong></span> <span class='ocrx_word' id='word_1_80' title='bbox 1625 1181 1681 1234; x_wconf 92' lang='lat' dir='ltr'><strong>Si</strong></span> <span class='ocrx_word' id='word_1_81' title='bbox 1715 1180 1933 1234; x_wconf 80' lang='lat' dir='ltr'><strong>videbas</strong></span> 
     </span>
    </p>
   </div>
   <div class='ocr_carea' id='block_1_11' title="bbox 345 1272 1929 1341">
    <p class='ocr_par' dir='ltr' id='par_1_11' title="bbox 345 1272 1929 1341">
     <span class='ocr_line' id='line_1_11' title="bbox 345 1272 1929 1341; baseline -0.006 -9"><span class='ocrx_word' id='word_1_82' title='bbox 345 1277 539 1341; x_wconf 87' lang='lat' dir='ltr'><strong>furem,</strong></span> <span class='ocrx_word' id='word_1_83' title='bbox 564 1277 935 1332; x_wconf 82' lang='lat' dir='ltr'><strong>consentiebas</strong></span> <span class='ocrx_word' id='word_1_84' title='bbox 951 1276 998 1330; x_wconf 90' lang='lat' dir='ltr'><strong>ei</strong></span> <span class='ocrx_word' id='word_1_85' title='bbox 1016 1290 1030 1339; x_wconf 92' lang='lat'><strong>;</strong></span> <span class='ocrx_word' id='word_1_86' title='bbox 1057 1283 1112 1329; x_wconf 91' lang='lat' dir='ltr'><strong>et</strong></span> <span class='ocrx_word' id='word_1_87' title='bbox 1132 1289 1252 1329; x_wconf 92' lang='lat' dir='ltr'><strong>cum</strong></span> <span class='ocrx_word' id='word_1_88' title='bbox 1274 1272 1530 1327; x_wconf 87' lang='lat' dir='ltr'><strong>adulteris</strong></span> <span class='ocrx_word' id='word_1_89' title='bbox 1547 1280 1660 1326; x_wconf 91' lang='lat' dir='ltr'><strong>erat</strong></span> <span class='ocrx_word' id='word_1_90' title='bbox 1681 1286 1801 1341; x_wconf 88' lang='lat' dir='ltr'><strong>pars</strong></span> <span class='ocrx_word' id='word_1_91' title='bbox 1824 1280 1929 1324; x_wconf 92' lang='lat' dir='ltr'><strong>tua.</strong></span> 
     </span>
    </p>
   </div>
   <div class='ocr_carea' id='block_1_12' title="bbox 345 1364 1931 1434">
    <p class='ocr_par' dir='ltr' id='par_1_12' title="bbox 345 1364 1931 1434">
     <span class='ocr_line' id='line_1_12' title="bbox 345 1364 1931 1434; baseline -0.005 -9"><span class='ocrx_word' id='word_1_92' title='bbox 345 1369 417 1425; x_wconf 92' lang='lat' dir='ltr'><strong>Os</strong></span> <span class='ocrx_word' id='word_1_93' title='bbox 445 1378 589 1423; x_wconf 89' lang='lat' dir='ltr'><strong>tuum</strong></span> <span class='ocrx_word' id='word_1_94' title='bbox 618 1369 865 1424; x_wconf 87' lang='lat' dir='ltr'><strong>dimisisti</strong></span> <span class='ocrx_word' id='word_1_95' title='bbox 890 1368 957 1422; x_wconf 91' lang='lat' dir='ltr'><strong>ad</strong></span> <span class='ocrx_word' id='word_1_96' title='bbox 985 1366 1269 1430; x_wconf 88' lang='lat' dir='ltr'><strong>malitiam;</strong></span> <span class='ocrx_word' id='word_1_97' title='bbox 1298 1372 1353 1420; x_wconf 86' lang='lat' dir='ltr'><strong>et</strong></span> <span class='ocrx_word' id='word_1_98' title='bbox 1377 1365 1551 1434; x_wconf 82' lang='lat' dir='ltr'><strong>lingua</strong></span> <span class='ocrx_word' id='word_1_99' title='bbox 1597 1373 1683 1418; x_wconf 90' lang='lat' dir='ltr'><strong>tua</strong></span> <span class='ocrx_word' id='word_1_100' title='bbox 1710 1364 1931 1417; x_wconf 83' lang='lat' dir='ltr'><strong>concin-</strong></span> 
     </span>
    </p>
   </div>
   <div class='ocr_carea' id='block_1_13' title="bbox 346 1454 1931 1525">
    <p class='ocr_par' dir='ltr' id='par_1_13' title="bbox 346 1454 1931 1525">
     <span class='ocr_line' id='line_1_13' title="bbox 346 1454 1931 1525; baseline -0.006 -8"><span class='ocrx_word' id='word_1_101' title='bbox 346 1462 491 1517; x_wconf 88' lang='lat' dir='ltr'><strong>navit</strong></span> <span class='ocrx_word' id='word_1_102' title='bbox 519 1460 721 1515; x_wconf 83' lang='lat' dir='ltr'><strong>dolum.</strong></span> <span class='ocrx_word' id='word_1_103' title='bbox 750 1458 954 1515; x_wconf 89' lang='lat' dir='ltr'><strong>Sedens</strong></span> <span class='ocrx_word' id='word_1_104' title='bbox 984 1457 1262 1512; x_wconf 81' lang='lat' dir='ltr'><strong>adversum</strong></span> <span class='ocrx_word' id='word_1_105' title='bbox 1307 1454 1521 1511; x_wconf 80' lang='lat' dir='ltr'><strong>fratrem</strong></span> <span class='ocrx_word' id='word_1_106' title='bbox 1557 1463 1701 1509; x_wconf 93' lang='lat' dir='ltr'><strong>tuum</strong></span> <span class='ocrx_word' id='word_1_107' title='bbox 1744 1455 1931 1525; x_wconf 89' lang='lat' dir='ltr'><strong>loque-</strong></span> 
     </span>
    </p>
   </div>
   <div class='ocr_carea' id='block_1_14' title="bbox 348 1546 1933 1619">
    <p class='ocr_par' dir='ltr' id='par_1_14' title="bbox 348 1546 1933 1619">
     <span class='ocr_line' id='line_1_14' title="bbox 348 1546 1933 1619; baseline -0.004 -12"><span class='ocrx_word' id='word_1_108' title='bbox 348 1554 520 1619; x_wconf 81' lang='lat' dir='ltr'><strong>baris;</strong></span> <span class='ocrx_word' id='word_1_109' title='bbox 547 1562 604 1609; x_wconf 91' lang='lat' dir='ltr'><strong>et</strong></span> <span class='ocrx_word' id='word_1_110' title='bbox 627 1552 906 1607; x_wconf 85' lang='lat' dir='ltr'><strong>adversum</strong></span> <span class='ocrx_word' id='word_1_111' title='bbox 934 1551 1097 1605; x_wconf 87' lang='lat' dir='ltr'><strong>lilium</strong></span> <span class='ocrx_word' id='word_1_112' title='bbox 1130 1549 1314 1604; x_wconf 90' lang='lat' dir='ltr'><strong>matris</strong></span> <span class='ocrx_word' id='word_1_113' title='bbox 1334 1557 1435 1602; x_wconf 83' lang='lat' dir='ltr'><strong>tuae</strong></span> <span class='ocrx_word' id='word_1_114' title='bbox 1464 1546 1805 1601; x_wconf 88' lang='lat' dir='ltr'><strong>fabricabaris</strong></span> <span class='ocrx_word' id='word_1_115' title='bbox 1834 1562 1933 1615; x_wconf 87' lang='lat' dir='ltr'><strong>op-</strong></span> 
     </span>
    </p>
   </div>
   <div class='ocr_carea' id='block_1_15' title="bbox 347 1638 1930 1718">
    <p class='ocr_par' dir='ltr' id='par_1_15' title="bbox 347 1638 1930 1718">
     <span class='ocr_line' id='line_1_15' title="bbox 347 1638 1930 1718; baseline -0.006 -16"><span class='ocrx_word' id='word_1_116' title='bbox 347 1647 640 1718; x_wconf 84' lang='lat' dir='ltr'><strong>probrium.</strong></span> <span class='ocrx_word' id='word_1_117' title='bbox 673 1645 798 1701; x_wconf 70' lang='lat' dir='ltr'><strong>Rrec</strong></span> <span class='ocrx_word' id='word_1_118' title='bbox 827 1644 1017 1711; x_wconf 91' lang='lat' dir='ltr'><strong>fecisti,</strong></span> <span class='ocrx_word' id='word_1_119' title='bbox 1052 1651 1106 1699; x_wconf 89' lang='lat' dir='ltr'><strong>et</strong></span> <span class='ocrx_word' id='word_1_120' title='bbox 1145 1642 1281 1697; x_wconf 89' lang='lat' dir='ltr'><strong>tacui</strong></span> <span class='ocrx_word' id='word_1_121' title='bbox 1308 1660 1322 1697; x_wconf 87' lang='lat'><strong>:</strong></span> <span class='ocrx_word' id='word_1_122' title='bbox 1353 1640 1667 1697; x_wconf 79' lang='lat' dir='ltr'><strong>existimasti</strong></span> <span class='ocrx_word' id='word_1_123' title='bbox 1700 1638 1930 1695; x_wconf 89' lang='lat' dir='ltr'><strong>futurum</strong></span> 
     </span>
    </p>
   </div>
   <div class='ocr_carea' id='block_1_16' title="bbox 348 1733 1933 1807">
    <p class='ocr_par' dir='ltr' id='par_1_16' title="bbox 348 1733 1933 1807">
     <span class='ocr_line' id='line_1_16' title="bbox 348 1733 1933 1807; baseline -0.006 -12"><span class='ocrx_word' id='word_1_124' title='bbox 348 1755 435 1796; x_wconf 89' lang='lat' dir='ltr'><strong>me</strong></span> <span class='ocrx_word' id='word_1_125' title='bbox 456 1739 688 1794; x_wconf 84' lang='lat' dir='ltr'><strong>similem</strong></span> <span class='ocrx_word' id='word_1_126' title='bbox 722 1738 827 1801; x_wconf 88' lang='lat' dir='ltr'><strong>tui;</strong></span> <span class='ocrx_word' id='word_1_127' title='bbox 852 1751 1071 1807; x_wconf 82' lang='lat' dir='ltr'><strong>arguam</strong></span> <span class='ocrx_word' id='word_1_128' title='bbox 1098 1745 1168 1800; x_wconf 87' lang='lat' dir='ltr'><strong>te,</strong></span> <span class='ocrx_word' id='word_1_129' title='bbox 1193 1744 1247 1790; x_wconf 90' lang='lat' dir='ltr'><strong>et</strong></span> <span class='ocrx_word' id='word_1_130' title='bbox 1274 1749 1565 1806; x_wconf 84' lang='lat' dir='ltr'><strong>preponam</strong></span> <span class='ocrx_word' id='word_1_131' title='bbox 1594 1742 1717 1788; x_wconf 87' lang='lat' dir='ltr'><strong>ante</strong></span> <span class='ocrx_word' id='word_1_132' title='bbox 1751 1733 1933 1786; x_wconf 82' lang='lat' dir='ltr'><strong>oculos</strong></span> 
     </span>
    </p>
   </div>
   <div class='ocr_carea' id='block_1_17' title="bbox 348 1824 1935 1899">
    <p class='ocr_par' dir='ltr' id='par_1_17' title="bbox 348 1824 1935 1899">
     <span class='ocr_line' id='line_1_17' title="bbox 348 1824 1935 1899; baseline -0.004 -14"><span class='ocrx_word' id='word_1_133' title='bbox 348 1839 487 1886; x_wconf 85' lang='lat' dir='ltr'><strong>tuos.</strong></span> <span class='ocrx_word' id='word_1_134' title='bbox 518 1829 796 1899; x_wconf 77' lang='lat' dir='ltr'><strong>lnteiligite</strong></span> <span class='ocrx_word' id='word_1_135' title='bbox 825 1827 945 1891; x_wconf 83' lang='lat' dir='ltr'><strong>hoc,</strong></span> <span class='ocrx_word' id='word_1_136' title='bbox 977 1828 1065 1899; x_wconf 86' lang='lat' dir='ltr'><strong>qui</strong></span> <span class='ocrx_word' id='word_1_137' title='bbox 1088 1826 1459 1882; x_wconf 87' lang='lat' dir='ltr'><strong>obliviseimini</strong></span> <span class='ocrx_word' id='word_1_138' title='bbox 1489 1826 1681 1889; x_wconf 89' lang='lat' dir='ltr'><strong>Deum;</strong></span> <span class='ocrx_word' id='word_1_139' title='bbox 1711 1840 1777 1878; x_wconf 93' lang='lat' dir='ltr'><strong>ne</strong></span> <span class='ocrx_word' id='word_1_140' title='bbox 1803 1824 1935 1878; x_wconf 90' lang='lat' dir='ltr'><strong>forte</strong></span> 
     </span>
    </p>
   </div>
   <div class='ocr_carea' id='block_1_18' title="bbox 346 1913 1933 1990">
    <p class='ocr_par' dir='ltr' id='par_1_18' title="bbox 346 1913 1933 1990">
     <span class='ocr_line' id='line_1_18' title="bbox 346 1913 1933 1990; baseline -0.005 -15"><span class='ocrx_word' id='word_1_141' title='bbox 346 1921 573 1990; x_wconf 80' lang='lat' dir='ltr'><strong>capiam,</strong></span> <span class='ocrx_word' id='word_1_142' title='bbox 599 1928 655 1975; x_wconf 91' lang='lat' dir='ltr'><strong>et</strong></span> <span class='ocrx_word' id='word_1_143' title='bbox 679 1936 783 1973; x_wconf 92' lang='lat' dir='ltr'><strong>non</strong></span> <span class='ocrx_word' id='word_1_144' title='bbox 804 1918 871 1973; x_wconf 85' lang='lat' dir='ltr'><strong>sit</strong></span> <span class='ocrx_word' id='word_1_145' title='bbox 900 1919 985 1990; x_wconf 90' lang='lat' dir='ltr'><strong>qui</strong></span> <span class='ocrx_word' id='word_1_146' title='bbox 1012 1918 1217 1972; x_wconf 89' lang='lat' dir='ltr'><strong>liberet.</strong></span> <span class='ocrx_word' id='word_1_147' title='bbox 1247 1916 1349 1984; x_wconf 86' lang='lat' dir='ltr'><strong>Qui</strong></span> <span class='ocrx_word' id='word_1_148' title='bbox 1377 1917 1614 1970; x_wconf 91' lang='lat' dir='ltr'><strong>immolat</strong></span> <span class='ocrx_word' id='word_1_149' title='bbox 1638 1913 1933 1970; x_wconf 87' lang='lat' dir='ltr'><strong>confessio-</strong></span> 
     </span>
    </p>
   </div>
   <div class='ocr_carea' id='block_1_19' title="bbox 347 2006 1930 2081">
    <p class='ocr_par' dir='ltr' id='par_1_19' title="bbox 347 2006 1930 2081">
     <span class='ocr_line' id='line_1_19' title="bbox 347 2006 1930 2081; baseline -0.004 -14"><span class='ocrx_word' id='word_1_150' title='bbox 347 2027 492 2077; x_wconf 90' lang='lat' dir='ltr'><strong>nem,</strong></span> <span class='ocrx_word' id='word_1_151' title='bbox 515 2010 773 2081; x_wconf 87' lang='lat' dir='ltr'><strong>glorificat</strong></span> <span class='ocrx_word' id='word_1_152' title='bbox 800 2027 884 2065; x_wconf 92' lang='lat' dir='ltr'><strong>me</strong></span> <span class='ocrx_word' id='word_1_153' title='bbox 905 2028 920 2077; x_wconf 91' lang='lat'><strong>;</strong></span> <span class='ocrx_word' id='word_1_154' title='bbox 947 2019 999 2065; x_wconf 91' lang='lat' dir='ltr'><strong>et</strong></span> <span class='ocrx_word' id='word_1_155' title='bbox 1018 2009 1107 2080; x_wconf 91' lang='lat' dir='ltr'><strong>qui</strong></span> <span class='ocrx_word' id='word_1_156' title='bbox 1124 2009 1366 2064; x_wconf 88' lang='lat' dir='ltr'><strong>ordinate</strong></span> <span class='ocrx_word' id='word_1_157' title='bbox 1380 2007 1635 2074; x_wconf 90' lang='lat' dir='ltr'><strong>ambulat,</strong></span> <span class='ocrx_word' id='word_1_158' title='bbox 1654 2006 1930 2062; x_wconf 78' lang='lat' dir='ltr'><strong>ostendam</strong></span> 
     </span>
    </p>
   </div>
   <div class='ocr_carea' id='block_1_20' title="bbox 346 2099 1933 2173">
    <p class='ocr_par' dir='ltr' id='par_1_20' title="bbox 346 2099 1933 2173">
     <span class='ocr_line' id='line_1_20' title="bbox 346 2099 1933 2173; baseline -0.002 -16"><span class='ocrx_word' id='word_1_159' title='bbox 346 2099 398 2157; x_wconf 86' lang='lat' dir='ltr'><strong>ei</strong></span> <span class='ocrx_word' id='word_1_160' title='bbox 426 2103 655 2155; x_wconf 88' lang='lat' dir='ltr'><strong>salutare</strong></span> <span class='ocrx_word' id='word_1_161' title='bbox 683 2101 794 2156; x_wconf 91' lang='lat' dir='ltr'><strong>Dei.</strong></span> <span class='ocrx_word' id='word_1_162' title='bbox 822 2100 887 2156; x_wconf 88' lang='lat' dir='ltr'><strong>In</strong></span> <span class='ocrx_word' id='word_1_163' title='bbox 913 2102 1107 2173; x_wconf 77' lang='lat' dir='ltr'><strong>psalmo</strong></span> <span class='ocrx_word' id='word_1_164' title='bbox 1147 2116 1197 2155; x_wconf 79' lang='grc' dir='ltr'><strong>ι..</strong></span> <span class='ocrx_word' id='word_1_165' title='bbox 1243 2100 1323 2155; x_wconf 87' lang='lat' dir='ltr'><strong>Ab</strong></span> <span class='ocrx_word' id='word_1_166' title='bbox 1349 2099 1627 2169; x_wconf 87' lang='lat' dir='ltr'><strong>iniquitate</strong></span> <span class='ocrx_word' id='word_1_167' title='bbox 1655 2115 1792 2165; x_wconf 88' lang='lat' dir='ltr'><strong>mea,</strong></span> <span class='ocrx_word' id='word_1_168' title='bbox 1822 2111 1877 2155; x_wconf 88' lang='lat' dir='ltr'><strong>et</strong></span> <span class='ocrx_word' id='word_1_169' title='bbox 1903 2116 1933 2154; x_wconf 90' lang='lat' dir='ltr'><strong>a</strong></span> 
     </span>
    </p>
   </div>
   <div class='ocr_carea' id='block_1_21' title="bbox 347 2191 1932 2262">
    <p class='ocr_par' dir='ltr' id='par_1_21' title="bbox 347 2191 1932 2262">
     <span class='ocr_line' id='line_1_21' title="bbox 347 2191 1932 2262; baseline -0.002 -14"><span class='ocrx_word' id='word_1_170' title='bbox 347 2202 564 2262; x_wconf 84' lang='lat' dir='ltr'><strong>peccato</strong></span> <span class='ocrx_word' id='word_1_171' title='bbox 589 2207 710 2248; x_wconf 90' lang='lat' dir='ltr'><strong>meo</strong></span> <span class='ocrx_word' id='word_1_172' title='bbox 735 2193 929 2247; x_wconf 87' lang='lat' dir='ltr'><strong>mttnda</strong></span> <span class='ocrx_word' id='word_1_173' title='bbox 964 2208 1067 2246; x_wconf 93' lang='lat' dir='ltr'><strong>me.</strong></span> <span class='ocrx_word' id='word_1_174' title='bbox 1099 2191 1360 2260; x_wconf 86' lang='lat' dir='ltr'><strong>Quoniam</strong></span> <span class='ocrx_word' id='word_1_175' title='bbox 1390 2191 1719 2261; x_wconf 82' lang='lat' dir='ltr'><strong>iniquitatem</strong></span> <span class='ocrx_word' id='word_1_176' title='bbox 1761 2206 1932 2245; x_wconf 74' lang='lat' dir='ltr'><strong>meam</strong></span> 
     </span>
    </p>
   </div>
   <div class='ocr_carea' id='block_1_22' title="bbox 345 2286 1937 2355">
    <p class='ocr_par' dir='ltr' id='par_1_22' title="bbox 345 2286 1937 2355">
     <span class='ocr_line' id='line_1_22' title="bbox 345 2286 1937 2355; baseline -0.003 -16"><span class='ocrx_word' id='word_1_177' title='bbox 345 2298 445 2354; x_wconf 75' lang='lat' dir='ltr'><strong>ego</strong></span> <span class='ocrx_word' id='word_1_178' title='bbox 467 2286 709 2355; x_wconf 82' lang='lat' dir='ltr'><strong>cognovi,</strong></span> <span class='ocrx_word' id='word_1_179' title='bbox 738 2292 793 2339; x_wconf 93' lang='lat' dir='ltr'><strong>et</strong></span> <span class='ocrx_word' id='word_1_180' title='bbox 820 2292 1091 2355; x_wconf 89' lang='lat' dir='ltr'><strong>peccatum</strong></span> <span class='ocrx_word' id='word_1_181' title='bbox 1122 2298 1297 2337; x_wconf 91' lang='lat' dir='ltr'><strong>meum</strong></span> <span class='ocrx_word' id='word_1_182' title='bbox 1327 2292 1513 2336; x_wconf 88' lang='lat' dir='ltr'><strong>contra</strong></span> <span class='ocrx_word' id='word_1_183' title='bbox 1552 2298 1637 2336; x_wconf 90' lang='lat' dir='ltr'><strong>me</strong></span> <span class='ocrx_word' id='word_1_184' title='bbox 1674 2290 1757 2335; x_wconf 90' lang='lat' dir='ltr'><strong>est</strong></span> <span class='ocrx_word' id='word_1_185' title='bbox 1793 2295 1937 2336; x_wconf 88' lang='lat' dir='ltr'><strong>sem-</strong></span> 
     </span>
    </p>
   </div>
   <div class='ocr_carea' id='block_1_23' title="bbox 346 2374 1929 2446">
    <p class='ocr_par' dir='ltr' id='par_1_23' title="bbox 346 2374 1929 2446">
     <span class='ocr_line' id='line_1_23' title="bbox 346 2374 1929 2446; baseline -0.004 -15"><span class='ocrx_word' id='word_1_186' title='bbox 346 2392 460 2446; x_wconf 87' lang='lat' dir='ltr'><strong>per.</strong></span> <span class='ocrx_word' id='word_1_187' title='bbox 491 2376 556 2431; x_wconf 84' lang='lat' dir='ltr'><strong>Et</strong></span> <span class='ocrx_word' id='word_1_188' title='bbox 580 2377 701 2431; x_wconf 86' lang='lat' dir='ltr'><strong>alibi</strong></span> <span class='ocrx_word' id='word_1_189' title='bbox 725 2392 745 2431; x_wconf 90' lang='lat'><strong><em>:</em></strong></span> <span class='ocrx_word' id='word_1_190' title='bbox 772 2376 1099 2431; x_wconf 84' lang='lat' dir='ltr'><strong>Sacrificium</strong></span> <span class='ocrx_word' id='word_1_191' title='bbox 1132 2375 1242 2429; x_wconf 89' lang='lat' dir='ltr'><strong>Deo</strong></span> <span class='ocrx_word' id='word_1_192' title='bbox 1265 2374 1482 2444; x_wconf 84' lang='lat' dir='ltr'><strong>spiritus</strong></span> <span class='ocrx_word' id='word_1_193' title='bbox 1507 2374 1893 2428; x_wconf 86' lang='lat' dir='ltr'><strong>contribulatus</strong></span> <span class='ocrx_word' id='word_1_194' title='bbox 1917 2391 1929 2425; x_wconf 87' lang='lat'><strong>:</strong></span> 
     </span>
    </p>
   </div>
   <div class='ocr_carea' id='block_1_24' title="bbox 346 2452 1935 2533">
    <p class='ocr_par' dir='ltr' id='par_1_24' title="bbox 346 2452 1935 2533">
     <span class='ocr_line' id='line_1_24' title="bbox 346 2452 1935 2533; baseline -0.003 -11"><span class='ocrx_word' id='word_1_195' title='bbox 346 2452 749 2523; x_wconf 68' lang='lat' dir='ltr'><strong>cor.c0tttritum</strong></span> <span class='ocrx_word' id='word_1_196' title='bbox 776 2478 832 2524; x_wconf 86' lang='lat' dir='ltr'><strong>et</strong></span> <span class='ocrx_word' id='word_1_197' title='bbox 863 2467 1199 2521; x_wconf 87' lang='lat' dir='ltr'><strong>humiliatum</strong></span> <span class='ocrx_word' id='word_1_198' title='bbox 1244 2466 1381 2518; x_wconf 86' lang='lat' dir='ltr'><strong>Deus</strong></span> <span class='ocrx_word' id='word_1_199' title='bbox 1406 2481 1511 2519; x_wconf 90' lang='lat' dir='ltr'><strong>non</strong></span> <span class='ocrx_word' id='word_1_200' title='bbox 1552 2464 1835 2533; x_wconf 87' lang='lat' dir='ltr'><strong>despicies.</strong></span> <span class='ocrx_word' id='word_1_201' title='bbox 1868 2461 1935 2517; x_wconf 81' lang='lat' dir='ltr'><strong>In</strong></span> 
     </span>
    </p>
   </div>
   <div class='ocr_carea' id='block_1_25' title="bbox 346 2555 1937 2631">
    <p class='ocr_par' dir='ltr' id='par_1_25' title="bbox 346 2555 1937 2631">
     <span class='ocr_line' id='line_1_25' title="bbox 346 2555 1937 2631; baseline -0.004 -17"><span class='ocrx_word' id='word_1_202' title='bbox 346 2560 540 2631; x_wconf 85' lang='lat' dir='ltr'><strong>psalmo</strong></span> <span class='ocrx_word' id='word_1_203' title='bbox 568 2575 636 2614; x_wconf 82' lang='grc' dir='ltr'><strong>ιι.</strong></span> <span class='ocrx_word' id='word_1_204' title='bbox 664 2559 800 2627; x_wconf 89' lang='lat' dir='ltr'><strong>Quid</strong></span> <span class='ocrx_word' id='word_1_205' title='bbox 839 2556 1085 2629; x_wconf 86' lang='lat' dir='ltr'><strong>gloriaris</strong></span> <span class='ocrx_word' id='word_1_206' title='bbox 1124 2557 1176 2611; x_wconf 92' lang='lat' dir='ltr'><strong>in</strong></span> <span class='ocrx_word' id='word_1_207' title='bbox 1208 2557 1428 2621; x_wconf 88' lang='lat' dir='ltr'><strong>malitia,</strong></span> <span class='ocrx_word' id='word_1_208' title='bbox 1476 2555 1701 2626; x_wconf 84' lang='lat' dir='ltr'><strong>potens?</strong></span> <span class='ocrx_word' id='word_1_209' title='bbox 1732 2555 1937 2608; x_wconf 84' lang='lat' dir='ltr'><strong>Miseri-</strong></span> 
     </span>
    </p>
   </div>
   <div class='ocr_carea' id='block_1_26' title="bbox 344 2646 1933 2717">
    <p class='ocr_par' dir='ltr' id='par_1_26' title="bbox 344 2646 1933 2717">
     <span class='ocr_line' id='line_1_26' title="bbox 344 2646 1933 2717; baseline -0.004 -13"><span class='ocrx_word' id='word_1_210' title='bbox 344 2652 525 2707; x_wconf 81' lang='lat' dir='ltr'><strong>cordia</strong></span> <span class='ocrx_word' id='word_1_211' title='bbox 556 2650 760 2705; x_wconf 89' lang='lat' dir='ltr'><strong>Domini</strong></span> <span class='ocrx_word' id='word_1_212' title='bbox 794 2657 899 2704; x_wconf 91' lang='lat' dir='ltr'><strong>tota</strong></span> <span class='ocrx_word' id='word_1_213' title='bbox 928 2656 1009 2704; x_wconf 91' lang='lat' dir='ltr'><strong>est</strong></span> <span class='ocrx_word' id='word_1_214' title='bbox 1034 2648 1139 2703; x_wconf 94' lang='lat' dir='ltr'><strong>die.</strong></span> <span class='ocrx_word' id='word_1_215' title='bbox 1161 2647 1381 2701; x_wconf 90' lang='lat' dir='ltr'><strong>Insidias</strong></span> <span class='ocrx_word' id='word_1_216' title='bbox 1406 2648 1605 2717; x_wconf 85' lang='lat' dir='ltr'><strong>cogitat</strong></span> <span class='ocrx_word' id='word_1_217' title='bbox 1631 2646 1803 2716; x_wconf 83' lang='lat' dir='ltr'><strong>lingua</strong></span> <span class='ocrx_word' id='word_1_218' title='bbox 1825 2655 1933 2714; x_wconf 88' lang='lat' dir='ltr'><strong>tua,</strong></span> 
     </span>
    </p>
   </div>
   <div class='ocr_carea' id='block_1_27' title="bbox 256 2734 1931 2812">
    <p class='ocr_par' dir='ltr' id='par_1_27' title="bbox 256 2734 1931 2812">
     <span class='ocr_line' id='line_1_27' title="bbox 256 2734 1931 2812; baseline -0.003 -17"><span class='ocrx_word' id='word_1_219' title='bbox 256 2734 265 2740; x_wconf 78' lang='grc'><strong>’</strong></span> <span class='ocrx_word' id='word_1_220' title='bbox 344 2742 497 2812; x_wconf 89' lang='lat' dir='ltr'><strong>quasi</strong></span> <span class='ocrx_word' id='word_1_221' title='bbox 528 2743 778 2797; x_wconf 82' lang='lat' dir='ltr'><strong>novacula</strong></span> <span class='ocrx_word' id='word_1_222' title='bbox 808 2750 960 2796; x_wconf 88' lang='lat' dir='ltr'><strong>acuta</strong></span> <span class='ocrx_word' id='word_1_223' title='bbox 1005 2738 1204 2794; x_wconf 82' lang='lat' dir='ltr'><strong>faciens</strong></span> <span class='ocrx_word' id='word_1_224' title='bbox 1231 2739 1433 2795; x_wconf 88' lang='lat' dir='ltr'><strong>dolum.</strong></span> <span class='ocrx_word' id='word_1_225' title='bbox 1469 2738 1704 2792; x_wconf 82' lang='lat' dir='ltr'><strong>Dilexisti</strong></span> <span class='ocrx_word' id='word_1_226' title='bbox 1733 2737 1931 2791; x_wconf 79' lang='lat' dir='ltr'><strong>malum</strong></span> 
     </span>
    </p>
   </div>
   <div class='ocr_carea' id='block_1_28' title="bbox 345 2830 1933 2905">
    <p class='ocr_par' dir='ltr' id='par_1_28' title="bbox 345 2830 1933 2905">
     <span class='ocr_line' id='line_1_28' title="bbox 345 2830 1933 2905; baseline -0.003 -17"><span class='ocrx_word' id='word_1_227' title='bbox 345 2834 512 2905; x_wconf 85' lang='lat' dir='ltr'><strong>magis</strong></span> <span class='ocrx_word' id='word_1_228' title='bbox 531 2849 685 2905; x_wconf 89' lang='lat' dir='ltr'><strong>quam</strong></span> <span class='ocrx_word' id='word_1_229' title='bbox 702 2832 921 2899; x_wconf 89' lang='lat' dir='ltr'><strong>bonum,</strong></span> <span class='ocrx_word' id='word_1_230' title='bbox 945 2832 1277 2886; x_wconf 89' lang='lat' dir='ltr'><strong>mendacium</strong></span> <span class='ocrx_word' id='word_1_231' title='bbox 1303 2830 1469 2901; x_wconf 88' lang='lat' dir='ltr'><strong>magis</strong></span> <span class='ocrx_word' id='word_1_232' title='bbox 1498 2846 1655 2900; x_wconf 90' lang='lat' dir='ltr'><strong>quam</strong></span> <span class='ocrx_word' id='word_1_233' title='bbox 1678 2831 1820 2901; x_wconf 90' lang='lat' dir='ltr'><strong>loqui</strong></span> <span class='ocrx_word' id='word_1_234' title='bbox 1850 2832 1933 2899; x_wconf 82' lang='lat' dir='ltr'><strong>ju-</strong></span> 
     </span>
    </p>
   </div>
   <div class='ocr_carea' id='block_1_29' title="bbox 344 2923 1933 2994">
    <p class='ocr_par' dir='ltr' id='par_1_29' title="bbox 344 2923 1933 2994">
     <span class='ocr_line' id='line_1_29' title="bbox 344 2923 1933 2994; baseline -0.001 -14"><span class='ocrx_word' id='word_1_235' title='bbox 344 2927 560 2981; x_wconf 83' lang='lat' dir='ltr'><strong>stitiam.</strong></span> <span class='ocrx_word' id='word_1_236' title='bbox 593 2926 829 2982; x_wconf 75' lang='lat' dir='ltr'><strong>Dilexisti</strong></span> <span class='ocrx_word' id='word_1_237' title='bbox 861 2925 1037 2982; x_wconf 83' lang='lat' dir='ltr'><strong>omnia</strong></span> <span class='ocrx_word' id='word_1_238' title='bbox 1068 2924 1230 2980; x_wconf 88' lang='lat' dir='ltr'><strong>verba</strong></span> <span class='ocrx_word' id='word_1_239' title='bbox 1258 2923 1323 2977; x_wconf 88' lang='lat' dir='ltr'><strong>ad</strong></span> <span class='ocrx_word' id='word_1_240' title='bbox 1353 2924 1736 2991; x_wconf 89' lang='lat' dir='ltr'><strong>devorandum,</strong></span> <span class='ocrx_word' id='word_1_241' title='bbox 1756 2924 1933 2994; x_wconf 86' lang='lat' dir='ltr'><strong>lingua</strong></span> 
     </span>
    </p>
   </div>
   <div class='ocr_carea' id='block_1_30' title="bbox 344 3017 1936 3089">
    <p class='ocr_par' dir='ltr' id='par_1_30' title="bbox 344 3017 1936 3089">
     <span class='ocr_line' id='line_1_30' title="bbox 344 3017 1936 3089; baseline -0.001 -16"><span class='ocrx_word' id='word_1_242' title='bbox 344 3018 550 3074; x_wconf 86' lang='lat' dir='ltr'><strong>dolosa.</strong></span> <span class='ocrx_word' id='word_1_243' title='bbox 580 3020 684 3075; x_wconf 88' lang='lat' dir='ltr'><strong>Sed</strong></span> <span class='ocrx_word' id='word_1_244' title='bbox 707 3020 842 3074; x_wconf 87' lang='lat' dir='ltr'><strong>Deus</strong></span> <span class='ocrx_word' id='word_1_245' title='bbox 860 3018 1101 3073; x_wconf 87' lang='lat' dir='ltr'><strong>destruet</strong></span> <span class='ocrx_word' id='word_1_246' title='bbox 1123 3027 1174 3072; x_wconf 92' lang='lat' dir='ltr'><strong>te</strong></span> <span class='ocrx_word' id='word_1_247' title='bbox 1196 3017 1248 3071; x_wconf 92' lang='lat' dir='ltr'><strong>in</strong></span> <span class='ocrx_word' id='word_1_248' title='bbox 1275 3017 1688 3089; x_wconf 87' lang='lat' dir='ltr'><strong>sempiternum;</strong></span> <span class='ocrx_word' id='word_1_249' title='bbox 1711 3017 1936 3072; x_wconf 87' lang='lat' dir='ltr'><strong>terrebit</strong></span> 
     </span>
    </p>
   </div>
   <div class='ocr_carea' id='block_1_31' title="bbox 346 3108 1933 3175">
    <p class='ocr_par' dir='ltr' id='par_1_31' title="bbox 346 3108 1933 3175">
     <span class='ocr_line' id='line_1_31' title="bbox 346 3108 1933 3175; baseline -0.001 -11"><span class='ocrx_word' id='word_1_250' title='bbox 346 3120 418 3175; x_wconf 92' lang='lat' dir='ltr'><strong>tc,</strong></span> <span class='ocrx_word' id='word_1_251' title='bbox 462 3120 516 3164; x_wconf 88' lang='lat' dir='ltr'><strong>et</strong></span> <span class='ocrx_word' id='word_1_252' title='bbox 553 3110 743 3166; x_wconf 84' lang='lat' dir='ltr'><strong>evellet</strong></span> <span class='ocrx_word' id='word_1_253' title='bbox 782 3120 833 3165; x_wconf 90' lang='lat' dir='ltr'><strong>te</strong></span> <span class='ocrx_word' id='word_1_254' title='bbox 869 3108 937 3163; x_wconf 91' lang='lat' dir='ltr'><strong>de</strong></span> <span class='ocrx_word' id='word_1_255' title='bbox 971 3108 1331 3175; x_wconf 86' lang='lat' dir='ltr'><strong>tabernaculo,</strong></span> <span class='ocrx_word' id='word_1_256' title='bbox 1364 3116 1418 3161; x_wconf 91' lang='lat' dir='ltr'><strong>et</strong></span> <span class='ocrx_word' id='word_1_257' title='bbox 1446 3108 1735 3163; x_wconf 89' lang='lat' dir='ltr'><strong>eradicabit</strong></span> <span class='ocrx_word' id='word_1_258' title='bbox 1774 3119 1825 3165; x_wconf 88' lang='lat' dir='ltr'><strong>te</strong></span> <span class='ocrx_word' id='word_1_259' title='bbox 1865 3108 1933 3163; x_wconf 85' lang='lat' dir='ltr'><strong>de</strong></span> 
     </span>
    </p>
   </div>
   <div class='ocr_carea' id='block_1_32' title="bbox 346 3201 1933 3272">
    <p class='ocr_par' dir='ltr' id='par_1_32' title="bbox 346 3201 1933 3272">
     <span class='ocr_line' id='line_1_32' title="bbox 346 3201 1933 3272; baseline -0.001 -16"><span class='ocrx_word' id='word_1_260' title='bbox 346 3208 487 3257; x_wconf 82' lang='lat' dir='ltr'><strong>terra</strong></span> <span class='ocrx_word' id='word_1_261' title='bbox 518 3203 826 3258; x_wconf 75' lang='lat' dir='ltr'><strong>viventium.</strong></span> <span class='ocrx_word' id='word_1_262' title='bbox 857 3201 1119 3257; x_wconf 76' lang='lat' dir='ltr'><strong>Videbunt</strong></span> <span class='ocrx_word' id='word_1_263' title='bbox 1139 3202 1290 3272; x_wconf 88' lang='lat' dir='ltr'><strong>justi,</strong></span> <span class='ocrx_word' id='word_1_264' title='bbox 1316 3212 1368 3255; x_wconf 93' lang='lat' dir='ltr'><strong>et</strong></span> <span class='ocrx_word' id='word_1_265' title='bbox 1389 3201 1667 3265; x_wconf 90' lang='lat' dir='ltr'><strong>timebunt,</strong></span> <span class='ocrx_word' id='word_1_266' title='bbox 1695 3210 1749 3254; x_wconf 89' lang='lat' dir='ltr'><strong>et</strong></span> <span class='ocrx_word' id='word_1_267' title='bbox 1768 3214 1933 3270; x_wconf 70' lang='lat' dir='ltr'><strong>super</strong></span> 
     </span>
    </p>
   </div>
   <div class='ocr_carea' id='block_1_33' title="bbox 343 3291 1930 3364">
    <p class='ocr_par' dir='ltr' id='par_1_33' title="bbox 343 3291 1930 3364">
     <span class='ocr_line' id='line_1_33' title="bbox 343 3291 1930 3364; baseline -0.004 -14"><span class='ocrx_word' id='word_1_268' title='bbox 343 3309 467 3350; x_wconf 88' lang='lat' dir='ltr'><strong>eum</strong></span> <span class='ocrx_word' id='word_1_269' title='bbox 496 3295 770 3354; x_wconf 78' lang='lat' dir='ltr'><strong>ridebunt:</strong></span> <span class='ocrx_word' id='word_1_270' title='bbox 794 3294 933 3350; x_wconf 84' lang='lat' dir='ltr'><strong>Ecce</strong></span> <span class='ocrx_word' id='word_1_271' title='bbox 960 3295 1041 3349; x_wconf 89' lang='lat' dir='ltr'><strong>vir</strong></span> <span class='ocrx_word' id='word_1_272' title='bbox 1068 3295 1157 3364; x_wconf 88' lang='lat' dir='ltr'><strong>qui</strong></span> <span class='ocrx_word' id='word_1_273' title='bbox 1195 3308 1299 3348; x_wconf 91' lang='lat' dir='ltr'><strong>non</strong></span> <span class='ocrx_word' id='word_1_274' title='bbox 1331 3292 1505 3362; x_wconf 81' lang='lat' dir='ltr'><strong>posuit</strong></span> <span class='ocrx_word' id='word_1_275' title='bbox 1528 3293 1695 3346; x_wconf 90' lang='lat' dir='ltr'><strong>Deum</strong></span> <span class='ocrx_word' id='word_1_276' title='bbox 1718 3291 1930 3346; x_wconf 86' lang='lat' dir='ltr'><strong>fortitu-</strong></span> 
     </span>
    </p>
   </div>
   <div class='ocr_carea' id='block_1_34' title="bbox 342 3385 1931 3458">
    <p class='ocr_par' dir='ltr' id='par_1_34' title="bbox 342 3385 1931 3458">
     <span class='ocr_line' id='line_1_34' title="bbox 342 3385 1931 3458; baseline -0.001 -16"><span class='ocrx_word' id='word_1_277' title='bbox 342 3386 522 3443; x_wconf 89' lang='lat' dir='ltr'><strong>dinem</strong></span> <span class='ocrx_word' id='word_1_278' title='bbox 564 3403 747 3442; x_wconf 90' lang='lat' dir='ltr'><strong>suam:</strong></span> <span class='ocrx_word' id='word_1_279' title='bbox 773 3387 870 3443; x_wconf 91' lang='lat' dir='ltr'><strong>sed</strong></span> <span class='ocrx_word' id='word_1_280' title='bbox 914 3388 1148 3458; x_wconf 86' lang='lat' dir='ltr'><strong>speravit</strong></span> <span class='ocrx_word' id='word_1_281' title='bbox 1186 3387 1236 3441; x_wconf 90' lang='lat' dir='ltr'><strong>in</strong></span> <span class='ocrx_word' id='word_1_282' title='bbox 1265 3385 1601 3441; x_wconf 90' lang='lat' dir='ltr'><strong>multitudine</strong></span> <span class='ocrx_word' id='word_1_283' title='bbox 1630 3385 1931 3441; x_wconf 78' lang='lat' dir='ltr'><strong>divitiarum</strong></span> 
     </span>
    </p>
   </div>
   <div class='ocr_carea' id='block_1_35' title="bbox 342 3477 1931 3547">
    <p class='ocr_par' dir='ltr' id='par_1_35' title="bbox 342 3477 1931 3547">
     <span class='ocr_line' id='line_1_35' title="bbox 342 3477 1931 3547; baseline -0.001 -13"><span class='ocrx_word' id='word_1_284' title='bbox 342 3495 585 3545; x_wconf 75' lang='lat' dir='ltr'><strong>smrurn;</strong></span> <span class='ocrx_word' id='word_1_285' title='bbox 633 3480 963 3535; x_wconf 79' lang='lat' dir='ltr'><strong>confortatus</strong></span> <span class='ocrx_word' id='word_1_286' title='bbox 998 3487 1080 3534; x_wconf 74' lang='lat' dir='ltr'><strong>est</strong></span> <span class='ocrx_word' id='word_1_287' title='bbox 1108 3480 1159 3533; x_wconf 94' lang='lat' dir='ltr'><strong>in</strong></span> <span class='ocrx_word' id='word_1_288' title='bbox 1191 3478 1393 3532; x_wconf 89' lang='lat' dir='ltr'><strong>insidiis</strong></span> <span class='ocrx_word' id='word_1_289' title='bbox 1432 3478 1561 3531; x_wconf 85' lang='lat' dir='ltr'><strong>suis.</strong></span> <span class='ocrx_word' id='word_1_290' title='bbox 1604 3477 1717 3547; x_wconf 86' lang='lat' dir='ltr'><strong>Ego</strong></span> <span class='ocrx_word' id='word_1_291' title='bbox 1753 3489 1931 3533; x_wconf 88' lang='lat' dir='ltr'><strong>autem</strong></span> 
     </span>
    </p>
   </div>
   <div class='ocr_carea' id='block_1_36' title="bbox 344 3570 1932 3640">
    <p class='ocr_par' dir='ltr' id='par_1_36' title="bbox 344 3570 1932 3640">
     <span class='ocr_line' id='line_1_36' title="bbox 344 3570 1932 3640; baseline -0.001 -16"><span class='ocrx_word' id='word_1_292' title='bbox 344 3570 484 3625; x_wconf 87' lang='lat' dir='ltr'><strong>sicut</strong></span> <span class='ocrx_word' id='word_1_293' title='bbox 503 3571 641 3626; x_wconf 90' lang='lat' dir='ltr'><strong>oliva</strong></span> <span class='ocrx_word' id='word_1_294' title='bbox 670 3572 849 3627; x_wconf 87' lang='lat' dir='ltr'><strong>virens</strong></span> <span class='ocrx_word' id='word_1_295' title='bbox 880 3572 933 3625; x_wconf 90' lang='lat' dir='ltr'><strong>in</strong></span> <span class='ocrx_word' id='word_1_296' title='bbox 960 3570 1119 3626; x_wconf 89' lang='lat' dir='ltr'><strong>domo</strong></span> <span class='ocrx_word' id='word_1_297' title='bbox 1158 3570 1272 3635; x_wconf 90' lang='lat' dir='ltr'><strong>Dei,</strong></span> <span class='ocrx_word' id='word_1_298' title='bbox 1304 3570 1512 3640; x_wconf 81' lang='lat' dir='ltr'><strong>speravi</strong></span> <span class='ocrx_word' id='word_1_299' title='bbox 1542 3570 1593 3623; x_wconf 93' lang='lat' dir='ltr'><strong>in</strong></span> <span class='ocrx_word' id='word_1_300' title='bbox 1621 3570 1932 3624; x_wconf 84' lang='lat' dir='ltr'><strong>misericor-</strong></span> 
     </span>
    </p>
   </div>
   <div class='ocr_carea' id='block_1_37' title="bbox 342 3660 1931 3734">
    <p class='ocr_par' dir='ltr' id='par_1_37' title="bbox 342 3660 1931 3734">
     <span class='ocr_line' id='line_1_37' title="bbox 342 3660 1931 3734; baseline 0 -18"><span class='ocrx_word' id='word_1_301' title='bbox 342 3660 429 3716; x_wconf 86' lang='lat' dir='ltr'><strong>dia</strong></span> <span class='ocrx_word' id='word_1_302' title='bbox 462 3664 574 3730; x_wconf 91' lang='lat' dir='ltr'><strong>Dei,</strong></span> <span class='ocrx_word' id='word_1_303' title='bbox 606 3665 657 3719; x_wconf 92' lang='lat' dir='ltr'><strong>in</strong></span> <span class='ocrx_word' id='word_1_304' title='bbox 686 3665 942 3719; x_wconf 70' lang='lat' dir='ltr'><strong>smeulum</strong></span> <span class='ocrx_word' id='word_1_305' title='bbox 972 3664 1378 3734; x_wconf 87' lang='lat' dir='ltr'><strong>sempiternum.</strong></span> <span class='ocrx_word' id='word_1_306' title='bbox 1406 3661 1718 3717; x_wconf 88' lang='lat' dir='ltr'><strong>Confitebor</strong></span> <span class='ocrx_word' id='word_1_307' title='bbox 1755 3664 1847 3719; x_wconf 91' lang='lat' dir='ltr'><strong>tibi</strong></span> <span class='ocrx_word' id='word_1_308' title='bbox 1881 3664 1931 3717; x_wconf 89' lang='lat' dir='ltr'><strong>in</strong></span> 
     </span>
    </p>
   </div>
   <div class='ocr_carea' id='block_1_38' title="bbox 342 3746 1931 3828">
    <p class='ocr_par' dir='ltr' id='par_1_38' title="bbox 342 3746 1931 3828">
     <span class='ocr_line' id='line_1_38' title="bbox 342 3746 1931 3828; baseline -0.001 -19"><span class='ocrx_word' id='word_1_309' title='bbox 342 3755 619 3821; x_wconf 72' lang='lat' dir='ltr'><strong>smculum,</strong></span> <span class='ocrx_word' id='word_1_310' title='bbox 638 3746 885 3828; x_wconf 79' lang='lat' dir='ltr'><strong>quoniam</strong></span> <span class='ocrx_word' id='word_1_311' title='bbox 916 3755 1118 3819; x_wconf 86' lang='lat' dir='ltr'><strong>fecisti;</strong></span> <span class='ocrx_word' id='word_1_312' title='bbox 1148 3764 1201 3809; x_wconf 88' lang='lat' dir='ltr'><strong>et</strong></span> <span class='ocrx_word' id='word_1_313' title='bbox 1215 3756 1532 3823; x_wconf 83' lang='lat' dir='ltr'><strong>exspectabo</strong></span> <span class='ocrx_word' id='word_1_314' title='bbox 1550 3768 1742 3809; x_wconf 89' lang='lat' dir='ltr'><strong>nomen</strong></span> <span class='ocrx_word' id='word_1_315' title='bbox 1762 3764 1931 3818; x_wconf 92' lang='lat' dir='ltr'><strong>tuum,</strong></span> 
     </span>
    </p>
   </div>
   <div class='ocr_carea' id='block_1_39' title="bbox 342 3843 1933 3917">
    <p class='ocr_par' dir='ltr' id='par_1_39' title="bbox 342 3843 1933 3917">
     <span class='ocr_line' id='line_1_39' title="bbox 342 3843 1933 3917; baseline -0.003 -16"><span class='ocrx_word' id='word_1_316' title='bbox 342 3848 592 3916; x_wconf 81' lang='lat' dir='ltr'><strong>quoniam</strong></span> <span class='ocrx_word' id='word_1_317' title='bbox 630 3848 825 3902; x_wconf 92' lang='lat' dir='ltr'><strong>bonum</strong></span> <span class='ocrx_word' id='word_1_318' title='bbox 854 3848 907 3902; x_wconf 91' lang='lat' dir='ltr'><strong>in</strong></span> <span class='ocrx_word' id='word_1_319' title='bbox 932 3856 1224 3917; x_wconf 89' lang='lat' dir='ltr'><strong>conspectu</strong></span> <span class='ocrx_word' id='word_1_320' title='bbox 1257 3855 1563 3900; x_wconf 89' lang='lat' dir='ltr'><strong>sanctorum</strong></span> <span class='ocrx_word' id='word_1_321' title='bbox 1603 3854 1834 3899; x_wconf 92' lang='lat' dir='ltr'><strong>tuorum.</strong></span> <span class='ocrx_word' id='word_1_322' title='bbox 1867 3843 1933 3898; x_wconf 87' lang='lat' dir='ltr'><strong>In</strong></span> 
     </span>
    </p>
   </div>
   <div class='ocr_carea' id='block_1_40' title="bbox 344 3938 1932 4010">
    <p class='ocr_par' dir='ltr' id='par_1_40' title="bbox 344 3938 1932 4010">
     <span class='ocr_line' id='line_1_40' title="bbox 344 3938 1932 4010; baseline 0 -18"><span class='ocrx_word' id='word_1_323' title='bbox 344 3940 540 4009; x_wconf 88' lang='lat' dir='ltr'><strong>psalmo</strong></span> <span class='ocrx_word' id='word_1_324' title='bbox 572 3955 675 3995; x_wconf 73' lang='lat' dir='ltr'><strong>ut.</strong></span> <span class='ocrx_word' id='word_1_325' title='bbox 707 3939 926 4010; x_wconf 89' lang='lat' dir='ltr'><strong>Sperate</strong></span> <span class='ocrx_word' id='word_1_326' title='bbox 952 3940 1002 3993; x_wconf 93' lang='lat' dir='ltr'><strong>in</strong></span> <span class='ocrx_word' id='word_1_327' title='bbox 1029 3954 1094 3993; x_wconf 91' lang='lat' dir='ltr'><strong>eo</strong></span> <span class='ocrx_word' id='word_1_328' title='bbox 1119 3938 1263 3991; x_wconf 92' lang='lat' dir='ltr'><strong>omni</strong></span> <span class='ocrx_word' id='word_1_329' title='bbox 1296 3947 1554 4006; x_wconf 89' lang='lat' dir='ltr'><strong>tempore,</strong></span> <span class='ocrx_word' id='word_1_330' title='bbox 1599 3938 1808 4006; x_wconf 88' lang='lat' dir='ltr'><strong>populi;</strong></span> <span class='ocrx_word' id='word_1_331' title='bbox 1850 3938 1932 3992; x_wconf 89' lang='lat' dir='ltr'><strong>cf-</strong></span> 
     </span>
    </p>
   </div>
   <div class='ocr_carea' id='block_1_41' title="bbox 342 4028 1932 4099">
    <p class='ocr_par' dir='ltr' id='par_1_41' title="bbox 342 4028 1932 4099">
     <span class='ocr_line' id='line_1_41' title="bbox 342 4028 1932 4099; baseline -0.001 -16"><span class='ocrx_word' id='word_1_332' title='bbox 342 4029 547 4084; x_wconf 74' lang='lat' dir='ltr'><strong>lhndite</strong></span> <span class='ocrx_word' id='word_1_333' title='bbox 576 4045 754 4084; x_wconf 89' lang='lat' dir='ltr'><strong>coram</strong></span> <span class='ocrx_word' id='word_1_334' title='bbox 789 4030 901 4097; x_wconf 89' lang='lat' dir='ltr'><strong>illo,</strong></span> <span class='ocrx_word' id='word_1_335' title='bbox 945 4044 1039 4084; x_wconf 90' lang='lat' dir='ltr'><strong>cor</strong></span> <span class='ocrx_word' id='word_1_336' title='bbox 1076 4028 1383 4085; x_wconf 68' lang='lat' dir='ltr'><strong>vestrum‘:</strong></span> <span class='ocrx_word' id='word_1_337' title='bbox 1413 4028 1551 4082; x_wconf 90' lang='lat' dir='ltr'><strong>Deus</strong></span> <span class='ocrx_word' id='word_1_338' title='bbox 1591 4043 1713 4099; x_wconf 88' lang='lat' dir='ltr'><strong>spes</strong></span> <span class='ocrx_word' id='word_1_339' title='bbox 1752 4037 1932 4082; x_wconf 87' lang='lat' dir='ltr'><strong>nostra</strong></span> 
     </span>
    </p>
   </div>
   <div class='ocr_carea' id='block_1_42' title="bbox 344 4118 1931 4182">
    <p class='ocr_par' dir='ltr' id='par_1_42' title="bbox 344 4118 1931 4182">
     <span class='ocr_line' id='line_1_42' title="bbox 344 4118 1931 4182; baseline 0.001 -8"><span class='ocrx_word' id='word_1_340' title='bbox 344 4128 445 4174; x_wconf 90' lang='lat' dir='ltr'><strong>est.</strong></span> <span class='ocrx_word' id='word_1_341' title='bbox 482 4118 861 4175; x_wconf 75' lang='lat' dir='ltr'><strong>Verumtamen</strong></span> <span class='ocrx_word' id='word_1_342' title='bbox 892 4120 1099 4174; x_wconf 88' lang='lat' dir='ltr'><strong>vanitas</strong></span> <span class='ocrx_word' id='word_1_343' title='bbox 1128 4118 1218 4172; x_wconf 81' lang='lat' dir='ltr'><strong>lilii</strong></span> <span class='ocrx_word' id='word_1_344' title='bbox 1254 4118 1446 4182; x_wconf 87' lang='lat' dir='ltr'><strong>Adam,</strong></span> <span class='ocrx_word' id='word_1_345' title='bbox 1477 4118 1809 4173; x_wconf 89' lang='lat' dir='ltr'><strong>mendacium</strong></span> <span class='ocrx_word' id='word_1_346' title='bbox 1842 4120 1931 4175; x_wconf 85' lang='lat' dir='ltr'><strong>lilii</strong></span> 
     </span>
    </p>
   </div>
   <div class='ocr_carea' id='block_1_43' title="bbox 344 4209 1930 4279">
    <p class='ocr_par' dir='ltr' id='par_1_43' title="bbox 344 4209 1930 4279">
     <span class='ocr_line' id='line_1_43' title="bbox 344 4209 1930 4279; baseline 0.001 -17"><span class='ocrx_word' id='word_1_347' title='bbox 344 4210 476 4265; x_wconf 87' lang='lat' dir='ltr'><strong>viri:</strong></span> <span class='ocrx_word' id='word_1_348' title='bbox 507 4211 557 4264; x_wconf 94' lang='lat' dir='ltr'><strong>in</strong></span> <span class='ocrx_word' id='word_1_349' title='bbox 580 4210 791 4266; x_wconf 88' lang='lat' dir='ltr'><strong>stateris</strong></span> <span class='ocrx_word' id='word_1_350' title='bbox 814 4210 1013 4265; x_wconf 88' lang='lat' dir='ltr'><strong>dolosis</strong></span> <span class='ocrx_word' id='word_1_351' title='bbox 1034 4209 1402 4264; x_wconf 79' lang='lat' dir='ltr'><strong>fraudulenter</strong></span> <span class='ocrx_word' id='word_1_352' title='bbox 1425 4218 1588 4279; x_wconf 90' lang='lat' dir='ltr'><strong>agunt</strong></span> <span class='ocrx_word' id='word_1_353' title='bbox 1618 4210 1796 4264; x_wconf 84' lang='lat' dir='ltr'><strong>simul.</strong></span> <span class='ocrx_word' id='word_1_354' title='bbox 1823 4211 1930 4263; x_wconf 54' lang='lat' dir='ltr'><strong>No.</strong></span> 
     </span>
    </p>
   </div>
   <div class='ocr_carea' id='block_1_44' title="bbox 344 4302 1929 4372">
    <p class='ocr_par' dir='ltr' id='par_1_44' title="bbox 344 4302 1929 4372">
     <span class='ocr_line' id='line_1_44' title="bbox 344 4302 1929 4372; baseline 0.001 -15"><span class='ocrx_word' id='word_1_355' title='bbox 344 4303 436 4358; x_wconf 81' lang='lat' dir='ltr'><strong>lite</strong></span> <span class='ocrx_word' id='word_1_356' title='bbox 460 4304 728 4358; x_wconf 85' lang='lat' dir='ltr'><strong>confidere</strong></span> <span class='ocrx_word' id='word_1_357' title='bbox 746 4304 796 4358; x_wconf 92' lang='lat' dir='ltr'><strong>in</strong></span> <span class='ocrx_word' id='word_1_358' title='bbox 814 4303 1099 4371; x_wconf 90' lang='lat' dir='ltr'><strong>calumnia,</strong></span> <span class='ocrx_word' id='word_1_359' title='bbox 1122 4311 1174 4357; x_wconf 89' lang='lat' dir='ltr'><strong>et</strong></span> <span class='ocrx_word' id='word_1_360' title='bbox 1200 4304 1250 4355; x_wconf 88' lang='lat' dir='ltr'><strong>in</strong></span> <span class='ocrx_word' id='word_1_361' title='bbox 1275 4302 1457 4372; x_wconf 92' lang='lat' dir='ltr'><strong>rapina</strong></span> <span class='ocrx_word' id='word_1_362' title='bbox 1487 4318 1553 4357; x_wconf 93' lang='lat' dir='ltr'><strong>ne</strong></span> <span class='ocrx_word' id='word_1_363' title='bbox 1580 4302 1929 4359; x_wconf 86' lang='lat' dir='ltr'><strong>frustremini.</strong></span> 
     </span>
    </p>
   </div>
   <div class='ocr_carea' id='block_1_45' title="bbox 346 4391 1929 4463">
    <p class='ocr_par' dir='ltr' id='par_1_45' title="bbox 346 4391 1929 4463">
     <span class='ocr_line' id='line_1_45' title="bbox 346 4391 1929 4463; baseline 0 -14"><span class='ocrx_word' id='word_1_364' title='bbox 346 4395 550 4449; x_wconf 78' lang='lat' dir='ltr'><strong>Divitia:</strong></span> <span class='ocrx_word' id='word_1_365' title='bbox 568 4394 611 4449; x_wconf 91' lang='lat' dir='ltr'><strong>si</strong></span> <span class='ocrx_word' id='word_1_366' title='bbox 631 4393 953 4457; x_wconf 77' lang='lat' dir='ltr'><strong>affluxerint,</strong></span> <span class='ocrx_word' id='word_1_367' title='bbox 974 4409 1040 4448; x_wconf 89' lang='lat' dir='ltr'><strong>ne</strong></span> <span class='ocrx_word' id='word_1_368' title='bbox 1058 4394 1335 4462; x_wconf 86' lang='lat' dir='ltr'><strong>apponatis</strong></span> <span class='ocrx_word' id='word_1_369' title='bbox 1352 4408 1466 4447; x_wconf 91' lang='lat' dir='ltr'><strong>cor.</strong></span> <span class='ocrx_word' id='word_1_370' title='bbox 1488 4391 1553 4446; x_wconf 88' lang='lat' dir='ltr'><strong>In</strong></span> <span class='ocrx_word' id='word_1_371' title='bbox 1572 4394 1765 4463; x_wconf 88' lang='lat' dir='ltr'><strong>psalmo</strong></span> <span class='ocrx_word' id='word_1_372' title='bbox 1784 4410 1929 4449; x_wconf 78' lang='lat' dir='ltr'><strong>ant.</strong></span> 
     </span>
    </p>
   </div>
   <div class='ocr_carea' id='block_1_46' title="bbox 344 4484 1933 4556">
    <p class='ocr_par' dir='ltr' id='par_1_46' title="bbox 344 4484 1933 4556">
     <span class='ocr_line' id='line_1_46' title="bbox 344 4484 1933 4556; baseline -0.001 -15"><span class='ocrx_word' id='word_1_373' title='bbox 344 4485 816 4556; x_wconf 59' lang='lat' dir='ltr'><strong>laetabiturjustus</strong></span> <span class='ocrx_word' id='word_1_374' title='bbox 847 4487 897 4539; x_wconf 91' lang='lat' dir='ltr'><strong>in</strong></span> <span class='ocrx_word' id='word_1_375' title='bbox 925 4485 1165 4549; x_wconf 92' lang='lat' dir='ltr'><strong>Domino,</strong></span> <span class='ocrx_word' id='word_1_376' title='bbox 1199 4494 1253 4539; x_wconf 91' lang='lat' dir='ltr'><strong>et</strong></span> <span class='ocrx_word' id='word_1_377' title='bbox 1274 4484 1509 4554; x_wconf 89' lang='lat' dir='ltr'><strong>sperabit</strong></span> <span class='ocrx_word' id='word_1_378' title='bbox 1529 4485 1579 4538; x_wconf 91' lang='lat' dir='ltr'><strong>in</strong></span> <span class='ocrx_word' id='word_1_379' title='bbox 1602 4501 1687 4540; x_wconf 93' lang='lat' dir='ltr'><strong>eo.</strong></span> <span class='ocrx_word' id='word_1_380' title='bbox 1712 4484 1777 4539; x_wconf 89' lang='lat' dir='ltr'><strong>In</strong></span> <span class='ocrx_word' id='word_1_381' title='bbox 1796 4486 1933 4555; x_wconf 81' lang='lat' dir='ltr'><strong>psal-</strong></span> 
     </span>
    </p>
   </div>
   <div class='ocr_carea' id='block_1_47' title="bbox 343 4578 1935 4648">
    <p class='ocr_par' dir='ltr' id='par_1_47' title="bbox 343 4578 1935 4648">
     <span class='ocr_line' id='line_1_47' title="bbox 343 4578 1935 4648; baseline -0.001 -14"><span class='ocrx_word' id='word_1_382' title='bbox 343 4596 427 4634; x_wconf 88' lang='lat' dir='ltr'><strong>mo</strong></span> <span class='ocrx_word' id='word_1_383' title='bbox 454 4596 634 4635; x_wconf 79' lang='lat' dir='ltr'><strong>uvnt.</strong></span> <span class='ocrx_word' id='word_1_384' title='bbox 666 4580 795 4646; x_wconf 91' lang='lat' dir='ltr'><strong>Quia</strong></span> <span class='ocrx_word' id='word_1_385' title='bbox 834 4587 1050 4648; x_wconf 86' lang='lat' dir='ltr'><strong>prepter</strong></span> <span class='ocrx_word' id='word_1_386' title='bbox 1077 4587 1127 4633; x_wconf 91' lang='lat' dir='ltr'><strong>te</strong></span> <span class='ocrx_word' id='word_1_387' title='bbox 1157 4578 1361 4648; x_wconf 76' lang='lat' dir='ltr'><strong>put‘lavi</strong></span> <span class='ocrx_word' id='word_1_388' title='bbox 1391 4578 1766 4646; x_wconf 89' lang='lat' dir='ltr'><strong>opprobrium;</strong></span> <span class='ocrx_word' id='word_1_389' title='bbox 1807 4594 1935 4646; x_wconf 82' lang='lat' dir='ltr'><strong>epe-</strong></span> 
     </span>
    </p>
   </div>
   <div class='ocr_carea' id='block_1_48' title="bbox 345 4667 1934 4725">
    <p class='ocr_par' dir='ltr' id='par_1_48' title="bbox 345 4667 1934 4725">
     <span class='ocr_line' id='line_1_48' title="bbox 345 4667 1934 4725; baseline -0.001 -1"><span class='ocrx_word' id='word_1_390' title='bbox 345 4671 452 4725; x_wconf 89' lang='lat' dir='ltr'><strong>ruit</strong></span> <span class='ocrx_word' id='word_1_391' title='bbox 477 4670 715 4725; x_wconf 82' lang='lat' dir='ltr'><strong>confusio</strong></span> <span class='ocrx_word' id='word_1_392' title='bbox 742 4669 928 4724; x_wconf 87' lang='lat' dir='ltr'><strong>faciem</strong></span> <span class='ocrx_word' id='word_1_393' title='bbox 952 4684 1146 4723; x_wconf 85' lang='lat' dir='ltr'><strong>meam.</strong></span> <span class='ocrx_word' id='word_1_394' title='bbox 1180 4668 1400 4722; x_wconf 88' lang='lat' dir='ltr'><strong>Alienus</strong></span> <span class='ocrx_word' id='word_1_395' title='bbox 1424 4668 1591 4721; x_wconf 88' lang='lat' dir='ltr'><strong>factus</strong></span> <span class='ocrx_word' id='word_1_396' title='bbox 1615 4684 1730 4721; x_wconf 92' lang='lat' dir='ltr'><strong>sum</strong></span> <span class='ocrx_word' id='word_1_397' title='bbox 1754 4667 1934 4723; x_wconf 83' lang='lat' dir='ltr'><strong>fratri-</strong></span> 
     </span>
    </p>
   </div>
   <div class='ocr_carea' id='block_1_49' title="bbox 345 4760 1934 4833">
    <p class='ocr_par' dir='ltr' id='par_1_49' title="bbox 345 4760 1934 4833">
     <span class='ocr_line' id='line_1_49' title="bbox 345 4760 1934 4833; baseline -0.002 -15"><span class='ocrx_word' id='word_1_398' title='bbox 345 4762 444 4819; x_wconf 91' lang='lat' dir='ltr'><strong>bus</strong></span> <span class='ocrx_word' id='word_1_399' title='bbox 471 4764 619 4827; x_wconf 90' lang='lat' dir='ltr'><strong>meis,</strong></span> <span class='ocrx_word' id='word_1_400' title='bbox 650 4771 705 4818; x_wconf 90' lang='lat' dir='ltr'><strong>et</strong></span> <span class='ocrx_word' id='word_1_401' title='bbox 732 4762 1044 4833; x_wconf 89' lang='lat' dir='ltr'><strong>peregrinus</strong></span> <span class='ocrx_word' id='word_1_402' title='bbox 1072 4760 1194 4815; x_wconf 89' lang='lat' dir='ltr'><strong>filiis</strong></span> <span class='ocrx_word' id='word_1_403' title='bbox 1222 4762 1406 4815; x_wconf 87' lang='lat' dir='ltr'><strong>matris</strong></span> <span class='ocrx_word' id='word_1_404' title='bbox 1441 4776 1594 4815; x_wconf 70' lang='lat' dir='ltr'><strong>mere.</strong></span> <span class='ocrx_word' id='word_1_405' title='bbox 1636 4761 1764 4827; x_wconf 89' lang='lat' dir='ltr'><strong>Quia</strong></span> <span class='ocrx_word' id='word_1_406' title='bbox 1787 4763 1934 4816; x_wconf 83' lang='lat' dir='ltr'><strong>zelus</strong></span> 
     </span>
    </p>
   </div>
   <div class='ocr_carea' id='block_1_50' title="bbox 345 4850 1934 4921">
    <p class='ocr_par' dir='ltr' id='par_1_50' title="bbox 345 4850 1934 4921">
     <span class='ocr_line' id='line_1_50' title="bbox 345 4850 1934 4921; baseline -0.003 -11"><span class='ocrx_word' id='word_1_407' title='bbox 345 4855 535 4910; x_wconf 88' lang='lat' dir='ltr'><strong>domus</strong></span> <span class='ocrx_word' id='word_1_408' title='bbox 562 4864 665 4909; x_wconf 72' lang='lat' dir='ltr'><strong>tua:</strong></span> <span class='ocrx_word' id='word_1_409' title='bbox 693 4853 922 4909; x_wconf 85' lang='lat' dir='ltr'><strong>entnedit</strong></span> <span class='ocrx_word' id='word_1_410' title='bbox 969 4869 1074 4917; x_wconf 91' lang='lat' dir='ltr'><strong>me,</strong></span> <span class='ocrx_word' id='word_1_411' title='bbox 1116 4860 1170 4905; x_wconf 92' lang='lat' dir='ltr'><strong>et</strong></span> <span class='ocrx_word' id='word_1_412' title='bbox 1210 4850 1554 4921; x_wconf 88' lang='lat' dir='ltr'><strong>opprobrium</strong></span> <span class='ocrx_word' id='word_1_413' title='bbox 1609 4851 1934 4919; x_wconf 57' lang='lat' dir='ltr'><strong>exprobrano</strong></span> 
     </span>
    </p>
   </div>
   <div class='ocr_carea' id='block_1_51' title="bbox 348 4943 1931 5016">
    <p class='ocr_par' dir='ltr' id='par_1_51' title="bbox 348 4943 1931 5016">
     <span class='ocr_line' id='line_1_51' title="bbox 348 4943 1931 5016; baseline -0.004 -13"><span class='ocrx_word' id='word_1_414' title='bbox 348 4950 477 5003; x_wconf 89' lang='lat' dir='ltr'><strong>tium</strong></span> <span class='ocrx_word' id='word_1_415' title='bbox 504 4947 595 5002; x_wconf 87' lang='lat' dir='ltr'><strong>tibi</strong></span> <span class='ocrx_word' id='word_1_416' title='bbox 616 4947 805 5002; x_wconf 83' lang='lat' dir='ltr'><strong>cecidit</strong></span> <span class='ocrx_word' id='word_1_417' title='bbox 829 4962 989 5016; x_wconf 88' lang='lat' dir='ltr'><strong>super</strong></span> <span class='ocrx_word' id='word_1_418' title='bbox 1015 4960 1121 5000; x_wconf 90' lang='lat' dir='ltr'><strong>me.</strong></span> <span class='ocrx_word' id='word_1_419' title='bbox 1155 4944 1221 4998; x_wconf 88' lang='lat' dir='ltr'><strong>Et</strong></span> <span class='ocrx_word' id='word_1_420' title='bbox 1246 4943 1367 4997; x_wconf 87' lang='lat' dir='ltr'><strong>flevi</strong></span> <span class='ocrx_word' id='word_1_421' title='bbox 1397 4944 1447 4997; x_wconf 93' lang='lat' dir='ltr'><strong>in</strong></span> <span class='ocrx_word' id='word_1_422' title='bbox 1468 4943 1672 5013; x_wconf 86' lang='lat' dir='ltr'><strong>jejunio</strong></span> <span class='ocrx_word' id='word_1_423' title='bbox 1700 4943 1931 4997; x_wconf 89' lang='lat' dir='ltr'><strong>animam</strong></span> 
     </span>
    </p>
   </div>
   <div class='ocr_carea' id='block_1_52' title="bbox 346 5035 1933 5105">
    <p class='ocr_par' dir='ltr' id='par_1_52' title="bbox 346 5035 1933 5105">
     <span class='ocr_line' id='line_1_52' title="bbox 346 5035 1933 5105; baseline -0.004 -11"><span class='ocrx_word' id='word_1_424' title='bbox 346 5054 551 5105; x_wconf 88' lang='lat' dir='ltr'><strong>meam;</strong></span> <span class='ocrx_word' id='word_1_425' title='bbox 589 5048 642 5093; x_wconf 90' lang='lat' dir='ltr'><strong>et</strong></span> <span class='ocrx_word' id='word_1_426' title='bbox 673 5037 865 5093; x_wconf 86' lang='lat' dir='ltr'><strong>factum</strong></span> <span class='ocrx_word' id='word_1_427' title='bbox 897 5045 980 5092; x_wconf 79' lang='lat' dir='ltr'><strong>est</strong></span> <span class='ocrx_word' id='word_1_428' title='bbox 1017 5036 1070 5091; x_wconf 90' lang='lat' dir='ltr'><strong>in</strong></span> <span class='ocrx_word' id='word_1_429' title='bbox 1102 5036 1445 5105; x_wconf 81' lang='lat' dir='ltr'><strong>opprobrium</strong></span> <span class='ocrx_word' id='word_1_430' title='bbox 1478 5035 1628 5089; x_wconf 84' lang='lat' dir='ltr'><strong>mihi.</strong></span> <span class='ocrx_word' id='word_1_431' title='bbox 1673 5035 1731 5088; x_wconf 79' lang='lat' dir='ltr'><strong>Et</strong></span> <span class='ocrx_word' id='word_1_432' title='bbox 1782 5035 1933 5103; x_wconf 87' lang='lat' dir='ltr'><strong>posui</strong></span> 
     </span>
    </p>
   </div>
   <div class='ocr_carea' id='block_1_53' title="bbox 344 5126 1933 5197">
    <p class='ocr_par' dir='ltr' id='par_1_53' title="bbox 344 5126 1933 5197">
     <span class='ocr_line' id='line_1_53' title="bbox 344 5126 1933 5197; baseline -0.004 -12"><span class='ocrx_word' id='word_1_433' title='bbox 344 5130 719 5185; x_wconf 81' lang='lat' dir='ltr'><strong>vestimentum</strong></span> <span class='ocrx_word' id='word_1_434' title='bbox 750 5144 924 5184; x_wconf 90' lang='lat' dir='ltr'><strong>meum</strong></span> <span class='ocrx_word' id='word_1_435' title='bbox 952 5143 1197 5194; x_wconf 91' lang='lat' dir='ltr'><strong>saccum;</strong></span> <span class='ocrx_word' id='word_1_436' title='bbox 1224 5126 1464 5182; x_wconf 90' lang='lat' dir='ltr'><strong>etfaetus</strong></span> <span class='ocrx_word' id='word_1_437' title='bbox 1490 5143 1605 5180; x_wconf 90' lang='lat' dir='ltr'><strong>sum</strong></span> <span class='ocrx_word' id='word_1_438' title='bbox 1640 5128 1739 5180; x_wconf 89' lang='lat' dir='ltr'><strong>illis</strong></span> <span class='ocrx_word' id='word_1_439' title='bbox 1769 5127 1818 5179; x_wconf 94' lang='lat' dir='ltr'><strong>in</strong></span> <span class='ocrx_word' id='word_1_440' title='bbox 1843 5142 1933 5197; x_wconf 88' lang='lat' dir='ltr'><strong>pa-</strong></span> 
     </span>
    </p>
   </div>
   <div class='ocr_carea' id='block_1_54' title="bbox 345 5222 1932 5293">
    <p class='ocr_par' dir='ltr' id='par_1_54' title="bbox 345 5222 1932 5293">
     <span class='ocr_line' id='line_1_54' title="bbox 345 5222 1932 5293; baseline -0.002 -15"><span class='ocrx_word' id='word_1_441' title='bbox 345 5224 604 5278; x_wconf 86' lang='lat' dir='ltr'><strong>rabolam.</strong></span> <span class='ocrx_word' id='word_1_442' title='bbox 622 5222 816 5279; x_wconf 86' lang='lat' dir='ltr'><strong>Contra</strong></span> <span class='ocrx_word' id='word_1_443' title='bbox 839 5238 923 5278; x_wconf 91' lang='lat' dir='ltr'><strong>me</strong></span> <span class='ocrx_word' id='word_1_444' title='bbox 940 5223 1293 5293; x_wconf 87' lang='lat' dir='ltr'><strong>loquebantur</strong></span> <span class='ocrx_word' id='word_1_445' title='bbox 1307 5223 1393 5291; x_wconf 85' lang='lat' dir='ltr'><strong>qui</strong></span> <span class='ocrx_word' id='word_1_446' title='bbox 1413 5222 1670 5275; x_wconf 88' lang='lat' dir='ltr'><strong>sedebant</strong></span> <span class='ocrx_word' id='word_1_447' title='bbox 1692 5224 1740 5274; x_wconf 92' lang='lat' dir='ltr'><strong>in</strong></span> <span class='ocrx_word' id='word_1_448' title='bbox 1760 5234 1932 5291; x_wconf 89' lang='lat' dir='ltr'><strong>porta,</strong></span> 
     </span>
    </p>
   </div>
   <div class='ocr_carea' id='block_1_55' title="bbox 346 5315 1933 5385">
    <p class='ocr_par' dir='ltr' id='par_1_55' title="bbox 346 5315 1933 5385">
     <span class='ocr_line' id='line_1_55' title="bbox 346 5315 1933 5385; baseline -0.003 -12"><span class='ocrx_word' id='word_1_449' title='bbox 346 5327 402 5373; x_wconf 74' lang='lat' dir='ltr'><strong>et</strong></span> <span class='ocrx_word' id='word_1_450' title='bbox 426 5317 710 5372; x_wconf 88' lang='lat' dir='ltr'><strong>cantabant</strong></span> <span class='ocrx_word' id='word_1_451' title='bbox 739 5316 981 5371; x_wconf 88' lang='lat' dir='ltr'><strong>bibentes</strong></span> <span class='ocrx_word' id='word_1_452' title='bbox 1005 5318 1204 5371; x_wconf 90' lang='lat' dir='ltr'><strong>viuum.</strong></span> <span class='ocrx_word' id='word_1_453' title='bbox 1231 5315 1296 5369; x_wconf 86' lang='lat' dir='ltr'><strong>Et</strong></span> <span class='ocrx_word' id='word_1_454' title='bbox 1323 5317 1581 5384; x_wconf 78' lang='lat' dir='ltr'><strong>aliquanto</strong></span> <span class='ocrx_word' id='word_1_455' title='bbox 1614 5324 1761 5385; x_wconf 81' lang='lat' dir='ltr'><strong>post:</strong></span> <span class='ocrx_word' id='word_1_456' title='bbox 1792 5315 1933 5369; x_wconf 79' lang='lat' dir='ltr'><strong>Lau-</strong></span> 
     </span>
    </p>
   </div>
   <div class='ocr_carea' id='block_1_56' title="bbox 347 5406 1931 5476">
    <p class='ocr_par' dir='ltr' id='par_1_56' title="bbox 347 5406 1931 5476">
     <span class='ocr_line' id='line_1_56' title="bbox 347 5406 1931 5476; baseline -0.002 -12"><span class='ocrx_word' id='word_1_457' title='bbox 347 5410 486 5467; x_wconf 84' lang='lat' dir='ltr'><strong>dabo</strong></span> <span class='ocrx_word' id='word_1_458' title='bbox 514 5426 706 5465; x_wconf 86' lang='lat' dir='ltr'><strong>nomen</strong></span> <span class='ocrx_word' id='word_1_459' title='bbox 748 5408 842 5464; x_wconf 86' lang='lat' dir='ltr'><strong>Dei</strong></span> <span class='ocrx_word' id='word_1_460' title='bbox 882 5408 933 5463; x_wconf 90' lang='lat' dir='ltr'><strong>in</strong></span> <span class='ocrx_word' id='word_1_461' title='bbox 977 5410 1204 5474; x_wconf 90' lang='lat' dir='ltr'><strong>cantico,</strong></span> <span class='ocrx_word' id='word_1_462' title='bbox 1238 5416 1292 5462; x_wconf 94' lang='lat' dir='ltr'><strong>et</strong></span> <span class='ocrx_word' id='word_1_463' title='bbox 1336 5406 1684 5476; x_wconf 82' lang='lat' dir='ltr'><strong>magnilieabo</strong></span> <span class='ocrx_word' id='word_1_464' title='bbox 1722 5422 1841 5461; x_wconf 88' lang='lat' dir='ltr'><strong>eum</strong></span> <span class='ocrx_word' id='word_1_465' title='bbox 1880 5407 1931 5462; x_wconf 92' lang='lat' dir='ltr'><strong>in</strong></span> 
     </span>
    </p>
   </div>
   <div class='ocr_carea' id='block_1_57' title="bbox 346 5497 1929 5570">
    <p class='ocr_par' dir='ltr' id='par_1_57' title="bbox 346 5497 1929 5570">
     <span class='ocr_line' id='line_1_57' title="bbox 346 5497 1929 5570; baseline -0.003 -14"><span class='ocrx_word' id='word_1_466' title='bbox 346 5500 705 5557; x_wconf 89' lang='lat' dir='ltr'><strong>confessione.</strong></span> <span class='ocrx_word' id='word_1_467' title='bbox 736 5500 806 5555; x_wconf 86' lang='lat' dir='ltr'><strong>Et</strong></span> <span class='ocrx_word' id='word_1_468' title='bbox 826 5498 1056 5570; x_wconf 89' lang='lat' dir='ltr'><strong>placebit</strong></span> <span class='ocrx_word' id='word_1_469' title='bbox 1085 5501 1193 5553; x_wconf 88' lang='lat' dir='ltr'><strong>Deo</strong></span> <span class='ocrx_word' id='word_1_470' title='bbox 1219 5513 1382 5566; x_wconf 89' lang='lat' dir='ltr'><strong>super</strong></span> <span class='ocrx_word' id='word_1_471' title='bbox 1403 5497 1621 5550; x_wconf 88' lang='lat' dir='ltr'><strong>vitulum</strong></span> <span class='ocrx_word' id='word_1_472' title='bbox 1646 5497 1929 5563; x_wconf 73' lang='lat' dir='ltr'><strong>novellum,</strong></span> 
     </span>
    </p>
   </div>
   <div class='ocr_carea' id='block_1_58' title="bbox 348 5589 1934 5662">
    <p class='ocr_par' dir='ltr' id='par_1_58' title="bbox 348 5589 1934 5662">
     <span class='ocr_line' id='line_1_58' title="bbox 348 5589 1934 5662; baseline -0.003 -14"><span class='ocrx_word' id='word_1_473' title='bbox 348 5608 547 5648; x_wconf 88' lang='lat' dir='ltr'><strong>cornua</strong></span> <span class='ocrx_word' id='word_1_474' title='bbox 570 5592 879 5649; x_wconf 70' lang='lat' dir='ltr'><strong>efferentem</strong></span> <span class='ocrx_word' id='word_1_475' title='bbox 910 5602 965 5647; x_wconf 91' lang='lat' dir='ltr'><strong>et</strong></span> <span class='ocrx_word' id='word_1_476' title='bbox 991 5591 1236 5662; x_wconf 86' lang='lat' dir='ltr'><strong>ungulas.</strong></span> <span class='ocrx_word' id='word_1_477' title='bbox 1269 5589 1523 5645; x_wconf 74' lang='lat' dir='ltr'><strong>Videutes</strong></span> <span class='ocrx_word' id='word_1_478' title='bbox 1550 5590 1808 5644; x_wconf 84' lang='lat' dir='ltr'><strong>mansueti</strong></span> <span class='ocrx_word' id='word_1_479' title='bbox 1838 5589 1934 5644; x_wconf 77' lang='lat' dir='ltr'><strong>la:-</strong></span> 
     </span>
    </p>
   </div>
   <div class='ocr_carea' id='block_1_59' title="bbox 351 5722 1937 5837">
    <p class='ocr_par' dir='ltr' id='par_1_59' title="bbox 351 5722 1937 5837">
     <span class='ocr_line' id='line_1_59' title="bbox 351 5722 1937 5837; baseline -0.002 -60"><span class='ocrx_word' id='word_1_480' title='bbox 351 5724 606 5837; x_wconf 47' lang='grc' dir='ltr'><strong>ωξαξιιιὶιὶ,</strong></span> <span class='ocrx_word' id='word_1_481' title='bbox 643 5726 794 5777; x_wconf 83' lang='lat' dir='ltr'><strong>corda</strong></span> <span class='ocrx_word' id='word_1_482' title='bbox 841 5731 1013 5777; x_wconf 80' lang='lat' dir='ltr'><strong>vestra.</strong></span> <span class='ocrx_word' id='word_1_483' title='bbox 1058 5732 1163 5774; x_wconf 75' lang='lat' dir='ltr'><strong>Mss.</strong></span> <span class='ocrx_word' id='word_1_484' title='bbox 1199 5725 1337 5787; x_wconf 79' lang='lat' dir='ltr'><strong>juxta</strong></span> <span class='ocrx_word' id='word_1_485' title='bbox 1362 5722 1502 5775; x_wconf 79' lang='lat' dir='ltr'><strong>Psalt.</strong></span> <span class='ocrx_word' id='word_1_486' title='bbox 1561 5725 1711 5786; x_wconf 84' lang='lat' dir='ltr'><strong>tlier.,</strong></span> <span class='ocrx_word' id='word_1_487' title='bbox 1757 5736 1839 5774; x_wconf 78' lang='lat' dir='ltr'><strong>cor</strong></span> <span class='ocrx_word' id='word_1_488' title='bbox 1863 5734 1937 5774; x_wconf 79' lang='lat' dir='ltr'><strong>oe-</strong></span> 
     </span>
    </p>
   </div>
   <div class='ocr_carea' id='block_1_60' title="bbox 712 5870 1402 5932">
    <p class='ocr_par' dir='ltr' id='par_1_60' title="bbox 712 5870 1402 5932">
     <span class='ocr_line' id='line_1_60' title="bbox 712 5870 1402 5932; baseline 0 -2"><span class='ocrx_word' id='word_1_489' title='bbox 712 5870 939 5931; x_wconf 71' lang='lat' dir='ltr'><strong>Saxcr.</strong></span> <span class='ocrx_word' id='word_1_490' title='bbox 988 5873 1263 5932; x_wconf 77' lang='lat' dir='ltr'><strong>Aecusr.</strong></span> <span class='ocrx_word' id='word_1_491' title='bbox 1295 5871 1402 5931; x_wconf 82' lang='grc' dir='ltr'><strong>ΠΙ.</strong></span> 
     </span>
    </p>
   </div>
   <div class='ocr_carea' id='block_1_61' title="bbox 1571 330 2365 388">
    <p class='ocr_par' dir='ltr' id='par_1_61' title="bbox 1571 330 2365 388">
     <span class='ocr_line' id='line_1_61' title="bbox 1571 330 2365 388; baseline -0.004 0"><span class='ocrx_word' id='word_1_492' title='bbox 1571 334 1654 388; x_wconf 78' lang='grc' dir='ltr'>ΟΕ</span> <span class='ocrx_word' id='word_1_493' title='bbox 1695 330 2079 388; x_wconf 71' lang='grc' dir='ltr'><strong>ΞΕΠΙΡἨΣΒΑ</strong></span> <span class='ocrx_word' id='word_1_494' title='bbox 2119 331 2365 387; x_wconf 70' lang='lat' dir='ltr'><strong>SACRA.</strong></span> 
     </span>
    </p>
   </div>
   <div class='ocr_carea' id='block_1_62' title="bbox 3514 339 3618 392">
    <p class='ocr_par' dir='ltr' id='par_1_62' title="bbox 3514 339 3618 392">
     <span class='ocr_line' id='line_1_62' title="bbox 3514 339 3618 392; baseline 0 -1"><span class='ocrx_word' id='word_1_495' title='bbox 3514 339 3618 392; x_wconf 76' lang='lat'><strong>906</strong></span> 
     </span>
    </p>
   </div>
   <div class='ocr_carea' id='block_1_63' title="bbox 2036 448 3619 520">
    <p class='ocr_par' dir='ltr' id='par_1_63' title="bbox 2036 448 3619 520">
     <span class='ocr_line' id='line_1_63' title="bbox 2036 448 3619 520; baseline 0.005 -19"><span class='ocrx_word' id='word_1_496' title='bbox 2036 448 2307 503; x_wconf 83' lang='lat' dir='ltr'><strong>tabuntur.</strong></span> <span class='ocrx_word' id='word_1_497' title='bbox 2337 449 2435 517; x_wconf 93' lang='lat' dir='ltr'><strong>Qui</strong></span> <span class='ocrx_word' id='word_1_498' title='bbox 2464 450 2697 520; x_wconf 64' lang='lat' dir='ltr'><strong>quaeritis</strong></span> <span class='ocrx_word' id='word_1_499' title='bbox 2725 448 3029 518; x_wconf 89' lang='lat' dir='ltr'><strong>Dominum,</strong></span> <span class='ocrx_word' id='word_1_500' title='bbox 3057 450 3200 507; x_wconf 83' lang='lat' dir='ltr'><strong>vivet</strong></span> <span class='ocrx_word' id='word_1_501' title='bbox 3220 451 3393 507; x_wconf 87' lang='lat' dir='ltr'><strong>anima</strong></span> <span class='ocrx_word' id='word_1_502' title='bbox 3419 465 3619 510; x_wconf 68' lang='lat' dir='ltr'><strong>vestra.</strong></span> 
     </span>
    </p>
   </div>
   <div class='ocr_carea' id='block_1_64' title="bbox 2033 539 3620 613">
    <p class='ocr_par' dir='ltr' id='par_1_64' title="bbox 2033 539 3620 613">
     <span class='ocr_line' id='line_1_64' title="bbox 2033 539 3620 613; baseline 0.004 -20"><span class='ocrx_word' id='word_1_503' title='bbox 2033 539 2292 607; x_wconf 90' lang='lat' dir='ltr'><strong>Quoniam</strong></span> <span class='ocrx_word' id='word_1_504' title='bbox 2310 541 2581 595; x_wconf 78' lang='lat' dir='ltr'><strong>exaudivit</strong></span> <span class='ocrx_word' id='word_1_505' title='bbox 2596 557 2855 611; x_wconf 87' lang='lat' dir='ltr'><strong>pauperes</strong></span> <span class='ocrx_word' id='word_1_506' title='bbox 2876 543 3148 597; x_wconf 88' lang='lat' dir='ltr'><strong>Dominus.</strong></span> <span class='ocrx_word' id='word_1_507' title='bbox 3165 542 3229 596; x_wconf 87' lang='lat' dir='ltr'><strong>In</strong></span> <span class='ocrx_word' id='word_1_508' title='bbox 3244 546 3439 613; x_wconf 86' lang='lat' dir='ltr'><strong>psalmo</strong></span> <span class='ocrx_word' id='word_1_509' title='bbox 3458 562 3620 601; x_wconf 77' lang='lat' dir='ltr'><strong>Lxxn.</strong></span> 
     </span>
    </p>
   </div>
   <div class='ocr_carea' id='block_1_65' title="bbox 2035 632 3621 705">
    <p class='ocr_par' dir='ltr' id='par_1_65' title="bbox 2035 632 3621 705">
     <span class='ocr_line' id='line_1_65' title="bbox 2035 632 3621 705; baseline 0.005 -20"><span class='ocrx_word' id='word_1_510' title='bbox 2035 632 2167 698; x_wconf 91' lang='lat' dir='ltr'><strong>Quia</strong></span> <span class='ocrx_word' id='word_1_511' title='bbox 2206 642 2331 687; x_wconf 91' lang='lat' dir='ltr'><strong>ecce</strong></span> <span class='ocrx_word' id='word_1_512' title='bbox 2376 634 2466 702; x_wconf 88' lang='lat' dir='ltr'><strong>qui</strong></span> <span class='ocrx_word' id='word_1_513' title='bbox 2495 634 2745 703; x_wconf 88' lang='lat' dir='ltr'><strong>elongant</strong></span> <span class='ocrx_word' id='word_1_514' title='bbox 2781 650 2840 689; x_wconf 91' lang='lat' dir='ltr'><strong>se</strong></span> <span class='ocrx_word' id='word_1_515' title='bbox 2870 650 2899 687; x_wconf 91' lang='lat' dir='ltr'><strong>a</strong></span> <span class='ocrx_word' id='word_1_516' title='bbox 2930 644 3002 698; x_wconf 87' lang='lat' dir='ltr'><strong>te,</strong></span> <span class='ocrx_word' id='word_1_517' title='bbox 3036 634 3311 704; x_wconf 87' lang='lat' dir='ltr'><strong>peribunt;</strong></span> <span class='ocrx_word' id='word_1_518' title='bbox 3347 637 3621 705; x_wconf 84' lang='lat' dir='ltr'><strong>perdidisti</strong></span> 
     </span>
    </p>
   </div>
   <div class='ocr_carea' id='block_1_66' title="bbox 2036 724 3620 799">
    <p class='ocr_par' dir='ltr' id='par_1_66' title="bbox 2036 724 3620 799">
     <span class='ocr_line' id='line_1_66' title="bbox 2036 724 3620 799; baseline 0.006 -22"><span class='ocrx_word' id='word_1_519' title='bbox 2036 738 2248 777; x_wconf 90' lang='lat' dir='ltr'><strong>omnem</strong></span> <span class='ocrx_word' id='word_1_520' title='bbox 2290 724 2636 780; x_wconf 89' lang='lat' dir='ltr'><strong>fornicantem</strong></span> <span class='ocrx_word' id='word_1_521' title='bbox 2664 741 2692 779; x_wconf 90' lang='lat' dir='ltr'><strong>a</strong></span> <span class='ocrx_word' id='word_1_522' title='bbox 2723 734 2793 780; x_wconf 87' lang='lat' dir='ltr'><strong>te.</strong></span> <span class='ocrx_word' id='word_1_523' title='bbox 2826 725 2949 780; x_wconf 78' lang='lat' dir='ltr'><strong>Mihi</strong></span> <span class='ocrx_word' id='word_1_524' title='bbox 2981 736 3154 781; x_wconf 89' lang='lat' dir='ltr'><strong>autem</strong></span> <span class='ocrx_word' id='word_1_525' title='bbox 3197 730 3620 799; x_wconf 86' lang='lat' dir='ltr'><strong>appropinquare</strong></span> 
     </span>
    </p>
   </div>
   <div class='ocr_carea' id='block_1_67' title="bbox 2040 812 3617 889">
    <p class='ocr_par' dir='ltr' id='par_1_67' title="bbox 2040 812 3617 889">
     <span class='ocr_line' id='line_1_67' title="bbox 2040 812 3617 889; baseline 0.008 -24"><span class='ocrx_word' id='word_1_526' title='bbox 2040 812 2150 867; x_wconf 89' lang='lat' dir='ltr'><strong>Deo</strong></span> <span class='ocrx_word' id='word_1_527' title='bbox 2181 813 2377 868; x_wconf 92' lang='lat' dir='ltr'><strong>bonum</strong></span> <span class='ocrx_word' id='word_1_528' title='bbox 2413 823 2525 869; x_wconf 86' lang='lat' dir='ltr'><strong>est:</strong></span> <span class='ocrx_word' id='word_1_529' title='bbox 2558 816 2709 884; x_wconf 90' lang='lat' dir='ltr'><strong>posui</strong></span> <span class='ocrx_word' id='word_1_530' title='bbox 2742 816 2792 869; x_wconf 92' lang='lat' dir='ltr'><strong>in</strong></span> <span class='ocrx_word' id='word_1_531' title='bbox 2826 816 3049 871; x_wconf 90' lang='lat' dir='ltr'><strong>Domino</strong></span> <span class='ocrx_word' id='word_1_532' title='bbox 3080 818 3187 873; x_wconf 94' lang='lat' dir='ltr'><strong>Deo</strong></span> <span class='ocrx_word' id='word_1_533' title='bbox 3224 835 3373 889; x_wconf 90' lang='lat' dir='ltr'><strong>spem</strong></span> <span class='ocrx_word' id='word_1_534' title='bbox 3421 837 3617 883; x_wconf 78' lang='lat' dir='ltr'><strong>meam.</strong></span> 
     </span>
    </p>
   </div>
   <div class='ocr_carea' id='block_1_68' title="bbox 2040 906 3635 979">
    <p class='ocr_par' dir='ltr' id='par_1_68' title="bbox 2040 906 3635 979">
     <span class='ocr_line' id='line_1_68' title="bbox 2040 906 3635 979; baseline 0.005 -24"><span class='ocrx_word' id='word_1_535' title='bbox 2040 911 2097 956; x_wconf 93' lang='lat' dir='ltr'><strong>ut</strong></span> <span class='ocrx_word' id='word_1_536' title='bbox 2112 920 2323 958; x_wconf 90' lang='lat' dir='ltr'><strong>narrem</strong></span> <span class='ocrx_word' id='word_1_537' title='bbox 2342 920 2528 959; x_wconf 90' lang='lat' dir='ltr'><strong>omnes</strong></span> <span class='ocrx_word' id='word_1_538' title='bbox 2549 906 2979 961; x_wconf 88' lang='lat' dir='ltr'><strong>anuuntiationes</strong></span> <span class='ocrx_word' id='word_1_539' title='bbox 3000 917 3135 963; x_wconf 87' lang='lat' dir='ltr'><strong>tuas.</strong></span> <span class='ocrx_word' id='word_1_540' title='bbox 3156 907 3223 963; x_wconf 86' lang='lat' dir='ltr'><strong>In</strong></span> <span class='ocrx_word' id='word_1_541' title='bbox 3250 911 3443 979; x_wconf 89' lang='lat' dir='ltr'><strong>psalmo</strong></span> <span class='ocrx_word' id='word_1_542' title='bbox 3461 928 3607 969; x_wconf 79' lang='lat' dir='ltr'><strong>Lxxv.</strong></span> <span class='ocrx_word' id='word_1_543' title='bbox 3632 958 3635 963; x_wconf 96' lang='lat'><strong>.</strong></span> 
     </span>
    </p>
   </div>
   <div class='ocr_carea' id='block_1_69' title="bbox 2043 993 3614 1074">
    <p class='ocr_par' dir='ltr' id='par_1_69' title="bbox 2043 993 3614 1074">
     <span class='ocr_line' id='line_1_69' title="bbox 2043 993 3614 1074; baseline 0.008 -28"><span class='ocrx_word' id='word_1_544' title='bbox 2043 993 2262 1059; x_wconf 85' lang='lat' dir='ltr'><strong>Vovete,</strong></span> <span class='ocrx_word' id='word_1_545' title='bbox 2291 1004 2347 1051; x_wconf 93' lang='lat' dir='ltr'><strong>et</strong></span> <span class='ocrx_word' id='word_1_546' title='bbox 2376 996 2581 1051; x_wconf 87' lang='lat' dir='ltr'><strong>reddite</strong></span> <span class='ocrx_word' id='word_1_547' title='bbox 2610 997 2835 1052; x_wconf 92' lang='lat' dir='ltr'><strong>Domino</strong></span> <span class='ocrx_word' id='word_1_548' title='bbox 2866 999 2975 1053; x_wconf 91' lang='lat' dir='ltr'><strong>Deo</strong></span> <span class='ocrx_word' id='word_1_549' title='bbox 3004 1010 3215 1066; x_wconf 85' lang='lat' dir='ltr'><strong>vestro;</strong></span> <span class='ocrx_word' id='word_1_550' title='bbox 3238 1018 3426 1058; x_wconf 90' lang='lat' dir='ltr'><strong>omnes</strong></span> <span class='ocrx_word' id='word_1_551' title='bbox 3454 1006 3541 1074; x_wconf 91' lang='lat' dir='ltr'><strong>qui</strong></span> <span class='ocrx_word' id='word_1_552' title='bbox 3567 1006 3614 1069; x_wconf 58' lang='lat' dir='ltr'><strong>in</strong></span> 
     </span>
    </p>
   </div>
   <div class='ocr_carea' id='block_1_70' title="bbox 2040 1086 3622 1161">
    <p class='ocr_par' dir='ltr' id='par_1_70' title="bbox 2040 1086 3622 1161">
     <span class='ocr_line' id='line_1_70' title="bbox 2040 1086 3622 1161; baseline 0.009 -22"><span class='ocrx_word' id='word_1_553' title='bbox 2040 1086 2260 1140; x_wconf 90' lang='lat' dir='ltr'><strong>circuitu</strong></span> <span class='ocrx_word' id='word_1_554' title='bbox 2291 1088 2406 1157; x_wconf 82' lang='lat' dir='ltr'><strong>ejus</strong></span> <span class='ocrx_word' id='word_1_555' title='bbox 2449 1097 2590 1153; x_wconf 89' lang='lat' dir='ltr'><strong>sunt,</strong></span> <span class='ocrx_word' id='word_1_556' title='bbox 2626 1089 2854 1145; x_wconf 79' lang='lat' dir='ltr'><strong>offerent</strong></span> <span class='ocrx_word' id='word_1_557' title='bbox 2892 1091 3029 1145; x_wconf 89' lang='lat' dir='ltr'><strong>dona</strong></span> <span class='ocrx_word' id='word_1_558' title='bbox 3062 1095 3305 1161; x_wconf 89' lang='lat' dir='ltr'><strong>terribili,</strong></span> <span class='ocrx_word' id='word_1_559' title='bbox 3359 1096 3622 1153; x_wconf 84' lang='lat' dir='ltr'><strong>auferent&#39;t</strong></span> 
     </span>
    </p>
   </div>
   <div class='ocr_carea' id='block_1_71' title="bbox 2041 1179 3626 1258">
    <p class='ocr_par' dir='ltr' id='par_1_71' title="bbox 2041 1179 3626 1258">
     <span class='ocr_line' id='line_1_71' title="bbox 2041 1179 3626 1258; baseline 0.008 -28"><span class='ocrx_word' id='word_1_560' title='bbox 2041 1179 2280 1247; x_wconf 88' lang='lat' dir='ltr'><strong>spiritum</strong></span> <span class='ocrx_word' id='word_1_561' title='bbox 2322 1181 2536 1249; x_wconf 91' lang='lat' dir='ltr'><strong>dueum,</strong></span> <span class='ocrx_word' id='word_1_562' title='bbox 2585 1182 2804 1237; x_wconf 88' lang='lat' dir='ltr'><strong>terribili</strong></span> <span class='ocrx_word' id='word_1_563' title='bbox 2850 1184 3063 1252; x_wconf 91' lang='lat' dir='ltr'><strong>regibus</strong></span> <span class='ocrx_word' id='word_1_564' title='bbox 3104 1195 3278 1240; x_wconf 70' lang='lat' dir='ltr'><strong>terrm.</strong></span> <span class='ocrx_word' id='word_1_565' title='bbox 3322 1187 3389 1242; x_wconf 83' lang='lat' dir='ltr'><strong>In</strong></span> <span class='ocrx_word' id='word_1_566' title='bbox 3428 1188 3626 1258; x_wconf 83' lang='lat' dir='ltr'><strong>psalmo</strong></span> 
     </span>
    </p>
   </div>
   <div class='ocr_carea' id='block_1_72' title="bbox 2043 1273 3624 1347">
    <p class='ocr_par' dir='ltr' id='par_1_72' title="bbox 2043 1273 3624 1347">
     <span class='ocr_line' id='line_1_72' title="bbox 2043 1273 3624 1347; baseline 0.007 -22"><span class='ocrx_word' id='word_1_567' title='bbox 2043 1286 2240 1325; x_wconf 77' lang='lat' dir='ltr'><strong>Lxxvu.</strong></span> <span class='ocrx_word' id='word_1_568' title='bbox 2268 1273 2536 1337; x_wconf 85' lang='lat' dir='ltr'><strong>Ausculta,</strong></span> <span class='ocrx_word' id='word_1_569' title='bbox 2572 1275 2796 1344; x_wconf 91' lang='lat' dir='ltr'><strong>populus</strong></span> <span class='ocrx_word' id='word_1_570' title='bbox 2824 1292 2993 1342; x_wconf 89' lang='lat' dir='ltr'><strong>meus,</strong></span> <span class='ocrx_word' id='word_1_571' title='bbox 3030 1277 3199 1347; x_wconf 77' lang='lat' dir='ltr'><strong>legent</strong></span> <span class='ocrx_word' id='word_1_572' title='bbox 3229 1295 3432 1346; x_wconf 89' lang='lat' dir='ltr'><strong>meam;</strong></span> <span class='ocrx_word' id='word_1_573' title='bbox 3471 1282 3624 1336; x_wconf 81' lang='lat' dir='ltr'><strong>ineli-</strong></span> 
     </span>
    </p>
   </div>
   <div class='ocr_carea' id='block_1_73' title="bbox 2042 1366 3663 1441">
    <p class='ocr_par' dir='ltr' id='par_1_73' title="bbox 2042 1366 3663 1441">
     <span class='ocr_line' id='line_1_73' title="bbox 2042 1366 3663 1441; baseline 0.008 -24"><span class='ocrx_word' id='word_1_574' title='bbox 2042 1372 2164 1417; x_wconf 89' lang='lat' dir='ltr'><strong>nate</strong></span> <span class='ocrx_word' id='word_1_575' title='bbox 2208 1380 2390 1418; x_wconf 90' lang='lat' dir='ltr'><strong>aurem</strong></span> <span class='ocrx_word' id='word_1_576' title='bbox 2424 1374 2651 1419; x_wconf 84' lang='lat' dir='ltr'><strong>vestram</strong></span> <span class='ocrx_word' id='word_1_577' title='bbox 2683 1366 2749 1420; x_wconf 82' lang='lat' dir='ltr'><strong>ad</strong></span> <span class='ocrx_word' id='word_1_578' title='bbox 2797 1368 2956 1422; x_wconf 85' lang='lat' dir='ltr'><strong>verba</strong></span> <span class='ocrx_word' id='word_1_579' title='bbox 2985 1370 3094 1422; x_wconf 92' lang='lat' dir='ltr'><strong>oris</strong></span> <span class='ocrx_word' id='word_1_580' title='bbox 3133 1371 3258 1425; x_wconf 91' lang='lat' dir='ltr'><strong>mei.</strong></span> <span class='ocrx_word' id='word_1_581' title='bbox 3293 1373 3540 1441; x_wconf 82' lang='lat' dir='ltr'><strong>Aporiam</strong></span> <span class='ocrx_word' id='word_1_582' title='bbox 3570 1373 3625 1429; x_wconf 90' lang='lat' dir='ltr'><strong>in</strong></span> <span class='ocrx_word' id='word_1_583' title='bbox 3660 1432 3663 1435; x_wconf 95' lang='lat'><em>_</em></span> 
     </span>
    </p>
   </div>
   <div class='ocr_carea' id='block_1_74' title="bbox 2042 1456 3625 1531">
    <p class='ocr_par' dir='ltr' id='par_1_74' title="bbox 2042 1456 3625 1531">
     <span class='ocr_line' id='line_1_74' title="bbox 2042 1456 3625 1531; baseline 0.007 -22"><span class='ocrx_word' id='word_1_584' title='bbox 2042 1456 2288 1524; x_wconf 87' lang='lat' dir='ltr'><strong>parabola</strong></span> <span class='ocrx_word' id='word_1_585' title='bbox 2322 1456 2337 1487; x_wconf 80' lang='grc' dir='ltr'>ί</span> <span class='ocrx_word' id='word_1_586' title='bbox 2357 1470 2418 1511; x_wconf 90' lang='lat' dir='ltr'><strong>os</strong></span> <span class='ocrx_word' id='word_1_587' title='bbox 2448 1474 2644 1524; x_wconf 90' lang='lat' dir='ltr'><strong>meum,</strong></span> <span class='ocrx_word' id='word_1_588' title='bbox 2670 1457 2857 1527; x_wconf 90' lang='lat' dir='ltr'><strong>loquar</strong></span> <span class='ocrx_word' id='word_1_589' title='bbox 2873 1460 3150 1530; x_wconf 64' lang='lat' dir='ltr'><strong>(enigmata</strong></span> <span class='ocrx_word' id='word_1_590' title='bbox 3178 1464 3409 1531; x_wconf 89' lang='lat' dir='ltr'><strong>antiqua.</strong></span> <span class='ocrx_word' id='word_1_591' title='bbox 3438 1464 3501 1519; x_wconf 80' lang='lat' dir='ltr'><strong>Et</strong></span> <span class='ocrx_word' id='word_1_592' title='bbox 3522 1466 3625 1520; x_wconf 88' lang='lat' dir='ltr'><strong>alio</strong></span> 
     </span>
    </p>
   </div>
   <div class='ocr_carea' id='block_1_75' title="bbox 2042 1546 3625 1625">
    <p class='ocr_par' dir='ltr' id='par_1_75' title="bbox 2042 1546 3625 1625">
     <span class='ocr_line' id='line_1_75' title="bbox 2042 1546 3625 1625; baseline 0.008 -25"><span class='ocrx_word' id='word_1_593' title='bbox 2042 1546 2151 1601; x_wconf 90' lang='lat' dir='ltr'><strong>loco</strong></span> <span class='ocrx_word' id='word_1_594' title='bbox 2180 1563 2198 1601; x_wconf 91' lang='lat'><strong><em>:</em></strong></span> <span class='ocrx_word' id='word_1_595' title='bbox 2225 1547 2291 1603; x_wconf 85' lang='lat' dir='ltr'><strong>Et</strong></span> <span class='ocrx_word' id='word_1_596' title='bbox 2317 1550 2606 1603; x_wconf 80' lang='lat' dir='ltr'><strong>narrabant</strong></span> <span class='ocrx_word' id='word_1_597' title='bbox 2633 1550 2755 1605; x_wconf 90' lang='lat' dir='ltr'><strong>filiis</strong></span> <span class='ocrx_word' id='word_1_598' title='bbox 2781 1551 2912 1614; x_wconf 88' lang='lat' dir='ltr'><strong>suis,</strong></span> <span class='ocrx_word' id='word_1_599' title='bbox 2947 1560 3001 1605; x_wconf 92' lang='lat' dir='ltr'><strong>ut</strong></span> <span class='ocrx_word' id='word_1_600' title='bbox 3028 1562 3226 1621; x_wconf 91' lang='lat' dir='ltr'><strong>ponant</strong></span> <span class='ocrx_word' id='word_1_601' title='bbox 3261 1555 3313 1607; x_wconf 90' lang='lat' dir='ltr'><strong>in</strong></span> <span class='ocrx_word' id='word_1_602' title='bbox 3343 1556 3449 1609; x_wconf 92' lang='lat' dir='ltr'><strong>Deo</strong></span> <span class='ocrx_word' id='word_1_603' title='bbox 3478 1573 3625 1625; x_wconf 88' lang='lat' dir='ltr'><strong>spem</strong></span> 
     </span>
    </p>
   </div>
   <div class='ocr_carea' id='block_1_76' title="bbox 2042 1640 3627 1715">
    <p class='ocr_par' dir='ltr' id='par_1_76' title="bbox 2042 1640 3627 1715">
     <span class='ocr_line' id='line_1_76' title="bbox 2042 1640 3627 1715; baseline 0.008 -25"><span class='ocrx_word' id='word_1_604' title='bbox 2042 1651 2213 1702; x_wconf 92' lang='lat' dir='ltr'><strong>suam,</strong></span> <span class='ocrx_word' id='word_1_605' title='bbox 2241 1647 2293 1692; x_wconf 92' lang='lat' dir='ltr'><strong>et</strong></span> <span class='ocrx_word' id='word_1_606' title='bbox 2322 1654 2425 1693; x_wconf 93' lang='lat' dir='ltr'><strong>non</strong></span> <span class='ocrx_word' id='word_1_607' title='bbox 2449 1640 2829 1695; x_wconf 78' lang='lat' dir='ltr'><strong>obliviscantur</strong></span> <span class='ocrx_word' id='word_1_608' title='bbox 2852 1643 3224 1711; x_wconf 88' lang='lat' dir='ltr'><strong>cogitationem</strong></span> <span class='ocrx_word' id='word_1_609' title='bbox 3243 1644 3377 1715; x_wconf 85' lang='lat' dir='ltr'><strong>ejus,</strong></span> <span class='ocrx_word' id='word_1_610' title='bbox 3399 1655 3452 1700; x_wconf 90' lang='lat' dir='ltr'><strong>et</strong></span> <span class='ocrx_word' id='word_1_611' title='bbox 3474 1664 3627 1701; x_wconf 84' lang='lat' dir='ltr'><strong>man-</strong></span> 
     </span>
    </p>
   </div>
   <div class='ocr_carea' id='block_1_77' title="bbox 2042 1728 3625 1804">
    <p class='ocr_par' dir='ltr' id='par_1_77' title="bbox 2042 1728 3625 1804">
     <span class='ocr_line' id='line_1_77' title="bbox 2042 1728 3625 1804; baseline 0.008 -22"><span class='ocrx_word' id='word_1_612' title='bbox 2042 1728 2162 1783; x_wconf 88' lang='lat' dir='ltr'><strong>dala</strong></span> <span class='ocrx_word' id='word_1_613' title='bbox 2189 1730 2303 1799; x_wconf 90' lang='lat' dir='ltr'><strong>ejus</strong></span> <span class='ocrx_word' id='word_1_614' title='bbox 2332 1731 2653 1786; x_wconf 90' lang='lat' dir='ltr'><strong>custodiant.</strong></span> <span class='ocrx_word' id='word_1_615' title='bbox 2685 1731 2752 1787; x_wconf 90' lang='lat' dir='ltr'><strong>In</strong></span> <span class='ocrx_word' id='word_1_616' title='bbox 2775 1734 2968 1804; x_wconf 83' lang='lat' dir='ltr'><strong>psalmo</strong></span> <span class='ocrx_word' id='word_1_617' title='bbox 3000 1751 3158 1790; x_wconf 65' lang='grc' dir='ltr'><strong>ωαχ.</strong></span> <span class='ocrx_word' id='word_1_618' title='bbox 3184 1736 3420 1794; x_wconf 89' lang='lat' dir='ltr'><strong>Laudate</strong></span> <span class='ocrx_word' id='word_1_619' title='bbox 3465 1741 3625 1794; x_wconf 89' lang='lat' dir='ltr'><strong>Deum</strong></span> 
     </span>
    </p>
   </div>
   <div class='ocr_carea' id='block_1_78' title="bbox 2043 1819 3627 1895">
    <p class='ocr_par' dir='ltr' id='par_1_78' title="bbox 2043 1819 3627 1895">
     <span class='ocr_line' id='line_1_78' title="bbox 2043 1819 3627 1895; baseline 0.008 -21"><span class='ocrx_word' id='word_1_620' title='bbox 2043 1819 2405 1878; x_wconf 92' lang='lat' dir='ltr'><strong>fortitudinem</strong></span> <span class='ocrx_word' id='word_1_621' title='bbox 2432 1836 2690 1889; x_wconf 89' lang='lat' dir='ltr'><strong>nostram,</strong></span> <span class='ocrx_word' id='word_1_622' title='bbox 2706 1826 2927 1895; x_wconf 88' lang='lat' dir='ltr'><strong>jubilate</strong></span> <span class='ocrx_word' id='word_1_623' title='bbox 2946 1828 3054 1881; x_wconf 81' lang='lat' dir='ltr'><strong>Deo</strong></span> <span class='ocrx_word' id='word_1_624' title='bbox 3070 1828 3251 1883; x_wconf 84' lang='lat' dir='ltr'><strong>Jacob.</strong></span> <span class='ocrx_word' id='word_1_625' title='bbox 3276 1829 3343 1883; x_wconf 78' lang='lat' dir='ltr'><strong>Et</strong></span> <span class='ocrx_word' id='word_1_626' title='bbox 3364 1832 3464 1886; x_wconf 85' lang='lat' dir='ltr'><strong>alio</strong></span> <span class='ocrx_word' id='word_1_627' title='bbox 3481 1834 3589 1887; x_wconf 88' lang='lat' dir='ltr'><strong>loco</strong></span> <span class='ocrx_word' id='word_1_628' title='bbox 3610 1850 3627 1886; x_wconf 88' lang='lat'><strong><em>:</em></strong></span> 
     </span>
    </p>
   </div>
   <div class='ocr_carea' id='block_1_79' title="bbox 2043 1911 3626 1988">
    <p class='ocr_par' dir='ltr' id='par_1_79' title="bbox 2043 1911 3626 1988">
     <span class='ocr_line' id='line_1_79' title="bbox 2043 1911 3626 1988; baseline 0.009 -23"><span class='ocrx_word' id='word_1_629' title='bbox 2043 1911 2201 1967; x_wconf 87' lang='lat' dir='ltr'><strong>Israel</strong></span> <span class='ocrx_word' id='word_1_630' title='bbox 2226 1914 2268 1968; x_wconf 93' lang='lat' dir='ltr'><strong>si</strong></span> <span class='ocrx_word' id='word_1_631' title='bbox 2296 1914 2527 1970; x_wconf 89' lang='lat' dir='ltr'><strong>audieris</strong></span> <span class='ocrx_word' id='word_1_632' title='bbox 2554 1932 2656 1983; x_wconf 90' lang='lat' dir='ltr'><strong>me,</strong></span> <span class='ocrx_word' id='word_1_633' title='bbox 2686 1934 2788 1972; x_wconf 90' lang='lat' dir='ltr'><strong>non</strong></span> <span class='ocrx_word' id='word_1_634' title='bbox 2815 1920 2885 1973; x_wconf 90' lang='lat' dir='ltr'><strong>sit</strong></span> <span class='ocrx_word' id='word_1_635' title='bbox 2906 1920 2957 1973; x_wconf 90' lang='lat' dir='ltr'><strong>in</strong></span> <span class='ocrx_word' id='word_1_636' title='bbox 2983 1929 3031 1973; x_wconf 92' lang='lat' dir='ltr'><strong>te</strong></span> <span class='ocrx_word' id='word_1_637' title='bbox 3058 1920 3189 1975; x_wconf 88' lang='lat' dir='ltr'><strong>deus</strong></span> <span class='ocrx_word' id='word_1_638' title='bbox 3208 1922 3433 1988; x_wconf 89' lang='lat' dir='ltr'><strong>alienus,</strong></span> <span class='ocrx_word' id='word_1_639' title='bbox 3453 1935 3506 1980; x_wconf 92' lang='lat' dir='ltr'><strong>et</strong></span> <span class='ocrx_word' id='word_1_640' title='bbox 3525 1943 3626 1980; x_wconf 71' lang='lat' dir='ltr'><strong>non</strong></span> 
     </span>
    </p>
   </div>
   <div class='ocr_carea' id='block_1_80' title="bbox 2042 2003 3629 2078">
    <p class='ocr_par' dir='ltr' id='par_1_80' title="bbox 2042 2003 3629 2078">
     <span class='ocr_line' id='line_1_80' title="bbox 2042 2003 3629 2078; baseline 0.009 -22"><span class='ocrx_word' id='word_1_641' title='bbox 2042 2003 2233 2058; x_wconf 89' lang='lat' dir='ltr'><strong>adores</strong></span> <span class='ocrx_word' id='word_1_642' title='bbox 2275 2005 2431 2059; x_wconf 92' lang='lat' dir='ltr'><strong>deum</strong></span> <span class='ocrx_word' id='word_1_643' title='bbox 2482 2008 2838 2075; x_wconf 87' lang='lat' dir='ltr'><strong>peregrinum.</strong></span> <span class='ocrx_word' id='word_1_644' title='bbox 2883 2010 2993 2078; x_wconf 88' lang='lat' dir='ltr'><strong>Ego</strong></span> <span class='ocrx_word' id='word_1_645' title='bbox 3034 2026 3150 2064; x_wconf 91' lang='lat' dir='ltr'><strong>sum</strong></span> <span class='ocrx_word' id='word_1_646' title='bbox 3196 2012 3449 2067; x_wconf 88' lang='lat' dir='ltr'><strong>Dominus</strong></span> <span class='ocrx_word' id='word_1_647' title='bbox 3491 2016 3629 2070; x_wconf 88' lang='lat' dir='ltr'><strong>Deus</strong></span> 
     </span>
    </p>
   </div>
   <div class='ocr_carea' id='block_1_81' title="bbox 2044 2094 3629 2175">
    <p class='ocr_par' dir='ltr' id='par_1_81' title="bbox 2044 2094 3629 2175">
     <span class='ocr_line' id='line_1_81' title="bbox 2044 2094 3629 2175; baseline 0.009 -29"><span class='ocrx_word' id='word_1_648' title='bbox 2044 2101 2183 2148; x_wconf 87' lang='lat' dir='ltr'><strong>tuus.</strong></span> <span class='ocrx_word' id='word_1_649' title='bbox 2212 2094 2279 2148; x_wconf 84' lang='lat' dir='ltr'><strong>In</strong></span> <span class='ocrx_word' id='word_1_650' title='bbox 2310 2096 2504 2166; x_wconf 88' lang='lat' dir='ltr'><strong>psalmo</strong></span> <span class='ocrx_word' id='word_1_651' title='bbox 2534 2113 2721 2152; x_wconf 71' lang='lat' dir='ltr'><strong>um.</strong></span> <span class='ocrx_word' id='word_1_652' title='bbox 2757 2098 3041 2170; x_wconf 89' lang='lat' dir='ltr'><strong>Usquequo</strong></span> <span class='ocrx_word' id='word_1_653' title='bbox 3081 2102 3331 2170; x_wconf 86' lang='lat' dir='ltr'><strong>judieatis</strong></span> <span class='ocrx_word' id='word_1_654' title='bbox 3381 2106 3629 2175; x_wconf 85' lang='lat' dir='ltr'><strong>iniquita-</strong></span> 
     </span>
    </p>
   </div>
   <div class='ocr_carea' id='block_1_82' title="bbox 2046 2188 3631 2267">
    <p class='ocr_par' dir='ltr' id='par_1_82' title="bbox 2046 2188 3631 2267">
     <span class='ocr_line' id='line_1_82' title="bbox 2046 2188 3631 2267; baseline 0.009 -27"><span class='ocrx_word' id='word_1_655' title='bbox 2046 2194 2172 2252; x_wconf 92' lang='lat' dir='ltr'><strong>tem,</strong></span> <span class='ocrx_word' id='word_1_656' title='bbox 2197 2188 2426 2244; x_wconf 86' lang='lat' dir='ltr'><strong>etfacies</strong></span> <span class='ocrx_word' id='word_1_657' title='bbox 2449 2191 2728 2259; x_wconf 84' lang='lat' dir='ltr'><strong>impiorum</strong></span> <span class='ocrx_word' id='word_1_658' title='bbox 2757 2192 3057 2261; x_wconf 89' lang='lat' dir='ltr'><strong>suscipitis?</strong></span> <span class='ocrx_word' id='word_1_659' title='bbox 3076 2194 3317 2251; x_wconf 88' lang='lat' dir='ltr'><strong>Judicate</strong></span> <span class='ocrx_word' id='word_1_660' title='bbox 3345 2198 3561 2267; x_wconf 86' lang='lat' dir='ltr'><strong>pauperi</strong></span> <span class='ocrx_word' id='word_1_661' title='bbox 3578 2209 3631 2253; x_wconf 92' lang='lat' dir='ltr'><strong>et</strong></span> 
     </span>
    </p>
   </div>
   <div class='ocr_carea' id='block_1_83' title="bbox 2043 2280 3625 2356">
    <p class='ocr_par' dir='ltr' id='par_1_83' title="bbox 2043 2280 3625 2356">
     <span class='ocr_line' id='line_1_83' title="bbox 2043 2280 3625 2356; baseline 0.008 -26"><span class='ocrx_word' id='word_1_662' title='bbox 2043 2280 2263 2349; x_wconf 90' lang='lat' dir='ltr'><strong>pupillo,</strong></span> <span class='ocrx_word' id='word_1_663' title='bbox 2292 2296 2459 2351; x_wconf 84' lang='lat' dir='ltr'><strong>egeno</strong></span> <span class='ocrx_word' id='word_1_664' title='bbox 2488 2293 2541 2335; x_wconf 88' lang='lat' dir='ltr'><strong>et</strong></span> <span class='ocrx_word' id='word_1_665' title='bbox 2571 2283 2711 2353; x_wconf 90' lang='lat' dir='ltr'><strong>inopi</strong></span> <span class='ocrx_word' id='word_1_666' title='bbox 2740 2284 2881 2352; x_wconf 91' lang='lat' dir='ltr'><strong>juste</strong></span> <span class='ocrx_word' id='word_1_667' title='bbox 2902 2284 3078 2341; x_wconf 87' lang='lat' dir='ltr'><strong>facite.</strong></span> <span class='ocrx_word' id='word_1_668' title='bbox 3109 2285 3173 2340; x_wconf 83' lang='lat' dir='ltr'><strong>In</strong></span> <span class='ocrx_word' id='word_1_669' title='bbox 3195 2286 3390 2356; x_wconf 87' lang='lat' dir='ltr'><strong>psalmo</strong></span> <span class='ocrx_word' id='word_1_670' title='bbox 3407 2306 3625 2345; x_wconf 77' lang='lat' dir='ltr'><strong>Lxxxnt.</strong></span> 
     </span>
    </p>
   </div>
   <div class='ocr_carea' id='block_1_84' title="bbox 2044 2371 3623 2444">
    <p class='ocr_par' dir='ltr' id='par_1_84' title="bbox 2044 2371 3623 2444">
     <span class='ocr_line' id='line_1_84' title="bbox 2044 2371 3623 2444; baseline 0.007 -19"><span class='ocrx_word' id='word_1_671' title='bbox 2044 2371 2190 2425; x_wconf 88' lang='lat' dir='ltr'><strong>Beati</strong></span> <span class='ocrx_word' id='word_1_672' title='bbox 2212 2373 2298 2444; x_wconf 93' lang='lat' dir='ltr'><strong>qui</strong></span> <span class='ocrx_word' id='word_1_673' title='bbox 2332 2374 2568 2427; x_wconf 88' lang='lat' dir='ltr'><strong>habitant</strong></span> <span class='ocrx_word' id='word_1_674' title='bbox 2604 2376 2655 2429; x_wconf 90' lang='lat' dir='ltr'><strong>in</strong></span> <span class='ocrx_word' id='word_1_675' title='bbox 2695 2376 2854 2430; x_wconf 92' lang='lat' dir='ltr'><strong>domo</strong></span> <span class='ocrx_word' id='word_1_676' title='bbox 2881 2385 2990 2443; x_wconf 86' lang='lat' dir='ltr'><strong>tua,</strong></span> <span class='ocrx_word' id='word_1_677' title='bbox 3035 2378 3207 2433; x_wconf 88' lang='lat' dir='ltr'><strong>adhuc</strong></span> <span class='ocrx_word' id='word_1_678' title='bbox 3238 2380 3527 2435; x_wconf 89' lang='lat' dir='ltr'><strong>laudabunt</strong></span> <span class='ocrx_word' id='word_1_679' title='bbox 3552 2390 3623 2436; x_wconf 91' lang='lat' dir='ltr'><strong>te.</strong></span> 
     </span>
    </p>
   </div>
   <div class='ocr_carea' id='block_1_85' title="bbox 2044 2452 3628 2536">
    <p class='ocr_par' dir='ltr' id='par_1_85' title="bbox 2044 2452 3628 2536">
     <span class='ocr_line' id='line_1_85' title="bbox 2044 2452 3628 2536; baseline 0.009 -21"><span class='ocrx_word' id='word_1_680' title='bbox 2044 2452 2241 2517; x_wconf 82' lang='lat' dir='ltr'><strong>Beatus</strong></span> <span class='ocrx_word' id='word_1_681' title='bbox 2268 2464 2426 2518; x_wconf 90' lang='lat' dir='ltr'><strong>homo</strong></span> <span class='ocrx_word' id='word_1_682' title='bbox 2452 2466 2602 2535; x_wconf 84' lang='lat' dir='ltr'><strong>cujus</strong></span> <span class='ocrx_word' id='word_1_683' title='bbox 2623 2465 2876 2521; x_wconf 88' lang='lat' dir='ltr'><strong>fortitudo</strong></span> <span class='ocrx_word' id='word_1_684' title='bbox 2905 2479 2985 2523; x_wconf 90' lang='lat' dir='ltr'><strong>est</strong></span> <span class='ocrx_word' id='word_1_685' title='bbox 3008 2470 3057 2523; x_wconf 92' lang='lat' dir='ltr'><strong>in</strong></span> <span class='ocrx_word' id='word_1_686' title='bbox 3079 2482 3147 2536; x_wconf 91' lang='lat' dir='ltr'><strong>te,</strong></span> <span class='ocrx_word' id='word_1_687' title='bbox 3168 2473 3374 2526; x_wconf 77' lang='lat' dir='ltr'><strong>semita:</strong></span> <span class='ocrx_word' id='word_1_688' title='bbox 3397 2473 3448 2527; x_wconf 91' lang='lat' dir='ltr'><strong>in</strong></span> <span class='ocrx_word' id='word_1_689' title='bbox 3468 2474 3628 2529; x_wconf 88' lang='lat' dir='ltr'><strong>corde</strong></span> 
     </span>
    </p>
   </div>
   <div class='ocr_carea' id='block_1_86' title="bbox 2044 2554 3625 2632">
    <p class='ocr_par' dir='ltr' id='par_1_86' title="bbox 2044 2554 3625 2632">
     <span class='ocr_line' id='line_1_86' title="bbox 2044 2554 3625 2632; baseline 0.008 -24"><span class='ocrx_word' id='word_1_690' title='bbox 2044 2554 2191 2622; x_wconf 89' lang='lat' dir='ltr'><strong>ejus:</strong></span> <span class='ocrx_word' id='word_1_691' title='bbox 2224 2567 2556 2613; x_wconf 87' lang='lat' dir='ltr'><strong>transeuntes</strong></span> <span class='ocrx_word' id='word_1_692' title='bbox 2589 2558 2639 2612; x_wconf 93' lang='lat' dir='ltr'><strong>in</strong></span> <span class='ocrx_word' id='word_1_693' title='bbox 2670 2560 2808 2614; x_wconf 80' lang='lat' dir='ltr'><strong>valle</strong></span> <span class='ocrx_word' id='word_1_694' title='bbox 2838 2560 2991 2615; x_wconf 87' lang='lat' dir='ltr'><strong>fletus</strong></span> <span class='ocrx_word' id='word_1_695' title='bbox 3028 2562 3225 2617; x_wconf 89' lang='lat' dir='ltr'><strong>fontem</strong></span> <span class='ocrx_word' id='word_1_696' title='bbox 3258 2576 3457 2632; x_wconf 86' lang='lat' dir='ltr'><strong>ponent</strong></span> <span class='ocrx_word' id='word_1_697' title='bbox 3486 2582 3625 2620; x_wconf 88' lang='lat' dir='ltr'><strong>eam.</strong></span> 
     </span>
    </p>
   </div>
   <div class='ocr_carea' id='block_1_87' title="bbox 2043 2646 3629 2719">
    <p class='ocr_par' dir='ltr' id='par_1_87' title="bbox 2043 2646 3629 2719">
     <span class='ocr_line' id='line_1_87' title="bbox 2043 2646 3629 2719; baseline 0.008 -20"><span class='ocrx_word' id='word_1_698' title='bbox 2043 2646 2475 2703; x_wconf 84' lang='lat' dir='ltr'><strong>Benetlietionem</strong></span> <span class='ocrx_word' id='word_1_699' title='bbox 2520 2665 2730 2719; x_wconf 89' lang='lat' dir='ltr'><strong>quoque</strong></span> <span class='ocrx_word' id='word_1_700' title='bbox 2772 2651 3051 2706; x_wconf 90' lang='lat' dir='ltr'><strong>amicietur</strong></span> <span class='ocrx_word' id='word_1_701' title='bbox 3080 2653 3335 2708; x_wconf 78' lang='lat' dir='ltr'><strong>doctor&#39;:</strong></span> <span class='ocrx_word' id='word_1_702' title='bbox 3368 2655 3516 2710; x_wconf 89' lang='lat' dir='ltr'><strong>ibunt</strong></span> <span class='ocrx_word' id='word_1_703' title='bbox 3560 2657 3629 2712; x_wconf 88' lang='lat' dir='ltr'><strong>de</strong></span> 
     </span>
    </p>
   </div>
   <div class='ocr_carea' id='block_1_88' title="bbox 2043 2736 3628 2815">
    <p class='ocr_par' dir='ltr' id='par_1_88' title="bbox 2043 2736 3628 2815">
     <span class='ocr_line' id='line_1_88' title="bbox 2043 2736 3628 2815; baseline 0.008 -25"><span class='ocrx_word' id='word_1_704' title='bbox 2043 2736 2351 2793; x_wconf 88' lang='lat' dir='ltr'><strong>fortitudine</strong></span> <span class='ocrx_word' id='word_1_705' title='bbox 2391 2739 2442 2794; x_wconf 94' lang='lat' dir='ltr'><strong>in</strong></span> <span class='ocrx_word' id='word_1_706' title='bbox 2477 2739 2873 2808; x_wconf 87' lang='lat' dir='ltr'><strong>fortitudinem;</strong></span> <span class='ocrx_word' id='word_1_707' title='bbox 2923 2743 3185 2813; x_wconf 86' lang='lat' dir='ltr'><strong>parebunt</strong></span> <span class='ocrx_word' id='word_1_708' title='bbox 3211 2745 3348 2815; x_wconf 91' lang='lat' dir='ltr'><strong>apud</strong></span> <span class='ocrx_word' id='word_1_709' title='bbox 3377 2747 3540 2802; x_wconf 89' lang='lat' dir='ltr'><strong>Deum</strong></span> <span class='ocrx_word' id='word_1_710' title='bbox 3574 2749 3628 2803; x_wconf 90' lang='lat' dir='ltr'><strong>in</strong></span> 
     </span>
    </p>
   </div>
   <div class='ocr_carea' id='block_1_89' title="bbox 2042 2828 3630 2904">
    <p class='ocr_par' dir='ltr' id='par_1_89' title="bbox 2042 2828 3630 2904">
     <span class='ocr_line' id='line_1_89' title="bbox 2042 2828 3630 2904; baseline 0.006 -19"><span class='ocrx_word' id='word_1_711' title='bbox 2042 2829 2190 2885; x_wconf 89' lang='lat' dir='ltr'><strong>Sion.</strong></span> <span class='ocrx_word' id='word_1_712' title='bbox 2214 2828 2283 2885; x_wconf 79' lang='lat' dir='ltr'><strong>Et</strong></span> <span class='ocrx_word' id='word_1_713' title='bbox 2306 2833 2459 2903; x_wconf 91' lang='lat' dir='ltr'><strong>paulo</strong></span> <span class='ocrx_word' id='word_1_714' title='bbox 2486 2842 2598 2904; x_wconf 82' lang='lat' dir='ltr'><strong>post</strong></span> <span class='ocrx_word' id='word_1_715' title='bbox 2623 2849 2641 2887; x_wconf 91' lang='lat'><strong><em>:</em></strong></span> <span class='ocrx_word' id='word_1_716' title='bbox 2664 2835 2925 2900; x_wconf 88' lang='lat' dir='ltr'><strong>Quoniam</strong></span> <span class='ocrx_word' id='word_1_717' title='bbox 2951 2836 3141 2891; x_wconf 87' lang='lat' dir='ltr'><strong>melior</strong></span> <span class='ocrx_word' id='word_1_718' title='bbox 3162 2845 3244 2892; x_wconf 91' lang='lat' dir='ltr'><strong>est</strong></span> <span class='ocrx_word' id='word_1_719' title='bbox 3267 2837 3382 2894; x_wconf 89' lang='lat' dir='ltr'><strong>dies</strong></span> <span class='ocrx_word' id='word_1_720' title='bbox 3408 2840 3461 2894; x_wconf 91' lang='lat' dir='ltr'><strong>in</strong></span> <span class='ocrx_word' id='word_1_721' title='bbox 3482 2841 3630 2895; x_wconf 82' lang='lat' dir='ltr'><strong>atriis</strong></span> 
     </span>
    </p>
   </div>
   <div class='ocr_carea' id='block_1_90' title="bbox 2045 2925 3671 2997">
    <p class='ocr_par' dir='ltr' id='par_1_90' title="bbox 2045 2925 3671 2997">
     <span class='ocr_line' id='line_1_90' title="bbox 2045 2925 3671 2997; baseline 0.006 -20"><span class='ocrx_word' id='word_1_722' title='bbox 2045 2925 2318 2995; x_wconf 89' lang='lat' dir='ltr'><strong>tuissuper</strong></span> <span class='ocrx_word' id='word_1_723' title='bbox 2334 2926 2519 2980; x_wconf 91' lang='lat' dir='ltr'><strong>millia.</strong></span> <span class='ocrx_word' id='word_1_724' title='bbox 2548 2926 2697 2996; x_wconf 86' lang='lat' dir='ltr'><strong>Elegi</strong></span> <span class='ocrx_word' id='word_1_725' title='bbox 2720 2926 2958 2996; x_wconf 88' lang='lat' dir='ltr'><strong>abjcctus</strong></span> <span class='ocrx_word' id='word_1_726' title='bbox 2980 2943 3100 2983; x_wconf 82' lang='lat' dir='ltr'><strong>esse</strong></span> <span class='ocrx_word' id='word_1_727' title='bbox 3127 2929 3178 2985; x_wconf 90' lang='lat' dir='ltr'><strong>in</strong></span> <span class='ocrx_word' id='word_1_728' title='bbox 3207 2930 3365 2986; x_wconf 91' lang='lat' dir='ltr'><strong>domo</strong></span> <span class='ocrx_word' id='word_1_729' title='bbox 3387 2932 3479 2987; x_wconf 91' lang='lat' dir='ltr'><strong>Dei</strong></span> <span class='ocrx_word' id='word_1_730' title='bbox 3501 2935 3627 2997; x_wconf 83' lang='lat' dir='ltr'><strong>mei,</strong></span> <span class='ocrx_word' id='word_1_731' title='bbox 3668 2994 3671 2997; x_wconf 26' lang='grc' dir='ltr'><strong>η</strong></span> 
     </span>
    </p>
   </div>
   <div class='ocr_carea' id='block_1_91' title="bbox 2043 3018 3630 3093">
    <p class='ocr_par' dir='ltr' id='par_1_91' title="bbox 2043 3018 3630 3093">
     <span class='ocr_line' id='line_1_91' title="bbox 2043 3018 3630 3093; baseline 0.005 -23"><span class='ocrx_word' id='word_1_732' title='bbox 2043 3018 2211 3086; x_wconf 89' lang='lat' dir='ltr'><strong>magis</strong></span> <span class='ocrx_word' id='word_1_733' title='bbox 2240 3035 2394 3088; x_wconf 90' lang='lat' dir='ltr'><strong>quam</strong></span> <span class='ocrx_word' id='word_1_734' title='bbox 2427 3019 2665 3074; x_wconf 85' lang='lat' dir='ltr'><strong>habitare</strong></span> <span class='ocrx_word' id='word_1_735' title='bbox 2706 3021 2757 3073; x_wconf 91' lang='lat' dir='ltr'><strong>in</strong></span> <span class='ocrx_word' id='word_1_736' title='bbox 2803 3020 3157 3076; x_wconf 87' lang='lat' dir='ltr'><strong>tabernaculis</strong></span> <span class='ocrx_word' id='word_1_737' title='bbox 3203 3022 3510 3093; x_wconf 90' lang='lat' dir='ltr'><strong>impietatis.</strong></span> <span class='ocrx_word' id='word_1_738' title='bbox 3564 3024 3630 3079; x_wconf 86' lang='lat' dir='ltr'><strong>In</strong></span> 
     </span>
    </p>
   </div>
   <div class='ocr_carea' id='block_1_92' title="bbox 2041 3109 3630 3185">
    <p class='ocr_par' dir='ltr' id='par_1_92' title="bbox 2041 3109 3630 3185">
     <span class='ocr_line' id='line_1_92' title="bbox 2041 3109 3630 3185; baseline 0.005 -22"><span class='ocrx_word' id='word_1_739' title='bbox 2041 3109 2239 3181; x_wconf 87' lang='lat' dir='ltr'><strong>psalmo</strong></span> <span class='ocrx_word' id='word_1_740' title='bbox 2270 3125 2373 3165; x_wconf 75' lang='lat' dir='ltr'><strong>xei.</strong></span> <span class='ocrx_word' id='word_1_741' title='bbox 2423 3110 2627 3165; x_wconf 91' lang='lat' dir='ltr'><strong>Bonum</strong></span> <span class='ocrx_word' id='word_1_742' title='bbox 2660 3119 2741 3165; x_wconf 88' lang='lat' dir='ltr'><strong>est</strong></span> <span class='ocrx_word' id='word_1_743' title='bbox 2769 3111 3008 3166; x_wconf 79' lang='lat' dir='ltr'><strong>confiteri</strong></span> <span class='ocrx_word' id='word_1_744' title='bbox 3043 3113 3287 3182; x_wconf 64' lang='lat' dir='ltr'><strong>Domino,</strong></span> <span class='ocrx_word' id='word_1_745' title='bbox 3315 3124 3367 3169; x_wconf 93' lang='lat' dir='ltr'><strong>et</strong></span> <span class='ocrx_word' id='word_1_746' title='bbox 3405 3116 3630 3185; x_wconf 84' lang='lat' dir='ltr'><strong>psallere</strong></span> 
     </span>
    </p>
   </div>
   <div class='ocr_carea' id='block_1_93' title="bbox 2043 3201 3627 3277">
    <p class='ocr_par' dir='ltr' id='par_1_93' title="bbox 2043 3201 3627 3277">
     <span class='ocr_line' id='line_1_93' title="bbox 2043 3201 3627 3277; baseline 0.004 -22"><span class='ocrx_word' id='word_1_747' title='bbox 2043 3201 2244 3255; x_wconf 91' lang='lat' dir='ltr'><strong>nomini</strong></span> <span class='ocrx_word' id='word_1_748' title='bbox 2287 3210 2397 3267; x_wconf 93' lang='lat' dir='ltr'><strong>tuo,</strong></span> <span class='ocrx_word' id='word_1_749' title='bbox 2443 3202 2733 3257; x_wconf 81' lang='lat' dir='ltr'><strong>Altissime.</strong></span> <span class='ocrx_word' id='word_1_750' title='bbox 2776 3201 2840 3256; x_wconf 83' lang='lat' dir='ltr'><strong>In</strong></span> <span class='ocrx_word' id='word_1_751' title='bbox 2885 3202 3080 3274; x_wconf 84' lang='lat' dir='ltr'><strong>psalmo</strong></span> <span class='ocrx_word' id='word_1_752' title='bbox 3130 3220 3276 3260; x_wconf 83' lang='lat' dir='ltr'><strong>xcnt.</strong></span> <span class='ocrx_word' id='word_1_753' title='bbox 3329 3206 3627 3277; x_wconf 75' lang='lat' dir='ltr'><strong>lutelligite,</strong></span> 
     </span>
    </p>
   </div>
   <div class='ocr_carea' id='block_1_94' title="bbox 2043 3294 3631 3367">
    <p class='ocr_par' dir='ltr' id='par_1_94' title="bbox 2043 3294 3631 3367">
     <span class='ocr_line' id='line_1_94' title="bbox 2043 3294 3631 3367; baseline 0.003 -19"><span class='ocrx_word' id='word_1_754' title='bbox 2043 3295 2189 3349; x_wconf 90' lang='lat' dir='ltr'><strong>stulti</strong></span> <span class='ocrx_word' id='word_1_755' title='bbox 2216 3295 2267 3349; x_wconf 93' lang='lat' dir='ltr'><strong>in</strong></span> <span class='ocrx_word' id='word_1_756' title='bbox 2300 3294 2524 3365; x_wconf 90' lang='lat' dir='ltr'><strong>populo;</strong></span> <span class='ocrx_word' id='word_1_757' title='bbox 2554 3303 2610 3350; x_wconf 82' lang='lat' dir='ltr'><strong>et</strong></span> <span class='ocrx_word' id='word_1_758' title='bbox 2653 3296 2982 3366; x_wconf 89' lang='lat' dir='ltr'><strong>insipientes,</strong></span> <span class='ocrx_word' id='word_1_759' title='bbox 3012 3297 3298 3367; x_wconf 90' lang='lat' dir='ltr'><strong>aliquando</strong></span> <span class='ocrx_word' id='word_1_760' title='bbox 3324 3298 3528 3353; x_wconf 91' lang='lat' dir='ltr'><strong>discite.</strong></span> <span class='ocrx_word' id='word_1_761' title='bbox 3565 3300 3631 3353; x_wconf 68' lang='lat' dir='ltr'><strong>fit</strong></span> 
     </span>
    </p>
   </div>
   <div class='ocr_carea' id='block_1_95' title="bbox 2044 3388 3630 3459">
    <p class='ocr_par' dir='ltr' id='par_1_95' title="bbox 2044 3388 3630 3459">
     <span class='ocr_line' id='line_1_95' title="bbox 2044 3388 3630 3459; baseline 0.003 -19"><span class='ocrx_word' id='word_1_762' title='bbox 2044 3389 2199 3457; x_wconf 83' lang='lat' dir='ltr'><strong>paulo</strong></span> <span class='ocrx_word' id='word_1_763' title='bbox 2224 3398 2335 3459; x_wconf 81' lang='lat' dir='ltr'><strong>post</strong></span> <span class='ocrx_word' id='word_1_764' title='bbox 2358 3403 2377 3442; x_wconf 90' lang='lat'><strong><em>:</em></strong></span> <span class='ocrx_word' id='word_1_765' title='bbox 2398 3388 2591 3442; x_wconf 89' lang='lat' dir='ltr'><strong>Beatus</strong></span> <span class='ocrx_word' id='word_1_766' title='bbox 2609 3388 2690 3442; x_wconf 89' lang='lat' dir='ltr'><strong>vir</strong></span> <span class='ocrx_word' id='word_1_767' title='bbox 2719 3404 2875 3458; x_wconf 90' lang='lat' dir='ltr'><strong>quem</strong></span> <span class='ocrx_word' id='word_1_768' title='bbox 2904 3388 3184 3455; x_wconf 90' lang='lat' dir='ltr'><strong>erudieris,</strong></span> <span class='ocrx_word' id='word_1_769' title='bbox 3214 3390 3454 3456; x_wconf 90' lang='lat' dir='ltr'><strong>Domine,</strong></span> <span class='ocrx_word' id='word_1_770' title='bbox 3483 3401 3535 3444; x_wconf 92' lang='lat' dir='ltr'><strong>et</strong></span> <span class='ocrx_word' id='word_1_771' title='bbox 3564 3390 3630 3446; x_wconf 90' lang='lat' dir='ltr'><strong>de</strong></span> 
     </span>
    </p>
   </div>
   <div class='ocr_carea' id='block_1_96' title="bbox 2044 3478 3627 3549">
    <p class='ocr_par' dir='ltr' id='par_1_96' title="bbox 2044 3478 3627 3549">
     <span class='ocr_line' id='line_1_96' title="bbox 2044 3478 3627 3549; baseline 0.003 -17"><span class='ocrx_word' id='word_1_772' title='bbox 2044 3478 2160 3548; x_wconf 83' lang='lat' dir='ltr'><strong>lege</strong></span> <span class='ocrx_word' id='word_1_773' title='bbox 2181 3487 2267 3531; x_wconf 92' lang='lat' dir='ltr'><strong>tua</strong></span> <span class='ocrx_word' id='word_1_774' title='bbox 2284 3478 2529 3534; x_wconf 88' lang='lat' dir='ltr'><strong>docueris</strong></span> <span class='ocrx_word' id='word_1_775' title='bbox 2546 3494 2686 3533; x_wconf 92' lang='lat' dir='ltr'><strong>eum.</strong></span> <span class='ocrx_word' id='word_1_776' title='bbox 2712 3478 2776 3534; x_wconf 91' lang='lat' dir='ltr'><strong>Ut</strong></span> <span class='ocrx_word' id='word_1_777' title='bbox 2796 3479 3032 3549; x_wconf 91' lang='lat' dir='ltr'><strong>quiescat</strong></span> <span class='ocrx_word' id='word_1_778' title='bbox 3048 3494 3077 3533; x_wconf 93' lang='lat' dir='ltr'><strong>a</strong></span> <span class='ocrx_word' id='word_1_779' title='bbox 3100 3479 3286 3533; x_wconf 80' lang='lat' dir='ltr'><strong>diebus</strong></span> <span class='ocrx_word' id='word_1_780' title='bbox 3304 3479 3627 3545; x_wconf 84' lang='lat' dir='ltr'><strong>amictiouis,</strong></span> 
     </span>
    </p>
   </div>
   <div class='ocr_carea' id='block_1_97' title="bbox 2044 3558 3632 3641">
    <p class='ocr_par' dir='ltr' id='par_1_97' title="bbox 2044 3558 3632 3641">
     <span class='ocr_line' id='line_1_97' title="bbox 2044 3558 3632 3641; baseline 0.003 -17"><span class='ocrx_word' id='word_1_781' title='bbox 2044 3570 2217 3625; x_wconf 88' lang='lat' dir='ltr'><strong>donec</strong></span> <span class='ocrx_word' id='word_1_782' title='bbox 2245 3569 2473 3625; x_wconf 91' lang='lat' dir='ltr'><strong>fodiatur</strong></span> <span class='ocrx_word' id='word_1_783' title='bbox 2495 3572 2657 3640; x_wconf 90' lang='lat' dir='ltr'><strong>impio</strong></span> <span class='ocrx_word' id='word_1_784' title='bbox 2681 3558 2944 3625; x_wconf 88' lang='lat' dir='ltr'><strong>interitus.</strong></span> <span class='ocrx_word' id='word_1_785' title='bbox 2967 3569 3031 3625; x_wconf 86' lang='lat' dir='ltr'><strong>In</strong></span> <span class='ocrx_word' id='word_1_786' title='bbox 3054 3570 3249 3641; x_wconf 84' lang='lat' dir='ltr'><strong>psalmo</strong></span> <span class='ocrx_word' id='word_1_787' title='bbox 3278 3587 3417 3628; x_wconf 66' lang='grc' dir='ltr'><strong>χειν.</strong></span> <span class='ocrx_word' id='word_1_788' title='bbox 3446 3572 3632 3629; x_wconf 85' lang='lat' dir='ltr'><strong>Venite</strong></span> 
     </span>
    </p>
   </div>
   <div class='ocr_carea' id='block_1_98' title="bbox 2043 3661 3628 3733">
    <p class='ocr_par' dir='ltr' id='par_1_98' title="bbox 2043 3661 3628 3733">
     <span class='ocr_line' id='line_1_98' title="bbox 2043 3661 3628 3733; baseline 0.001 -16"><span class='ocrx_word' id='word_1_789' title='bbox 2043 3662 2344 3725; x_wconf 86' lang='lat' dir='ltr'><strong>adoremus,</strong></span> <span class='ocrx_word' id='word_1_790' title='bbox 2379 3672 2443 3717; x_wconf 72' lang='lat' dir='ltr'><strong>eo</strong></span> <span class='ocrx_word' id='word_1_791' title='bbox 2462 3678 2769 3728; x_wconf 80' lang='lat' dir='ltr'><strong>curventur,</strong></span> <span class='ocrx_word' id='word_1_792' title='bbox 2800 3661 3073 3718; x_wconf 85' lang='lat' dir='ltr'><strong>flectamus</strong></span> <span class='ocrx_word' id='word_1_793' title='bbox 3095 3678 3264 3733; x_wconf 85' lang='lat' dir='ltr'><strong>genua</strong></span> <span class='ocrx_word' id='word_1_794' title='bbox 3291 3672 3415 3718; x_wconf 89' lang='lat' dir='ltr'><strong>ante</strong></span> <span class='ocrx_word' id='word_1_795' title='bbox 3443 3664 3628 3719; x_wconf 73' lang='lat' dir='ltr'><strong>faciem</strong></span> 
     </span>
    </p>
   </div>
   <div class='ocr_carea' id='block_1_99' title="bbox 2046 3752 3633 3825">
    <p class='ocr_par' dir='ltr' id='par_1_99' title="bbox 2046 3752 3633 3825">
     <span class='ocr_line' id='line_1_99' title="bbox 2046 3752 3633 3825; baseline 0.001 -17"><span class='ocrx_word' id='word_1_796' title='bbox 2046 3754 2254 3809; x_wconf 90' lang='lat' dir='ltr'><strong>Domini</strong></span> <span class='ocrx_word' id='word_1_797' title='bbox 2281 3753 2495 3809; x_wconf 90' lang='lat' dir='ltr'><strong>factoris</strong></span> <span class='ocrx_word' id='word_1_798' title='bbox 2524 3754 2710 3808; x_wconf 86' lang='lat' dir='ltr'><strong>nostri.</strong></span> <span class='ocrx_word' id='word_1_799' title='bbox 2758 3752 2820 3807; x_wconf 81' lang='lat' dir='ltr'><strong>Et</strong></span> <span class='ocrx_word' id='word_1_800' title='bbox 2847 3762 2957 3825; x_wconf 82' lang='lat' dir='ltr'><strong>post</strong></span> <span class='ocrx_word' id='word_1_801' title='bbox 2995 3753 3122 3807; x_wconf 83' lang='lat' dir='ltr'><strong>duos</strong></span> <span class='ocrx_word' id='word_1_802' title='bbox 3150 3770 3321 3808; x_wconf 85' lang='lat' dir='ltr'><strong>versus</strong></span> <span class='ocrx_word' id='word_1_803' title='bbox 3344 3768 3364 3808; x_wconf 91' lang='lat'><strong><em>:</em></strong></span> <span class='ocrx_word' id='word_1_804' title='bbox 3388 3752 3555 3809; x_wconf 82' lang='lat' dir='ltr'><strong>llodie</strong></span> <span class='ocrx_word' id='word_1_805' title='bbox 3585 3754 3633 3809; x_wconf 80' lang='lat' dir='ltr'><strong>si</strong></span> 
     </span>
    </p>
   </div>
   <div class='ocr_carea' id='block_1_100' title="bbox 2044 3846 3629 3917">
    <p class='ocr_par' dir='ltr' id='par_1_100' title="bbox 2044 3846 3629 3917">
     <span class='ocr_line' id='line_1_100' title="bbox 2044 3846 3629 3917; baseline -0.001 -16"><span class='ocrx_word' id='word_1_806' title='bbox 2044 3864 2226 3903; x_wconf 86' lang='lat' dir='ltr'><strong>vocem</strong></span> <span class='ocrx_word' id='word_1_807' title='bbox 2257 3848 2373 3917; x_wconf 89' lang='lat' dir='ltr'><strong>ejus</strong></span> <span class='ocrx_word' id='word_1_808' title='bbox 2400 3848 2693 3915; x_wconf 90' lang='lat' dir='ltr'><strong>audieritis,</strong></span> <span class='ocrx_word' id='word_1_809' title='bbox 2725 3847 2891 3902; x_wconf 88' lang='lat' dir='ltr'><strong>nolite</strong></span> <span class='ocrx_word' id='word_1_810' title='bbox 2928 3846 3191 3901; x_wconf 86' lang='lat' dir='ltr'><strong>obdurare</strong></span> <span class='ocrx_word' id='word_1_811' title='bbox 3220 3846 3382 3901; x_wconf 90' lang='lat' dir='ltr'><strong>corda</strong></span> <span class='ocrx_word' id='word_1_812' title='bbox 3422 3856 3629 3912; x_wconf 84' lang='lat' dir='ltr'><strong>vestra;</strong></span> 
     </span>
    </p>
   </div>
   <div class='ocr_carea' id='block_1_101' title="bbox 2045 3938 3641 4005">
    <p class='ocr_par' dir='ltr' id='par_1_101' title="bbox 2045 3938 3641 4005">
     <span class='ocr_line' id='line_1_101' title="bbox 2045 3938 3641 4005; baseline -0.001 -12"><span class='ocrx_word' id='word_1_813' title='bbox 2045 3940 2181 3995; x_wconf 90' lang='lat' dir='ltr'><strong>sicut</strong></span> <span class='ocrx_word' id='word_1_814' title='bbox 2209 3941 2259 3994; x_wconf 89' lang='lat' dir='ltr'><strong>in</strong></span> <span class='ocrx_word' id='word_1_815' title='bbox 2288 3940 2726 4005; x_wconf 88' lang='lat' dir='ltr'><strong>contradictione,</strong></span> <span class='ocrx_word' id='word_1_816' title='bbox 2760 3939 2897 3993; x_wconf 90' lang='lat' dir='ltr'><strong>sicut</strong></span> <span class='ocrx_word' id='word_1_817' title='bbox 2922 3939 2974 3992; x_wconf 94' lang='lat' dir='ltr'><strong>in</strong></span> <span class='ocrx_word' id='word_1_818' title='bbox 2999 3939 3086 3993; x_wconf 91' lang='lat' dir='ltr'><strong>die</strong></span> <span class='ocrx_word' id='word_1_819' title='bbox 3116 3938 3425 3993; x_wconf 88' lang='lat' dir='ltr'><strong>tentationis</strong></span> <span class='ocrx_word' id='word_1_820' title='bbox 3448 3939 3500 3993; x_wconf 91' lang='lat' dir='ltr'><strong>in</strong></span> <span class='ocrx_word' id='word_1_821' title='bbox 3530 3939 3641 3995; x_wconf 84' lang='lat' dir='ltr'><strong>de-.</strong></span> 
     </span>
    </p>
   </div>
   <div class='ocr_carea' id='block_1_102' title="bbox 2044 4028 3632 4104">
    <p class='ocr_par' dir='ltr' id='par_1_102' title="bbox 2044 4028 3632 4104">
     <span class='ocr_line' id='line_1_102' title="bbox 2044 4028 3632 4104; baseline 0 -20"><span class='ocrx_word' id='word_1_822' title='bbox 2044 4042 2207 4086; x_wconf 82' lang='lat' dir='ltr'><strong>serto.</strong></span> <span class='ocrx_word' id='word_1_823' title='bbox 2238 4030 2303 4085; x_wconf 84' lang='lat' dir='ltr'><strong>In</strong></span> <span class='ocrx_word' id='word_1_824' title='bbox 2343 4031 2537 4104; x_wconf 89' lang='lat' dir='ltr'><strong>psalmo</strong></span> <span class='ocrx_word' id='word_1_825' title='bbox 2565 4045 2685 4085; x_wconf 78' lang='lat' dir='ltr'><strong>xcv.</strong></span> <span class='ocrx_word' id='word_1_826' title='bbox 2724 4028 2948 4084; x_wconf 89' lang='lat' dir='ltr'><strong>Cantate</strong></span> <span class='ocrx_word' id='word_1_827' title='bbox 2974 4030 3200 4084; x_wconf 89' lang='lat' dir='ltr'><strong>Domino</strong></span> <span class='ocrx_word' id='word_1_828' title='bbox 3238 4029 3632 4085; x_wconf 75' lang='lat' dir='ltr'><strong>canticumno-</strong></span> 
     </span>
    </p>
   </div>
   <div class='ocr_carea' id='block_1_103' title="bbox 2045 4120 3630 4187">
    <p class='ocr_par' dir='ltr' id='par_1_103' title="bbox 2045 4120 3630 4187">
     <span class='ocr_line' id='line_1_103' title="bbox 2045 4120 3630 4187; baseline 0.001 -11"><span class='ocrx_word' id='word_1_829' title='bbox 2045 4140 2189 4187; x_wconf 82' lang='lat' dir='ltr'><strong>vum,</strong></span> <span class='ocrx_word' id='word_1_830' title='bbox 2222 4132 2429 4178; x_wconf 88' lang='lat' dir='ltr'><strong>cantate</strong></span> <span class='ocrx_word' id='word_1_831' title='bbox 2457 4122 2701 4186; x_wconf 92' lang='lat' dir='ltr'><strong>Domino,</strong></span> <span class='ocrx_word' id='word_1_832' title='bbox 2729 4122 2903 4177; x_wconf 89' lang='lat' dir='ltr'><strong>omnis</strong></span> <span class='ocrx_word' id='word_1_833' title='bbox 2933 4130 3091 4176; x_wconf 83' lang='lat' dir='ltr'><strong>terra.</strong></span> <span class='ocrx_word' id='word_1_834' title='bbox 3130 4120 3351 4176; x_wconf 77' lang='lat' dir='ltr'><strong>Cantate</strong></span> <span class='ocrx_word' id='word_1_835' title='bbox 3382 4122 3630 4185; x_wconf 85' lang='lat' dir='ltr'><strong>Domino.</strong></span> 
     </span>
    </p>
   </div>
   <div class='ocr_carea' id='block_1_104' title="bbox 2045 4212 3633 4282">
    <p class='ocr_par' dir='ltr' id='par_1_104' title="bbox 2045 4212 3633 4282">
     <span class='ocr_line' id='line_1_104' title="bbox 2045 4212 3633 4282; baseline -0.001 -13"><span class='ocrx_word' id='word_1_836' title='bbox 2045 4215 2345 4270; x_wconf 88' lang='lat' dir='ltr'><strong>benedicite</strong></span> <span class='ocrx_word' id='word_1_837' title='bbox 2390 4214 2589 4268; x_wconf 91' lang='lat' dir='ltr'><strong>nomini</strong></span> <span class='ocrx_word' id='word_1_838' title='bbox 2635 4213 2782 4282; x_wconf 87' lang='lat' dir='ltr'><strong>ejus:</strong></span> <span class='ocrx_word' id='word_1_839' title='bbox 2808 4215 3115 4266; x_wconf 86' lang='lat' dir='ltr'><strong>annttntiate</strong></span> <span class='ocrx_word' id='word_1_840' title='bbox 3157 4212 3225 4268; x_wconf 87' lang='lat' dir='ltr'><strong>de</strong></span> <span class='ocrx_word' id='word_1_841' title='bbox 3268 4212 3357 4267; x_wconf 87' lang='lat' dir='ltr'><strong>die</strong></span> <span class='ocrx_word' id='word_1_842' title='bbox 3410 4213 3460 4265; x_wconf 91' lang='lat' dir='ltr'><strong>in</strong></span> <span class='ocrx_word' id='word_1_843' title='bbox 3490 4212 3633 4267; x_wconf 80' lang='lat' dir='ltr'><strong>diem</strong></span> 
     </span>
    </p>
   </div>
   <div class='ocr_carea' id='block_1_105' title="bbox 2044 4302 3632 4374">
    <p class='ocr_par' dir='ltr' id='par_1_105' title="bbox 2044 4302 3632 4374">
     <span class='ocr_line' id='line_1_105' title="bbox 2044 4302 3632 4374; baseline -0.005 -13"><span class='ocrx_word' id='word_1_844' title='bbox 2044 4308 2275 4361; x_wconf 85' lang='lat' dir='ltr'><strong>salutare</strong></span> <span class='ocrx_word' id='word_1_845' title='bbox 2299 4306 2434 4374; x_wconf 90' lang='lat' dir='ltr'><strong>ejus.</strong></span> <span class='ocrx_word' id='word_1_846' title='bbox 2458 4304 2678 4359; x_wconf 85' lang='lat' dir='ltr'><strong>Narrate</strong></span> <span class='ocrx_word' id='word_1_847' title='bbox 2706 4304 2756 4356; x_wconf 91' lang='lat' dir='ltr'><strong>in</strong></span> <span class='ocrx_word' id='word_1_848' title='bbox 2778 4303 3025 4373; x_wconf 83' lang='lat' dir='ltr'><strong>gentibus</strong></span> <span class='ocrx_word' id='word_1_849' title='bbox 3043 4302 3266 4372; x_wconf 86' lang='lat' dir='ltr'><strong>gloriam</strong></span> <span class='ocrx_word' id='word_1_850' title='bbox 3284 4302 3417 4371; x_wconf 92' lang='lat' dir='ltr'><strong>ejus,</strong></span> <span class='ocrx_word' id='word_1_851' title='bbox 3439 4303 3489 4356; x_wconf 90' lang='lat' dir='ltr'><strong>in</strong></span> <span class='ocrx_word' id='word_1_852' title='bbox 3507 4302 3632 4356; x_wconf 90' lang='lat' dir='ltr'><strong>uni-</strong></span> 
     </span>
    </p>
   </div>
   <div class='ocr_carea' id='block_1_106' title="bbox 2046 4392 3632 4466">
    <p class='ocr_par' dir='ltr' id='par_1_106' title="bbox 2046 4392 3632 4466">
     <span class='ocr_line' id='line_1_106' title="bbox 2046 4392 3632 4466; baseline -0.004 -13"><span class='ocrx_word' id='word_1_853' title='bbox 2046 4398 2213 4453; x_wconf 86' lang='lat' dir='ltr'><strong>versis</strong></span> <span class='ocrx_word' id='word_1_854' title='bbox 2240 4397 2444 4466; x_wconf 91' lang='lat' dir='ltr'><strong>populis</strong></span> <span class='ocrx_word' id='word_1_855' title='bbox 2474 4395 2732 4449; x_wconf 88' lang='lat' dir='ltr'><strong>mirabilia</strong></span> <span class='ocrx_word' id='word_1_856' title='bbox 2768 4394 2901 4462; x_wconf 87' lang='lat' dir='ltr'><strong>ejus.</strong></span> <span class='ocrx_word' id='word_1_857' title='bbox 2934 4392 2999 4445; x_wconf 83' lang='lat' dir='ltr'><strong>El</strong></span> <span class='ocrx_word' id='word_1_858' title='bbox 3030 4402 3141 4462; x_wconf 83' lang='lat' dir='ltr'><strong>post</strong></span> <span class='ocrx_word' id='word_1_859' title='bbox 3179 4408 3268 4446; x_wconf 77' lang='lat' dir='ltr'><strong>sex</strong></span> <span class='ocrx_word' id='word_1_860' title='bbox 3296 4407 3465 4446; x_wconf 81' lang='lat' dir='ltr'><strong>versus</strong></span> <span class='ocrx_word' id='word_1_861' title='bbox 3490 4412 3508 4450; x_wconf 84' lang='lat'><strong><em>:</em></strong></span> <span class='ocrx_word' id='word_1_862' title='bbox 3534 4392 3632 4447; x_wconf 80' lang='lat' dir='ltr'><strong>Af-</strong></span> 
     </span>
    </p>
   </div>
   <div class='ocr_carea' id='block_1_107' title="bbox 2046 4482 3635 4552">
    <p class='ocr_par' dir='ltr' id='par_1_107' title="bbox 2046 4482 3635 4552">
     <span class='ocr_line' id='line_1_107' title="bbox 2046 4482 3635 4552; baseline -0.001 -11"><span class='ocrx_word' id='word_1_863' title='bbox 2046 4489 2179 4544; x_wconf 90' lang='lat' dir='ltr'><strong>ferte</strong></span> <span class='ocrx_word' id='word_1_864' title='bbox 2226 4488 2471 4549; x_wconf 91' lang='lat' dir='ltr'><strong>Domino,</strong></span> <span class='ocrx_word' id='word_1_865' title='bbox 2518 4484 2733 4539; x_wconf 72' lang='lat' dir='ltr'><strong>familize</strong></span> <span class='ocrx_word' id='word_1_866' title='bbox 2777 4484 3125 4552; x_wconf 88' lang='lat' dir='ltr'><strong>populorum,</strong></span> <span class='ocrx_word' id='word_1_867' title='bbox 3177 4482 3366 4538; x_wconf 72' lang='lat' dir='ltr'><strong>afferte</strong></span> <span class='ocrx_word' id='word_1_868' title='bbox 3408 4484 3635 4539; x_wconf 89' lang='lat' dir='ltr'><strong>Domino</strong></span> 
     </span>
    </p>
   </div>
   <div class='ocr_carea' id='block_1_108' title="bbox 2045 4573 3635 4650">
    <p class='ocr_par' dir='ltr' id='par_1_108' title="bbox 2045 4573 3635 4650">
     <span class='ocr_line' id='line_1_108' title="bbox 2045 4573 3635 4650; baseline -0.001 -19"><span class='ocrx_word' id='word_1_869' title='bbox 2045 4579 2265 4650; x_wconf 87' lang='lat' dir='ltr'><strong>gloriam</strong></span> <span class='ocrx_word' id='word_1_870' title='bbox 2295 4585 2349 4631; x_wconf 93' lang='lat' dir='ltr'><strong>et</strong></span> <span class='ocrx_word' id='word_1_871' title='bbox 2376 4574 2756 4630; x_wconf 88' lang='lat' dir='ltr'><strong>fortitudinem.</strong></span> <span class='ocrx_word' id='word_1_872' title='bbox 2786 4574 2985 4629; x_wconf 80' lang='lat' dir='ltr'><strong>Afferte</strong></span> <span class='ocrx_word' id='word_1_873' title='bbox 3028 4573 3252 4628; x_wconf 90' lang='lat' dir='ltr'><strong>Domino</strong></span> <span class='ocrx_word' id='word_1_874' title='bbox 3290 4573 3512 4644; x_wconf 88' lang='lat' dir='ltr'><strong>gloriam</strong></span> <span class='ocrx_word' id='word_1_875' title='bbox 3538 4589 3635 4630; x_wconf 81' lang='lat' dir='ltr'><strong>no-</strong></span> 
     </span>
    </p>
   </div>
   <div class='ocr_carea' id='block_1_109' title="bbox 2046 4666 3633 4738">
    <p class='ocr_par' dir='ltr' id='par_1_109' title="bbox 2046 4666 3633 4738">
     <span class='ocr_line' id='line_1_109' title="bbox 2046 4666 3633 4738; baseline -0.001 -15"><span class='ocrx_word' id='word_1_876' title='bbox 2046 4670 2175 4724; x_wconf 87' lang='lat' dir='ltr'><strong>mini</strong></span> <span class='ocrx_word' id='word_1_877' title='bbox 2216 4668 2360 4738; x_wconf 91' lang='lat' dir='ltr'><strong>ejus;</strong></span> <span class='ocrx_word' id='word_1_878' title='bbox 2407 4667 2577 4722; x_wconf 83' lang='lat' dir='ltr'><strong>levate</strong></span> <span class='ocrx_word' id='word_1_879' title='bbox 2620 4681 2862 4733; x_wconf 88' lang='lat' dir='ltr'><strong>munera,</strong></span> <span class='ocrx_word' id='word_1_880' title='bbox 2893 4674 2947 4720; x_wconf 92' lang='lat' dir='ltr'><strong>et</strong></span> <span class='ocrx_word' id='word_1_881' title='bbox 2974 4666 3190 4721; x_wconf 86' lang='lat' dir='ltr'><strong>introite</strong></span> <span class='ocrx_word' id='word_1_882' title='bbox 3234 4666 3286 4720; x_wconf 95' lang='lat' dir='ltr'><strong>in</strong></span> <span class='ocrx_word' id='word_1_883' title='bbox 3333 4668 3465 4721; x_wconf 86' lang='lat' dir='ltr'><strong>atria</strong></span> <span class='ocrx_word' id='word_1_884' title='bbox 3496 4666 3633 4737; x_wconf 88' lang='lat' dir='ltr'><strong>ejus.</strong></span> 
     </span>
    </p>
   </div>
   <div class='ocr_carea' id='block_1_110' title="bbox 2044 4756 3633 4829">
    <p class='ocr_par' dir='ltr' id='par_1_110' title="bbox 2044 4756 3633 4829">
     <span class='ocr_line' id='line_1_110' title="bbox 2044 4756 3633 4829; baseline -0.002 -13"><span class='ocrx_word' id='word_1_885' title='bbox 2044 4762 2277 4817; x_wconf 85' lang='lat' dir='ltr'><strong>Adorate</strong></span> <span class='ocrx_word' id='word_1_886' title='bbox 2293 4760 2572 4815; x_wconf 90' lang='lat' dir='ltr'><strong>Dominum</strong></span> <span class='ocrx_word' id='word_1_887' title='bbox 2592 4758 2642 4813; x_wconf 93' lang='lat' dir='ltr'><strong>iu</strong></span> <span class='ocrx_word' id='word_1_888' title='bbox 2660 4757 2853 4814; x_wconf 89' lang='lat' dir='ltr'><strong>decore</strong></span> <span class='ocrx_word' id='word_1_889' title='bbox 2868 4758 3175 4814; x_wconf 89' lang='lat' dir='ltr'><strong>sanctuarii.</strong></span> <span class='ocrx_word' id='word_1_890' title='bbox 3196 4756 3261 4812; x_wconf 82' lang='lat' dir='ltr'><strong>In</strong></span> <span class='ocrx_word' id='word_1_891' title='bbox 3278 4759 3474 4829; x_wconf 90' lang='lat' dir='ltr'><strong>psalmo</strong></span> <span class='ocrx_word' id='word_1_892' title='bbox 3492 4775 3633 4813; x_wconf 75' lang='lat' dir='ltr'><strong>xcvr.</strong></span> 
     </span>
    </p>
   </div>
   <div class='ocr_carea' id='block_1_111' title="bbox 2046 4849 3635 4922">
    <p class='ocr_par' dir='ltr' id='par_1_111' title="bbox 2046 4849 3635 4922">
     <span class='ocr_line' id='line_1_111' title="bbox 2046 4849 3635 4922; baseline 0.001 -17"><span class='ocrx_word' id='word_1_893' title='bbox 2046 4854 2143 4922; x_wconf 87' lang='lat' dir='ltr'><strong>Qui</strong></span> <span class='ocrx_word' id='word_1_894' title='bbox 2168 4852 2385 4921; x_wconf 82' lang='lat' dir='ltr'><strong>diligitis</strong></span> <span class='ocrx_word' id='word_1_895' title='bbox 2413 4852 2715 4918; x_wconf 92' lang='lat' dir='ltr'><strong>Dominum,</strong></span> <span class='ocrx_word' id='word_1_896' title='bbox 2750 4852 2892 4906; x_wconf 92' lang='lat' dir='ltr'><strong>odite</strong></span> <span class='ocrx_word' id='word_1_897' title='bbox 2919 4851 3137 4905; x_wconf 91' lang='lat' dir='ltr'><strong>malum.</strong></span> <span class='ocrx_word' id='word_1_898' title='bbox 3164 4849 3233 4904; x_wconf 78' lang='lat' dir='ltr'><strong>Et</strong></span> <span class='ocrx_word' id='word_1_899' title='bbox 3257 4861 3369 4921; x_wconf 82' lang='lat' dir='ltr'><strong>post</strong></span> <span class='ocrx_word' id='word_1_900' title='bbox 3390 4861 3489 4905; x_wconf 85' lang='lat' dir='ltr'><strong>tres</strong></span> <span class='ocrx_word' id='word_1_901' title='bbox 3518 4868 3635 4906; x_wconf 78' lang='lat' dir='ltr'><strong>ver-</strong></span> 
     </span>
    </p>
   </div>
   <div class='ocr_carea' id='block_1_112' title="bbox 2045 4943 3632 5013">
    <p class='ocr_par' dir='ltr' id='par_1_112' title="bbox 2045 4943 3632 5013">
     <span class='ocr_line' id='line_1_112' title="bbox 2045 4943 3632 5013; baseline 0 -14"><span class='ocrx_word' id='word_1_902' title='bbox 2045 4962 2132 4999; x_wconf 86' lang='lat' dir='ltr'><strong>sus</strong></span> <span class='ocrx_word' id='word_1_903' title='bbox 2154 4961 2173 4998; x_wconf 91' lang='lat'><strong><em>:</em></strong></span> <span class='ocrx_word' id='word_1_904' title='bbox 2196 4944 2491 5009; x_wconf 72' lang='lat' dir='ltr'><strong>Ltetamini,</strong></span> <span class='ocrx_word' id='word_1_905' title='bbox 2518 4943 2667 5013; x_wconf 91' lang='lat' dir='ltr'><strong>justi,</strong></span> <span class='ocrx_word' id='word_1_906' title='bbox 2696 4945 2748 4996; x_wconf 92' lang='lat' dir='ltr'><strong>in</strong></span> <span class='ocrx_word' id='word_1_907' title='bbox 2782 4943 3027 5009; x_wconf 92' lang='lat' dir='ltr'><strong>Domino,</strong></span> <span class='ocrx_word' id='word_1_908' title='bbox 3058 4950 3112 4997; x_wconf 91' lang='lat' dir='ltr'><strong>et</strong></span> <span class='ocrx_word' id='word_1_909' title='bbox 3147 4943 3472 4997; x_wconf 77' lang='lat' dir='ltr'><strong>confitemini</strong></span> <span class='ocrx_word' id='word_1_910' title='bbox 3514 4957 3632 4999; x_wconf 70' lang='grc' dir='ltr'><strong>ωε-</strong></span> 
     </span>
    </p>
   </div>
   <div class='ocr_carea' id='block_1_113' title="bbox 2048 5034 3630 5107">
    <p class='ocr_par' dir='ltr' id='par_1_113' title="bbox 2048 5034 3630 5107">
     <span class='ocr_line' id='line_1_113' title="bbox 2048 5034 3630 5107; baseline -0.001 -15"><span class='ocrx_word' id='word_1_911' title='bbox 2048 5039 2229 5092; x_wconf 76' lang='lat' dir='ltr'><strong>moria:</strong></span> <span class='ocrx_word' id='word_1_912' title='bbox 2255 5047 2453 5092; x_wconf 63' lang='lat' dir='ltr'><strong>sanctae</strong></span> <span class='ocrx_word' id='word_1_913' title='bbox 2480 5036 2613 5107; x_wconf 89' lang='lat' dir='ltr'><strong>ejus.</strong></span> <span class='ocrx_word' id='word_1_914' title='bbox 2644 5035 2711 5089; x_wconf 84' lang='lat' dir='ltr'><strong>lu</strong></span> <span class='ocrx_word' id='word_1_915' title='bbox 2737 5034 2932 5105; x_wconf 88' lang='lat' dir='ltr'><strong>psalmo</strong></span> <span class='ocrx_word' id='word_1_916' title='bbox 2948 5051 3110 5091; x_wconf 85' lang='lat' dir='ltr'><strong>xcvn.</strong></span> <span class='ocrx_word' id='word_1_917' title='bbox 3129 5034 3359 5091; x_wconf 85' lang='lat' dir='ltr'><strong>Jubilate</strong></span> <span class='ocrx_word' id='word_1_918' title='bbox 3381 5035 3630 5103; x_wconf 89' lang='lat' dir='ltr'><strong>Domino,</strong></span> 
     </span>
    </p>
   </div>
   <div class='ocr_carea' id='block_1_114' title="bbox 2046 5127 3631 5195">
    <p class='ocr_par' dir='ltr' id='par_1_114' title="bbox 2046 5127 3631 5195">
     <span class='ocr_line' id='line_1_114' title="bbox 2046 5127 3631 5195; baseline -0.001 -11"><span class='ocrx_word' id='word_1_919' title='bbox 2046 5131 2221 5185; x_wconf 90' lang='lat' dir='ltr'><strong>omnis</strong></span> <span class='ocrx_word' id='word_1_920' title='bbox 2260 5139 2429 5195; x_wconf 87' lang='lat' dir='ltr'><strong>terra;</strong></span> <span class='ocrx_word' id='word_1_921' title='bbox 2462 5127 2843 5195; x_wconf 80' lang='lat' dir='ltr'><strong>vociferamini,</strong></span> <span class='ocrx_word' id='word_1_922' title='bbox 2887 5137 2942 5183; x_wconf 94' lang='lat' dir='ltr'><strong>et</strong></span> <span class='ocrx_word' id='word_1_923' title='bbox 2971 5128 3201 5194; x_wconf 89' lang='lat' dir='ltr'><strong>laudate,</strong></span> <span class='ocrx_word' id='word_1_924' title='bbox 3247 5137 3302 5184; x_wconf 90' lang='lat' dir='ltr'><strong>et</strong></span> <span class='ocrx_word' id='word_1_925' title='bbox 3337 5129 3532 5184; x_wconf 90' lang='lat' dir='ltr'><strong>canite.</strong></span> <span class='ocrx_word' id='word_1_926' title='bbox 3565 5128 3631 5184; x_wconf 79' lang='grc' dir='ltr'><em>1η</em></span> 
     </span>
    </p>
   </div>
   <div class='ocr_carea' id='block_1_115' title="bbox 2047 5221 3628 5295">
    <p class='ocr_par' dir='ltr' id='par_1_115' title="bbox 2047 5221 3628 5295">
     <span class='ocr_line' id='line_1_115' title="bbox 2047 5221 3628 5295; baseline 0.001 -19"><span class='ocrx_word' id='word_1_927' title='bbox 2047 5224 2243 5295; x_wconf 90' lang='lat' dir='ltr'><strong>psalmo</strong></span> <span class='ocrx_word' id='word_1_928' title='bbox 2268 5238 2448 5278; x_wconf 76' lang='lat' dir='ltr'><strong>xcvut.</strong></span> <span class='ocrx_word' id='word_1_929' title='bbox 2480 5222 2725 5276; x_wconf 83' lang='lat' dir='ltr'><strong>Exaltate</strong></span> <span class='ocrx_word' id='word_1_930' title='bbox 2767 5221 3049 5274; x_wconf 90' lang='lat' dir='ltr'><strong>Dominum</strong></span> <span class='ocrx_word' id='word_1_931' title='bbox 3080 5221 3247 5275; x_wconf 91' lang='lat' dir='ltr'><strong>Deum</strong></span> <span class='ocrx_word' id='word_1_932' title='bbox 3278 5230 3542 5289; x_wconf 90' lang='lat' dir='ltr'><strong>nostrum,</strong></span> <span class='ocrx_word' id='word_1_933' title='bbox 3577 5233 3628 5277; x_wconf 91' lang='lat' dir='ltr'><strong>et</strong></span> 
     </span>
    </p>
   </div>
   <div class='ocr_carea' id='block_1_116' title="bbox 2046 5310 3627 5380">
    <p class='ocr_par' dir='ltr' id='par_1_116' title="bbox 2046 5310 3627 5380">
     <span class='ocr_line' id='line_1_116' title="bbox 2046 5310 3627 5380; baseline -0.002 -12"><span class='ocrx_word' id='word_1_934' title='bbox 2046 5314 2263 5369; x_wconf 82' lang='lat' dir='ltr'><strong>adorato</strong></span> <span class='ocrx_word' id='word_1_935' title='bbox 2302 5313 2588 5367; x_wconf 90' lang='lat' dir='ltr'><strong>scabellum</strong></span> <span class='ocrx_word' id='word_1_936' title='bbox 2617 5310 2809 5380; x_wconf 88' lang='lat' dir='ltr'><strong>pedum</strong></span> <span class='ocrx_word' id='word_1_937' title='bbox 2843 5311 2979 5378; x_wconf 89' lang='lat' dir='ltr'><strong>ejus,</strong></span> <span class='ocrx_word' id='word_1_938' title='bbox 3011 5310 3129 5379; x_wconf 89' lang='lat' dir='ltr'><strong>quia</strong></span> <span class='ocrx_word' id='word_1_939' title='bbox 3157 5319 3372 5365; x_wconf 87' lang='lat' dir='ltr'><strong>sanctus</strong></span> <span class='ocrx_word' id='word_1_940' title='bbox 3396 5312 3535 5366; x_wconf 74' lang='lat' dir='ltr'><strong>est&#39;.</strong></span> <span class='ocrx_word' id='word_1_941' title='bbox 3567 5311 3627 5366; x_wconf 84' lang='lat' dir='ltr'><strong>In</strong></span> 
     </span>
    </p>
   </div>
   <div class='ocr_carea' id='block_1_117' title="bbox 2047 5402 3626 5474">
    <p class='ocr_par' dir='ltr' id='par_1_117' title="bbox 2047 5402 3626 5474">
     <span class='ocr_line' id='line_1_117' title="bbox 2047 5402 3626 5474; baseline 0 -15"><span class='ocrx_word' id='word_1_942' title='bbox 2047 5406 2241 5474; x_wconf 87' lang='lat' dir='ltr'><strong>psalmo</strong></span> <span class='ocrx_word' id='word_1_943' title='bbox 2272 5420 2413 5460; x_wconf 74' lang='lat' dir='ltr'><strong>xcrx.</strong></span> <span class='ocrx_word' id='word_1_944' title='bbox 2449 5402 2680 5458; x_wconf 88' lang='lat' dir='ltr'><strong>Jubilate</strong></span> <span class='ocrx_word' id='word_1_945' title='bbox 2723 5402 2968 5467; x_wconf 90' lang='lat' dir='ltr'><strong>Domino,</strong></span> <span class='ocrx_word' id='word_1_946' title='bbox 3014 5402 3187 5455; x_wconf 90' lang='lat' dir='ltr'><strong>omnis</strong></span> <span class='ocrx_word' id='word_1_947' title='bbox 3232 5411 3391 5469; x_wconf 91' lang='lat' dir='ltr'><strong>terra,</strong></span> <span class='ocrx_word' id='word_1_948' title='bbox 3438 5404 3626 5459; x_wconf 83' lang='lat' dir='ltr'><strong>servile</strong></span> 
     </span>
    </p>
   </div>
   <div class='ocr_carea' id='block_1_118' title="bbox 2046 5492 3622 5565">
    <p class='ocr_par' dir='ltr' id='par_1_118' title="bbox 2046 5492 3622 5565">
     <span class='ocr_line' id='line_1_118' title="bbox 2046 5492 3622 5565; baseline -0.003 -11"><span class='ocrx_word' id='word_1_949' title='bbox 2046 5499 2274 5554; x_wconf 91' lang='lat' dir='ltr'><strong>Domino</strong></span> <span class='ocrx_word' id='word_1_950' title='bbox 2314 5497 2368 5552; x_wconf 92' lang='lat' dir='ltr'><strong>in</strong></span> <span class='ocrx_word' id='word_1_951' title='bbox 2412 5496 2614 5551; x_wconf 80' lang='lat' dir='ltr'><strong>laetitia.</strong></span> <span class='ocrx_word' id='word_1_952' title='bbox 2656 5493 2995 5565; x_wconf 88' lang='lat' dir='ltr'><strong>lngredimini</strong></span> <span class='ocrx_word' id='word_1_953' title='bbox 3036 5508 3214 5547; x_wconf 90' lang='lat' dir='ltr'><strong>coram</strong></span> <span class='ocrx_word' id='word_1_954' title='bbox 3246 5492 3336 5549; x_wconf 89' lang='lat' dir='ltr'><strong>illo</strong></span> <span class='ocrx_word' id='word_1_955' title='bbox 3366 5494 3419 5548; x_wconf 92' lang='lat' dir='ltr'><strong>in</strong></span> <span class='ocrx_word' id='word_1_956' title='bbox 3450 5494 3622 5550; x_wconf 88' lang='lat' dir='ltr'><strong>laude.</strong></span> 
     </span>
    </p>
   </div>
   <div class='ocr_carea' id='block_1_119' title="bbox 2109 5632 3639 5714">
    <p class='ocr_par' dir='ltr' id='par_1_119' title="bbox 2109 5632 3639 5714">
     <span class='ocr_line' id='line_1_119' title="bbox 2109 5632 3639 5714; baseline -0.002 -8"><span class='ocrx_word' id='word_1_957' title='bbox 2109 5660 2126 5692; x_wconf 79' lang='grc' dir='ltr'><strong>ι</strong></span> <span class='ocrx_word' id='word_1_958' title='bbox 2156 5658 2230 5707; x_wconf 77' lang='lat' dir='ltr'><strong>sic</strong></span> <span class='ocrx_word' id='word_1_959' title='bbox 2270 5661 2378 5704; x_wconf 79' lang='lat' dir='ltr'><strong>Mss.</strong></span> <span class='ocrx_word' id='word_1_960' title='bbox 2414 5661 2465 5705; x_wconf 91' lang='lat' dir='ltr'><strong>et</strong></span> <span class='ocrx_word' id='word_1_961' title='bbox 2482 5651 2621 5704; x_wconf 83' lang='lat' dir='ltr'><strong>Psalt.</strong></span> <span class='ocrx_word' id='word_1_962' title='bbox 2646 5653 2838 5701; x_wconf 78' lang='lat' dir='ltr'><strong>Hieron.</strong></span> <span class='ocrx_word' id='word_1_963' title='bbox 2868 5655 2921 5714; x_wconf 60' lang='lat' dir='ltr'><strong>At</strong></span> <span class='ocrx_word' id='word_1_964' title='bbox 2944 5649 3058 5699; x_wconf 81' lang='lat' dir='ltr'><strong>editi</strong></span> <span class='ocrx_word' id='word_1_965' title='bbox 3094 5649 3189 5709; x_wconf 88' lang='lat' dir='ltr'><strong>hic,</strong></span> <span class='ocrx_word' id='word_1_966' title='bbox 3215 5645 3274 5714; x_wconf 67' lang='lat' dir='ltr'><strong>in</strong></span> <span class='ocrx_word' id='word_1_967' title='bbox 3295 5648 3550 5714; x_wconf 79' lang='lat' dir='ltr'><strong>parabolis.</strong></span> <span class='ocrx_word' id='word_1_968' title='bbox 3636 5632 3639 5637; x_wconf 28' lang='lat' dir='ltr'><strong>I</strong></span> 
     </span>
    </p>
   </div>
   <div class='ocr_carea' id='block_1_120' title="bbox 2107 5710 3371 5775">
    <p class='ocr_par' dir='ltr' id='par_1_120' title="bbox 2107 5710 3371 5775">
     <span class='ocr_line' id='line_1_120' title="bbox 2107 5710 3371 5775; baseline -0.004 -9"><span class='ocrx_word' id='word_1_969' title='bbox 2107 5719 2126 5751; x_wconf 74' lang='grc'><em>’</em></span> <span class='ocrx_word' id='word_1_970' title='bbox 2151 5718 2288 5775; x_wconf 74' lang='lat' dir='ltr'><strong>Fditi,</strong></span> <span class='ocrx_word' id='word_1_971' title='bbox 2313 5718 2497 5767; x_wconf 71' lang='lat' dir='ltr'><strong>doctus.</strong></span> <span class='ocrx_word' id='word_1_972' title='bbox 2522 5724 2627 5765; x_wconf 73' lang='lat' dir='ltr'><strong>Mss.</strong></span> <span class='ocrx_word' id='word_1_973' title='bbox 2651 5728 2759 5763; x_wconf 88' lang='lat' dir='ltr'><strong>cum</strong></span> <span class='ocrx_word' id='word_1_974' title='bbox 2784 5712 2923 5761; x_wconf 80' lang='lat' dir='ltr'><strong>Psalt.</strong></span> <span class='ocrx_word' id='word_1_975' title='bbox 2950 5714 3164 5775; x_wconf 42' lang='lat' dir='ltr'><strong>Hieron”</strong></span> <span class='ocrx_word' id='word_1_976' title='bbox 3190 5710 3371 5761; x_wconf 77' lang='lat' dir='ltr'><strong>doctor.</strong></span> 
     </span>
    </p>
   </div>
   <div class='ocr_carea' id='block_1_121' title="bbox 2109 5774 3394 5830">
    <p class='ocr_par' dir='ltr' id='par_1_121' title="bbox 2109 5774 3394 5830">
     <span class='ocr_line' id='line_1_121' title="bbox 2109 5774 3394 5830; baseline -0.004 -1"><span class='ocrx_word' id='word_1_977' title='bbox 2109 5784 2130 5815; x_wconf 83' lang='grc'>³</span> <span class='ocrx_word' id='word_1_978' title='bbox 2152 5783 2223 5830; x_wconf 72' lang='lat' dir='ltr'><strong>sic</strong></span> <span class='ocrx_word' id='word_1_979' title='bbox 2246 5774 2353 5829; x_wconf 60' lang='lat' dir='ltr'><strong>iis</strong></span> <span class='ocrx_word' id='word_1_980' title='bbox 2378 5786 2430 5829; x_wconf 89' lang='lat' dir='ltr'><strong>et</strong></span> <span class='ocrx_word' id='word_1_981' title='bbox 2453 5778 2588 5828; x_wconf 85' lang='lat' dir='ltr'><strong>Psalt.</strong></span> <span class='ocrx_word' id='word_1_982' title='bbox 2617 5778 2810 5825; x_wconf 79' lang='lat' dir='ltr'><strong>ltieron.</strong></span> <span class='ocrx_word' id='word_1_983' title='bbox 2836 5782 2889 5823; x_wconf 82' lang='lat' dir='ltr'><strong>At</strong></span> <span class='ocrx_word' id='word_1_984' title='bbox 2914 5774 3047 5830; x_wconf 84' lang='lat' dir='ltr'><strong>editi,</strong></span> <span class='ocrx_word' id='word_1_985' title='bbox 3072 5780 3286 5822; x_wconf 71' lang='lat' dir='ltr'><strong>amictum</strong></span> <span class='ocrx_word' id='word_1_986' title='bbox 3307 5777 3394 5824; x_wconf 76' lang='lat' dir='ltr'><strong>est.</strong></span> 
     </span>
    </p>
   </div>
   <div class='ocr_carea' id='block_1_122' title="bbox 2842 5860 3327 5939">
    <p class='ocr_par' dir='ltr' id='par_1_122' title="bbox 2842 5860 3327 5939">
     <span class='ocr_line' id='line_1_122' title="bbox 2842 5860 3327 5939; baseline -0.004 -18"><span class='ocrx_word' id='word_1_987' title='bbox 2842 5860 2879 5938; x_wconf 65' lang='grc' dir='ltr'><strong>,κ’</strong></span> <span class='ocrx_word' id='word_1_988' title='bbox 2890 5860 3327 5939; x_wconf 64' lang='lat' dir='ltr'><strong>l’ingl-neufij</strong></span> 
     </span>
    </p>
   </div>
  </div>
