4110 6496
472 371 581 426 ’907

476 484 677 540 Scitote
697 480 944 553 quoniam
972 477 1225 534 Dominus
1241 474 1354 546 ipse
1374 481 1456 529 est
1473 473 1641 539 Deus;
1670 473 1781 542 ipse
1798 470 1921 526 fecit
1937 485 2057 535 nos,

474 584 531 632 et
565 575 731 645 ipsius
767 572 1007 629 sumus‘.
1037 568 1107 624 Et
1132 578 1242 641 post
1275 582 1434 621 unum
1468 563 2058 633 versumdngredimini

474 676 660 737 portas
688 666 804 738 ejus
833 666 884 719 in
913 661 1199 734 gratiarum
1226 659 1453 723 actione,
1481 657 1615 711 atria
1639 656 1753 725 ejus
1780 655 1832 709 in
1864 654 2055 720 laude;

482 755 884 816 aonliteminiei.
901 754 966 808 1η
981 753 1172 823 psalmo
1188 767 1238 806 c.
1263 748 1622 805 Deambulabo
1648 749 1701 802 in
1718 747 2059 817 simplicitate

481 851 652 909 :ordis
662 850 765 905 mei
784 850 832 904 in
851 847 1023 903 medio
1036 845 1227 901 domus
1238 858 1389 898 mem.
1407 841 1521 898 Non
1539 856 1730 911 ponam
1742 855 1921 895 coram
1934 854 2062 894 ocu-

476 942 541 999 iis
565 942 700 998 meis
714 939 931 997 verbum
958 936 1143 992 Belial.
1162 934 1465 990 Facientem
1487 932 1869 988 declinationes
1894 929 2054 997 odivi,

472 1046 575 1089 nec
610 1030 834 1087 adhaesit
858 1028 1006 1083 mihi.
1045 1026 1149 1082 Cor
1174 1040 1392 1097 pravum
1420 1022 1634 1081 recedet
1656 1037 1687 1077 a
1712 1036 1827 1085 me;
1855 1020 2057 1075 malum

473 1125 727 1181 nesciam.
761 1122 1085 1190 Loquentem
1109 1118 1160 1173 in
1188 1116 1500 1172 abscondito
1537 1123 1723 1169 contra
1753 1114 2055 1183 proximum

471 1231 650 1281 suum,
677 1214 815 1268 hunc
842 1211 1212 1267 interﬁciam’.
1247 1207 1546 1279 Superbum
1590 1204 1759 1259 oculis
1797 1211 1853 1258 et
1892 1204 2055 1255 altum

469 1305 654 1372 corde,
684 1320 804 1359 cum
832 1305 934 1358 hoc
958 1318 1077 1357 esse
1101 1316 1205 1355 non
1233 1308 1437 1369 potero.
1465 1296 1615 1352 Oculi
1644 1296 1747 1351 mei
1774 1295 1841 1350 ad
1871 1294 2056 1350 ﬁdeles

468 1407 648 1464 terrm,
673 1405 730 1451 ut
757 1396 993 1449 habitent
1021 1408 1228 1447 mecum
1252 1409 1264 1444 :
1292 1390 1567 1444 ambulans
1597 1392 1648 1442 in
1674 1388 1757 1442 via
1796 1384 2056 1455 simplici-

469 1498 569 1553 ter,
603 1487 689 1543 hic
716 1485 1035 1541 ministrabit
1060 1484 1208 1540 mihi.
1235 1481 1349 1537 Non
1384 1480 1640 1535 habitabit
1678 1480 1729 1533 in
1758 1476 1934 1533 medio
1959 1475 2057 1531 do-

468 1594 588 1634 inus
614 1593 748 1634 meae
789 1577 991 1633 faciens
1015 1573 1285 1630 malum”:
1318 1573 1543 1644 loquens
1580 1570 1915 1626 mendacium
1947 1582 2052 1622 non

469 1670 697 1741 placebit
720 1670 770 1724 in
789 1676 1074 1740 conspectu
1091 1666 1364 1720 oculorum
1384 1671 1643 1718 meorum:
1662 1661 1815 1716 Mane
1835 1659 2054 1731 perdam

467 1777 656 1817 omnes
682 1761 871 1831 impios
896 1767 1074 1822 terrm,
1096 1768 1151 1812 ut
1178 1757 1489 1812 interliciam
1516 1754 1582 1810 de
1608 1754 1820 1809 civitate
1844 1752 2052 1808 Domini

469 1854 746 1909 universos
767 1852 856 1923 qui
877 1858 1165 1921 operantur
1179 1849 1528 1920 iniquitatem.
1552 1846 1619 1900 In
1637 1847 1831 1917 psalmo
1847 1861 1936 1901 cn.
1960 1846 2055 1900 Mi-

464 1943 752 1998 sericordia
777 1951 953 1997 autem
981 1941 1210 2006 Domini,
1235 1941 1302 1994 ab
1326 1949 1527 1995 aeterno
1553 1946 1607 1994 et
1638 1953 1805 2008 usque
1830 1938 1879 1991 in
1898 1947 2054 1992 aiter—

466 2051 591 2089 num
619 2050 781 2105 super
809 2034 1056 2097 timentes
1083 2048 1226 2089 cum.
1253 2034 1315 2087 Et
1344 2031 1548 2103 justitia
1588 2031 1703 2102 ejus
1730 2045 1891 2100 super
1917 2030 2054 2085 ﬁlios

468 2128 721 2194 liliorum,
740 2127 804 2181 iis
820 2126 907 2197 qui
924 2124 1232 2181 custodiunt
1253 2132 1461 2194 pactum
1479 2122 1615 2193 ejus,
1634 2132 1689 2177 et
1708 2120 2055 2178 recordantur

404 2283 409 2289 .
464 2224 853 2287 praeceptorum
878 2216 993 2285 ejus
1016 2215 1082 2270 ad
1105 2214 1343 2270 facienda
1366 2222 1447 2268 ea.
1465 2213 1532 2267 ln
1550 2213 1744 2285 psalmo
1760 2228 1862 2269 CIV.
1884 2212 2053 2267 Conﬁ-

466 2308 645 2363 temini
663 2308 903 2371 Domino,
922 2317 975 2363 et
990 2308 1230 2362 invocate
1246 2321 1442 2361 nomen
1458 2305 1602 2376 ejus;
1622 2314 1776 2360 notas
1794 2304 1949 2359 facite
1968 2320 2053 2374 po-

464 2402 603 2471 pulis
616 2402 967 2472 cogitationes
982 2401 1117 2471 ejus.
1135 2399 1323 2455 Canite
1340 2399 1411 2465 ei,
1443 2406 1498 2453 ct
1526 2397 1733 2468 psallite
1751 2397 1827 2450 illi
1845 2416 1858 2451 :
1876 2396 2050 2466 loqui-

464 2495 593 2548 mini
611 2494 663 2548 in
684 2494 944 2549 universis
964 2491 1292 2548 mirabilibus
1312 2491 1448 2562 ejus.
1474 2490 1814 2545 Exsultatein
1836 2489 2053 2543 nomine

462 2596 648 2639 sancto
675 2584 819 2655 ejus;
848 2585 1061 2642 iaztetur
1075 2598 1169 2638 cor
1184 2582 1535 2653 qumrentium
1555 2580 1857 2635 Dominum.
1886 2579 2045 2649 Quaao

460 2676 560 2730 rite
587 2676 866 2730 Dominum
894 2682 949 2730 et
971 2672 1223 2729 virtutem
1259 2672 1412 2743 ejus,
1449 2672 1671 2743 quaerite
1701 2671 1894 2727 faciem
1932 2671 2048 2740 ejus

455 2766 669 2838 jngiter.
711 2764 1082 2821 Rccordamini
1124 2764 1443 2820 mirabilium
1470 2762 1618 2836 ejus,
1644 2780 1762 2835 qua:
1792 2764 1943 2827 fecit,
1974 2763 2050 2819 si-

458 2875 681 2928 gnorum
707 2867 762 2915 et
782 2858 1105 2929 judiciorum
1127 2857 1237 2912 oris
1262 2856 1399 2927 ejus.
1426 2855 1491 2911 In
1519 2856 1715 2927 psalmo
1735 2871 1863 2911 cvu.
1888 2856 2049 2910 Para-

459 2961 570 3006 tum
615 2966 709 3007 cor
746 2966 954 3017 meum,
996 2951 1169 3017 Deus;
1212 2950 1438 3005 cantabo
1480 2958 1535 3005 et
1578 2950 1800 3020 psallam
1830 2967 1844 3003 :
1872 2949 1967 3004 sed
1995 2958 2048 3005 et

457 3042 625 3112 gloria
656 3057 791 3097 mea.
822 3040 1098 3112 Consurgo
1118 3083 1133 3109 ,
1166 3041 1473 3111 psalterium
1497 3050 1551 3097 ct
1574 3040 1811 3107 cithara;
1834 3055 2044 3096 consur-

456 3151 578 3205 gam
608 3150 784 3190 mane.
814 3133 1121 3190 Conlitcbor
1151 3134 1242 3189 tibi
1275 3135 1326 3189 in
1357 3135 1599 3207 populis,
1630 3136 1885 3204 Domine,
1913 3151 2041 3191 cana

457 3226 580 3281 tabo
607 3234 658 3282 te
687 3225 739 3280 in
766 3225 1086 3280 nationibus.
1126 3223 1193 3280 In
1222 3226 1418 3298 psalmo
1459 3240 1548 3281 cx.
1594 3226 1902 3282 Conﬁtcbor
1938 3228 2044 3282 Do-

456 3316 603 3372 mino
650 3316 706 3371 in
753 3324 866 3371 toto
916 3315 1080 3372 corde
1126 3331 1281 3385 meo,
1326 3316 1379 3371 in
1423 3316 1647 3372 consitio
1682 3317 1949 3387 justorum
1990 3326 2046 3373 et

454 3407 881 3479 congregatione.
910 3406 978 3461 Et
1008 3408 1062 3462 in
1095 3406 1200 3463 alio
1236 3407 1348 3462 loco
1370 3421 1391 3463 :
1419 3407 1742 3479 Principium
1769 3409 2043 3481 sapientia:

455 3498 615 3553 timor
637 3498 845 3553 Domini
865 3515 880 3554 :
906 3497 1147 3553 doctrina
1171 3498 1310 3553 bona
1325 3498 1532 3553 cunctis
1549 3498 1639 3569 qui
1666 3498 1863 3554 faciunt
1886 3515 2003 3555 eam
2022 3517 2037 3565 ;

453 3592 570 3645 laus
602 3589 716 3660 ejus
755 3604 1104 3660 perseverans
1125 3590 1343 3661 jugiter.
1371 3588 1441 3645 In
1476 3591 1672 3663 psalmo
1700 3606 1805 3650 cxx.
1846 3591 2042 3649 Beatus

450 3682 535 3734 vir
557 3681 647 3751 qui
670 3680 821 3735 timet
847 3680 1167 3747 Dominum;
1196 3680 1249 3734 in
1275 3679 1538 3736 mandatis
1561 3680 1679 3752 ejus
1698 3682 1839 3736 volet
1861 3682 2038 3737 nimis.

453 3772 524 3828 Et
547 3782 657 3843 post
672 3773 889 3844 quinque
911 3787 1083 3828 versus
1105 3789 1124 3829 :
1148 3774 1325 3829 Bonus
1344 3774 1425 3829 vir
1442 3773 1680 3831 clemens
1698 3784 1753 3831 et
1771 3776 2035 3843 fenerans,

452 3866 783 3938 dispensabit
807 3866 970 3921 verba
1006 3881 1098 3921 sua
1144 3867 1197 3921 in
1237 3866 1471 3937 judicio;
1516 3868 1641 3940 quia
1681 3870 1734 3923 in
1779 3877 2037 3924 aeternum

452 3972 560 4013 non
576 3957 1015 4012 commovebitur.
1033 3956 1088 4011 In
1103 3958 1360 4013 memoria
1381 3960 1705 4029 sempiterna
1725 3961 1825 4017 erit
1841 3960 2038 4032 justus;

450 4048 521 4103 ab
551 4048 733 4104 auditu
774 4049 913 4105 malo
947 4065 1052 4106 non
1078 4050 1304 4106 timebit.
1332 4050 1582 4106 Paratum
1619 4068 1714 4109 cor
1735 4053 1850 4123 ejus
1875 4054 2042 4110 conli-

450 4137 587 4195 dens
611 4139 663 4193 in
690 4139 946 4205 Domino;
970 4139 1177 4194 lirmum
1203 4155 1299 4195 cor
1325 4140 1442 4211 ejus
1461 4181 1477 4206 ,
1507 4156 1615 4197 non
1641 4143 1846 4198 timebit
1867 4142 2040 4201 donec

448 4231 671 4303 aspiciat
697 4231 749 4286 in
776 4230 1017 4288 liOStibus
1041 4234 1171 4287 suis.
1197 4233 1481 4302 Dispersit,
1510 4233 1657 4290 dedit
1685 4236 2035 4308 pauperibus:

444 4322 646 4393 justitia
675 4323 789 4394 ejus
813 4334 1089 4393 permanet
1130 4324 1184 4378 in
1226 4332 1522 4393 aiternum;
1548 4340 1716 4381 cornu
1743 4330 1862 4398 ejus
1888 4328 2036 4384 exal-

450 4413 647 4469 tabitur
672 4414 728 4469 in
743 4414 931 4485 gloria.
959 4413 1159 4486 Impius
1184 4413 1383 4471 videbit
1408 4423 1466 4471 et
1491 4416 1772 4485 irascetur,
1790 4418 2038 4475 dentibus

448 4504 656 4562 frondet
672 4547 689 4573 ,
712 4516 769 4563 et
795 4506 1031 4563 tabescet
1059 4524 1072 4561 :
1096 4506 1418 4565 desiderium
1438 4508 1719 4582 impiorum
1740 4511 1949 4582 peribit.
1969 4512 2038 4569 In

449 4595 660 4653 Psalmo
674 4612 802 4654 exn.
820 4598 1077 4675 Laudato,
1093 4597 1264 4667 servi,
1284 4599 1586 4669 Dominum,
1608 4600 1820 4658 laudate
1841 4619 2034 4660 nomen

449 4689 679 4745 Domini.
702 4690 785 4746 Sit
806 4706 999 4746 nomen
1029 4692 1236 4746 Domini
1262 4691 1625 4761 benedictum,
1642 4709 1670 4747 a
1694 4695 1853 4750 modo
1870 4705 1923 4751 et
1949 4713 2038 4752 us-

447 4796 551 4854 que
575 4780 631 4838 in
649 4790 927 4839 aeternum.
950 4783 1034 4839 Ab
1057 4792 1176 4839 ortu
1192 4784 1321 4841 solis
1344 4800 1513 4857 usque
1538 4786 1604 4841 ad
1628 4802 1875 4844 occasum
1896 4788 2032 4859 ejus,

445 4873 707 4931 laudabile
719 4889 914 4931 nomen
928 4874 1155 4931 Domini.
1169 4873 1237 4932 In
1258 4876 1453 4948 psalmo
1461 4890 1606 4935 cxm.
1627 4877 1770 4934 idola
1787 4877 2033 4936 Gentium

442 4972 720 5036 argentum
748 4974 806 5021 et
826 4980 1014 5021 aurum
1033 5005 1049 5031 ,
1079 4980 1213 5037 opus
1235 4981 1489 5022 manuum
1511 4966 1805 5024 hominum.
1835 4968 1909 5025 0s
1935 4969 2032 5024 ha-

445 5055 592 5125 bent,
610 5066 785 5113 etnon
802 5058 1115 5129 loquentur;
1135 5058 1320 5115 oculos
1337 5058 1553 5126 habent,
1570 5066 1625 5115 et
1639 5074 1745 5115 non
1760 5060 2031 5118 videbunt.

444 5149 615 5205 Aures
627 5147 846 5215 habent,
863 5158 916 5205 et
931 5164 1036 5205 non
1049 5150 1287 5218 audient,
1305 5147 1485 5206 etc.Et
1496 5150 1651 5224 paulo
1665 5160 1778 5225 post
1790 5167 1809 5207 :
1819 5149 2034 5211 Similes

442 5240 546 5295 illis
572 5240 702 5296 llant
732 5241 823 5313 qni
863 5241 1065 5298 faciunt
1104 5258 1165 5298 ca
1188 5282 1204 5309 ,
1246 5250 1301 5299 ct
1341 5257 1534 5299 omnes
1560 5243 1649 5315 qui
1678 5244 1953 5302 conﬁdunt
1978 5246 2030 5303 in

440 5330 539 5387 eis.
571 5329 737 5390 lsrael
758 5334 977 5391 conlidit
1003 5336 1055 5390 in
1094 5335 1346 5417 Domino;
1378 5335 1657 5391 auxiliator
1682 5344 1736 5392 et
1764 5348 2034 5408 protector

446 5500 459 5515 δ
504 5444 687 5516 {Edim
721 5450 883 5499 etnon
924 5444 1022 5514 ipsa
1071 5459 1174 5499 nos.
1217 5454 1326 5499 Mss.
1362 5449 1502 5513 juxta
1544 5447 1684 5501 Psalt.
1718 5451 1951 5513 Ilieron.,
1985 5457 2033 5504 et

503 5570 534 5639 '.
548 5570 1041 5641 Legebamusva
1061 5573 1398 5641 «causam.

438 5630 557 5681 meis
579 5630 722 5684 verba
746 5630 1075 5684 Beliali...nec
1096 5631 1303 5685 adlusit
1318 5630 1443 5686 mihi
1458 5648 1541 5685 cor

438 5695 535 5741 tem
556 5706 586 5741 a
600 5706 678 5745 me
698 5693 881 5745 malum
1267 5694 1393 5745 Iunio
1412 5692 1775 5749 interﬁciebwn.
1806 5705 1900 5748 tios
1920 5712 2032 5749 ver-

437 5764 522 5801 sus
542 5754 603 5803 ad
625 5762 731 5807 Mss.
757 5764 810 5807 et
830 5756 890 5807 ad
911 5753 1051 5807 Psalt.
1076 5756 1266 5807 Hieron.
1295 5753 1670 5808 emendavimns.

503 5815 527 5848 ⁸
546 5822 596 5866 in
617 5817 845 5870 Psalterio
865 5818 1154 5879 Hieronymi,
1174 5818 1345 5877 [aciem
1375 5818 1470 5869 doli
1486 5832 1552 5870 η’..

1552 5572 1663 5623 bam
1696 5586 1859 5625 coram
1880 5573 2032 5627 oculis

1599 5649 1782 5686 ravum.
1801 5636 2033 5688 Receden-

1665 360 1720 415 S.
1765 358 2125 419 AUCUSTINI
2165 357 2541 416 SPECULUM.

3643 362 3749 419 ξ)οΊ

2164 486 2351 525 eorum
2376 480 2477 527 est.
2510 471 2707 526 Domus
2723 472 2898 528 Aaron
2927 471 3147 528 conlidit
3170 472 3224 528 in
3247 472 3503 540 Domino;
3532 475 3758 530 auxilia-

2164 572 2249 621 tor
2276 574 2329 621 et
2358 574 2629 637 protector
2666 582 2851 623 eorum
2896 578 2997 624 est.
3036 567 3311 626 Timentes
3349 576 3529 625 autem
3568 571 3754 627 Domi-

2163 671 2289 710 num
2316 657 2586 712 conﬁdunt
2606 657 2657 712 in
2690 657 2947 723 Domino;
2979 659 3262 715 auxiliator
3286 669 3342 715 ct
3367 672 3636 731 protector
3660 678 3755 718 eo-

2162 762 2281 802 rum
2304 757 2406 804 est.
2438 746 2507 802 1η
2538 749 2733 819 psalmo
2760 765 2880 805 cxv.
2902 748 3116 806 Credidi
3139 762 3355 822 propter
3375 753 3518 824 quod
3544 754 3755 810 locutus

2163 855 2311 907 sum,
2352 856 2454 914 ego
2492 842 2718 899 afﬂictus
2760 860 2878 899 smn
2926 845 3102 902 nimis.
3147 844 3217 900 Et
3245 855 3357 919 post
3385 848 3705 921 aliquantum
3738 865 3760 903 :

2163 931 2300 999 Quid
2356 933 2573 991 reddam
2623 935 2847 990 Domino
2897 951 2996 1007 pro
3042 938 3290 992 omnibus
3333 954 3454 1009 quze
3504 939 3756 994 retribuit

2164 1022 2333 1077 mihi?
2359 1023 2592 1080 Calicem
2630 1024 2878 1082 salutaris
2906 1027 3161 1097 accipiam
3183 1069 3198 1094 ,
3227 1037 3281 1083 et
3309 1043 3504 1084 nomen
3539 1030 3751 1084 Domini

2164 1114 2439 1172 invocabo.
2471 1115 2711 1173 Gloriosa
2738 1117 2792 1172 in
2818 1128 3107 1188 conspectu
3135 1119 3344 1174 Domini
3371 1136 3516 1175 mors
3543 1129 3751 1175 saneto-

2161 1220 2279 1259 rum
2306 1205 2444 1275 ejus.
2474 1205 2542 1260 Et
2578 1215 2690 1276 post
2717 1216 2816 1261 tres
2843 1221 3015 1263 versus
3036 1206 3188 1263 :Tibi
3214 1208 3499 1264 immolaho
3520 1210 3751 1265 hostiam

2163 1294 2366 1363 laudis,
2396 1304 2450 1351 et
2478 1296 2531 1351 in
2558 1297 2772 1352 nomine
2801 1298 3008 1352 Domini
3026 1298 3302 1355 invocabo.
3333 1298 3465 1355 Vota
3493 1316 3612 1355 mea
3643 1301 3754 1355 Do-

2161 1386 2305 1440 mino
2329 1386 2547 1441 reddam
2570 1388 2624 1443 in
2644 1396 2929 1461 conspectu
2951 1390 3127 1446 omnis
3148 1391 3326 1461 populi
3346 1392 3491 1461 ejus;
3521 1393 3574 1447 in
3601 1393 3758 1449 atriis

2160 1477 2350 1534 domus
2379 1480 2623 1542 Domini,
2656 1481 2708 1535 in
2746 1481 2923 1538 medio
2950 1482 3061 1548 tui,
3102 1482 3421 1541 Jerusalem.
3453 1483 3523 1539 In
3555 1486 3756 1556 psalmo

2163 1585 2312 1626 cxvt.
2344 1571 2579 1628 Laudato
2613 1574 2928 1642 Dominum,
2956 1590 3145 1632 omnes
3190 1584 3410 1648 gentes;
3453 1577 3755 1633 collaudato

2158 1677 2280 1717 eum
2304 1704 2319 1729 ,
2352 1664 2588 1720 universi
2630 1666 2831 1735 populi.
2869 1665 2939 1721 In
2975 1665 3173 1740 psalmo
3206 1683 3365 1724 cxvii.
3410 1668 3755 1725 Conﬁtemini

2160 1754 2418 1823 Domino,
2447 1758 2699 1827 quoniam
2736 1758 2935 1827 bonus,
2978 1760 3228 1830 quoniam
3260 1761 3312 1816 in
3352 1770 3612 1817 aztcrnum
3644 1762 3755 1816 mi-

2159 1847 2451 1902 sericordia
2477 1848 2614 1919 ejus.
2647 1850 2797 1905 Dicat
2836 1866 2975 1906 nunc
3000 1851 3191 1918 lsracl,
3222 1853 3473 1923 quoniam
3503 1853 3554 1908 in
3593 1862 3757 1909 aeter-

2158 1956 2285 1996 num
2317 1942 2678 1998 misericordia
2705 1943 2840 2014 ejus.
2870 1944 3019 2000 Dicat
3037 1944 3227 2001 domus
3250 1945 3467 2014 Aaron,
3492 1947 3749 2017 quoniam
3822 1942 3827 1947 ’

2160 2032 2210 2085 in
2241 2042 2496 2087 mternum
2524 2034 2887 2090 misericordia
2919 2034 3054 2105 ejus.
3089 2036 3276 2091 Dicant
3309 2036 3399 2107 qui
3430 2036 3615 2092 timent
3642 2037 3755 2090 Do-

2158 2122 2361 2177 minum
2383 2163 2401 2191 ,
2430 2124 2680 2194 quoniam
2709 2124 2761 2179 in
2784 2133 3043 2180 aeternum
3064 2126 3428 2182 misericordia
3453 2126 3588 2197 ejus.
3614 2125 3756 2181 Cum

2158 2212 2440 2268 tribularer
2465 2212 2708 2269 invocavi
2740 2215 3020 2270 Dominum
3042 2258 3057 2282 ,
3085 2225 3139 2271 et
3162 2216 3433 2272 exaudivit
3451 2232 3535 2272 me
3554 2217 3608 2271 in
3634 2216 3760 2271 lati-

2160 2305 2339 2362 tudine
2386 2308 2664 2363 Dominus.
2696 2308 2761 2362 Et
2791 2318 2903 2379 post
2930 2309 3151 2381 quinque
3176 2325 3347 2365 versus
3392 2325 3413 2365 :
3445 2309 3631 2365 Melius
3670 2316 3761 2365 est

2156 2411 2375 2466 sperare
2405 2398 2455 2453 in
2490 2399 2743 2467 Domino,
2774 2417 2933 2471 quam
2962 2416 3178 2471 sperare
3212 2400 3264 2456 in
3300 2400 3534 2455 homine.
3566 2401 3758 2455 Melius

2156 2496 2237 2542 est
2262 2502 2479 2558 sperare
2506 2490 2559 2544 in
2588 2490 2815 2545 Domino
2836 2533 2850 2556 ,
2878 2507 3039 2561 quam
3063 2507 3281 2563 sperare
3313 2492 3366 2547 in
3400 2491 3754 2562 principibus.

2161 2577 2223 2633 Et
2249 2588 2360 2651 post
2384 2591 2495 2634 octo
2522 2596 2696 2636 versus
2724 2596 2743 2636 :
2767 2582 3042 2637 Fortitudo
3069 2598 3186 2637 mea
3211 2592 3267 2637 et
3294 2582 3411 2638 laus
3432 2598 3548 2638 mea
3570 2583 3757 2638 Domi-

2155 2686 2255 2724 nus
2273 2711 2289 2736 ,
2316 2680 2370 2726 et
2392 2670 2564 2727 factus
2592 2681 2674 2728 est
2700 2674 2829 2727 mihi
2861 2674 2913 2727 in
2941 2674 3187 2728 salutem.
3214 2672 3331 2729 Vox
3371 2673 3542 2729 laudis
3577 2684 3632 2728 et
3656 2689 3757 2729 sa.-

2155 2765 2283 2820 lutis
2303 2766 2354 2820 in
2387 2768 2742 2823 tabernaculis
2765 2768 3049 2839 justorum.
3076 2767 3142 2822 In
3169 2768 3364 2840 psalmo
3394 2783 3575 2824 cxvni.
3599 2768 3758 2823 Beati

2155 2855 2482 2913 immaculati
2540 2859 2593 2914 in
2640 2860 2753 2922 via,
2802 2860 2891 2930 qui
2935 2860 3208 2915 ambulant
3255 2859 3311 2914 in
3356 2860 3471 2929 lege
3511 2860 3749 2914 Domini.

2154 2948 2300 3005 Beati
2336 2950 2427 3020 qui
2468 2951 2775 3006 custodiunt
2818 2953 3117 3007 testimonia
3159 2951 3311 3022 ejus,
3353 2951 3406 3005 in
3437 2962 3548 3006 toto
3586 2952 3759 3008 corde

2152 3040 2427 3111 requirunt
2449 3058 2591 3097 cum.
2615 3041 2683 3096 Et
2702 3044 2806 3097 alio
2829 3041 2941 3096 loco
2969 3060 2983 3096 :
3011 3043 3080 3097 Et
3103 3042 3386 3097 ambulabo
3412 3042 3463 3096 in
3489 3042 3754 3111 spatioso,

2150 3133 2273 3201 quia
2310 3144 2573 3204 praecepta
2605 3142 2691 3189 tua
2717 3134 2956 3205 qinesivi.
2989 3133 3054 3189 Et
3093 3133 3281 3204 loquar
3320 3133 3372 3186 in
3422 3132 3748 3186 testimoniis

2153 3223 2255 3277 tuis
2282 3238 2462 3278 coram
2493 3225 2739 3294 regibus,
2776 3234 2830 3280 et
2861 3242 2965 3279 non
3004 3224 3320 3280 confundar.
3346 3223 3414 3277 Et
3442 3222 3758 3278 delectabar

2151 3314 2205 3368 in
2241 3315 2507 3371 mandatis
2536 3316 2665 3383 tuis,
2697 3332 2818 3387 qua:
2854 3316 3040 3371 dilexi.
3073 3316 3139 3370 Et
3166 3315 3353 3370 levabo
3382 3328 3572 3368 manus
3599 3327 3757 3369 meas

2148 3406 2215 3461 ad
2243 3406 2493 3463 mandata
2523 3416 2612 3462 tua
2635 3448 2650 3471 ,
2678 3424 2798 3478 quan
2826 3407 3023 3468 dilexi;
3052 3417 3107 3461 et
3138 3408 3330 3478 loquar
3368 3406 3423 3461 in
3463 3406 3755 3475 prmeeptis

2148 3500 2273 3555 tuis.
2306 3498 2373 3554 Et
2402 3509 2513 3572 post
2530 3511 2748 3571 quatuor
2773 3516 2943 3556 versus
2969 3515 2988 3555 :
3012 3502 3053 3555 Δ
3077 3500 3195 3571 lege
3216 3510 3303 3555 tua
3330 3514 3435 3554 non
3457 3498 3750 3554 declinavi.

2147 3590 2483 3647 Recordatns
2521 3608 2638 3647 sum
2665 3591 2985 3661 judiciorum
3033 3599 3243 3646 tuorum
3287 3605 3317 3644 a
3353 3590 3586 3656 srcculo,
3635 3589 3753 3643 Do-

2146 3682 2291 3738 mine
2308 3725 2323 3749 ,
2348 3693 2404 3741 et
2428 3684 2735 3739 consolatus
2756 3699 2895 3739 sum.
2937 3682 3142 3737 llorror
3168 3681 3397 3737 obtinuit
3422 3672 3510 3737 me
3537 3679 3608 3735 ab
3639 3682 3753 3735 im-

2143 3775 2284 3845 piis,
2310 3776 2433 3845 quia
2467 3775 2867 3846 dereliqucrunt
2907 3775 3076 3845 legem
3114 3784 3279 3828 tuam.
3308 3771 3555 3828 Carmina
3590 3781 3755 3828 erant

2145 3866 2275 3921 mihi
2298 3876 2564 3937 prmcepta
2588 3878 2704 3930 tua,
2735 3868 2788 3921 in
2815 3865 2976 3921 domo
2998 3865 3438 3936 peregrinationis
3459 3879 3613 3920 meae.
3640 3863 3754 3919 Be-

2144 3957 2395 4013 cordatus
2424 3974 2541 4013 sum
2582 3958 2634 4013 in
2676 3967 2833 4013 nocte
2859 3957 3087 4012 nominis
3124 3956 3230 4023 tui,
3264 3957 3520 4024 Domine,
3548 3964 3605 4012 et
3639 3970 3743 4013 cu-

2143 4048 2334 4105 stodivi
2396 4050 2567 4121 legem
2613 4059 2776 4105 tuam.
2832 4048 2947 4105 lloc
2999 4049 3193 4105 factum
3259 4056 3341 4104 est
3406 4049 3565 4114 inibi,
3614 4050 3749 4120 quia

2144 4152 2409 4214 praecepta
2432 4152 2519 4197 tua
2540 4142 2821 4198 custodivi.
2850 4141 2982 4197 Pars
3008 4156 3122 4197 mea
3143 4181 3160 4208 ,
3190 4140 3411 4195 Domine
3437 4140 3478 4207 ⁸,
3504 4140 3612 4195 dixi
3633 4181 3649 4203 .
3682 4151 3749 4195 ut

2142 4236 2440 4292 custodiam
2491 4234 2712 4291 verbum
2772 4242 2941 4289 tuum.
2996 4233 3319 4302 Deprecatus
3366 4246 3483 4286 sum
3536 4232 3744 4286 vultum

2143 4338 2290 4385 tuum
2334 4330 2385 4384 in
2427 4338 2540 4383 toto
2582 4328 2777 4394 corde;
2823 4327 3080 4383 miserere
3130 4325 3238 4382 mei
3281 4324 3574 4381 secundum
3618 4324 3741 4379 elo-

2142 4422 2322 4492 qniuni
2356 4428 2524 4475 tuum.
2553 4418 2859 4490 Recogitavi
2881 4418 2995 4473 vias
3014 4431 3195 4483 meas,
3223 4424 3278 4471 et
3302 4414 3543 4471 converti
3569 4415 3741 4486 pedes

2142 4527 2293 4568 meos
2316 4511 2383 4567 ad
2412 4511 2714 4566 testimonia
2736 4518 2844 4565 tua.
2873 4508 3139 4564 Festinavi
3161 4547 3178 4574 ,
3199 4516 3253 4563 et
3279 4522 3385 4562 non
3411 4507 3617 4578 neglexi
3639 4522 3739 4564 en-

2140 4603 2342 4659 stodire
2366 4601 2614 4659 mandata
2640 4611 2749 4656 tua.
2792 4599 2967 4655 Funes
3000 4599 3282 4669 impiorum
3320 4598 3733 4669 implicaverunt

2140 4710 2257 4761 nte;
2290 4695 2463 4765 legem
2487 4702 2630 4749 tuam
2660 4708 2769 4747 non
2808 4706 2929 4747 sum
2956 4690 3172 4747 oblitus.
3203 4689 3374 4745 Medio
3401 4690 3574 4745 noctis
3601 4704 3728 4744 sur-

2138 4787 2328 4859 gebam
2348 4786 2415 4842 ad
2442 4785 2802 4842 conﬁtendum
2825 4785 2950 4851 tibi,
2977 4798 3138 4854 super
3165 4782 3363 4853 judicia
3385 4781 3728 4853 jnstilieatio-

2139 4881 2222 4935 nis
2243 4889 2361 4935 tum.
2396 4878 2667 4948 Particeps
2692 4892 2792 4948 ego
2816 4892 2933 4932 sum
2963 4874 3201 4930 omnium
3236 4874 3532 4929 timentium
3556 4883 3645 4942 te,
3675 4885 3732 4932 et

2139 4969 2545 5027 custodientium
2576 4978 2841 5039 prtecepta
2887 4976 2996 5032 tua,
3022 4965 3089 5020 Et
3132 4973 3244 5036 post
3288 4981 3476 5037 paucos
3514 4981 3692 5021 versus
3714 4986 3733 5023 .-

2140 5064 2252 5135 Εςο
2288 5074 2465 5117 autem
2498 5062 2550 5116 in
2579 5069 2691 5115 toto
2718 5058 2880 5115 corde
2906 5057 3182 5114 servabam
3214 5067 3475 5128 prmeepta
3504 5066 3610 5112 tua.
3642 5058 3736 5113 ln-

2137 5163 2430 5211 crassatum
2471 5162 2553 5209 est
2582 5152 2725 5206 velut
2750 5150 2915 5221 adeps
2944 5164 3039 5205 cor
3065 5164 3280 5213 eorum,
3310 5157 3365 5203 et
3396 5162 3496 5220 ego
3520 5148 3574 5202 in
3612 5147 3733 5219 lege

2139 5258 2226 5303 tua
2258 5244 2572 5301 meditabar.
2602 5243 2805 5297 Bonum
2836 5242 2964 5296 mihi
2993 5244 3116 5312 quia
3146 5239 3374 5296 afflictus
3399 5255 3541 5307 smn,
3568 5248 3625 5294 ut
3648 5240 3733 5293 di-

2137 5353 2342 5395 scerem
2392 5344 2656 5407 przecepta
2701 5346 2809 5389 tua.
2839 5333 3025 5389 Melior
3067 5331 3194 5386 milii
3221 5340 3303 5386 est
3347 5332 3431 5386 lex
3473 5332 3584 5386 oris
3613 5334 3728 5398 tui,

2136 5446 2297 5503 super
2324 5430 2488 5485 millia
2515 5430 2630 5484 auri
2669 5438 2723 5484 et
2758 5428 2985 5499 argenti.
3030 5426 3098 5482 Et
3127 5436 3239 5499 post
3277 5443 3466 5497 paucos
3502 5442 3675 5480 versus
3709 5440 3729 5478 :

2135 5524 2269 5593 Quia
2309 5522 2393 5578 lex
2428 5532 2513 5577 tua
2540 5521 2811 5577 meditatio
2839 5534 2980 5576 mea.
3034 5518 3104 5574 Et
3132 5528 3245 5590 post
3272 5518 3534 5591 paululum
3560 5533 3581 5573 :
3609 5517 3721 5587 Ego

2135 5626 2311 5673 autem
2344 5617 2532 5687 loquar
2557 5615 2611 5670 in
2651 5614 2931 5687 praeceptis
2972 5614 3096 5670 tuis.
3140 5611 3212 5668 Et
3260 5621 3372 5686 post
3403 5612 3667 5685 paululum
3698 5627 3720 5665 :

2138 5710 2405 5779 Praecepta
2438 5714 2525 5763 tua
2554 5722 2659 5762 non
2700 5721 2816 5761 sum
2869 5705 3085 5787 oblitus.
3120 5703 3186 5760 Et
3209 5715 3319 5777 post
3351 5703 3478 5760 duos
3500 5720 3670 5758 versus
3696 5716 3717 5754 :

2204 5825 2221 5855 ι
2247 5821 2380 5876 Fditi.
2420 5818 2656 5873 Dominus.
2681 5827 2811 5877 διεδ..
2839 5819 3054 5872 nomine.
