4110 6500
430 417 535 474 909

430 530 702 588 Foderunt
728 530 859 585 mihi
898 529 1113 601 superbi
1160 527 1337 585 foveas
1358 571 1373 595 ,
1402 542 1522 599 quae
1562 544 1667 583 non
1698 537 1850 583 erant
1868 527 2020 597 juxta

431 625 602 696 legem
628 636 789 678 tuam.
820 622 888 680 Et
916 632 1025 695 post
1064 623 1192 677 duos
1234 638 1404 677 versus
1436 637 1453 675 :
1483 620 1647 675 Paulo
1680 622 1854 674 minus
1892 635 2022 674 con-

390 768 393 773 .
429 725 770 787 sumpserunt
799 731 884 770 me
913 717 962 769 in
994 722 1165 781 terra;
1209 726 1307 784 ego
1336 721 1511 767 autem
1540 727 1645 766 non
1677 712 1852 766 dimisi
1882 726 2019 781 pra:-

431 816 583 877 cepla
610 815 717 860 tua.
748 805 815 859 Et
840 813 950 875 post
975 813 1158 874 septem
1178 820 1348 858 versus
1380 819 1399 856 :
1421 802 1531 857 Nisi
1553 801 1693 872 quod
1717 802 1799 856 lex
1825 810 1909 855 tua
1933 796 2020 855 de-

430 897 644 953 lectatio
701 911 850 960 mea,
894 896 1029 951 forte
1069 895 1345 965 periissem
1391 894 1441 947 in
1489 908 1735 962 pressura
1781 908 1919 947 mea.
1962 892 2016 946 ln

429 990 813 1060 sempiternum
857 1001 963 1042 non
1014 986 1299 1041 obliviscar
1345 996 1729 1056 praeceptorum
1770 994 2014 1047 tuorum;

430 1080 550 1149 quia
581 1094 677 1149 per
698 1079 810 1149 ipsa
838 1077 1117 1132 viviﬁcasti
1146 1092 1251 1131 me.
1278 1076 1423 1131 Tuus
1442 1090 1541 1146 ego
1561 1092 1677 1131 sum
1694 1118 1709 1143 ,
1733 1076 1875 1131 salva
1898 1090 2014 1141 me;

429 1171 682 1244 quoniam
728 1179 990 1241 prmcepta
1034 1178 1122 1224 tua
1164 1169 1403 1241 quaesivi.
1449 1168 1532 1224 Me
1576 1176 2019 1238 exspectaverunt

430 1263 609 1333 impii,
634 1270 690 1315 ut
728 1261 1011 1333 perderent
1036 1277 1152 1326 me;
1196 1260 1552 1315 testimonium
1594 1267 1740 1313 tuum
1768 1258 2016 1313 conside-

429 1355 585 1411 rabo.
613 1354 801 1410 Omnis
826 1354 1297 1409 consummationis
1322 1353 1428 1408 vidi
1460 1353 1651 1418 linem;
1682 1353 1846 1408 latum
1870 1368 2019 1406 man-

431 1443 613 1500 datum
644 1452 792 1499 tuum
818 1444 992 1500 nimis.
1015 1446 1182 1511 Quam
1209 1444 1369 1499 dilexi
1392 1444 1562 1513 legem
1586 1453 1726 1498 tuam
1751 1445 1763 1499 !
1798 1452 1905 1498 tota
1930 1444 2018 1499 die

430 1534 549 1593 hinc
588 1536 861 1591 meditatio
900 1552 1036 1591 mea.
1070 1535 1137 1589 Et
1164 1536 1320 1608 paulo
1361 1546 1472 1606 post
1501 1550 1520 1590 :
1548 1536 1627 1589 Ab
1655 1536 1797 1589 omni
1828 1535 2016 1590 semita

430 1628 567 1684 mala
612 1629 856 1698 prohibui
885 1626 1047 1699 pedes
1074 1643 1256 1694 meos,
1286 1637 1344 1682 ut
1368 1626 1687 1683 custodirem
1719 1626 1876 1681 verba
1906 1638 2013 1680 tua.

431 1720 477 1774 A
515 1719 730 1790 judiciis
757 1721 860 1775 tuis
887 1736 992 1775 non
1024 1720 1253 1787 recessi,
1299 1720 1421 1790 quia
1465 1728 1520 1773 tu
1560 1719 1864 1773 illuminasti
1908 1735 2009 1775 me.

431 1812 598 1879 Quam
636 1812 791 1868 dulce
815 1813 1012 1883 gutturi
1037 1828 1156 1866 meo
1176 1812 1444 1882 eloquium
1478 1811 1657 1865 tuum!
1708 1827 1869 1881 super
1910 1811 2017 1865 mcl

431 1906 511 1959 ori
563 1919 704 1960 meo.
768 1904 1041 1973 Praecepta
1098 1912 1186 1958 tua
1242 1903 1682 1968 considerabam;
1738 1910 2015 1972 propterea

430 1994 573 2049 odivi
613 2010 827 2050 omnem
869 1995 1111 2050 semitam
1144 1995 1422 2050 mendacii.
1463 1994 1700 2049 Lucerna
1743 1993 1863 2063 pedi
1897 2008 2017 2046 meo

430 2085 650 2142 verbum
681 2097 847 2153 tuum,
871 2096 923 2141 et
952 2086 1041 2141 lux
1069 2086 1273 2141 semita:
1300 2101 1453 2141 mere.
1477 2084 1545 2138 Et
1572 2093 1680 2155 post
1705 2094 1891 2155 septem
1908 2098 2017 2137 ver-

428 2193 518 2232 sus
546 2192 566 2231 .°
590 2178 779 2232 Anima
805 2193 922 2233 mea
956 2177 1008 2232 in
1049 2193 1209 2232 manu
1240 2193 1355 2232 mea
1386 2192 1615 2246 semper,
1663 2186 1718 2231 et
1757 2176 1888 2247 legis
1914 2187 2017 2231 tua:

429 2286 536 2326 non
565 2286 683 2325 sum
714 2272 929 2326 oblitus.
963 2271 1261 2327 Posuerunt
1289 2273 1435 2342 impii
1466 2273 1708 2342 laqueum
1754 2271 1884 2326 mihi
1904 2313 1920 2339 ,
1963 2279 2019 2327 et

428 2375 459 2413 a
495 2362 773 2431 praeceptis
799 2362 901 2416 tuis
932 2377 1037 2417 non
1078 2362 1340 2418 aberravi.
1385 2363 1676 2418 llmreditas
1724 2379 1841 2417 mea
1870 2363 2019 2417 testi-

429 2453 605 2507 monia
631 2463 715 2506 tua
754 2454 805 2507 in
839 2454 1252 2523 sempiternum;
1293 2454 1412 2523 quia
1438 2454 1686 2523 gaudium
1712 2454 1887 2508 cordis
1912 2454 2017 2509 mei

429 2550 573 2595 sunt.
615 2541 871 2597 inclinavi
896 2558 989 2598 cor
1017 2558 1226 2610 meum,
1261 2552 1316 2597 ut
1354 2543 1584 2598 facerem
1610 2543 2018 2613 justilicationes

430 2639 576 2700 tuas,
621 2643 835 2704 propter
876 2642 1129 2689 mternam
1174 2634 1593 2690 retributionem.
1640 2636 2018 2691 Tumultuosos

430 2724 600 2789 odivi,
624 2732 678 2779 et
707 2724 878 2795 legem
908 2732 1052 2779 tuam
1081 2726 1265 2781 dilexi.
1295 2726 1560 2782 Protectio
1591 2742 1707 2781 mea
1730 2736 1784 2781 et
1808 2737 2017 2782 scutum

427 2822 608 2870 meum
650 2828 704 2871 tu
750 2832 809 2872 es
856 2836 871 2874 :
916 2818 1136 2873 verbum
1168 2826 1312 2872 tuum
1339 2820 1666 2888 exspectavi.
1700 2818 1954 2874 Recedite
1987 2834 2018 2873 a

430 2924 550 2974 me,
580 2910 831 2980 maligni,
862 2918 917 2965 et
940 2912 1232 2965 custodiam
1263 2911 1507 2965 mandata
1539 2913 1630 2966 Dei
1661 2913 1784 2967 mei.
1818 2911 1887 2965 Et
1906 2920 2021 2984 post

428 3009 614 3068 septem
640 3017 809 3054 versus
838 3017 857 3055 :
880 3001 1041 3067 Quasi
1071 3002 1298 3087 s.coriam
1342 3003 1659 3071 compulasti
1698 3018 1885 3057 omnes
1920 3003 2021 3057 im5

428 3088 544 3157 pios
577 3098 767 3155 terra);
808 3099 1093 3160 propterea
1133 3091 1295 3145 dilexi
1327 3092 1628 3146 testimonia
1675 3101 1783 3146 tua.
1831 3092 2019 3147 llorri-

433 3180 615 3249 pilavit
650 3196 679 3234 a
708 3183 898 3236 timore
930 3191 1019 3237 tuo
1047 3196 1173 3237 caro
1201 3197 1319 3237 mea
1340 3220 1356 3249 ,
1403 3192 1458 3238 et
1495 3182 1692 3250 judicia
1725 3192 1811 3237 tua
1847 3185 2018 3238 timui.

430 3268 555 3324 Feci
578 3269 834 3339 judicium
863 3280 918 3327 et
938 3272 1195 3342 justitiam
1216 3313 1231 3337 ,
1264 3288 1331 3327 ne
1356 3272 1692 3343 derelinquas
1720 3290 1807 3328 me
1835 3275 1899 3329 iis
1927 3274 2018 3345 qui

439 3362 829 3417 calumniantur
856 3379 961 3418 me.
991 3363 1058 3417 Et
1101 3373 1211 3435 post
1257 3382 1443 3435 paucos
1479 3382 1691 3420 versus:
1736 3368 2021 3436 Propterea

432 3451 593 3507 dilexi
631 3454 875 3508 mandata
908 3465 995 3508 tua
1045 3470 1205 3524 super
1233 3470 1420 3509 aurum
1470 3464 1525 3511 et
1571 3458 1856 3526 tupazium.
1890 3458 2021 3511 Pro-

433 3554 613 3613 pterea
652 3544 706 3598 in
750 3546 994 3600 universa
1027 3555 1288 3615 pra-cepta
1317 3555 1404 3601 tua
1444 3546 1647 3613 direxi;
1677 3564 1889 3603 omnem
1930 3565 2021 3603 se-

432 3635 617 3690 mitam
645 3635 903 3691 mendacii
925 3637 1048 3691 odio
1073 3635 1253 3691 dabui.
1282 3636 1538 3692 hlirabilia
1572 3638 1871 3693 testimonia
1902 3648 2021 3706 tua;

435 3728 634 3784 idcirco
670 3731 953 3786 custodivit
977 3747 1039 3786 ea
1065 3732 1240 3785 anima
1269 3746 1405 3787 mea.
1434 3732 1498 3785 Et
1519 3741 1631 3803 post
1656 3732 1783 3787 duos
1805 3748 1972 3788 versus
2004 3748 2025 3788 :

435 3817 508 3874 Os
528 3835 704 3875 meum
733 3822 940 3892 aperui,
967 3832 1021 3878 et
1046 3822 1330 3893 respiravi;
1360 3822 1480 3893 quia
1521 3824 1766 3878 mandata
1804 3834 1892 3879 tua
1929 3825 2026 3882 de-

434 3909 754 3965 siderabam.
780 3912 846 3965 Et
875 3914 976 3967 alio
1003 3911 1112 3967 loco
1143 3928 1161 3967 :
1188 3913 1531 3985 Consumpsit
1558 3929 1643 3969 me
1668 3915 1816 3971 zelus
1839 3931 2021 3984 meus,

428 3998 557 4071 quia
583 4002 732 4058 obliti
759 4012 882 4058 sunt
902 4004 1183 4060 verborum
1213 4014 1423 4060 tuorum
1462 4008 1641 4061 hostes
1672 4008 1795 4063 mei.
1825 4008 2026 4063 Proba-

437 4105 522 4150 tus
564 4110 743 4152 sermo
772 4106 892 4153 tuus
934 4099 1121 4167 nimis,
1152 4108 1206 4154 et
1234 4113 1418 4154 servus
1457 4110 1576 4153 tuus
1619 4099 1806 4155 dilexit
1851 4101 2021 4155 illum.

438 4185 695 4242 Parvulas
731 4203 831 4259 ego
868 4203 986 4243 sum
1013 4198 1067 4245 et
1116 4190 1572 4261 contemptibilis;
1619 4192 1712 4247 sed
1761 4203 2025 4263 praecepta

440 4284 527 4330 tua
552 4294 658 4332 non
681 4292 796 4333 sum
820 4279 1034 4335 oblitus.
1068 4280 1135 4335 Et
1161 4290 1275 4353 post
1299 4292 1397 4335 tres
1422 4300 1590 4338 versus
1620 4299 1640 4338 :
1666 4284 1906 4339 Mandata
1940 4294 2026 4340 tua

438 4367 682 4422 voluntas
710 4384 847 4424 mea.
876 4369 944 4424 Et
966 4372 1117 4440 paulo
1134 4384 1245 4442 post
1271 4372 1438 4429 :Vide
1464 4373 1804 4430 afllictionetn
1829 4392 2023 4443 meam,

440 4469 494 4516 et
519 4462 669 4533 eripe
697 4477 809 4530 me;
849 4464 972 4534 quia
1000 4466 1131 4536 legis
1156 4474 1259 4521 tua:
1291 4483 1395 4521 non
1428 4484 1545 4523 sum
1575 4469 1789 4524 oblitus.
1821 4468 1887 4523 Et
1918 4479 2029 4542 post

439 4566 529 4606 sea:
552 4568 722 4607 versus
756 4567 777 4607 :
818 4552 965 4608 Multi
1008 4556 1098 4625 qui
1142 4566 1533 4626 persequuntur
1561 4573 1676 4625 me,
1708 4568 1762 4613 et
1789 4559 2029 4631 afﬂigunt

440 4660 560 4709 me;
591 4660 621 4699 a
648 4645 961 4702 testimoniis
989 4648 1091 4703 tuis
1123 4663 1229 4702 non
1258 4649 1538 4702 declinavi.
1563 4648 1683 4703 Vidi
1714 4653 2029 4719 pracvarica-

443 4746 586 4794 tores
624 4747 774 4807 tuos,
801 4748 857 4795 et
881 4742 1205 4807 mmrebam;
1234 4742 1352 4810 quia
1376 4744 1595 4796 verbum
1627 4750 1771 4796 tuum
1802 4759 1904 4797 non
1936 4759 2028 4798 cu-

442 4830 759 4886 stodierunt.
789 4832 919 4887 Vide
958 4833 1207 4903 quoniam
1256 4843 1523 4903 praecepta
1557 4844 1643 4887 tua
1687 4835 1878 4901 dilexi,
1926 4837 2030 4892 Do-

444 4923 619 4989 mine;
645 4924 793 4993 juxta
822 4924 1241 4980 misericordiam
1273 4934 1414 4979 tuam
1445 4926 1647 4980 vivilica
1681 4942 1786 4981 me.
1820 4927 1886 4980 Et
1918 4936 2028 4997 post

442 5024 656 5083 quatuor
683 5029 853 5071 versus
884 5032 904 5071 :
933 5016 1187 5073 Gaudeas
1209 5034 1306 5088 ego
1331 5034 1446 5073 sum
1476 5020 1526 5071 in
1553 5020 1762 5090 eloquio
1788 5028 1897 5086 tuo,
1925 5020 2031 5075 sic-

444 5113 503 5159 ut
539 5106 627 5176 qui
661 5106 862 5163 invenit
883 5109 1050 5179 spolia
1093 5111 1277 5164 multa.
1330 5111 1655 5166 Mendacium
1684 5112 1807 5167 odio
1834 5113 2024 5181 habui,

441 5206 497 5251 et
521 5197 813 5253 detestatus
840 5216 991 5266 sum;
1017 5201 1186 5271 legem
1221 5212 1397 5257 autem
1440 5214 1580 5258 tuam
1608 5205 1788 5260 dilexi.
1821 5207 2028 5276 Septies

446 5288 498 5343 in
537 5289 626 5344 die
670 5289 879 5345 laudavi
926 5300 1011 5358 te,
1048 5307 1217 5362 super.
1246 5293 1458 5362 judiciis
1497 5295 1716 5363 justitiac
1759 5306 1880 5350 tuze.
1918 5297 2028 5351 Pax

445 5381 607 5435 multa
638 5381 975 5452 diligentibus
1002 5385 1170 5455 legem
1203 5394 1344 5440 tuam
1365 5428 1379 5452 ,
1416 5395 1469 5441 et
1504 5403 1609 5441 non
1636 5397 1719 5443 est
1748 5390 1850 5444 illis
1874 5406 2030 5445 scan-

444 5472 645 5528 dalum.
700 5475 1089 5547 Exspectabam
1142 5478 1375 5535 salutare
1438 5489 1612 5549 tuum,
1667 5482 1921 5550 Domine,
1976 5494 2031 5540 et

444 5564 693 5620 mandata
730 5576 818 5621 tua
869 5566 992 5623 feci.
1039 5568 1333 5624 Custodivit
1378 5571 1554 5625 anima
1583 5588 1701 5628 mea
1727 5575 2027 5631 testimonia

446 5666 572 5725 tua,
621 5668 677 5717 et
720 5661 903 5718 dilexit
946 5678 1011 5719 ea
1055 5663 1234 5719 nimis.
1263 5663 1536 5720 Custodivi
1566 5676 1827 5736 praecepta
1857 5678 1942 5723 tua
1976 5679 2027 5725 et

446 5753 748 5810 testimonia
792 5765 912 5823 tua,
962 5757 1083 5829 quia
1127 5772 1314 5814 ninnes
1354 5757 1452 5813 viae
1485 5775 1618 5814 mea:
1660 5760 1715 5814 in
1744 5772 2028 5831 conspectu

449 5851 557 5898 tuo.
604 5844 672 5900 Et
705 5858 815 5919 post
845 5849 1309 5923 octo‘versus:Sit
1357 5865 1545 5907 manus
1592 5861 1681 5907 tua
1729 5852 2030 5910 auxiliatrix

1642 414 1729 469 DE
1768 402 2152 470 SCRIPTURA
2193 404 2434 471 SACRA.

3601 421 3703 477 910

2131 544 2277 593 mea;
2324 528 2445 599 quia
2496 537 2757 599 praecepta
2798 536 2884 585 tua
2925 530 3081 601 elegi.
3127 522 3429 606 Desiderari
3475 535 3704 589 salutare

2131 629 2298 686 tuum,
2331 622 2571 690 Domine,
2593 631 2646 677 et
2667 623 2753 678 lex
2782 632 2867 677 tua
2899 624 3140 677 voluntas
3166 639 3284 679 mea
3311 633 3394 679 est
3422 628 3460 678 ί.
3492 624 3558 679 Et
3594 638 3704 697 post

2127 712 2252 765 duos
2271 730 2438 767 versus
2461 730 2479 767 :
2504 714 2682 767 Erravi
2714 714 2863 784 quasi
2890 714 3001 768 ovis
3024 714 3257 784 perdita;
3289 731 3467 785 qumre
3493 732 3704 770 servum

2128 812 2303 869 tuum,
2334 806 2456 875 quia
2485 804 2849 860 mandatorum
2880 814 3084 860 tuorum
3113 820 3218 860 non
3247 821 3363 859 sum
3391 806 3605 861 oblitus.
3638 805 3705 861 In

2126 894 2319 962 psalmo
2347 911 2488 951 cxxx.
2532 896 2645 966 Ego
2677 898 2886 965 pacitica
2933 896 3205 968 loquebar,
3249 907 3301 952 et
3354 899 3427 954 illi
3471 899 3708 953 debella-

2126 984 2250 1038 bant
2277 1000 2358 1039 ea.
2388 984 2453 1039 In
2500 987 2693 1057 psalmo
2723 1002 2862 1040 cxxt.
2902 987 3105 1057 Rogate
3151 1003 3331 1057 pacem
3362 988 3655 1044 Jerusalem
3689 1009 3704 1046 :

2124 1076 2193 1129 sit
2220 1076 2355 1131 bene
2393 1076 2456 1130 iis
2503 1078 2593 1146 qui
2642 1075 2868 1148 diligunt
2894 1093 3032 1132 eam.
3071 1078 3137 1131 Et
3165 1088 3274 1149 post
3317 1079 3443 1132 duos
3487 1096 3653 1135 versus
3690 1099 3708 1135 :

2127 1165 2349 1236 Propter
2376 1165 2570 1222 fratres
2616 1184 2766 1223 meos
2814 1177 2869 1223 et
2915 1169 3184 1238 proximos
3231 1186 3407 1238 meos,
3453 1170 3709 1241 loquebar

2125 1273 2307 1327 pacem
2338 1258 2449 1313 tibi.
2482 1259 2704 1328 Propter
2729 1259 2944 1313 domum
2980 1260 3187 1314 Domini
3220 1262 3307 1315 Dei
3340 1263 3504 1316 nostri
3526 1302 3539 1326 ,
3572 1279 3710 1332 qua:-

2123 1349 2302 1403 rebam
2335 1351 2469 1403 bona
2499 1350 2612 1404 tibi.
2632 1349 2697 1404 In
2726 1350 2920 1420 psalmo
2949 1366 3110 1406 cxxn.
3140 1352 3218 1407 Ad
3252 1362 3301 1406 te
3333 1353 3500 1408 levavi
3526 1355 3709 1409 oculos

2122 1457 2302 1509 meos,
2336 1444 2424 1513 qui
2456 1442 2663 1497 habitas
2694 1443 2745 1496 in
2782 1442 2954 1498 caelis.
2999 1443 3139 1498 Ecce
3176 1444 3313 1499 sicut
3349 1445 3487 1499 oculi
3527 1461 3710 1499 servo-

2124 1546 2242 1587 rum
2277 1535 2341 1588 ad
2365 1550 2551 1589 manus
2568 1533 2901 1588 dominorum
2920 1550 3158 1600 suorum,
3177 1536 3312 1588 sicut
3340 1537 3475 1591 oculi
3503 1536 3708 1590 ant-illm

2121 1625 2187 1679 ad
2218 1642 2430 1679 manum
2458 1625 2688 1680 domina:
2718 1639 2860 1688 suae;
2889 1626 2966 1681 sic
2992 1626 3127 1679 oculi
3156 1626 3402 1680 nostriad
3430 1628 3707 1681 Dominum

2126 1716 2291 1770 Deum
2322 1726 2563 1771 nostrum
2585 1757 2600 1782 ,
2632 1715 2805 1779 donec
2843 1716 3158 1771 misereatur
3192 1716 3378 1770 nostri.
3414 1715 3478 1771 In
3513 1716 3709 1787 psalmo

2122 1823 2297 1863 cxxtv.
2344 1809 2444 1877 Qui
2494 1807 2768 1864 conﬁdunt
2796 1808 2847 1862 in
2880 1809 3139 1874 Domino,
3172 1810 3320 1878 quasi
3360 1825 3514 1863 mons
3542 1808 3705 1870 Sion;

2122 1902 2407 1955 immobilis
2459 1903 2512 1956 in
2561 1910 2824 1956 aeternum
2868 1900 3227 1957 inhabitabilis
3274 1901 3591 1957 Jerusalem.
3644 1902 3708 1956 In

2122 1991 2317 2062 psalmo
2358 2007 2555 2048 cxxvn.
2608 1992 2802 2047 Beatus
2842 1993 3016 2046 omnis
3058 1993 3148 2062 qui
3194 1992 3344 2047 timet
3392 1993 3707 2059 Dominum,

2120 2086 2211 2156 qui
2239 2084 2475 2139 ambulat
2503 2086 2556 2139 in
2588 2085 2689 2139 viis
2727 2083 2843 2153 ejus
2868 2085 2911 2135 ‘.
2944 2082 3011 2138 In
3045 2085 3237 2152 psalmo
3262 2099 3439 2139 cxxix.
3472 2084 3712 2139 Sustinui

2120 2177 2403 2233 Dominum
2428 2217 2443 2241 ,
2473 2176 2725 2231 sustinuit
2762 2177 2938 2231 anima
2965 2191 3082 2231 mea
3103 2218 3118 2244 ,
3145 2184 3198 2232 et
3227 2177 3447 2231 verbum
3475 2176 3587 2245 ejus
3615 2193 3712 2231 ex-

2121 2268 2374 2340 spectavi.
2404 2267 2469 2323 In
2492 2270 2687 2337 psalmo
2716 2283 2877 2324 cxxx.
2906 2267 3148 2332 Domine,
3181 2283 3288 2321 non
3314 2277 3397 2322 est
3418 2268 3709 2323 exaltatum

2121 2376 2216 2416 cor
2243 2376 2420 2416 meum
2438 2403 2454 2426 ,
2485 2376 2655 2432 neque
2677 2361 2803 2416 elati
2831 2370 2953 2414 sunt
2982 2360 3121 2414 oculi
3148 2359 3287 2425 mei;
3317 2369 3371 2415 et
3392 2375 3497 2413 non
3527 2360 3714 2415 ambu-

2122 2453 2225 2508 lavi
2257 2454 2308 2508 in
2345 2454 2550 2523 magnis
2601 2461 2655 2508 et
2698 2453 2752 2507 in
2796 2452 3128 2507 mirabilibus
3176 2467 3336 2524 super
3376 2468 3480 2508 me.
3515 2454 3569 2507 Si
3603 2469 3709 2509 non

2122 2546 2402 2615 proposui,
2431 2554 2484 2599 et
2512 2544 2670 2600 silere
2696 2543 2796 2598 feci
2822 2544 3053 2597 animant
3085 2558 3290 2608 meam;
3319 2545 3451 2597 sient
3480 2543 3715 2598 abiecta.

2125 2647 2207 2693 tus
2234 2639 2300 2693 ad
2331 2645 2552 2693 matrem
2579 2650 2753 2702 suam,
2777 2638 2846 2691 ita
2872 2635 3131 2691 ablactata
3161 2636 3227 2689 ad
3259 2650 3343 2690 me
3367 2637 3542 2690 anima
3569 2653 3709 2692 nica.

2123 2732 2420 2801 Exspecta,
2469 2731 2669 2795 Israel,
2715 2731 3029 2795 Dominum,
3075 2745 3107 2784 a
3149 2729 3308 2783 modo
3348 2739 3403 2785 et
3448 2746 3615 2799 usque
3657 2731 3710 2785 in

2123 2834 2403 2880 aeternum.
2434 2822 2501 2876 In
2526 2823 2722 2893 psalmo
2742 2837 2940 2877 cxxxn.
2973 2821 3114 2876 Ecce
3142 2837 3301 2891 quam
3328 2823 3524 2876 bonum
3553 2834 3635 2878 est
3659 2832 3714 2877 et

2123 2932 2279 2988 quam
2310 2916 2594 2982 decorum,
2624 2914 2862 2970 habitare
2888 2913 3081 2967 l'ratrcs
3117 2913 3168 2967 in
3200 2929 3390 2972 uniuni.
3418 2912 3484 2966 In
3514 2914 3711 2983 psalmo

2124 3023 2341 3064 cxxxm.
2373 3008 2509 3061 Ecce
2543 3005 2842 3060 benedicite
2882 3004 3142 3065 Domino.
3190 3019 3378 3057 omnes
3419 3003 3558 3057 servi
3603 3003 3709 3056 Do-

2126 3103 2288 3166 mini;
2319 3100 2407 3171 qui
2431 3100 2585 3155 statis
2612 3100 2667 3154 in
2692 3098 2853 3153 domo
2881 3096 3119 3162 Domini,
3149 3097 3201 3150 in
3232 3095 3381 3150 atriis
3406 3094 3440 3150 d
3478 3110 3595 3149 mus
3620 3095 3709 3149 Dei

2125 3192 2314 3247 nostri.
2370 3191 2426 3245 ln
2479 3192 2723 3246 noctibus
2775 3191 2944 3244 levate
2990 3204 3177 3243 manus
3224 3197 3429 3243 vestras
3478 3188 3543 3242 ad
3591 3204 3715 3243 σξηι-

2126 3294 2268 3339 etum
2315 3282 2357 3347 ³,
2404 3290 2458 3338 et
2510 3282 2809 3336 benedicite
2854 3280 3098 3335 Domino.
3148 3277 3217 3332 In
3266 3278 3460 3348 psalmo
3492 3294 3711 3333 cxxxtv.

2127 3377 2362 3432 Laudate
2403 3391 2599 3430 nomen
2650 3374 2894 3439 Domini;
2934 3372 3173 3437 laudate,
3206 3372 3374 3437 servi,
3410 3372 3709 3425 Dominum.

2126 3468 2226 3536 Qui
2278 3467 2433 3521 statis
2478 3465 2533 3520 in
2584 3464 2744 3519 domo
2792 3463 3026 3528 Domini,
3087 3462 3142 3517 in
3187 3463 3336 3515 atriis
3383 3460 3569 3516 domus
3620 3462 3712 3515 Dii

2128 3559 2313 3614 nostri.
2367 3558 2601 3613 Laudate
2648 3557 2967 3623 Dominum,
3010 3555 3262 3625 quoniam
3312 3554 3713 3616 bonusDomi-

2128 3665 2259 3716 nus;
2302 3653 2476 3706 canite
2517 3648 2719 3703 nomini
2764 3648 2907 3717 ejus,
2953 3647 3199 3717 quoniam
3246 3644 3461 3700 decens.
3503 3644 3572 3698 Et
3602 3657 3715 3715 post

2128 3759 2289 3815 pauca
2318 3757 2336 3795 :
2364 3739 2506 3795 ldola
2547 3740 2795 3795 Gentium
2846 3746 3120 3807 argentum
3173 3746 3227 3791 et
3276 3752 3499 3802 aurum,
3553 3752 3713 3806 opera

2129 3848 2383 3888 manuum
2415 3830 2710 3885 hominum.
2753 3829 2826 3883 Os
2870 3828 3098 3892 habent,
3144 3835 3199 3881 et
3244 3841 3353 3881 non
3398 3825 3714 3896 loquentur;

2129 3924 2315 3979 oculos
2344 3923 2565 3987 habent,
2598 3930 2650 3976 et
2680 3936 2783 3975 non
2814 3919 3099 3984 videbunt,
3142 3927 3244 3973 etc.
3276 3918 3343 3971 Et
3381 3922 3535 3988 paulo
3566 3928 3673 3989 post
3698 3935 3717 3972 :

2131 4015 2346 4072 Similes
2385 4014 2489 4069 illis
2530 4013 2656 4067 ﬁant
2694 4011 2782 4083 qui
2808 4009 3006 4066 faciunt
3035 4025 3095 4064 ea
3116 4044 3132 4076 ,
3164 4020 3217 4064 et
3254 4024 3441 4063 omnes
3468 4010 3556 4079 qui
3585 4025 3716 4064 con~

2131 4108 2301 4163 fidunt
2337 4107 2388 4160 in
2417 4106 2513 4161 eis.
2546 4106 2743 4159 Domus
2770 4103 2929 4157 Israel
2950 4142 2964 4165 ,
2998 4100 3294 4156 benedieite
3322 4102 3583 4167 Domino;
3618 4101 3717 4155 do-

2131 4215 2250 4253 mus
2274 4200 2486 4262 Aaron,
2516 4195 2811 4252 benedieite
2839 4192 3099 4257 Domino;
3134 4193 3383 4247 timentes
3414 4192 3714 4255 Dominum,

2131 4290 2427 4346 benedicite
2474 4289 2716 4342 Domino.
2767 4284 2832 4339 In
2880 4285 3075 4355 psalmo
3118 4298 3332 4338 cxxxv.
3383 4284 3716 4338 Conﬁtemini

2133 4382 2392 4446 Domino,
2425 4379 2675 4449 quoniam
2717 4378 2918 4439 bonus,
2962 4374 3212 4445 quoniam
3243 4373 3295 4426 in
3331 4381 3583 4427 arternurr
3620 4375 3720 4427 mi-

2131 4472 2419 4529 sericordia
2466 4470 2599 4539 ejus.
2649 4465 2985 4523 Conlitemini
3029 4466 3139 4519 Deo
3181 4463 3434 4529 deorum,
3468 4465 3717 4533 quoniam

2133 4566 2183 4618 in
2227 4572 2487 4617 internum
2531 4556 2896 4614 misericordia
2939 4555 3074 4624 ejus.
3120 4554 3454 4609 Conlitemiui
3494 4555 3719 4609 Domino

2131 4654 2501 4715 dominorum,
2540 4649 2788 4721 quoniam
2820 4646 2875 4701 in
2904 4657 3162 4701 mtcrnutn
3195 4645 3556 4701 misericordia
3582 4646 3717 4713 ejus.

2133 4747 2202 4802 Et
2229 4748 2282 4801 in
2312 4747 2412 4814 {ine
2435 4743 2619 4815 psalmi
2646 4759 2664 4796 :
2690 4739 3026 4796 Conﬁtemini
3064 4735 3174 4793 Deo
3207 4738 3327 4793 cmli
3347 4779 3361 4803 ,
3391 4739 3637 4808 quoniam
3667 4739 3720 4791 in

2132 4850 2389 4896 :eternum
2440 4835 2808 4891 misericordia
2856 4834 2991 4902 ejus.
3048 4832 3116 4887 In
3159 4833 3354 4904 psalmo
3398 4849 3611 4889 cxxxvt.
3664 4833 3720 4887 Si

2132 4932 2327 4986 oblitus
2353 4929 2502 4983 fuero
2531 4928 2602 4982 tui
2625 4969 2639 4993 ,
2671 4926 2967 4981 Jerusalem
2991 4968 3005 4992 ,
3038 4925 3089 4980 in
3115 4925 3378 4979 oblivione
3411 4925 3480 4978 sit
3503 4924 3717 4978 dextera

2134 5040 2272 5079 mea.
2302 5023 2588 5077 Adlncreat
2610 5021 2783 5090 lingua
2811 5035 2926 5073 mea
2947 5018 3145 5088 gutturi
3172 5032 3311 5083 meo,
3337 5016 3382 5071 si
3408 5031 3512 5071 non
3540 5031 3721 5071 recor-

2131 5118 2286 5172 datus
2314 5115 2462 5170 l‘ui:ro
2499 5113 2573 5169 tui
2595 5155 2609 5178 ,
2635 5113 2953 5168 Jerusalem.
2981 5112 3035 5167 Si
3062 5095 3167 5165 non
3199 5125 3539 5180 praeposuere
3562 5108 3714 5164 Jeru-

2133 5210 2301 5264 salem
2335 5209 2385 5261 in
2418 5204 2677 5277 principio
2712 5204 2907 5259 Imtitia:
2934 5218 3088 5258 mete.
3123 5200 3189 5254 In
3226 5201 3421 5270 psalmo
3449 5216 3696 5255 cxxxvni

2131 5300 2317 5356 Nonne
2341 5298 2585 5353 odientes
2612 5304 2684 5359 te,
2720 5296 2960 5360 Domine,
2989 5293 3149 5359 odivi,
3180 5302 3231 5347 et
3255 5301 3438 5348 contra
3465 5290 3709 5347 adversa-

2131 5392 2240 5446 rios
2263 5398 2384 5444 tuos
2404 5388 2675 5443 distabui?
2699 5387 2940 5442 Perfecto
2959 5382 3080 5438 odio
3102 5382 3317 5437 oderam
3340 5382 3457 5436 illos
3477 5398 3491 5447 ;
3520 5383 3714 5436 inimici

2131 5481 2255 5537 facti
2284 5486 2408 5535 sunt
2436 5477 2586 5532 mihi.
2618 5475 2686 5530 In
2719 5476 2913 5547 psalmo
2939 5488 3157 5529 cxxxix.
3198 5470 3276 5527 Ne
3315 5470 3439 5537 des,
3475 5472 3715 5528 Domine.

2196 5680 2215 5714 ι
2240 5678 2315 5743 sic
2331 5685 2439 5743 Mss.
2462 5675 2666 5743 et_Psalt.
2688 5676 2881 5743 Hieron.
2902 5682 2955 5725 At
2980 5674 3117 5735 editi,
3140 5673 3508 5743 rnedilaliqmca
3525 5680 3610 5743 est.

2195 5744 2216 5774 ³
2240 5740 2377 5801 Editi,
2402 5738 2533 5789 Beati
2545 5751 2704 5788 omnes
2719 5735 2803 5801 qui
2823 5736 2987 5787 timent
3011 5733 3293 5801 Donu'mun,
3307 5733 3391 5799 qui
3411 5733 3654 5786 ambilitth
3672 5733 3722 5785 it.

2133 5802 2221 5855 riis
2239 5800 2640 5863 ejus.'sequimur
2664 5800 2767 5849 Mss.
2794 5808 2846 5850 et
2864 5800 3001 5850 Fsalt.
3027 5800 3314 5863 Hieronymi.

2200 5866 2220 5898 ³
2242 5860 2379 5924 Editi,
2401 5860 2665 5916 iu'stmrla.
2688 5870 2793 5914 Mss.
2813 5865 2953 5925 juxta
2977 5861 3114 5913 I‘salt.
3134 5860 3283 5921 υἱέα,
3308 5860 3374 5911 ad
3398 5865 3628 5911 sanctwn.
