4110 6442
407 378 505 434 9η

407 490 671 550 desideria
714 487 889 559 impii;
922 483 1123 541 scelera
1156 479 1271 550 ejus
1308 490 1375 531 ne
1402 471 1774 536 effundantur,
1807 476 1860 522 et
1884 466 1996 522 ele-

378 596 619 645 ‘rventur.
668 582 735 639 Et
771 590 886 655 post
923 585 1137 651 quatuor
1174 587 1343 637 uersus
1386 582 1404 624 :
1442 566 1541 621 Vir
1576 566 1853 635 linguosus
1889 575 1998 616 non

376 704 379 707 ·
409 683 664 754 dirigetur
685 679 737 735 in
959 671 1026 727 In
1056 667 1250 740 psalmo
1274 679 1394 721 exn.
1425 658 1691 729 Corripiat
1715 672 1802 710 me
1822 654 2000 724 justus

410 776 465 831 in
504 743 898 833 misericordia,
937 772 992 819 et
1023 768 1210 831 arguat
1256 771 1341 810 me
1372 768 1393 808 :
1423 752 1599 806 oleum
1629 743 2001 802 amaritudinis

409 883 516 924 non
544 864 835 935 impinguet
874 862 1032 928 caput
1069 864 1268 907 meum.
1309 844 1377 901 Et
1404 851 1515 916 post
1539 840 1759 913 quinque
1784 850 1957 891 versus
1977 847 1998 888 :

406 927 669 1030 Quoniam
697 927 766 1010 ad
793 961 874 1014 te,
919 946 1176 1010 Domine,
1217 937 1359 997 oculi
1396 936 1499 992 mei
1528 952 1543 989 :
1574 934 1628 988 in
1667 940 1719 987 te
1755 927 1995 1000 speravi;

412 1073 483 1115 ne
518 1064 744 1111 evaeues
785 1043 1016 1101 animam
1060 1050 1255 1092 meam.
1316 1030 1383 1087 In
1425 1029 1619 1100 psalmo
1663 1039 1803 1081 cxu.
1852 1020 1999 1076 Voce

410 1160 530 1203 mea
554 1141 621 1198 ad
646 1137 927 1194 Dominum
969 1127 1228 1193 clamavi,
1271 1138 1404 1178 voce
1447 1134 1566 1175 mea
1606 1116 1673 1171 ad
1715 1112 1997 1170 Dominum

408 1238 724 1306 deprecatus
762 1241 903 1282 sum.
954 1218 1237 1278 Effundam
1281 1216 1335 1271 in
1385 1214 1672 1281 conSpecttt
1722 1206 1839 1277 ejus
1886 1203 1999 1259 elo—

408 1298 592 1397 quium
617 1335 815 1383 meum,
846 1312 1241 1372 tribulationem
1267 1320 1440 1362 meam
1460 1316 1645 1359 coram
1675 1298 1769 1353 illo
1794 1310 2002 1349 annun-

410 1387 575 1475 tiabo.
619 1415 684 1469 Et
721 1420 832 1484 post
863 1424 958 1464 sea:
977 1421 1145 1460 versus
1175 1394 1450 1463 :(llamavi
1493 1393 1561 1448 ad
1604 1399 1692 1459 te,
1737 1387 1996 1451 Domine;

409 1511 555 1579 dixi,
590 1507 672 1564 Tn
717 1480 777 1560 es
823 1514 947 1574 spes
990 1511 1143 1561 mea,
1186 1505 1314 1565 pars
1352 1503 1467 1544 mea
1515 1486 1568 1540 in
1617 1492 1759 1539 terra
1812 1480 2007 1533 viven-_

411 1617 562 1662 Itum.
605 1600 671 1657 In
702 1606 896 1673 psalmo
923 1608 1085 1651 cxut.
1129 1586 1421 1644 Meditabar
1464 1579 1640 1636 omnia
1681 1589 1841 1646 opera
1885 1582 1997 1636 tua,

413 1699 550 1753 facta
574 1671 826 1750 manuum
849 1698 1061 1743 tuarum
1077 1678 1354 1752 loquebar.
1368 1671 1620 1744 :Expandi
1643 1683 1833 1725 manus
1852 1680 2000 1720 meas

411 1790 479 1846 ad
500 1796 587 1855 te;
615 1783 792 1840 anima
813 1775 1100 1849 meaquasi
1124 1782 1267 1829 terra
1287 1767 1472 1825 sitiens
1492 1763 1559 1818 ad
1582 1774 1652 1818 te.
1686 1760 1751 1814 Et
1771 1767 1880 1831 post
1901 1765 2000 1811 tres

412 1852 583 1937 uersus
610 1892 629 1932 :
659 1875 765 1931 Fac
807 1886 892 1928 me
934 1867 1121 1924 audire
1163 1876 1322 1918 mane
1367 1852 1782 1914 miscricordiam
1833 1860 1997 1913 tuam,

412 1972 663 2045 quoniam
704 1968 757 2022 itt
796 1973 849 2020 te
880 1958 1111 2018 confido.
1141 1954 1332 2011 Notam
1364 1949 1446 2004 fac
1475 1946 1603 2002 mihi
1647 1944 1786 1998 viam
1816 1941 1868 1995 in
1898 1953 2001 2009 qua

414 2064 648 2125 atubnlo,
676 2057 928 2131 quoniam
955 2052 1021 2107 ad
1051 2059 1106 2106 te
1132 2046 1299 2103 levavi
1322 2043 1555 2098 animam
1584 2052 1778 2093 meam.
1809 2032 1999 2088 Libera

416 2155 593 2212 mede
617 2121 867 2213 inimicis,
901 2143 1123 2202 Donune
1147 2158 1160 2195 :
1184 2154 1213 2192 a
1242 2147 1292 2191 te
1318 2139 1586 2206 protectus
1609 2144 1747 2184 sum.
1776 2122 1841 2180 In
1864 2121 2001 2194 psal-

416 2269 499 2308 mo
522 2264 709 2307 cxmt.
741 2243 930 2301 Libera
970 2253 1054 2293 me
1074 2276 1089 2304 ,
1134 2241 1189 2290 et
1222 2245 1353 2287 erue
1380 2242 1465 2282 me
1495 2224 1562 2280 de
1590 2236 1746 2278 manu
1776 2217 2001 2272 filiorum

417 2347 749 2406 alienorum;
794 2349 1019 2409 quorum
1066 2343 1128 2384 os
1173 2327 1406 2381 locutum
1449 2327 1533 2375 est
1578 2315 1900 2376 vanitatem,
1948 2316 2004 2363 et

416 2439 634 2495 dextera
661 2400 847 2489 eorum
875 2426 1094 2483 dextera
1133 2413 1415 2474 mendacii.
1447 2409 1517 2467 Ut
1553 2409 1661 2463 sint
1703 2404 1795 2459 lilii
1834 2400 2004 2456 nostri

417 2526 571 2602 quasi
613 2521 865 2597 plantatio
908 2526 1159 2574 crescens
1202 2510 1260 2565 in
1300 2500 1659 2561 adolescentia
1694 2511 1809 2552 sua.
1854 2493 2006 2548 Filiae

420 2585 632 2677 ἀδείην.
656 2611 810 2687 quasi
849 2607 1025 2679 anguli
1064 2601 1236 2658 ornati
1271 2597 1339 2654 ad
1368 2591 1769 2652 similitudinem
1800 2585 2002 2656 templi.

418 2678 789 2779 Promptdaria
815 2678 993 2757 nostra
1021 2696 1197 2768 plena,
1223 2698 1277 2747 et
1301 2680 1787 2758 superell‘undentia
1811 2694 1879 2733 ex
1907 2678 2008 2731 hoc

503 2766 654 2857 illud.
692 2797 892 2852 Pecora
918 2766 1101 2846 nostra
1137 2785 1190 2839 in
1229 2779 1496 2844 millibus,
1526 2782 1580 2830 et
1603 2766 2008 2828 innumerabilia

422 2897 475 2950 in
499 2887 748 2961 compitis
773 2883 969 2941 nostris
998 2870 1375 2934 :tauri-nostri
1404 2868 1645 2940 pingues.
1676 2862 1792 2918 Non
1820 2854 1903 2916 est
1927 2858 2010 2913 itt-

424 2949 713 3056 terruptio,
742 2987 797 3034 et
821 2990 932 3032 non
957 2981 1039 3029 est
1062 2978 1310 3040 egressus
1329 3004 1343 3029 ,
1374 2970 1429 3018 et
1455 2974 1561 3015 non
1587 2965 1669 3012 est
1698 2954 1929 3009 ululatus
1954 2949 2008 3003 in

423 3042 614 3150 plateis
630 3042 857 3129 nostris.
889 3067 1084 3123 Beatus
1113 3057 1340 3132 populus
1367 3052 1519 3123 cujus
1548 3048 1670 3105 talia
1701 3052 1852 3107 sunt;
1886 3042 2008 3097 bea-

425 3137 512 3225 lus
531 3164 760 3240 populus
778 3159 930 3231 Cujus
948 3156 1197 3211 Dominus
1215 3149 1354 3204 Deus
1373 3144 1508 3215 ejus.
1530 3138 1599 3195 In
1621 3137 1813 3210 psalmo
1829 3147 2007 3189 cxuv.

426 3225 686 3315 Eata-Ita'bo
713 3261 764 3309 te
783 3293 799 3319 ,
831 3225 1076 3313 Domine,
1107 3243 1248 3298 Deus
1272 3252 1444 3301 meus,
1474 3247 1591 3295 rex,
1620 3238 1675 3284 et
1697 3225 2011 3307 benedicam

427 3348 628 3407 nomini
664 3356 754 3401 tuo
786 3344 842 3398 in
870 3351 1125 3396 aeternum
1157 3342 1210 3390 et
1237 3331 1393 3387 ultra.
1436 3326 1494 3381 ln
1532 3322 1676 3378 omni
1718 3318 1807 3407 die
1842 3317 2011 3372 benc-

425 3442 598 3498 dicam
626 3437 752 3503 tibi,
786 3442 841 3490 et
875 3429 1102 3486 laudabo
1134 3437 1331 3483 nomen
1366 3430 1512 3473 tuum
1545 3415 1598 3469 in
1629 3405 2011 3481 sempiternum

422 3532 637 3604 jugiter.
670 3499 874 3598 Et'post
901 3522 1027 3576 duos
1052 3531 1224 3573 versus
1251 3530 1269 3569 :
1297 3507 1580 3568 Generatio
1617 3504 1683 3559 ad
1709 3499 2011 3573 generatio-

430 3599 551 3681 nem
592 3619 828 3677 laudabit
861 3628 1025 3686 opera
1065 3621 1153 3664 tua
1172 3650 1186 3674 ,
1213 3617 1268 3661 et
1295 3599 1633 3659 fortitudines
1662 3605 1779 3651 tuas
1802 3606 2012 3647 annun-

431 3712 655 3773 tiabu'ut.
689 3682 944 3767 Decorcm
979 3703 1161 3776 gloria:
1192 3692 1570 3769 magnitudinis
1605 3699 1708 3745 tum
1727 3728 1742 3753 ,
1771 3695 1829 3742 et
1854 3682 2013 3740 verba

431 3806 753 3865 mirabiliora
773 3775 1200 3866 tuorumloquar.
1221 3793 1285 3846 Et
1302 3785 1667 3844 fortitudinem
1682 3775 2015 3835 borribilium

432 3913 647 3957 tuorum
687 3897 1002 3964 loquentur,
1040 3896 1096 3942 et
1131 3879 1518 3954 magnitudines
1550 3883 1668 3929 tuas
1702 3867 2013 3926 narrabant.

436 3987 743 4048 Memoriam
759 3957 953 4038 multa:
977 3974 1227 4033 bonitatis
1253 3980 1356 4027 tum
1382 3969 1685 4037 loquentur,
1711 3969 1766 4016 et
1785 3957 2019 4029 justitias

432 4095 554 4139 tuas
575 4076 882 4134 laudabunt.
911 4070 977 4125 Et
1001 4076 1110 4140 post
1132 4074 1229 4119 tres
1248 4076 1416 4117 versus
1433 4074 1462 4139 κε
1488 4056 1556 4112 Et
1574 4050 1741 4111 sancti
1763 4051 1835 4105 tui
1858 4051 2022 4104 bene-

434 4138 620 4229 dicunt
644 4165 762 4223 tibi.
791 4138 1027 4220 Gloriam
1065 4154 1215 4226 regni
1256 4151 1326 4206 tui
1365 4149 1541 4204 dicent
1559 4185 1572 4209 ,
1599 4151 1654 4200 et
1683 4138 2019 4196 fortitudines

437 4276 556 4320 tuas
590 4262 896 4332 loquentur.
926 4252 998 4309 Ut
1022 4246 1305 4307 ostendant
1345 4242 1462 4298 filiis
1501 4237 1773 4293 hominum
1806 4231 2018 4288 fortitu-

436 4357 588 4413 dines
615 4324 763 4424 ejus,
804 4356 859 4402 et
895 4343 1118 4417 gloriam
1155 4334 1368 4394 decoris
1405 4331 1553 4402 regni
1593 4329 1728 4397 ejus.
1770 4324 1837 4379 Et
1868 4325 2020 4393 paulo

437 4455 549 4519 post
578 4460 598 4500 :
624 4420 782 4499 Juxta
820 4447 900 4493 est
934 4433 1190 4491 Dominus
1217 4425 1464 4485 omnibus
1496 4422 1584 4493 qui
1618 4420 1871 4474 invocant
1899 4428 2020 4470 eum

440 4509 494 4593 in
519 4535 760 4593 veritate.
789 4528 1045 4585 Placitum
1088 4520 1384 4578 timentium
1422 4531 1482 4572 se
1507 4513 1695 4580 faciet,
1731 4521 1787 4566 et
1820 4509 2022 4565 clamo-

440 4644 557 4686 rem
585 4639 771 4683 eorum
798 4619 1012 4686 audiet,
1042 4624 1097 4671 et
1117 4611 1342 4670 salvabit
1362 4623 1475 4665 eos.
1500 4605 1744 4662 Custodit
1768 4602 2026 4658 Dominus

439 4734 628 4777 omnes
660 4716 939 4786 diligentes
981 4724 1072 4774 se;
1119 4715 1174 4763 et
1215 4705 1491 4760 universos
1530 4697 1723 4768 impios
1764 4702 2018 4750 conteret.

441 4814 675 4874 Laudem
697 4806 908 4866 Domini
927 4805 1252 4874 loqueturos
1272 4810 1470 4859 meum,
1492 4800 1547 4848 et
1562 4789 1838 4846 benedicet
1852 4786 2026 4841 omnis

441 4921 568 4965 caro
605 4900 809 4960 nomini
846 4905 1032 4953 sancto
1074 4893 1190 4964 ejus
1228 4890 1282 4945 in
1316 4895 1585 4944 internum
1621 4890 1675 4938 et
1702 4881 1916 4951 jugiter.
1957 4877 2025 4932 In

444 5002 639 5075 psalmo
666 5011 825 5057 cxcv.
851 4990 1055 5059 Lauda,
1086 4988 1263 5043 anima
1283 4998 1424 5050 mea,
1447 4979 1730 5037 Dominum
1758 4993 1770 5030 :
1800 4974 2026 5030 laudabo

446 5067 730 5149 Dominum
772 5088 827 5144 in
863 5086 970 5142 vita
1005 5096 1124 5138 mea
1145 5121 1160 5145 ,
1192 5077 1419 5134 cantabo
1450 5074 1560 5129 Deo
1588 5086 1709 5128 meo
1728 5111 1745 5139 ,
1775 5067 2026 5140 quamdiu

444 5199 586 5241 sum.
616 5179 793 5239 Nolite
819 5172 1090 5233 conlidere
1118 5172 1171 5226 in
1195 5165 1545 5240 principibus,
1575 5162 1632 5218 in
1663 5162 1770 5215 filio
1797 5158 2030 5215 hominis

443 5276 532 5333 cui
574 5289 679 5329 non
722 5279 806 5327 est
836 5268 999 5324 salus.
1032 5263 1100 5318 Et
1130 5268 1239 5333 post
1267 5259 1394 5315 duos
1418 5272 1588 5313 uersus
1611 5271 1630 5310 :
1656 5254 1850 5309 Beatus
1878 5253 2031 5322 cujus

445 5372 589 5428 Deus
613 5364 783 5423 Jacob
808 5361 1093 5419 auxiliator
1124 5355 1270 5427 ejus,
1296 5367 1423 5422 spes
1449 5352 1563 5421 ejus
1588 5350 1643 5404 in
1671 5348 1896 5404 Domino
1924 5347 2033 5402 Deo

447 5472 565 5519 suo.
611 5457 680 5516 In
717 5455 914 5531 psalmo
941 5465 1118 5508 exui.
1158 5445 1395 5504 Laudato
1439 5442 1754 5507 Dominum,
1782 5439 2032 5510 quoniam

452 5540 623 5611 bonus
646 5560 729 5608 est
756 5568 771 5605 :
798 5547 1066 5606 canticum
1105 5542 1201 5598 Dei
1237 5537 1405 5596 nostri
1428 5538 1468 5605 ί,
1501 5535 1751 5607 quoniam
1781 5532 2033 5588 decorum

451 5656 556 5713 est,
585 5641 804 5717 pulchra
833 5636 1087 5696 laudatio.
1130 5631 1199 5688 Et
1238 5638 1350 5703 post
1389 5642 1575 5701 paucos
1611 5641 1782 5681 versus
1809 5639 1827 5679 :
1854 5621 2035 5679 Susci-

455 5716 604 5811 piens
642 5741 949 5791 mansuetos
976 5728 1271 5789 Dominus;
1316 5721 1600 5778 humiliatus
1640 5716 1831 5789 impios
1870 5730 2037 5787 usque

519 5851 536 5883 ⁸
560 5851 633 5901 Sic
657 5856 759 5897 Mss.
788 5853 838 5897 et
856 5842 997 5895 taalt.
1022 5842 1216 5893 Hieron.
1241 5837 1378 5900 aditi,
1404 5843 1497 5885 nco
1518 5835 1693 5885 nostra.

1574 359 1632 415 s.
1676 351 2046 442 sucusrtm
2081 350 2442 411 scaevum

3591 352 3697 407 9l2

2108 464 2173 520 ad
2203 472 2421 520 terram.
2452 464 2638 520 Canite
2668 463 2894 520 Domino
2922 462 2974 518 in
3000 462 3355 531 confessione,
3381 463 3557 533 canitc
3585 465 3695 519 Deo

2107 566 2314 612 nostro.
2345 557 2413 612 Et
2434 566 2550 629 post
2576 566 2793 629 quatuor
2816 572 2984 612 uersus
3012 572 3032 611 :
3056 555 3173 612 Non
3199 564 3281 612 est
3306 557 3357 611 in
3383 555 3697 614 fortitudine

2105 647 2229 719 equi
2267 648 2514 704 voluntas
2541 648 2657 719 ejus
2675 688 2692 716 ,
2723 663 2897 718 neque
2924 648 2978 702 in
3007 647 3150 704 tibiis
3174 648 3273 702 viri
3302 647 3594 718 plaeebitur
3620 649 3694 703 ei.

2106 738 2408 795 Plaeebitur
2435 738 2662 794 Domino
2689 738 2744 793 in
2776 738 2839 793 iis
2877 738 2964 808 qui
3004 738 3192 792 timent
3228 754 3350 794 eum
3370 777 3387 804 ,
3423 746 3480 794 ct
3506 754 3698 808 exspe-

2104 840 2252 888 ctant
2295 829 2714 887 misericordiam
2757 828 2894 901 ejus.
2942 828 3009 883 In
3053 830 3249 900 psalmo
3274 844 3492 885 chvnt.
3522 829 3698 899 [leges

2107 932 2265 1011 terra:
2296 930 2347 978 et
2377 936 2565 977 omnes
2593 921 2810 993 populi,
2846 919 3114 991 principes
3141 928 3196 973 et
3232 919 3464 974 universi
3487 918 3699 989 judiees

2106 1009 2287 1081 terrm,
2314 1012 2539 1100 juvenes
2566 1021 2621 1068 et
2642 1013 2895 1082 virgines,
2928 1025 3087 1066 senes
3115 1025 3236 1065 cum
3266 1010 3445 1079 pueris
3479 1009 3701 1064 laudent

2106 1122 2301 1164 nomen
2340 1107 2571 1165 Domini.
2611 1104 2688 1188 _In
2735 1104 2932 1176 psalmo
2973 1118 3164 1160 cxux.
3207 1100 3428 1159 Caritate
3470 1102 3699 1157 Domino

2104 1199 2370 1256 canticum
2398 1214 2629 1265 novum;
2669 1197 2783 1253 laus
2810 1196 2928 1268 ejus
2960 1196 3012 1250 in
3048 1195 3457 1267 congregatione
3488 1200 3702 1248 sancto-

2105 1307 2248 1349 rum.
2270 1291 2505 1347 chtetur
2526 1290 2685 1346 Israel
2716 1290 2769 1344 in
2796 1287 2999 1344 factore
3021 1301 3136 1353 suo,
3167 1286 3259 1341 filii
3279 1286 3409 1341 Sion
3430 1285 3701 1341 exsultent

2106 1381 2161 1437 in
2191 1397 2316 1454 rege
2341 1397 2458 1437 suo.
2492 1380 2558 1435 Et
2587 1389 2699 1454 post
2728 1389 2826 1434 tres
2852 1394 3019 1433 versus
3047 1392 3068 1432 :
3096 1375 3361 1433 Exaltabit
3388 1385 3699 1430 mansuetos

2106 1475 2159 1530 in
2188 1474 2337 1531 Jesu.
2369 1473 2725 1529 Exsultabunt
2761 1470 2933 1527 sancti
2976 1470 3031 1525 in
3073 1468 3271 1540 gloria.
3311 1466 3606 1523 laudabunt
3642 1466 3697 1520 in

2104 1568 2367 1625 cubilibus
2397 1566 2541 1630 suis;
2570 1564 2925 1622 exaltationes
2952 1562 3043 1619 Dei
3071 1561 3124 1617 in
3148 1569 3361 1635 gutture
3383 1573 3590 1615 eorum.
3629 1561 3699 1611 tu

2107 1659 2303 1731 psalmo
2328 1673 2411 1714 cc.
2439 1655 2674 1713 Laudato
2700 1654 2983 1710 Dominum
3011 1652 3064 1707 in
3089 1650 3289 1707 sanctis
3316 1651 3453 1719 ejus,
3485 1648 3699 1703 laudate

2105 1765 2228 1805 eum
2267 1749 2319 1804 in
2367 1745 2673 1802 fortitudine
2719 1743 2968 1817 potentia:
3010 1742 3148 1815 ejus.
3189 1739 3426 1797 Laudato
3471 1752 3595 1794 eum
3639 1737 3697 1792 in

2110 1839 2506 1897 fortitudinibus
2533 1838 2685 1909 ejus,
2714 1827 2924 1891 laudate
2960 1849 3082 1890 eum
3120 1832 3269 1903 juxta
3304 1827 3700 1885 multitudinem

2106 1932 2513 2006 magniﬁcentia:
2537 1945 2669 1986 sum.
2696 1928 2762 1984 Et
2784 1928 2837 1982 in
2857 1928 2960 1998 ﬁne
2982 1924 3208 1998 psalmi:
3225 1922 3397 1978 Omne
3420 1919 3561 1992 quod
3588 1920 3702 1990 spi-

2107 2034 2189 2080 rat
2212 2024 2395 2081 landet
2421 2022 2726 2078 Dominum.

2179 2113 2308 2169 Hau:
2333 2114 2396 2168 de
2421 2112 2548 2166 libro
2576 2109 2898 2165 Psalmorum
2927 2101 3239 2178 collegimus,
3269 2102 3323 2157 in
3347 2097 3527 2174 quibus
3552 2114 3702 2154 suam

2107 2209 2315 2279 quisque
2338 2207 2509 2270 vitam,
2540 2204 2583 2259 si
2611 2202 2855 2273 pro/icere
2881 2197 3108 2269 afectat,
3132 2196 3386 2267 inspiciat.
3423 2193 3523 2250 Ubi
3545 2192 3702 2247 lecto-

2110 2316 2214 2354 rem
2237 2300 2568 2354 admonemus
2589 2338 2603 2364 ,
2635 2304 2691 2348 ut
2715 2311 2773 2348 ea
2792 2308 2905 2365 qua
2932 2292 2994 2347 de
3020 2290 3241 2346 Psalmis
3267 2288 3434 2360 posui,
3461 2301 3706 2357 tanquam

2108 2408 2267 2447 unum
2296 2390 2547 2461 psalmum
2578 2386 2849 2443 contextim
2876 2382 3028 2455 legat,
3057 2383 3219 2437 tacitis
3243 2381 3401 2436 verbis
3425 2379 3567 2439 meis.
3588 2391 3714 2448 qua:

2108 2486 2177 2540 sd
2197 2485 2291 2540 hoc
2313 2481 2609 2553 interposui,
2632 2489 2685 2534 ut
2704 2479 2748 2534 si
2767 2477 2995 2541 voluerit,
3016 2474 3251 2545 inspiciat
3273 2473 3360 2527 ubi
3376 2472 3440 2527 sit
3456 2470 3707 2540 scriptum

2108 2576 2243 2645 quod
2270 2574 2434 2646 posui,
2463 2572 2519 2626 id
2545 2579 2638 2636 est,
2665 2577 2816 2640 quoto
2839 2568 2916 2621 vel
2935 2567 2989 2620 in
3008 2581 3106 2636 quo
3126 2564 3234 2619 loco
3254 2562 3477 2635 ejusdem
3496 2559 3701 2631 psalmi.
3770 2611 3777 2615 .

2111 2666 2211 2722 His
2239 2667 2371 2720 enim
2385 2661 2746 2735 .praztermissis
2771 2660 2857 2733 qui
2880 2659 3090 2729 lectione
3112 2657 3405 2711 continuata
3429 2651 3706 2722 impetrem

2110 2758 2221 2814 sola
2248 2758 2396 2812 verba
2422 2754 2769 2819 Psalmorum,
2801 2751 2959 2806 multo
2980 2748 3280 2821 jucundius.
3311 2754 3358 2801 et
3381 2744 3447 2801 ob
3475 2744 3585 2799 lto:
3597 2742 3706 2796 uti-

2112 2851 2213 2906 lius
2241 2866 2306 2906 ea:
2329 2848 2510 2903 diuinis
2543 2846 2786 2917 adﬁcietur
2825 2840 3054 2912 eloquiis.
3096 2837 3252 2894 Nunc
3287 2836 3351 2892 de
3371 2834 3517 2891 libris
3544 2833 3709 2889 Salo-

2113 2942 2275 2996 monis
2294 2955 2407 3011 qua:
2424 2937 2721 2994 videbuntur
2745 2934 2862 2989 huic
2885 2932 3027 3004 operi
3046 2929 3345 2993 necessaria,
3372 2925 3666 2998 colligemus
3685 2939 3707 2978 :

2114 3049 2175 3088 ac
2198 3032 2418 3106 primunt
2446 3028 2508 3083 de
2537 3025 2859 3088 Proverbiis;
2885 3023 2971 3094 qui
2999 3013 3122 3077 (Mer
3150 3020 3194 3074 si
3219 3022 3340 3074 bene
3369 3016 3704 3087 intelligatur,

2114 3127 2182 3181 ad
2209 3141 2374 3180 mores
2408 3123 2523 3193 pios
2558 3118 2909 3193 informandos
2950 3131 3074 3186 pene
3110 3123 3244 3168 totus
3269 3110 3469 3166 ualebit.
3511 3107 3616 3164 Sed
3643 3123 3706 3161 ea

2114 3232 2227 3289 quia
2249 3215 2457 3271 obscura
2482 3221 2598 3267 sunt
2628 3207 2953 3283 praetermitto
2981 3221 3000 3261 :
3025 3204 3340 3268 ltabeontea,
3365 3201 3542 3271 quibus
3564 3216 3711 3255 exer-

2115 3319 2351 3374 ceantur,
2391 3305 2599 3360 lectores
2627 3303 2986 3369 dilectorequ
3013 3296 3354 3368 spiritualium
3390 3292 3708 3351 litterarum;

2116 3417 2209 3455 nos
2231 3399 2285 3453 in
2312 3397 2405 3450 hoc
2428 3409 2577 3464 opere
2604 3392 2868 3446 statuimus
2894 3388 2987 3443 illa
3014 3402 3197 3459 ponere
3229 3399 3343 3451 quae
3366 3382 3435 3437 ad
3458 3379 3710 3452 agendam

2116 3491 2270 3546 vitam
2295 3487 2445 3559 facile
2470 3472 2724 3540 intellecta
2749 3485 3056 3554 referantur.
3089 3477 3329 3544 Quamvis
3358 3473 3532 3529 multis
3548 3471 3710 3526 uideri

2120 3582 2307 3652 possim
2355 3577 2673 3649 apertissima
2726 3570 3143 3645 praetermisisse;
3199 3566 3542 3636 nonnullaque
3590 3562 3711 3616 hinc

2120 3673 2287 3745 potius
2316 3671 2491 3725 clausa
2515 3677 2652 3730 sunt,
2683 3664 2818 3720 unde
2846 3671 3088 3736 putantur
3113 3676 3217 3715 esse
3242 3657 3527 3730 perspicua.
3571 3652 3712 3719 Quid

2120 3743 2251 3819 enim
2280 3772 2382 3816 tam
2405 3760 2602 3814 clarum
2628 3755 2857 3821 videtur,
2891 3762 2936 3809 et
2963 3751 3086 3824 quid
3122 3759 3224 3805 tam
3260 3752 3427 3820 inepte
3450 3747 3537 3817 ﬁt,
3571 3745 3617 3801 si
3641 3743 3712 3798 ad

2122 3853 2480 3926 prOprietatem
2509 3849 2631 3903 uelis
2662 3845 2922 3914 accipere,
2962 3842 3098 3915 quod
3121 3840 3190 3895 ibi
3222 3839 3464 3908 scriptum
3491 3844 3592 3900 est,
3629 3835 3713 3890 Ab

2107 3953 2260 4016 aqua
2287 3941 2460 3997 aliena
2489 3938 2697 3995 abstine
2727 3947 2812 4002 te,
2855 3944 2910 3990 et
2950 3934 3017 3989 de
3056 3932 3203 3988 fonte
3238 3932 3413 3984 alieno
3457 3944 3524 3983 ne
3559 3927 3715 3980 hibe—

2121 4039 2198 4094 ris
2219 4035 2331 4111 (a)?
2373 4034 2475 4088 Aut
2514 4030 2636 4103 quid
2662 4030 2795 4085 ualet
2822 4028 2889 4082 ad
2914 4043 3076 4082 mores
3100 4022 3451 4096 corrigendos,
3484 4020 3583 4075 nisi
3605 4020 3715 4073 illic

2121 4130 2403 4186 intellectus
2428 4125 2577 4179 altior
2599 4122 2899 4194 requiratur,
2924 4117 3060 4191 quod
3082 4118 3273 4171 dictum
3297 4123 3389 4177 est,
3417 4113 3715 4182 Paupertas

2123 4223 2296 4279 virum
2315 4218 2577 4282 ltnmiliat,
2594 4229 2784 4271 manus
2798 4220 2974 4268 autem
2990 4210 3205 4265 fortium
3227 4207 3509 4277 locupletat
3528 4210 3714 4278 (Prov.

2123 4331 2182 4378 x,
2207 4311 2302 4386 4)?
2326 4309 2453 4389 Cum
2478 4317 2526 4363 et
2552 4322 2651 4361 non
2680 4320 2787 4359 esse
2810 4318 3117 4376 pauperem,
3147 4308 3194 4354 et
3218 4314 3324 4353 esse
3350 4296 3579 4351 manibus
3604 4298 3716 4368 [or-

2044 4415 2063 4429 ’
2127 4414 2244 4473 tem,
2271 4418 2369 4456 non
2389 4386 2452 4455 sit
2472 4400 2525 4453 in
2544 4397 2789 4451 bonorum
2810 4393 3067 4448 hominum
3089 4399 3343 4462 potestate,
3372 4387 3460 4443 sed
3478 4397 3525 4442 et
3547 4386 3720 4441 multis

2128 4492 2408 4567 provenerit
2431 4487 2695 4559 pessimis;
2720 4495 2767 4541 et
2786 4486 2880 4539 hoc
2904 4480 3215 4555 prouerbium
3235 4480 3368 4535 male
3386 4477 3716 4543 intellectum,

2129 4584 2285 4658 possit
2313 4594 2584 4657 provocare
2608 4591 2851 4648 pr:uperes
2870 4576 3043 4651 fortes,
3068 4581 3124 4626 ut
3145 4570 3340 4642 rapinis
3364 4585 3417 4624 se
3434 4567 3722 4623 existiment

2129 4676 2305 4733 debere
2332 4674 2591 4749 ditescere.
2628 4669 2753 4736 Quis
2782 4684 2883 4721 non
2911 4676 3077 4719 autem
3104 4663 3289 4731 rideat,
3321 4662 3366 4717 si
3397 4660 3603 4733 proprie
3628 4676 3723 4731 po.

2128 4769 2281 4824 situm
2311 4763 2558 4836 putaverit
2594 4759 2728 4831 quod
2753 4758 2821 4813 ibi
2847 4758 3057 4829 legitur,
3096 4754 3214 4810 Non
3248 4754 3389 4808 enim
3430 4759 3725 4807 nascuntur

2131 4858 2223 4914 lilii
2255 4855 2500 4926 malignis
2530 4850 2639 4927 (Id.
2667 4866 2819 4917 xxtv,
2848 4846 2980 4919 εον
3026 4846 3213 4902 Omnia
3251 4861 3369 4916 ergo
3409 4844 3533 4898 talia
3566 4844 3698 4897 reliu

2130 4964 2357 5022 quemus,
2383 4956 2428 5000 et
2454 4962 2513 5000 ea
2537 4942 2715 5015 quibus
2739 4939 2980 4996 suadetur
3003 4936 3196 5007 aliquid
3219 4937 3476 5006 aliquanto
3497 4935 3716 5000 diutius,

2132 5059 2247 5098 cum
2273 5040 2328 5095 id
2354 5038 2491 5111 quod
2518 5037 2760 5092 suadetur
2800 5043 2948 5104 atque
2987 5031 3276 5103 praecipitur
3312 5046 3413 5084 non
3446 5029 3510 5084 sit
3546 5027 3726 5083 obscu-

2132 5150 2246 5190 rum
2266 5173 2282 5198 ,
2312 5141 2355 5185 et
2393 5129 2448 5183 id
2475 5129 2641 5201 potius
2668 5128 2732 5181 sit
2761 5124 3047 5198 ponendum
3074 5123 3127 5177 in
3151 5122 3245 5177 Itoc
3273 5121 3496 5193 Speculo
3514 5161 3531 5188 ,
3562 5120 3646 5175 ubi
3673 5137 3732 5175 se

2134 5223 2212 5281 illi
2239 5221 2531 5294 inspiciunt,
2557 5218 2734 5289 quibus
2750 5218 2865 5289 jam
2885 5230 3180 5288 persuasum
3201 5223 3294 5280 est,
3322 5213 3445 5268 bene
3463 5230 3523 5267 ac
3544 5214 3730 5269 lauda-

2201 5394 2274 5457 (a)
2311 5391 2512 5455 Vulgata
2545 5390 2709 5457 vet-sio
2743 5394 2880 5439 caret
2908 5387 3000 5437 bac
3028 5386 3308 5457 sententia,
3331 5384 3418 5457 _.4b
3452 5398 3579 5450 aqua
3608 5385 3730 5457 alie-

2137 5447 2222 5531 na,
2240 5447 2355 5529 étc.,
2378 5447 2490 5517 quae.
2510 5453 2707 5517 quidem
2724 5458 2831 5501 erat
2844 5450 3109 5523 augustino
3130 5447 3388 5507 familiaris,
3411 5447 3646 5511 saepeque
3666 5451 3731 5498 ab

2642 5526 2741 5531 Δημ
2776 5519 3029 5531 “Nam.--
3063 5522 3209 5531 -..ΑΜ
3252 5521 3355 5531 μη.
3387 5511 3731 5531 ..-..__,-_.=a-.-

2138 5511 2316 5582 ipsein
2338 5511 2605 5582 congressu
2636 5526 2745 5563 cum
2776 5511 3033 5582 Donatistis
3063 5522 3212 5573 prave
3248 5521 3358 5582 eant
3387 5511 3735 5582 usurpatam}?

2143 5572 2382 5644 explicata
2408 5572 2655 5644 {habetur
2685 5575 2809 5637 apud
2834 5580 2973 5644 cxx,
3006 5572 3145 5644 Prov.
3165 5583 3269 5634 cap.
3307 5572 3349 5644 9Δ
3365 5574 3460 5621 sub
3492 5572 3627 5644 vers.
3651 5572 3728 5619 18.

2140 5634 2225 5691 Ex‘
2246 5639 2528 5690 earumdem
2566 5634 2968 5696 interpretatione
3007 5635 3098 5696 ipsi
3133 5635 3183 5696 in
3219 5640 3440 5683 mentem
3469 5634 3734 5696 veniebant

2142 5651 2206 5691 Ex
2246 5651 2528 5690 earumdem
2566 5651 2693 5687 tuter
2714 5651 2968 5687 iretattone
3008 5651 3098 5696 ψει
3133 5651 3183 5684 ιιι
3220 5651 3440 5683 tuentem
3469 5651 3734 5683 veniemus

2142 5702 2235 5776 alia
2248 5703 2333 5776 μία
2353 5701 2587 5776 summa-
2602 5651 3334 5776 ιεειᾷωριξωίξξ,
3350 5695 3500 5776 μίξυά
3522 5693 3734 5776 θεῖαι-διαὶ

2141 5754 2617 5874 ΞῧτῃῇιὲίέἓὼέΙιρίτ-εδ
2642 5763 2706 5813 de
2732 5757 2962 5810 (ηεαδ-οἰόθι
2985 5754 3326 5823 ριοεῖιίιοπιδὺπ,
3348 5770 3519 5809 manus
3540 5754 3734 5837 fortium

2145 5830 2430 5891 sorupletmtt
3716 5830 3724 5837 -
