4110 6454
456 402 559 458 διες

453 520 618 573 bit't'tu
642 518 816 580 vivere,
845 515 933 569 sed
960 525 1012 569 ut
1043 516 1135 568 hoc
1164 514 1388 584 faciant;
1406 528 1517 582 qua:
1537 510 1628 564 sibi
1654 511 1874 577 optanda
1894 519 2041 575 atque

453 611 760 665 otvseruanda
797 612 931 673 sint,
976 616 1223 677 quan-unt.
1276 603 1401 658 Ifwc
1441 604 1610 672 itaque
1651 603 1713 654 de
1756 600 2041 654 Proverbiis

455 701 746 758 Salomonis
770 701 1006 774 ponenda
1034 701 1297 754 credimus.

974 791 1062 846 DE
1102 787 1520 846 PROVERBIIS.

522 883 675 960 [ϐίῳ.
718 883 781 958 1.]
813 884 996 939 Timor
1036 883 1242 937 Domini
1288 880 1602 951 principium
1647 879 1901 935 scientire.
1942 877 2040 934 Sa-

452 976 702 1046 pientiam
733 985 891 1045 atque
921 973 1218 1029 doctrinam
1247 972 1392 1028 stulti
1419 971 1736 1041 despiciunt.
1765 971 1932 1034 Audi,
1962 970 2036 1024 liii

450 1067 546 1134 mi,
573 1065 906 1137 disciplinam
932 1065 1096 1136 patris
1118 1064 1211 1130 lui,
1240 1074 1294 1118 et
1318 1078 1386 1118 ne
1408 1062 1640 1145 dimittas
1660 1061 1829 1130 legem
1853 1061 2038 1114 matris

451 1168 576 1218 tuae.
622 1155 689 1210 Et
730 1167 842 1228 post
883 1155 1258 1226 quatuorderim
1285 1169 1474 1216 versus,
1522 1168 1635 1205 cum
1672 1151 1735 1204 de
1772 1151 2036 1205 homicidia

448 1250 730 1322 loqueretur
754 1264 773 1304 :
797 1249 900 1319 Ipsi
921 1290 935 1312 ,
964 1247 1140 1318 inquit,
1173 1255 1353 1300 contra
1382 1243 1691 1314 sanguinem
1724 1257 1876 1297 suum
1904 1243 2036 1297 insi-

447 1342 679 1407 diantur,
707 1349 760 1397 et
783 1341 1075 1396 moliuntur
1107 1338 1316 1394 fraudes
1341 1345 1524 1393 contra
1551 1337 1756 1391 animas
1777 1349 1917 1390 suas.
1947 1335 2035 1391 Sic

445 1436 654 1488 semitae
674 1433 848 1486 omnis
867 1431 1010 1486 avari
1028 1431 1233 1485 animas
1249 1429 1630 1499 possidentium
1652 1427 1880 1498 rapiunt.
1904 1425 2035 1480 Item

447 1533 559 1594 post
585 1533 798 1596 quatuor
823 1539 995 1578 uersus
1025 1539 1044 1578 :
1071 1522 1391 1594 U’squequo,
1433 1521 1668 1593 parvuli,
1704 1521 1919 1592 diligitis
1954 1520 2036 1575 in-

445 1613 666 1669 fantiam
687 1657 701 1679 ,
738 1624 792 1670 et
819 1616 965 1670 stulti
991 1631 1051 1670 ea
1083 1630 1200 1682 qum
1231 1615 1329 1669 sibi
1359 1623 1482 1669 sunt
1515 1615 1668 1668 noxia
1694 1617 1938 1684 cupiunt,
1980 1622 2035 1668 et

444 1706 811 1776 imprudentes
829 1705 1015 1760 odiunt
1035 1705 1348 1760 scientiam?
1367 1704 1436 1759 Et
1457 1715 1567 1777 post
1583 1705 1813 1759 undecim
1829 1722 1996 1760 versus
2013 1721 2033 1760 :

443 1798 593 1853 Tunc
613 1799 934 1855 invocabunt
958 1813 1063 1862 me,
1087 1806 1143 1854 et
1166 1814 1270 1854 non
1291 1799 1603 1863 exaudiam;
1636 1814 1788 1853 mane
1811 1813 2033 1854 consur-

442 1900 591 1961 gent,
613 1897 794 1944 etnon
814 1891 1085 1946 invenient
1111 1906 1194 1946 me
1218 1908 1230 1944 :
1257 1907 1321 1946 eo
1343 1891 1484 1960 quod
1510 1907 1724 1945 exosam
1751 1890 2032 1947 habuerint

438 1981 806 2051 disciplinam,
836 1992 890 2036 et
919 1981 1160 2037 timorem
1189 1982 1396 2036 Domini
1427 1997 1530 2036 non
1553 1983 1904 2052 susceperint,
1933 1997 2030 2038 nec

437 2073 798 2144 acquieverint
843 2075 1067 2129 consilio
1109 2089 1266 2140 meo,
1304 2083 1359 2128 et
1398 2073 1724 2129 detraxerint
1769 2075 2028 2130 universa:

438 2164 762 2235 correptioni
806 2180 958 2220 meae.
1004 2165 1295 2221 Comedent
1325 2165 1482 2238 igitur
1515 2165 1720 2222 fructus
1758 2169 1854 2220 via:
1894 2182 2026 2234 suae,

436 2257 655 2327 suisque
695 2257 934 2314 consiliis
977 2258 1371 2314 saturabnntur.
1424 2259 1648 2314 Aversio
1687 2260 2025 2329 parvulorum

437 2348 719 2405 interﬁciet
745 2364 869 2412 eos,
904 2358 958 2405 et
999 2351 1320 2420 prosperitas
1353 2350 1636 2406 stultorum
1669 2350 1857 2421 perdet
1885 2351 2023 2407 illos.

424 2438 540 2506 Qui
564 2449 738 2495 autem
769 2457 854 2495 me
882 2441 1129 2508 audierit,
1159 2442 1359 2512 absque
1389 2450 1594 2496 terrore
1621 2444 1941 2514 requiescet,
1971 2453 2026 2504 et

436 2531 758 2587 abundantia
788 2531 1120 2602 perfruetur,
1150 2533 1407 2588 malorum
1442 2535 1630 2590 timore
1655 2536 1883 2591 sublato.

507 2621 578 2676 Et
609 2633 721 2694 post
760 2634 858 2678 tres
886 2641 1056 2679 versus
1083 2622 1188 2697 [ιι.]
1216 2642 1228 2678 :
1259 2624 1316 2680 Si
1345 2626 1486 2681 enim
1516 2627 1830 2697 sapientiam
1870 2631 2022 2683 invo-

435 2714 640 2768 caveris
660 2757 675 2782 ,
706 2722 761 2769 et
785 2715 1120 2771 inclinaveris
1147 2730 1241 2771 cor
1271 2724 1416 2771 tuum
1446 2718 1770 2792 prudcnlire;
1800 2721 1843 2774 si
1874 2737 2021 2789 quae-

434 2805 590 2860 sieris
609 2821 728 2862 eam
747 2809 894 2878 quasi
919 2809 1218 2878 pecuniam,
1240 2817 1295 2866 et
1313 2810 1449 2868 sicut
1469 2811 1747 2866 thesauros
1771 2812 2022 2870 effoderis

433 2897 580 2951 illam
611 2916 626 2953 :
659 2908 782 2954 tunc
811 2899 1089 2988 intelliges,
1104 2901 1352 2960 timorem
1386 2902 1631 2970 Domini,
1664 2911 1717 2958 et
1744 2905 2019 2959 scientiam

432 2990 529 3047 Dei
558 2990 830 3059 invenies;
851 2993 976 3064 quia
1003 2993 1260 3054 Dominus
1288 2993 1378 3049 dat
1404 2995 1737 3067 sapientiam,
1770 3005 1823 3051 et
1841 3012 1907 3052 ex
1927 3013 2019 3053 ore

433 3083 551 3153 ejus
579 3086 799 3140 scientia
833 3094 889 3142 et
923 3085 1220 3155 prudentia.
1261 3086 1537 3143 Custodiet
1573 3097 1838 3143 rectorum
1874 3089 2018 3144 salu-

433 3184 573 3241 tem,
607 3186 660 3232 et
695 3185 938 3248 proteget
964 3179 1267 3250 gradientes
1302 3179 1614 3250 simpliciter
1641 3198 1654 3236 :
1681 3197 1901 3237 servans
1930 3199 2018 3237 se-

434 3267 592 3321 mitas
614 3267 866 3338 justitite,
903 3279 958 3325 et
996 3269 1108 3325 vias
1151 3280 1454 3326 sanctorum
1498 3271 1823 3328 custodiens.
1869 3273 2020 3328 Tunc

433 3357 698 3430 intelliges
736 3359 1031 3430 justitiam,
1071 3371 1126 3418 et
1159 3361 1454 3433 judicium,
1494 3372 1548 3417 et
1576 3364 1920 3433 'mquitatem,
1965 3373 2020 3420 et

432 3465 645 3505 omnem
676 3453 920 3507 semitam
961 3453 1177 3508 bonam.
1216 3453 1274 3509 Si
1311 3455 1587 3511 intraverit
1629 3457 1886 3526 sapientia
1923 3472 2019 3512 cor

433 3554 604 3613 tuum,
635 3555 689 3602 et
713 3548 932 3604 scientia
957 3549 1150 3603 animae
1175 3557 1277 3604 tua:
1306 3549 1594 3619 placuerit;
1627 3549 1904 3605 consilium
1926 3566 2018 3605 cu-

431 3635 628 3691 stodiet
658 3646 728 3700 te,
758 3646 811 3693 et
838 3638 1119 3707 prudentia
1148 3637 1381 3694 servabit
1409 3648 1492 3704 te;
1523 3648 1582 3694 ut
1610 3638 1815 3694 eruaris
1839 3639 1906 3695 de
1932 3639 2016 3698 via

431 3729 600 3797 mala,
629 3738 682 3785 et
716 3730 780 3784 ab
814 3731 1028 3786 homine
1054 3731 1142 3802 qui
1173 3746 1421 3801 perversa
1453 3732 1702 3803 loquitur.
1730 3733 1829 3804 Qui
1857 3734 2015 3789 dere-

430 3820 676 3891 linquunt
699 3822 800 3876 iter
819 3831 1044 3888 rectum,
1061 3831 1115 3876 et
1136 3822 1405 3878 ambulant
1429 3839 1522 3894 per
1543 3824 1652 3877 vias
1674 3825 2011 3880 tenebrosas:

428 3914 519 3982 qui
544 3914 789 3970 lzctantur
814 3929 934 3968 cum
961 3913 1352 3982 malefccerint,
1389 3923 1444 3970 et
1476 3916 1740 3976 exsullant
1777 3916 1827 3970 in
1855 3917 2015 3973 rebus

429 4007 674 4075 pessimis
703 4025 715 4060 :
745 4022 967 4078 quorum
996 4007 1092 4062 via:
1125 4023 1415 4080 pcrversm,
1455 4017 1510 4062 et
1548 4007 1769 4062 infames
1802 4024 2014 4078 gressus

429 4113 634 4154 eorum.
668 4100 738 4155 Ut
774 4100 977 4155 eruaris
1018 4115 1048 4154 a
1087 4100 1305 4155 muliere
1346 4100 1553 4167 aliena,
1589 4109 1642 4155 et
1669 4101 1736 4155 ab
1763 4110 2013 4157 extranea

429 4207 545 4260 qme
574 4192 744 4247 mollit
767 4207 1043 4248 sermones
1077 4206 1202 4246 suos
1222 4233 1236 4256 ,
1265 4200 1320 4246 et
1354 4191 1562 4261 reliquit
1594 4191 1782 4247 ducem
1815 4193 2011 4264 puber-

429 4287 550 4341 tatis
573 4302 715 4354 suaa,
746 4295 802 4341 et
829 4288 966 4355 pacti
998 4285 1087 4340 Dei
1118 4286 1197 4340 sui
1229 4284 1389 4339 oblita
1416 4293 1515 4340 est.

499 4377 564 4432 Et
585 4387 693 4448 post
719 4378 953 4432 tredecim
974 4393 1139 4431 versus
1155 4374 1284 4449 [ιιι.]
1310 4393 1324 4430 :
1351 4375 1782 4435 Misericordiact
1813 4377 2009 4435 veritas

417 4453 530 4524 non
563 4479 613 4526 te
653 4469 939 4526 deserant:
968 4468 1237 4524 circumda
1269 4483 1362 4525 eas
1407 4469 1604 4540 gutturi
1650 4479 1740 4524 tuo
1763 4511 1779 4536 ,
1818 4479 1872 4524 et
1912 4470 2008 4524 de-

425 4562 599 4618 scribe
629 4562 682 4616 in
703 4562 898 4617 tabulis
927 4561 1104 4617 cordis
1131 4562 1236 4628 tui;
1260 4569 1314 4620 et
1337 4559 1578 4616 invenies
1604 4562 1823 4631 gratiam
1856 4568 1912 4616 et
1933 4562 2013 4615 di-

423 4655 701 4724 sciplinam
721 4655 912 4710 bonam
937 4669 1118 4711 coram
1133 4654 1264 4719 Deo,
1285 4663 1337 4709 et
1358 4653 1684 4708 hominibus.
1711 4653 1855 4708 liahe
1878 4653 2010 4707 ﬁdu-

422 4751 560 4804 ciam
589 4751 638 4803 in
669 4749 896 4804 Domino
915 4765 979 4805 ex
1009 4756 1119 4804 toto
1142 4748 1304 4804 corde
1327 4757 1436 4812 tuo,
1458 4757 1508 4802 et
1538 4748 1862 4803 neinnitaris
1886 4764 2011 4816 pru-

422 4844 617 4899 denti-.1:
645 4853 767 4898 tuae.
796 4843 851 4901 In
878 4843 1124 4898 omnibus
1152 4843 1249 4896 viis
1272 4842 1374 4897 tuis
1414 4841 1584 4911 cogita
1608 4842 1773 4906 illum,
1805 4849 1858 4895 et
1898 4841 2010 4910 ipse

423 4936 616 5005 diriget
643 4949 858 5004 gressus
891 4942 1026 4990 tuos.
1048 4933 1126 4988 Ne
1147 4933 1220 5008 sis
1241 4932 1609 5002 sapiensapud
1645 4933 2004 5003 temetipsum.

421 5026 574 5081 Time
600 5026 788 5090 Deum,
817 5035 872 5081 et
891 5024 1081 5080 recede
1104 5040 1133 5077 a
1155 5025 1316 5077 malo.
1349 5022 1414 5082 Et
1435 5033 1547 5094 post
1568 5041 1722 5078 unum
1752 5041 1950 5080 uersum
1980 5038 2002 5080 :

373 5099 386 5110 ’
421 5117 636 5174 Honora
664 5116 947 5186 Dominum
986 5115 1052 5170 de
1085 5123 1174 5170 tua
1220 5115 1547 5181 substantia,
1571 5124 1624 5170 et
1653 5117 1719 5170 de
1762 5117 2006 5187 primitiis

419 5209 654 5262 omnium
687 5207 893 5278 frugum
920 5215 1152 5261 tuarum.
1209 5205 1278 5260 Et
1307 5217 1418 5277 post
1443 5207 1570 5261 duos
1596 5223 1767 5263 versus
1790 5224 1809 5263 :
1833 5209 2005 5263 Disci-

421 5297 617 5365 plinam
648 5297 876 5363 Domini,
901 5297 971 5356 lili
998 5297 1094 5363 mi,
1118 5313 1183 5352 ne
1204 5297 1458 5366 abjicias;
1486 5314 1584 5352 nec
1619 5298 1854 5363 delicias,
1882 5315 2000 5354 cum

417 5388 486 5443 ab
502 5402 567 5442 eo
595 5387 902 5458 corriperis.
938 5388 1104 5453 Quem
1134 5387 1277 5443 enim
1324 5387 1492 5457 diligit
1523 5388 1799 5451 Dominus,
1829 5392 1999 5444 corri-

417 5481 536 5549 pit;
567 5489 622 5537 et
665 5481 817 5551 quasi
863 5489 1012 5550 pater
1053 5481 1106 5534 in
1154 5481 1261 5535 lilio
1297 5481 1591 5550 complacet
1635 5482 1756 5536 sibi.
1812 5483 2003 5537 Beatus

419 5574 582 5627 homo
596 5573 685 5644 qui
715 5573 915 5628 invenit
939 5571 1273 5642 sapientiam,
1296 5579 1352 5627 et
1378 5573 1466 5641 qui
1494 5571 1663 5627 afﬂuit
1704 5574 2000 5642 prudentia.

416 5663 602 5722 Melior
627 5672 708 5718 est
728 5663 1008 5734 acquisitio
1030 5662 1146 5732 ejus
1179 5662 1532 5732 negotiatione
1560 5671 1783 5732 argenti,
1813 5673 1867 5717 et
1899 5681 1996 5717 au—

419 5771 481 5812 ro
512 5771 685 5827 primo
710 5756 918 5812 fructus
933 5756 1050 5825 ejus
1080 5772 1092 5808 :
1126 5755 1411 5825 pretiosior
1438 5764 1522 5810 est
1545 5757 1749 5814 cmictis
1772 5757 1997 5826 Opibus;

421 5862 475 5908 ct
509 5850 685 5908 omnia
715 5865 832 5914 quae
860 5848 1248 5917 desiderantur,
1281 5847 1400 5905 huic
1441 5865 1546 5904 non
1579 5849 1750 5907 valent
1786 5867 1996 5920 Compa-

1704 393 1790 450 DE
1829 389 2205 448 SClilP'l'UilA
2245 393 2489 452 SACRA.

3626 416 3728 472 9H

2131 509 2275 561 rari.
2306 508 2371 562 Et
2391 519 2501 579 post
2517 512 2685 566 decem
2712 528 2878 569 uersus
2901 531 2920 569 :
2941 515 3040 571 Fili
3063 518 3156 585 mi,
3188 535 3255 574 ne
3282 521 3503 579 effluant
3521 527 3634 583 haec
3661 535 3730 585 ab

2146 599 2314 654 oculis
2340 601 2476 656 tuis:
2507 603 2721 658 Custodi
2769 605 2936 677 legem
2975 618 3132 679 atque
3179 614 3476 669 consilium.
3514 617 3577 671 Et
3616 632 3728 686 post

2143 705 2319 743 novem
2367 708 2579 748 versus:
2611 694 2730 750 Noli
2784 699 3067 766 prohibere
3115 701 3427 761 benefacere
3477 724 3597 764 eum
3629 716 3718 782 qui

2128 792 2350 850 potest;
2383 785 2427 839 si
2457 787 2617 853 vales,
2648 797 2701 844 et
2726 790 2838 859 ipse
2872 791 3112 849 benefac.
3137 795 3214 852 Ne
3241 797 3387 854 dicas
3415 802 3588 858 amico
3609 814 3721 871 tuo,

2146 873 2305 938 Vade,
2337 883 2391 930 et
2415 887 2701 947 revertere,
2727 890 2780 936 et
2801 896 2918 937 cras
2934 883 3070 940 dabo
3089 887 3180 942 tibi
3207 905 3220 949 ;
3253 903 3372 944 cum
3401 894 3578 948 statim
3608 911 3721 966 pos-

2141 965 2214 1019 sis
2234 965 2381 1022 dare.
2415 967 2492 1023 Ne
2535 971 2772 1027 moliaris
2800 975 2974 1030 amico
3001 987 3092 1033 tuo
3117 981 3353 1048 malum;
3393 1000 3512 1040 cum
3539 965 3629 1042 ille
3668 991 3718 1044 in

2140 1065 2193 1113 te
2224 1058 2412 1136 habeat
2440 1061 2706 1118 ﬁduciam.
2734 1063 2813 1120 Ne
2837 1069 3129 1125 contendas
3154 1071 3408 1129 adversus
3440 1077 3713 1136 hominem

2139 1147 2351 1204 frustra.
2386 1151 2448 1242 fit
2467 1162 2577 1223 post
2596 1165 2780 1225 septem
2803 1172 2972 1213 vermis
2998 1177 3018 1215 :
3049 1160 3298 1220 lllusorcs
3327 1166 3441 1236 ipse
3469 1169 3712 1234 deludet.

2139 1247 2194 1294 et
2221 1244 2511 1297 mansuetis
2538 1243 2684 1300 dabit
2711 1249 2956 1318 gratiam.

2209 1331 2276 1386 Et
2297 1345 2409 1403 post
2432 1336 2766 1408 quadraginta
2781 1349 2878 1396 tres
2898 1345 3103 1398 versus‘
3128 1343 3148 1418 [
3170 1346 3285 1420 lv.]
3320 1367 3334 1404 :
3365 1351 3517 1405 Omni
3541 1363 3721 1410 custo-

2137 1423 2223 1479 dia
2252 1440 2402 1481 serva
2430 1443 2523 1484 cor
2545 1439 2724 1499 tuum;
2752 1434 2874 1502 quia
2913 1433 2980 1490 ab
3007 1435 3122 1506 ipso
3162 1440 3262 1493 vita
3293 1444 3551 1511 procedit.
3608 1446 3718 1502 Re-

2127 1529 2336 1572 ‘movea
2364 1529 2415 1573 te
2442 1534 2501 1574 os
2529 1535 2766 1592 pravum,
2797 1534 2853 1580 et
2879 1524 3210 1585 detrahentia
3244 1531 3382 1587 labia
3425 1535 3532 1590 sint
3587 1552 3718 1608 pro—

2137 1607 2221 1662 cul
2248 1624 2278 1664 a
2307 1617 2378 1664 te.
2422 1609 2573 1666 Oculi
2619 1613 2694 1669 tui
2732 1625 2877 1671 recta
2901 1617 3114 1675 videant
3145 1637 3160 1687 ;
3191 1631 3246 1677 et
3292 1625 3559 1695 palpebra:
3592 1607 3713 1685 tua:

2136 1701 2438 1786 prareedant
2459 1718 2672 1773 gressus
2700 1715 2838 1764 tuos.
2867 1709 3042 1782 Dirige
3065 1713 3307 1769 semitam
3331 1717 3552 1785 pedibus
3588 1721 3714 1786 tuis.

2135 1800 2189 1847 et
2214 1808 2402 1849 onmes
2431 1796 2528 1852 viae
2558 1806 2660 1854 tuae
2698 1801 3056 1860 stabilieutur.
3092 1806 3170 1864 Ne
3193 1807 3428 1866 declines
3445 1812 3495 1867 in
3521 1812 3713 1873 dexte-

2140 1897 2253 1938 ram
2280 1895 2372 1941 aut
2415 1887 2466 1941 in
2517 1890 2807 1948 sinistram.
2849 1896 3048 1953 Averte
3079 1899 3266 1970 pedem
3310 1914 3454 1960 tuum
3494 1921 3524 1960 a
3553 1909 3716 1964 malo.

2135 1974 2261 2030 Vias
2288 1977 2430 2032 enim
2479 1996 2599 2050 qua:
2642 1998 2673 2037 a
2699 1983 2900 2041 dextris
2928 1998 3051 2044 sunt
3101 1992 3246 2046 novit
3278 1993 3564 2065 Dominus;
3594 2013 3718 2068 per-

2132 2083 2301 2124 vers:e
2329 2087 2454 2126 vero
2479 2084 2732 2146 suntquae
2747 2077 3021 2140 asinistris
3043 2092 3182 2137 sunt.
3204 2083 3321 2154 Ipse
3344 2097 3518 2144 autem
3543 2099 3717 2146 rectos

2133 2159 2254 2213 facit
2282 2175 2468 2216 cursus
2498 2172 2644 2230 tuos,
2676 2167 2862 2223 itinera
2887 2180 3062 2225 autem
3086 2182 3171 2227 tua
3199 2175 3249 2229 in
3283 2191 3411 2246 pace
3439 2180 3716 2248 producet.

2202 2252 2213 2324 |
2239 2269 2291 2307 ν.
2328 2253 2340 2328 |
2370 2255 2466 2310 Fili
2495 2258 2590 2324 mi,
2613 2261 2827 2318 attende
2849 2262 3158 2334 sapientiam
3185 2283 3382 2337 meam,
3413 2283 3465 2328 et
3487 2274 3718 2343 prudens

2131 2343 2217 2397 tite
2246 2360 2377 2400 mea:
2420 2347 2612 2402 inclina
2643 2365 2825 2406 aurem
2857 2361 3034 2421 tuam;
3065 2367 3120 2412 ut
3142 2361 3409 2416 custodias
3435 2364 3716 2434 cogitatioo.

2129 2451 2245 2504 nes,
2279 2448 2333 2493 et
2360 2438 2692 2512 disciplinam
2722 2445 2856 2500 labia
2889 2456 2974 2502 tua
2999 2463 3342 2507 conservent.
3371 2454 3542 2511 Favus
3566 2457 3709 2512 enim

2127 2527 2386 2586 distillans
2414 2533 2548 2592 labia
2573 2536 2892 2604 meretricis,
2916 2550 2967 2594 et
2992 2541 3205 2596 nitidius
3225 2543 3346 2599 oleo
3369 2555 3550 2616 guttur
3569 2549 3706 2619 ejus.

2125 2619 2423 2678 Novissima
2461 2634 2639 2679 autem
2668 2626 2806 2682 illius
2848 2643 3026 2683 amara
3058 2633 3208 2702 quasi
3258 2635 3604 2706 absinthium,
3650 2651 3709 2696 et

2125 2721 2278 2766 acuta
2308 2713 2458 2783 quasi
2487 2715 2692 2785 gladius
2717 2717 2918 2793 biceps.
2949 2721 3120 2778 Pedes
3153 2724 3271 2794 ejus
3297 2726 3629 2786 descendunt
3649 2731 3704 2788 in

2126 2811 2376 2871 mortem,
2405 2813 2459 2861 ct
2483 2805 2550 2864 ad
2571 2807 2770 2863 inferos
2788 2825 3004 2880 gressus
3028 2813 3167 2870 illius
3195 2807 3493 2886 penetrant.

2197 2893 2266 2948 Et
2294 2905 2406 2967 post
2434 2899 2708 2970 nonaginta
2732 2912 2921 2972 septem
2937 2920 3104 2960 versus
3129 2905 3151 2980 [
3173 2923 3248 2963 vr.
3271 2909 3293 2983 ]
3318 2929 3330 2964 :
3359 2912 3474 2967 Non
3500 2929 3701 2973 concu-

2125 2988 2293 3057 piscat
2315 2989 2762 3059 pulchritudinem
2787 2995 2905 3066 ejus
2933 3013 3026 3052 cor
3048 3007 3216 3070 tuum,
3246 3019 3314 3059 ne
3329 3006 3554 3074 capiaris
3571 3010 3711 3066 nuti-

2122 3079 2221 3136 bus
2251 3081 2412 3136 illius.
2463 3083 2699 3140 Pretium
2726 3091 2872 3142 enim
2897 3091 3084 3156 scorti,
3114 3092 3201 3146 vix
3224 3094 3379 3150 unius
3399 3105 3482 3151 est
3507 3100 3696 3168 panis:

2123 3175 2312 3230 mulier
2335 3185 2514 3232 autem
2535 3179 2634 3232 viri
2665 3181 2953 3250 pretiosam
2984 3184 3215 3239 animam
3243 3190 3402 3258 capit.
3435 3189 3706 3262 Numquid

2120 3267 2450 3323 abscondere
2474 3277 2654 3339 potest
2673 3270 2835 3326 homo
2865 3273 3037 3343 ignem
3065 3274 3116 3328 in
3143 3275 3260 3330 sinu
3283 3293 3400 3341 suo,
3442 3288 3502 3335 ut
3534 3283 3705 3338 vesti-

2121 3367 2300 3413 menta
2330 3358 2468 3414 illius
2495 3375 2602 3415 non
2623 3361 2880 3417 ardeant?
2904 3364 3281 3424 autambulare
3307 3382 3470 3440 super
3487 3387 3704 3441 prunas,

2123 3459 2179 3503 ut
2208 3465 2314 3505 non
2343 3451 2726 3508 comburantur
2749 3454 2946 3525 planta:
2985 3457 3100 3528 ejus
3124 3459 3148 3513 ?
3174 3459 3261 3515 Sic
3287 3463 3376 3531 qui
3401 3464 3699 3535 ingreditur

2119 3541 2186 3594 ad
2227 3543 2502 3598 mulierem
2532 3545 2758 3612 proximi
2787 3546 2888 3614 sui,
2919 3563 3023 3603 non
3049 3551 3148 3604 erit
3175 3552 3403 3608 mundus
3438 3569 3558 3610 cum
3581 3559 3706 3621 teti-

2120 3633 2254 3702 gerit
2280 3649 2422 3688 eam.
2459 3634 2577 3690 Non
2629 3637 2848 3706 grandis
2893 3647 2974 3693 est
2997 3640 3176 3712 culpa,
3206 3659 3328 3698 cum
3356 3645 3475 3714 quis
3501 3645 3706 3704 furatus

2121 3723 2278 3779 fuerit
2302 3741 2316 3778 :
2345 3725 2548 3780 furatur
2572 3728 2737 3796 enim,
2768 3738 2824 3783 ut
2849 3731 3170 3787 esurientem
3195 3734 3414 3804 impleat
3432 3738 3699 3803 animam;

2119 3816 2481 3886 deprehensus
2497 3835 2707 3890 quoque
2722 3821 2908 3877 reddet
2931 3825 3253 3896 septnplum,
3277 3837 3329 3883 et
3345 3843 3556 3885 omnem
3580 3832 3707 3887 sub«

2118 3908 2366 3964 stantiam
2395 3908 2591 3964 domus
2646 3927 2757 3966 suae
2808 3913 2995 3968 tradet.
3028 3914 3126 3982 Qui
3158 3926 3335 3973 autem
3366 3906 3572 3976 adulter
3595 3935 3699 3990 εει,

2117 4007 2334 4070 propter
2355 4000 2532 4055 cordis
2553 4002 2782 4072 inepiam
2815 4005 3000 4074 perdet
3023 4008 3253 4062 animam
3280 4025 3452 4066 suam.

2190 4091 2257 4148 Et
2287 4101 2397 4162 post
2421 4103 2636 4162 quatuor
2674 4110 2843 4149 versus
2869 4094 2888 4168 [
2911 4096 3028 4170 vn.]
3054 4114 3065 4150 :
3097 4098 3195 4153 Fili
3238 4100 3332 4168 mi,
3361 4103 3566 4158 custodi
3589 4119 3702 4164 ser.

2117 4200 2304 4239 mones
2333 4201 2506 4252 meos,
2536 4195 2590 4242 et
2624 4199 2888 4258 prmcepta
2919 4205 3034 4244 mea
3081 4192 3308 4246 reconde
3352 4193 3463 4247 tibi.
3495 4194 3701 4256 Serva'

2117 4278 2362 4334 mandata
2402 4295 2550 4345 mea,
2576 4289 2631 4335 et
2662 4281 2798 4348 vive,
2845 4292 2898 4336 et
2925 4282 3096 4352 legem
3128 4300 3302 4339 meam
3341 4287 3492 4356 quasi
3523 4289 3698 4358 pupil-

2122 4370 2231 4426 lam
2258 4371 2397 4425 oculi
2429 4372 2523 4425 tui.
3229 4387 3232 4390 '

2189 4460 2256 4513 Et
2286 4471 2396 4530 post
2426 4461 2787 4532 quinquaginta
2812 4470 2997 4534 septem
3025 4480 3194 4519 uersus
3233 4463 3382 4539 [νιιι.
3409 4466 3430 4540 ]
3457 4487 3471 4523 :
3501 4468 3698 4526 Intelli-

2115 4555 2244 4622 gite,
2274 4554 2498 4622 parvuli,
2521 4554 2768 4608 astutiam
2794 4571 2808 4619 ;
2841 4564 2895 4609 et
2915 4555 3241 4626 insipientes,
3273 4561 3697 4623 animadvertite.

2115 4643 2182 4696 Et
2204 4653 2317 4713 post
2373 4643 2501 4697 duos
2551 4659 2764 4698 versus:
2799 4645 3085 4701 Veritatem
3136 4639 3476 4709 meditabitur
3520 4663 3701 4727 guttur

2116 4753 2315 4805 meum,
2343 4746 2398 4793 et
2424 4737 2561 4793 labia
2590 4753 2708 4794 mea
2735 4739 3138 4797 detestabuntur
3180 4743 3442 4815 impium'.
3476 4745 3543 4802 Et
3589 4759 3702 4820 past

2177 4938 2195 4970 ⁸
2222 4937 2422 5001 Pigebat
2455 4945 2687 4990 annotare
2721 4940 2847 4989 circa
2885 4953 3115 4990 versuum
3160 4944 3505 5001 recensionem
3542 4956 3700 5000 errata

2147 5011 2258 5067 nam
2281 5000 2687 5067 frequentissima,
2711 5014 2827 5067 qua;
2844 5002 3073 5067 videlicet
3095 5013 3348 5067 postquam
3385 5006 3436 5059 in
3473 5000 3701 5060 Armerba-

2111 5061 2331 5131 ehianam
2351 5061 2614 5131 editionem
2637 5061 2792 5112 seniel
2817 5064 3007 5131 inducta
3041 5061 3172 5125 su'nt,
3197 5061 3314 5116 alias
3334 5067 3569 5131 deinceps
3597 5072 3700 5122 Olli-

2111 5123 2271 5193 tiones
2294 5122 2768 5193 reluctaiitibus.M_ss.
2806 5125 3051 5193 codicibus
3081 5122 3368 5193 constanter
3381 5122 3695 5193 occuparunt.

2112 5191 2329 5251 attamen
2365 5185 2428 5251 _d_e
2461 5185 2807 5251 insigniorihus
2855 5185 3036 5248 aliquot
3079 5190 3470 5251 castigationibus
3507 5185 3604 5241 non
3633 5195 3699 5243 si-

2110 5243 2308 5326 lendum
2332 5247 2522 5326 videtur
2554 5243 2663 5326 lich
2675 5243 2947 5326 .loeo.hb‘aui
2958 5251 3014 5326 in
3029 5250 3183 5326 editis
3195 5243 3301 5326 “pro
3329 5258 3414 5302 ειῑε
3441 5261 3550 5326 post
3582 5267 3699 5326 gua-

2109 5307 2335 5376 rtraginta
2357 5314 2476 5376 tres,
2491 5307 2749 5371 legebatur
2767 5323 2780 5358 :
2796 5314 2849 5376 ξι
2871 5316 2972 5373 post
2995 5311 3162 5376 uiginti
3180 5307 3382 5376 quatuor
3403 5328 3420 5366 :
3439 5307 3555 5369 item
3580 5307 3694 5366 intra

2109 5321 2335 5418 araqlutta
2357 5321 2468 5368 tres,
2491 5321 2749 5371 tegebatur
2767 5323 2780 5358 :
2796 5321 2849 5380 ιςι
2871 5321 2972 5373 post
2995 5321 3159 5376 uagum
3180 5321 3382 5376 quatuor
3403 5328 3420 5366 :
3439 5321 3555 5369 item
3580 5321 3693 5366 intra

2109 5370 2189 5418 ubi
2247 5371 2367 5436 abes
2393 5375 2477 5419 τω
2516 5377 2618 5434 post
2654 5378 2913 5436 nonagmta
2931 5381 3127 5436 septem,
3153 5375 3202 5423 in
3240 5374 3581 5428 illishabebas
3605 5392 3618 5426 :
3644 5390 3693 5429 lt

2107 5437 2211 5503 post
2233 5431 2401 5503 plures.
2427 5431 2591 5503 uersus
2608 5445 2630 5503 7:
2654 5431 2802 5503 atque
2835 5434 2916 5503 ubi
2952 5431 3081 5503 nunc
3107 5431 3188 5486 {Et
3226 5444 3329 5500 post
3355 5438 3694 5503 quinquaginta

2107 5499 2286 5562 septem
2305 5507 2321 5555 ;
2337 5495 2402 5542 ibi
2428 5495 2678 5562 terebatur
2701 5495 2794 5562 ζει
2815 5500 2916 5558 post
2931 5495 3128 5562 aliquot
3153 5495 3316 5562 versus
3340 5495 3696 5562 {quibuslocis

2106 5553 2312 5617 aliisque
2336 5556 2681 5617 propemodum
2704 5553 2969 5606 innumeris
2989 5553 3563 5612 restituimuslectionem
3591 5573 3693 5614 azss.

2106 5615 2244 5665 unde
2263 5615 2473 5686 intelligi
2482 5616 2669 5686 [agilius
2689 5626 2839 5686 queat
2860 5621 3105 5682 cujusuam
3122 5623 3336 5682 rationis,
3348 5629 3546 5686 cujusve
3564 5639 3694 5676 men.

2106 5676 2732 5769 fgerint',
2755 5682 2839 5744 qui
2860 5676 3195 5744 computantur
3217 5685 3278 5734 ab
3301 5676 3576 5749 Augustino.

2215 5747 2339 5789 Mss:
2357 5746 2594 5790 Scrutare.

2172 5801 2191 5831 ³
2209 5802 2285 5872 βίᾳ
2303 5810 2402 5872 Mss.
2425 5805 2563 5872 juxta
2585 5802 2843 5872 vnlga'am.
2865 5811 2919 5856 At
2937 5805 3052 5859 editi
3075 5807 3345 5861 habebant:
3369 5815 3422 5862 Et
3439 5808 3567 5863 fabia
3589 5825 3694 5862 "ius

2107 5875 2197 5912 non
2221 5871 2497 5916 (tlICiittttittt'
2515 5871 2730 5919 unauna.
