4110 6454
508 393 610 450 ωε

509 516 606 557 tm
652 517 818 555 versus
843 499 1116 568 :Accipite
1142 495 1470 564 disciplinam
1500 506 1667 544 meam
1699 498 1752 544 et
1776 503 1883 542 non
1914 501 2078 556 pecu-

510 595 685 658 niam;
718 592 1010 647 doctrinam
1046 589 1208 657 magis
1232 601 1386 655 quam
1419 597 1602 636 aurum
1627 581 1846 651 diligite.
1895 577 2081 633 Melior

512 693 595 741 est
619 684 758 739 enim
781 681 1035 754 sapientia
1055 677 1256 733 cunctis
1275 672 1667 745 pretiosissimis
1689 686 1704 735 ;
1730 678 1784 725 et
1803 683 1960 722 omne
1983 666 2080 722 de-

515 775 801 832 siderabile
829 775 877 828 ei
901 789 1003 827 non
1032 779 1207 840 potest
1236 766 1552 836 comparari.
1591 763 1658 818 Et
1683 772 1791 833 post
1816 764 1941 816 duos
1968 776 2080 815 ver-

510 882 598 920 sus
623 881 642 920 :
666 865 846 919 Timor
869 861 1070 916 Domini
1098 859 1209 914 odit
1229 857 1424 912 malum
1449 873 1463 919 ;
1490 853 1862 924 arrogantiam,
1894 859 1944 906 et
1986 864 2079 904 su-

515 957 769 1027 perbiam,
789 965 841 1010 ct
859 955 991 1007 viam
1020 966 1252 1022 pravam,
1277 959 1402 1004 etos
1429 948 1657 1016 bilingue
1681 945 1990 1000 detestatur.
2014 940 2080 994 Et

439 1036 446 1042 ’
512 1059 625 1119 post
663 1063 753 1102 sea:
778 1062 944 1100 versus
971 1060 990 1098 :
1017 1044 1126 1113 Ego
1153 1043 1428 1112 diligentes
1454 1054 1538 1092 me
1557 1037 1750 1107 diligo;
1781 1045 1836 1090 et
1861 1034 1947 1104 qui
1971 1047 2083 1086 ma-

513 1155 580 1193 ne
606 1137 818 1207 vigilant
839 1135 902 1188 ad
927 1149 1030 1192 me.
1071 1133 1340 1187 invenient
1365 1144 1469 1183 me.
1497 1127 1698 1182 Mecum
1729 1131 1852 1180 sunt
1883 1121 2080 1177 divitia:

513 1237 564 1283 et
588 1227 772 1297 gloria,
813 1239 944 1296 opes
971 1224 1210 1293 superbae
1235 1233 1285 1277 et
1310 1220 1531 1290 justitia.
1564 1218 1752 1272 Melior
1772 1225 1854 1271 est
1878 1214 2080 1274 fructus

513 1333 664 1378 meus
686 1330 818 1370 auro
840 1322 895 1370 et
925 1315 1153 1383 pretioso
1174 1312 1364 1382 lapide,
1398 1319 1450 1366 et
1476 1309 1740 1380 genimina
1763 1321 1878 1361 mea
1890 1319 2079 1375 argen-

513 1417 567 1462 to
587 1408 774 1462 electo.
803 1404 862 1462 In
885 1405 983 1459 viis
997 1403 1214 1474 justitite
1241 1401 1471 1465 ambulo,
1500 1401 1555 1455 in
1583 1398 1756 1453 medio
1775 1396 2080 1452 semitarum

506 1496 726 1564 judicii;
759 1505 815 1550 ut
855 1495 1016 1548 ditem
1064 1493 1338 1562 diligentes
1369 1507 1476 1556 me,
1508 1499 1561 1545 et
1591 1488 1867 1544 thesauros
1893 1499 2080 1542 eorum

512 1586 762 1657 repleam.
785 1584 851 1638 Et
880 1593 989 1653 post
1014 1583 1188 1652 viginti
1214 1593 1311 1636 tres
1338 1597 1507 1634 versus
1537 1595 1555 1633 :
1586 1579 1780 1633 Beatus
1805 1576 1964 1630 homo
1985 1574 2078 1645 qui

511 1677 658 1735 audit
681 1691 784 1738 me,
803 1675 892 1744 qui
917 1674 1094 1744 vigilat
1113 1672 1180 1727 ad
1203 1671 1343 1726 fores
1367 1683 1512 1728 meas
1533 1667 1787 1741 quotidie,
1819 1675 1873 1721 et
1890 1666 2050 1720 obser
2075 1691 2079 1695 ~

517 1775 601 1827 vat
617 1766 682 1821 ad
709 1774 884 1836 postes
908 1765 1026 1818 ostii
1053 1762 1178 1822 mei.
1206 1762 1304 1834 Qui
1327 1779 1411 1818 me
1434 1760 1717 1826 invenerit,
1741 1757 1980 1814 inveniet
2002 1754 2082 1813 vi-

513 1868 639 1920 tam,
670 1864 724 1910 et
755 1855 960 1909 hauriet
985 1853 1208 1912 salutem
1236 1871 1268 1911 a
1291 1854 1534 1909 Domino.
1565 1850 1666 1918 Qui
1697 1857 1876 1904 autem
1905 1847 1957 1902 in
1991 1859 2080 1904 me

515 1945 825 2017 peccaverit,
857 1945 1015 2004 ltech
1037 1948 1266 2003 animam
1295 1960 1470 2002 suam.
1500 1941 1806 2012 Omnesqui
1830 1953 1916 1995 me
1953 1936 2081 1994 ode-

513 2048 653 2100 runt,
684 2036 906 2106 diligunt
929 2047 1174 2094 mortem.

587 2126 654 2180 Et
681 2136 790 2196 post
812 2141 986 2186 novem
1024 2143 1191 2181 versus
1219 2123 1332 2199 [ιι.
1355 2123 1376 2197 ]
1401 2142 1414 2178 :
1445 2122 1747 2192 Relinquite
1785 2119 2080 2184 infantiam,

516 2229 570 2278 ei
598 2219 780 2286 vivite,
805 2231 860 2276 et
882 2219 1147 2275 ambulate
1177 2233 1269 2287 per
1291 2217 1403 2270 vias
1425 2214 1738 2286 prudentizn.
1781 2212 1879 2278 Qui
1907 2209 2084 2266 erudit

518 2315 836 2379 derisorem,
861 2312 972 2386 ipse
997 2312 1096 2366 sibi
1129 2310 1250 2364 facit
1280 2308 1520 2378 injuriam
1546 2321 1561 2372 ;
1592 2313 1647 2360 et
1672 2306 1760 2375 qui
1787 2305 1959 2374 arguit
1981 2302 2082 2360 im-

518 2420 681 2473 ptum,
709 2412 929 2473 generat
956 2402 1212 2456 maculam
1234 2400 1350 2453 sibi.
1374 2398 1724 2466 Noliarguere
1745 2395 2037 2449 derisorem
2065 2435 2080 2462 ,

519 2510 585 2548 nc
601 2492 776 2547 oderit
802 2502 852 2548 te
873 2511 886 2548 :
909 2506 1068 2562 argue
1090 2491 1400 2560 sapientem,
1423 2487 1670 2556 etdiliget
1687 2495 1756 2540 te.
1781 2486 1854 2539 Da
1877 2486 2087 2554 sapien-

518 2585 553 2637 ti
590 2585 942 2650 occasionem,
969 2591 1022 2636 et
1067 2582 1292 2636 addetur
1316 2580 1363 2633 ei
1390 2579 1664 2648 sapientia.
1695 2577 1834 2630 Doce
1859 2576 2082 2645 justum,

515 2681 571 2728 et
591 2671 1128 2742 fcstinabitaccipere.
1163 2667 1481 2738 Principium
1511 2665 1783 2734 sapientiae
1806 2664 1962 2718 timor
1985 2664 2090 2718 Do-

519 2764 669 2828 mini,
700 2772 756 2820 et
779 2764 997 2819 scientia
1034 2771 1356 2825 sanctorum,
1391 2757 1688 2830 prudentia.

588 2855 655 2910 Et
681 2865 790 2926 post
834 2855 1000 2911 decem
1047 2863 1093 2908 et
1135 2863 1245 2906 octo
1273 2869 1439 2906 versus
1465 2849 1566 2923 [x.]
1600 2869 1613 2905 :
1646 2849 1760 2908 Non
1795 2848 2084 2919 proderunt

519 2949 750 3002 thesauri
799 2946 1123 3016 iniquitatis;
1149 2944 1349 3013 jtlslilia
1380 2959 1506 2997 vero
1557 2941 1801 2996 liberabit
1829 2956 1858 2993 a
1892 2949 2082 2994 morte.

521 3038 588 3092 Et
610 3047 719 3108 post
742 3046 950 3107 quatuor
974 3050 1182 3089 versus:
1210 3035 1307 3102 Qui
1341 3042 1624 3103 congregat
1653 3032 1704 3086 in
1737 3046 1929 3096 messe,
1950 3031 2088 3086 ﬁlius

520 3129 731 3200 sapiens
753 3135 833 3182 est
860 3143 874 3179 :
905 3127 991 3196 qui
1022 3133 1196 3180 autem
1225 3124 1396 3178 stertit
1421 3132 1622 3187 mstate,
1656 3121 1792 3175 ﬁlius
1813 3120 2086 3175 confusio-

521 3217 625 3276 nis.
652 3215 720 3270 Et
763 3225 872 3286 post
896 3224 1108 3286 quatuor
1148 3230 1314 3270 versus
1339 3213 1596 3282 :Sapieus
1642 3211 1802 3272 corde
1833 3218 2090 3280 prazcepta

521 3307 771 3380 suscipiet
789 3323 802 3336 ο
834 3305 1026 3361 stultus
1046 3304 1266 3358 caeditur
1293 3303 1464 3358 labiis.
1488 3302 1586 3370 Qui
1611 3301 1858 3354 ambulat
1887 3300 2092 3369 simpli-

521 3398 673 3462 citer,
721 3395 956 3449 ambulat
983 3392 1309 3448 conﬁdenter
1338 3409 1351 3446 ι
1385 3391 1471 3461 qui
1499 3401 1675 3445 autem
1705 3389 1958 3459 depravat
1979 3391 2091 3444 vias

522 3504 664 3552 suas,
687 3486 993 3542 manifestus
1007 3486 1128 3540 erit.
1147 3484 1245 3552 Qui
1262 3485 1445 3544 annuit
1460 3483 1632 3549 oculo,
1655 3483 1795 3536 dabit
1812 3483 2054 3538 dolorem
2074 3500 2087 3514 ο

521 3581 716 3636 stultus
744 3579 896 3634 labiis
924 3566 1303 3638 verberabitur.
1337 3577 1479 3632 Vena
1509 3580 1647 3640 vitio,
1679 3591 1740 3630 os
1762 3577 1889 3645 justi
1915 3593 1928 3640 ;
1957 3587 2012 3632 et
2031 3591 2094 3631 os

522 3669 805 3738 impiorum
835 3669 1006 3737 operit
1043 3667 1394 3738 iniquitatem.
1441 3664 1631 3721 Odium
1663 3667 1887 3724 suscitat
1913 3669 2085 3733 rixas;

523 3767 579 3814 et
607 3759 848 3814 universa
871 3757 1059 3812 delicta
1085 3758 1254 3835 operit
1281 3756 1534 3818 Charitas.
1564 3756 1620 3811 lu
1661 3757 1814 3812 labiis
1839 3757 2093 3827 sapientis

525 3850 823 3905 invenietur
851 3849 1143 3918 sapientia;
1173 3858 1228 3903 et
1253 3850 1396 3917 virga
1426 3849 1477 3902 in
1504 3847 1664 3902 dorso
1694 3849 1810 3918 ejus
1841 3849 1928 3919 qui
1960 3849 2095 3904 indi-

529 3950 619 4012 get
647 3941 828 3995 corde.
851 3941 1124 4008 Sapientes
1159 3940 1490 3995 abscondunt
1524 3940 1840 4014 sapientiam
1872 3959 1884 3994 :
1917 3957 1976 3994 os
1999 3957 2095 3995 au-

530 4040 635 4093 tcto
680 4031 826 4094 stulti
856 4029 1147 4084 confusioni
1175 4030 1469 4098 proximum
1512 4040 1610 4084 est.
1638 4029 1705 4086 Et
1753 4041 1863 4104 post
1883 4043 2098 4103 quatuor

529 4146 733 4184 versus:
765 4128 855 4182 Via
886 4119 1001 4181 vltzc
1029 4119 1344 4177 cnstodienti
1371 4119 1701 4192 disciplinam
1732 4139 1746 4175 :
1779 4122 1868 4191 qui
1917 4132 2097 4179 autem

532 4220 915 4288 increpationes
941 4217 1206 4286 relinquit,
1251 4222 1412 4270 errat.
1444 4212 1792 4272 Abscondunt
1819 4199 1997 4268 odium
2020 4213 2097 4266 la-

529 4309 612 4363 bia
632 4307 920 4363 mendacia.
942 4307 1040 4375 Qui
1072 4304 1269 4376 profert
1295 4302 1688 4368 contumeliam,
1712 4303 1969 4371 insipiens
1995 4310 2097 4357 est.

529 4399 588 4456 In
606 4399 930 4470 multiloquio
949 4407 1218 4472 peccatum
1250 4412 1352 4451 non
1375 4395 1543 4451 deerit
1572 4413 1584 4449 :
1616 4395 1703 4466 qui
1721 4403 1899 4450 autem
1921 4396 2102 4451 mode—

532 4499 676 4545 ratur
695 4490 827 4544 labia
848 4504 962 4557 sua,
983 4489 1419 4559 prudentissimus
1432 4494 1534 4542 est.
1563 4487 1852 4558 Argentum
1871 4488 2098 4542 electum

531 4583 706 4654 lingua
722 4583 848 4654 justi
877 4601 890 4636 ε
919 4599 1011 4638 cor
1027 4583 1305 4651 impiorum
1329 4595 1425 4651 pro
1451 4579 1633 4634 nihilo.
1660 4579 1818 4634 Labia
1834 4579 1960 4648 justi
1975 4595 2099 4635 eru-

534 4672 686 4726 diunt
734 4672 990 4742 plurimos
1023 4690 1036 4726 :
1069 4673 1156 4741 qui
1200 4655 1374 4725 autem
1404 4669 1599 4724 indocti
1642 4678 1781 4735 sunt,
1835 4671 1885 4724 in
1924 4670 2100 4725 cordis

531 4771 765 4835 egestate
805 4761 1115 4816 morientur.
1147 4761 1451 4816 Benedictio
1485 4758 1692 4813 Domini
1720 4759 1912 4815 divites
1948 4757 2098 4826 facit,

536 4871 631 4911 nec
681 4855 967 4912 sociabitur
1011 4853 1089 4908 eis
1135 4851 1370 4907 amictio.
1401 4851 1559 4918 Quasi
1587 4865 1681 4921 per
1715 4851 1877 4905 risum
1909 4851 2102 4906 stultus

534 4955 784 5018 operatur
809 4945 986 5002 scelus
1011 4962 1026 4998 :
1054 4943 1309 5015 sapientia
1356 4954 1531 4998 autem
1561 4951 1643 4996 est
1667 4941 1782 4996 viro
1802 4939 2098 5011 prudentia.

531 5041 681 5107 Quod
729 5040 879 5096 timet
908 5039 1121 5108 impius,
1167 5036 1346 5090 veniet
1387 5049 1546 5104 super
1575 5049 1696 5089 eum
1731 5051 1745 5088 :
1775 5032 2100 5088 desiderium

530 5149 683 5188 suum
706 5132 864 5204 justis
880 5131 1106 5187 dabitur.
1129 5128 1198 5183 Et
1218 5137 1329 5200 post
1355 5127 1478 5182 duo:
1494 5143 1664 5181 versus
1692 5142 1710 5180 :
1739 5125 2100 5181 Sicutacetum

529 5227 797 5290 dentibus,
825 5234 880 5279 et
903 5223 1076 5279 fumus
1102 5221 1271 5277 oculis
1295 5236 1311 5286 ;
1348 5220 1425 5274 sic
1446 5220 1593 5290 piger
1627 5218 1693 5273 iis
1717 5219 1806 5288 qui
1836 5220 2100 5276 miserunt

530 5333 673 5371 eum.
699 5315 884 5370 Timor
907 5312 1112 5368 Domini
1142 5319 1372 5383 apponet
1399 5309 1543 5373 dies;
1572 5317 1625 5363 et
1652 5308 1778 5362 anni
1819 5309 2101 5380 impiorum

531 5399 1290 5469 iueviabuntur.Exspectatio
1309 5398 1592 5468 justorum,
1611 5396 1790 5454 laetitia
1819 5415 1833 5451 :
1865 5412 1988 5467 spes
2010 5412 2106 5452 au-

533 5506 640 5558 tem
661 5494 940 5564 impiorum
960 5489 1174 5562 peribit.
1192 5486 1470 5542 Fortitudo
1486 5485 1741 5555 simplicis
1759 5487 1843 5542 via
1863 5486 2102 5552 Domini;
2153 5481 2169 5496 ‘

533 5596 586 5644 et
611 5601 775 5658 pavor
790 5585 853 5639 iis
879 5581 969 5654 qui
996 5588 1284 5650 operantur
1313 5577 1534 5632 malum.
1564 5578 1814 5633 .Iustusin
1847 5583 2102 5631 mter-num

537 5693 640 5734 non
669 5673 1086 5732 commovebitur
1114 5689 1128 5725 :
1156 5667 1302 5739 impii
1327 5679 1505 5726 autem
1552 5683 1657 5724 non
1697 5667 2008 5724 habitabunt
2051 5668 2104 5721 in

536 5784 692 5834 terra.
719 5766 789 5823 0s
813 5766 940 5837 juSli
963 5763 1218 5838 partuvict
1241 5760 1586 5835 sapientiam:
1617 5760 1790 5832 lingua
1818 5775 2100 5831 pravorum

1709 377 1764 430 S.
1808 371 2170 430 AUGUSTINI
2206 371 2563 428 SPECULUM

3638 379 3734 436 9N

2189 485 2398 555 peribit.
2436 486 2591 540 Labia
2610 484 2733 555 justi
2773 483 3107 541 considerant
3132 485 3343 556 placita,
3365 497 3418 544 et
3445 503 3523 566 os~
3548 490 3732 561 impio-

2187 591 2304 630 rum
2336 591 2603 645 perversa.

2259 663 2280 736 [
2308 681 2379 720 xr.
2403 663 2422 737 ]
2465 665 2672 721 Statera
2696 665 2877 720 dolosa
2900 706 2917 732 ,
2943 665 3268 721 abominatio
3291 668 3426 737 apud
3454 670 3650 739 Deum;
3677 683 3731 732 et

2187 755 2393 824 pondus
2421 771 2648 826 aequum,
2703 756 2948 811 voluntas
2975 756 3111 826 ejus.
3142 756 3244 816 Ubi
3298 758 3453 815 fuerit
3476 763 3729 835 superbia,

2187 845 2258 899 ibi
2283 851 2383 900 erit
2400 853 2454 900 et
2471 846 2789 900 contumelia
2814 863 2827 899 :
2857 847 2942 901 ubi
2968 857 3144 903 autem
3175 848 3462 916 humilitas,
3486 851 3558 906 ibi
3577 862 3630 908 et
3654 871 3738 911 sa-

2185 936 2404 1006 pientia.
2430 936 2750 1006 Simplicitas
2769 937 3031 1006 justorum
3059 937 3252 1009 diriget
3274 953 3401 1004 eos;
3427 949 3482 995 et
3507 943 3718 1011 supplan

2188 1028 2314 1081 tatio
2329 1042 2697 1114 perversorum
2719 1026 2903 1097 perdet
2929 1028 3068 1086 illos.
3088 1028 3206 1085 Non
3233 1030 3521 1100 proderunt
3549 1031 3736 1090 divitiae

2185 1117 2238 1171 in
2264 1116 2350 1171 die
2389 1117 2602 1172 ultionis
2630 1134 2643 1170 :
2667 1117 2868 1187 justitia
2897 1126 3073 1173 autem
3103 1119 3348 1175 liberabit
3367 1135 3397 1173 a
3426 1129 3620 1178 morte.
3642 1123 3732 1178 ευρ

2185 1210 2326 1270 stitia
2363 1210 2616 1280 simplicis
2641 1208 2831 1281 diriget
2852 1211 2990 1265 viam
3014 1211 3160 1281 ejus;
3189 1213 3320 1268 etin
3347 1213 3618 1284 impietate
3645 1232 3734 1276 sua

2185 1313 2396 1358 corruet
2416 1302 2625 1373 impius.
2655 1302 2865 1358 Justitia
2888 1311 3153 1358 rectorum
3181 1305 3430 1360 liberabit
3456 1320 3583 1370 eos;
3612 1316 3660 1363 et
3682 1309 3732 1366 in

2185 1391 2392 1448 insidiis
2417 1393 2524 1448 suis
2547 1393 2818 1466 capientur
2858 1392 3045 1463 iniqui.
3094 1393 3301 1449 Mortuo
3330 1394 3544 1449 homine
3567 1394 3740 1466 impio,

2185 1485 2331 1540 nulla
2357 1485 2460 1540 erit
2478 1485 2611 1539 ultra
2631 1499 2771 1554 spes,
2801 1493 2854 1539 et
2876 1484 3202 1555 exspectatio
3229 1484 3572 1540 sollicitorum
3607 1488 3715 1557 peri

2184 1575 2280 1632 bit.
2311 1575 2380 1629 Et
2417 1584 2528 1645 post
2568 1577 2786 1646 quinque
2826 1592 2996 1630 versus
3020 1576 3037 1608 ¹
3067 1591 3088 1631 :
3113 1575 3212 1642 Qui
3254 1574 3481 1647 despicit
3527 1579 3746 1638 amicuut

2186 1683 2363 1735 suum,
2381 1668 2621 1737 indigens
2642 1666 2804 1722 corde
2827 1677 2943 1722 est:
2966 1667 3047 1721 vir
3071 1675 3249 1722 autem
3271 1667 3506 1737 prudens
3534 1669 3734 1729 tacebit.

2186 1759 2283 1837 Qui
2308 1760 2542 1815 ambulat
2567 1758 2946 1824 fraudulenter,
2970 1759 3169 1814 revelat
3195 1773 3388 1814 arcana
3422 1776 3436 1812 :
3466 1758 3556 1828 qui
3573 1767 3739 1814 autem

2187 1849 2358 1910 ﬁdelis
2378 1857 2460 1906 est
2485 1850 2646 1904 animi
2666 1851 2712 1917 ί,
2737 1849 2875 1903 celat
2905 1849 3270 1904 commissum.
3288 1846 3392 1904 Ubi
3419 1863 3524 1902 non
3548 1856 3628 1903 est
3651 1863 3742 1918 gu-

2185 1941 2457 2008 bernator,
2503 1941 2727 2010 populus
2761 1949 2976 1995 corruet
3004 1957 3019 1994 :
3049 1940 3193 1994 salus
3239 1947 3448 2004 autem,
3478 1939 3565 1995 ubi
3593 1940 3746 1997 multa

2187 2032 2425 2090 consilia.
2469 2032 2745 2102 Afﬁigetur
2785 2031 2944 2098 malo,
2970 2030 3061 2101 qui
3089 2029 3247 2084 ﬁdem
3278 2029 3405 2084 facit
3445 2044 3540 2099 pro
3580 2037 3748 2084 extra-

2187 2140 2290 2182 neo
2309 2143 2323 2180 :
2345 2124 2434 2195 qui
2465 2133 2642 2178 autem
2672 2131 2823 2178 cavet
2852 2121 3097 2192 laqueos,
3138 2134 3360 2176 securus
3392 2119 3513 2175 erit.
3550 2119 3616 2172 Et
3648 2127 3750 2190 post

2189 2216 2317 2270 duos
2339 2231 2512 2270 versus
2531 2229 2550 2268 :
2573 2210 2844 2268 Beuefacit
2861 2213 3052 2265 animae
3077 2225 3187 2265 suae
3202 2211 3284 2264 vir
3305 2209 3640 2264 misericors:
3666 2209 3749 2279 qui

2189 2318 2364 2366 autem
2410 2307 2639 2363 crudelis
2668 2313 2768 2366 est.
2791 2305 2951 2363 etiam
2985 2303 3307 2372 propinquos
3327 2300 3532 2371 abjicit.
3558 2298 3624 2354 Et
3651 2309 3753 2371 post

2192 2409 2290 2453 tres
2317 2414 2486 2452 versus
2513 2411 2534 2453 :
2554 2394 2924 2450 Abominabile
2954 2393 3177 2448 Domino
3199 2407 3421 2462 pravum
3443 2405 3570 2458 cor;
3597 2398 3648 2445 et
3672 2405 3753 2445 vo-

2193 2491 2368 2545 luntas
2388 2489 2503 2559 ejus
2533 2489 2584 2542 in
2613 2489 2677 2542 iis
2710 2486 2800 2557 qui
2832 2486 3144 2557 simpliciter
3171 2483 3470 2540 ambulant.
3491 2482 3666 2537 Manus
3700 2481 3752 2536 in

2189 2597 2368 2644 manu,
2389 2596 2491 2634 non
2513 2580 2608 2634 erit
2635 2579 2892 2634 innocens
2915 2577 3086 2632 malus
3120 2594 3133 2630 :
3174 2591 3357 2632 semen
3397 2584 3572 2630 autem
3595 2574 3756 2644 justo-x

2190 2687 2306 2726 rum
2332 2671 2639 2725 salvabitur.
2670 2669 2873 2741 Euocat
2899 2668 3027 2724 duo;
3064 2685 3234 2745 versus
3263 2683 3281 2722 :
3307 2667 3637 2723 Desiderium
3671 2665 3747 2737 ju-

2191 2773 2394 2819 storum
2415 2779 2574 2818 omne
2594 2761 2792 2816 bonum
2813 2770 2896 2817 est
2913 2779 2926 2815 :
2946 2761 3268 2831 prmstolatio
3291 2759 3576 2831 impiorum
3597 2759 3752 2814 furor.

2193 2858 2296 2912 Alii
2343 2856 2588 2912 dividunt
2611 2855 2849 2925 propria,
2887 2861 2945 2908 et
2972 2853 3192 2907 ditiores
3220 2851 3352 2906 ﬁunt
3386 2870 3401 2905 :
3431 2851 3518 2906 alii
3557 2851 3755 2921 rapiunt

2193 2965 2297 3004 non
2314 2963 2430 3013 sua,
2453 2957 2735 3016 etsemper
2756 2946 2810 3000 in
2829 2952 3066 3016 egestate
3089 2953 3232 2999 sunt.
3255 2943 3448 2998 Anima
3469 2958 3584 3014 quas
3606 2942 3758 2998 bene-

2193 3039 2340 3103 dicit,
2387 3036 2798 3108 impinguabitur
2825 3053 2839 3090 :
2867 3043 2923 3090 et
2977 3034 3066 3104 qui
3113 3033 3361 3096 inebriat,
3413 3033 3524 3104 ipse
3563 3045 3759 3103 quoque

2196 3128 2560 3190 inebriabitur.
2588 3127 2686 3196 Qui
2716 3126 2995 3181 abscondit
3022 3123 3306 3190 frumenta,
3341 3124 3682 3180 maledicetur
3704 3123 3755 3180 in

2196 3221 2401 3293 populis
2431 3238 2444 3274 :
2477 3219 2773 3276 benedictio
2809 3226 2985 3272 autem
3028 3231 3189 3287 super
3213 3227 3374 3285 caput
3404 3215 3756 3271 vendentium.

2196 3314 2340 3372 Bene
2394 3310 2665 3381 consurgit
2707 3308 2962 3373 diluculo,
2991 3307 3081 3378 qui
3108 3307 3300 3376 quaerit
3345 3307 3489 3361 bona
3520 3323 3534 3360 :
3561 3305 3645 3376 qui
3669 3319 3760 3358 au-

2197 3415 2302 3460 tem
2332 3403 2673 3472 investigator
2696 3400 2953 3454 malormn
2979 3407 3080 3465 est,
3100 3398 3438 3469 opprimetur
3450 3397 3517 3452 ab
3540 3397 3634 3452 eis.
3658 3395 3752 3464 Qui

2195 3495 2415 3552 conﬁdit
2436 3499 2490 3549 in
2516 3494 2712 3550 divitiis
2729 3493 2858 3558 suis,
2890 3492 2974 3546 hic
2991 3499 3239 3550 corruet:
3266 3490 3399 3562 justi
3423 3500 3594 3546 autem
3619 3490 3762 3562 quasi

2196 3589 2374 3644 virens
2402 3586 2582 3641 folium
2622 3583 3009 3654 germinabunt.
3041 3580 3110 3643 Et
3135 3591 3246 3653 post
3295 3591 3517 3652 quatuor
3559 3595 3761 3635 versus:

2197 3678 2253 3734 Si
2289 3677 2463 3748 justus
2507 3675 2560 3730 in
2590 3684 2734 3734 terra
2773 3674 2982 3744 recipit,
3031 3683 3230 3743 quanto
3277 3674 3452 3744 magis
3485 3672 3669 3743 impius
3711 3679 3763 3725 et

2198 3778 2446 3843 peccator
2469 3765 2493 3821 Υ

2271 3857 2442 3933 [xm]
2481 3857 2581 3932 Qui
2629 3855 2799 3926 diligit
2845 3854 3196 3924 disciplinam,
3243 3852 3417 3923 diligit
3463 3850 3761 3907 scientiam:

2199 3953 2287 4022 qui
2317 3961 2492 4006 autem
2516 3949 2629 4004 odit
2652 3944 3058 4015 increpationes,
3081 3944 3334 4014 insipiens
3352 3953 3459 3998 est.
3487 3941 3584 4011 Qui
3607 3941 3767 3997 bonus

2203 4053 2303 4108 est,
2328 4042 2579 4096 haurieta
2612 4038 2836 4093 Domino
2855 4036 3077 4106 gratiam
3102 4051 3115 4087 :
3144 4035 3234 4104 qui
3253 4041 3438 4088 autem
3467 4031 3678 4088 conﬁdit
3703 4031 3750 4084 in

2200 4134 2606 4207 cogitationibus
2665 4131 2814 4196 suis,
2859 4129 3018 4198 impie
3070 4127 3196 4196 agit.
3261 4126 3377 4180 Non
3450 4122 3768 4181 roborabitur

2203 4227 2362 4280 homo
2391 4241 2455 4279 ex
2483 4223 2770 4292 impietate,
2798 4230 2851 4274 et
2875 4220 3022 4273 radix
3046 4219 3309 4284 justorum
3344 4233 3454 4272 non
3483 4229 3769 4272 commove-

2203 4319 2362 4373 bitur.
2391 4317 2458 4372 Et
2480 4326 2589 4386 post
2609 4317 2796 4384 aliquot
2817 4312 3014 4368 νει-ειη³
3032 4327 3050 4365 :
3065 4311 3395 4366 Desiderium
3418 4311 3580 4381 impii,
3602 4309 3768 4364 munie-

2203 4419 2436 4464 mentum
2462 4415 2545 4462 est
2570 4406 2915 4476 pessimorum
2951 4421 2962 4456 :
2995 4401 3145 4456 radix
3169 4409 3343 4456 autem
3361 4401 3628 4471 justorum
3646 4412 3766 4469 pro-

2207 4503 2364 4556 ﬁciet.
2383 4502 2605 4569 Propter
2627 4505 2834 4568 peccata
2857 4494 3120 4550 labiorum
3145 4493 3292 4548 ruina
3315 4494 3578 4563 proximat
3596 4489 3765 4550 malo:

2205 4592 2418 4662 effugiet
2441 4588 2806 4659 autemjustus
2835 4586 2902 4640 de
2944 4584 3207 4654 angustia.
3238 4583 3314 4638 De
3343 4582 3522 4640 fructu
3547 4596 3656 4640 oris
3691 4583 3766 4638 sui

2207 4685 2564 4754 unusquisque
2590 4678 2875 4750 replebitur
2891 4677 3065 4742 bonis,
3091 4674 3311 4746 etjuxta
3337 4689 3502 4748 opera
3520 4688 3758 4731 manuum

2205 4791 2416 4832 suarum
2445 4772 2768 4828 retribuetur
2785 4769 2854 4824 ei.
2885 4765 2977 4822 V'ia
3000 4766 3170 4835 stulti,
3191 4779 3338 4824 recta
3365 4769 3419 4822 in
3442 4768 3609 4823 oculis
3627 4766 3766 4834 ejus:

2205 4865 2296 4936 qui
2323 4873 2497 4919 autem
2527 4863 2736 4932 sapiens
2757 4867 2860 4928 est,
2891 4855 3039 4914 audit
3066 4859 3304 4914 consilia.
3334 4857 3404 4912 Et
3433 4867 3544 4928 post
3567 4863 3770 4926 quatuor

2205 4973 2410 5012 uersus:
2436 4957 2535 5012 Est
2582 4951 2675 5026 qui
2717 4953 3017 5025 promittit,
3057 4963 3110 5008 et
3138 4952 3286 5024 quasi
3328 4951 3503 5022 gladio
3540 4948 3771 5020 pangitur

2207 5048 2588 5105 Conscienttte:
2622 5046 2798 5116 lingua
2853 5052 3028 5098 autem
3079 5043 3396 5112 sapientium
3431 5041 3627 5095 sanitas
3671 5045 3766 5093 est.

2209 5137 2432 5197 Labium
2462 5137 2698 5193 veritatis
2719 5135 2928 5190 ﬁrmum
2949 5135 3052 5193 erit
3095 5133 3147 5188 in
3174 5142 3487 5204 perpetuum
3513 5149 3526 5185 :
3556 5130 3643 5202 qui
3676 5144 3769 5186 atl-

2207 5355 2212 5360 ·
2274 5337 2290 5370 ι
2311 5337 2485 5398 negius
2505 5333 2680 5398 codex,
2706 5337 2759 5398 Et
2784 5337 2886 5396 post
2907 5347 2957 5382 ιιι
2977 5344 3156 5382 versus.
3174 5328 3480 5380 Carnutensis
3502 5341 3516 5378 :
3537 5332 3590 5378 Et
3605 5330 3702 5390 post
3732 5337 3774 5375 π

2208 5395 2402 5449 νει-διιεῖ
2419 5403 2556 5445 Forte
2579 5395 2858 5457 legendum,
2875 5399 3068 5457 etpost
3090 5407 3167 5442 vm
3184 5405 3362 5457 versus,

2271 5463 2291 5492 ²
2314 5465 2362 5507 In
2389 5458 2534 5519 Regio
2558 5450 2656 5504 tus?
2677 5454 2782 5519 loco
2804 5450 2974 5519 animi,
2996 5454 3231 5519 habetur,
3460 5457 3660 5519 Utraque
3681 5458 3763 5519 vos

2207 5520 2350 5570 simul
2372 5510 2570 5588 rec‘épta
2584 5524 2668 5588 oest
2679 5517 2747 5588 _in
2785 5517 2945 5588 bibliis
2957 5510 3083 5588 'Sixti
3118 5510 3407 5588 auctoritate?

2208 5589 2403 5693 ltamen,
2449 5572 2619 5639 diuiti,
2663 5579 2807 5629 deest
2835 5578 2885 5626 in
2927 5583 3122 5627 vetusto
3165 5575 3418 5626 Bibliorum
3456 5572 3617 5623 calice
3663 5575 3767 5616 oor-

2245 5657 2416 5692 ereusn.

2245 5657 2416 5692 ριριιει.

2272 5690 2530 5774 "tales-4
2555 5706 2606 5751 ει
2636 5701 2933 5774 retexens.
2947 5711 3109 5774 1W8
3131 5710 3148 5748 -'
3173 5690 3766 5774 ιῖιξιιέεθξεξξξιεὶιὶὲξξὲιέεςξι

2211 5752 2329 5819 esse
2347 5752 2584 5825 videntur,
2607 5752 2696 5813 nisi
2711 5762 2834 5813 forte
2858 5762 2936 5812 isti
2958 5773 3130 5812 versus
3164 5752 3304 5812 erant
3320 5755 3458 5810 solito
3478 5752 3764 5820 prolixiores-
