  <div class='ocr_page' id='page_1' title='image "/cluster/home/n/w/nwhite01/storage/ocr_20150623/34/hvd.32044015706310/464.png"; bbox 0 0 4110 6500; ppageno 0'>
   <div class='ocr_carea' id='block_1_1' title="bbox 381 390 484 447">
    <p class='ocr_par' dir='ltr' id='par_1_1' title="bbox 381 390 484 447">
     <span class='ocr_line' id='line_1_1' title="bbox 381 390 484 447; baseline 0 -1"><span class='ocrx_word' id='word_1_1' title='bbox 381 390 484 447; x_wconf 74' lang='grc' dir='ltr'>9η</span> 
     </span>
    </p>
   </div>
   <div class='ocr_carea' id='block_1_2' title="bbox 381 497 1961 571">
    <p class='ocr_par' dir='ltr' id='par_1_2' title="bbox 381 497 1961 571">
     <span class='ocr_line' id='line_1_2' title="bbox 381 497 1961 571; baseline -0.004 -12"><span class='ocrx_word' id='word_1_2' title='bbox 381 501 657 560; x_wconf 85' lang='lat' dir='ltr'><strong>temtestis</strong></span> <span class='ocrx_word' id='word_1_3' title='bbox 683 509 766 556; x_wconf 90' lang='lat' dir='ltr'><strong>est</strong></span> <span class='ocrx_word' id='word_1_4' title='bbox 791 498 1121 571; x_wconf 87' lang='lat' dir='ltr'><strong>repentinus.</strong></span> <span class='ocrx_word' id='word_1_5' title='bbox 1156 498 1440 554; x_wconf 84' lang='lat' dir='ltr'><strong>concinnat</strong></span> <span class='ocrx_word' id='word_1_6' title='bbox 1465 498 1696 569; x_wconf 80' lang='lat' dir='ltr'><strong>linguam</strong></span> <span class='ocrx_word' id='word_1_7' title='bbox 1738 497 1961 554; x_wconf 85' lang='lat' dir='ltr'><strong>menda-</strong></span> 
     </span>
    </p>
   </div>
   <div class='ocr_carea' id='block_1_3' title="bbox 377 590 1957 661">
    <p class='ocr_par' dir='ltr' id='par_1_3' title="bbox 377 590 1957 661">
     <span class='ocr_line' id='line_1_3' title="bbox 377 590 1957 661; baseline -0.004 -10"><span class='ocrx_word' id='word_1_8' title='bbox 377 610 521 651; x_wconf 88' lang='lat' dir='ltr'><strong>cem.</strong></span> <span class='ocrx_word' id='word_1_9' title='bbox 555 594 719 649; x_wconf 82' lang='lat' dir='ltr'><strong>Dolus</strong></span> <span class='ocrx_word' id='word_1_10' title='bbox 742 593 797 648; x_wconf 91' lang='lat' dir='ltr'><strong>in</strong></span> <span class='ocrx_word' id='word_1_11' title='bbox 823 590 985 648; x_wconf 88' lang='lat' dir='ltr'><strong>corde</strong></span> <span class='ocrx_word' id='word_1_12' title='bbox 1023 590 1371 661; x_wconf 76' lang='lat' dir='ltr'><strong>cogitantium</strong></span> <span class='ocrx_word' id='word_1_13' title='bbox 1422 591 1561 647; x_wconf 88' lang='lat' dir='ltr'><strong>mala</strong></span> <span class='ocrx_word' id='word_1_14' title='bbox 1596 609 1608 645; x_wconf 91' lang='lat'><strong>:</strong></span> <span class='ocrx_word' id='word_1_15' title='bbox 1641 591 1729 661; x_wconf 90' lang='lat' dir='ltr'><strong>qui</strong></span> <span class='ocrx_word' id='word_1_16' title='bbox 1778 599 1957 645; x_wconf 89' lang='lat' dir='ltr'><strong>autem</strong></span> 
     </span>
    </p>
   </div>
   <div class='ocr_carea' id='block_1_4' title="bbox 379 681 1959 755">
    <p class='ocr_par' dir='ltr' id='par_1_4' title="bbox 379 681 1959 755">
     <span class='ocr_line' id='line_1_4' title="bbox 379 681 1959 755; baseline -0.003 -14"><span class='ocrx_word' id='word_1_17' title='bbox 379 686 569 742; x_wconf 90' lang='lat' dir='ltr'><strong>ineunt</strong></span> <span class='ocrx_word' id='word_1_18' title='bbox 610 684 759 755; x_wconf 87' lang='lat' dir='ltr'><strong>pacis</strong></span> <span class='ocrx_word' id='word_1_19' title='bbox 818 681 1065 746; x_wconf 88' lang='lat' dir='ltr'><strong>consilia,</strong></span> <span class='ocrx_word' id='word_1_20' title='bbox 1112 691 1368 752; x_wconf 83' lang='lat' dir='ltr'><strong>sequetur</strong></span> <span class='ocrx_word' id='word_1_21' title='bbox 1395 696 1489 738; x_wconf 90' lang='lat' dir='ltr'><strong>eos</strong></span> <span class='ocrx_word' id='word_1_22' title='bbox 1540 682 1810 753; x_wconf 86' lang='lat' dir='ltr'><strong>gaudium.</strong></span> <span class='ocrx_word' id='word_1_23' title='bbox 1843 682 1959 736; x_wconf 88' lang='lat' dir='ltr'><strong>Non</strong></span> 
     </span>
    </p>
   </div>
   <div class='ocr_carea' id='block_1_5' title="bbox 378 774 1966 846">
    <p class='ocr_par' dir='ltr' id='par_1_5' title="bbox 378 774 1966 846">
     <span class='ocr_line' id='line_1_5' title="bbox 378 774 1966 846; baseline -0.003 -12"><span class='ocrx_word' id='word_1_24' title='bbox 378 776 715 835; x_wconf 81' lang='lat' dir='ltr'><strong>contristabit</strong></span> <span class='ocrx_word' id='word_1_25' title='bbox 734 775 935 846; x_wconf 86' lang='lat' dir='ltr'><strong>justum</strong></span> <span class='ocrx_word' id='word_1_26' title='bbox 975 774 1227 845; x_wconf 82' lang='lat' dir='ltr'><strong>quidquid</strong></span> <span class='ocrx_word' id='word_1_27' title='bbox 1255 775 1304 830; x_wconf 92' lang='lat' dir='ltr'><strong>ei</strong></span> <span class='ocrx_word' id='word_1_28' title='bbox 1355 774 1649 830; x_wconf 87' lang='lat' dir='ltr'><strong>acciderit:</strong></span> <span class='ocrx_word' id='word_1_29' title='bbox 1684 775 1832 845; x_wconf 81' lang='lat' dir='ltr'><strong>impii</strong></span> <span class='ocrx_word' id='word_1_30' title='bbox 1868 789 1966 829; x_wconf 87' lang='lat' dir='ltr'><strong>au-</strong></span> 
     </span>
    </p>
   </div>
   <div class='ocr_carea' id='block_1_6' title="bbox 381 866 1963 939">
    <p class='ocr_par' dir='ltr' id='par_1_6' title="bbox 381 866 1963 939">
     <span class='ocr_line' id='line_1_6' title="bbox 381 866 1963 939; baseline -0.004 -13"><span class='ocrx_word' id='word_1_31' title='bbox 381 879 489 927; x_wconf 82' lang='lat' dir='ltr'><strong>tem</strong></span> <span class='ocrx_word' id='word_1_32' title='bbox 540 867 889 939; x_wconf 87' lang='lat' dir='ltr'><strong>replebuntur</strong></span> <span class='ocrx_word' id='word_1_33' title='bbox 929 866 1091 922; x_wconf 85' lang='lat' dir='ltr'><strong>malo.</strong></span> <span class='ocrx_word' id='word_1_34' title='bbox 1134 866 1474 921; x_wconf 80' lang='lat' dir='ltr'><strong>Abominatio</strong></span> <span class='ocrx_word' id='word_1_35' title='bbox 1518 867 1728 922; x_wconf 83' lang='lat' dir='ltr'><strong>Domini</strong></span> <span class='ocrx_word' id='word_1_36' title='bbox 1755 867 1794 932; x_wconf 81' lang='grc' dir='ltr'><strong>ί,</strong></span> <span class='ocrx_word' id='word_1_37' title='bbox 1824 866 1963 922; x_wconf 88' lang='lat' dir='ltr'><strong>labia</strong></span> 
     </span>
    </p>
   </div>
   <div class='ocr_carea' id='block_1_7' title="bbox 381 956 1965 1030">
    <p class='ocr_par' dir='ltr' id='par_1_7' title="bbox 381 956 1965 1030">
     <span class='ocr_line' id='line_1_7' title="bbox 381 956 1965 1030; baseline -0.005 -12"><span class='ocrx_word' id='word_1_38' title='bbox 381 960 662 1018; x_wconf 87' lang='lat' dir='ltr'><strong>mendacia</strong></span> <span class='ocrx_word' id='word_1_39' title='bbox 687 977 700 1013; x_wconf 78' lang='grc' dir='ltr'><strong>ε</strong></span> <span class='ocrx_word' id='word_1_40' title='bbox 731 959 821 1030; x_wconf 87' lang='lat' dir='ltr'><strong>qui</strong></span> <span class='ocrx_word' id='word_1_41' title='bbox 849 966 1027 1015; x_wconf 89' lang='lat' dir='ltr'><strong>autem</strong></span> <span class='ocrx_word' id='word_1_42' title='bbox 1055 957 1284 1013; x_wconf 90' lang='lat' dir='ltr'><strong>ﬁdeliter</strong></span> <span class='ocrx_word' id='word_1_43' title='bbox 1310 966 1497 1029; x_wconf 86' lang='lat' dir='ltr'><strong>agunt,</strong></span> <span class='ocrx_word' id='word_1_44' title='bbox 1528 958 1742 1028; x_wconf 89' lang='lat' dir='ltr'><strong>placent</strong></span> <span class='ocrx_word' id='word_1_45' title='bbox 1762 958 1831 1012; x_wconf 91' lang='lat' dir='ltr'><strong>ei.</strong></span> <span class='ocrx_word' id='word_1_46' title='bbox 1852 956 1965 1012; x_wconf 73' lang='lat' dir='ltr'><strong>lio-</strong></span> 
     </span>
    </p>
   </div>
   <div class='ocr_carea' id='block_1_8' title="bbox 378 1051 1963 1120">
    <p class='ocr_par' dir='ltr' id='par_1_8' title="bbox 378 1051 1963 1120">
     <span class='ocr_line' id='line_1_8' title="bbox 378 1051 1963 1120; baseline -0.006 -7"><span class='ocrx_word' id='word_1_47' title='bbox 378 1073 470 1113; x_wconf 92' lang='lat' dir='ltr'><strong>mo</strong></span> <span class='ocrx_word' id='word_1_48' title='bbox 516 1066 774 1113; x_wconf 82' lang='lat' dir='ltr'><strong>versutus</strong></span> <span class='ocrx_word' id='word_1_49' title='bbox 823 1054 963 1109; x_wconf 83' lang='lat' dir='ltr'><strong>celat</strong></span> <span class='ocrx_word' id='word_1_50' title='bbox 1017 1053 1337 1109; x_wconf 88' lang='lat' dir='ltr'><strong>scientiam:</strong></span> <span class='ocrx_word' id='word_1_51' title='bbox 1369 1061 1425 1109; x_wconf 91' lang='lat' dir='ltr'><strong>et</strong></span> <span class='ocrx_word' id='word_1_52' title='bbox 1465 1067 1560 1107; x_wconf 92' lang='lat' dir='ltr'><strong>cor</strong></span> <span class='ocrx_word' id='word_1_53' title='bbox 1603 1051 1963 1120; x_wconf 83' lang='lat' dir='ltr'><strong>insipientium</strong></span> 
     </span>
    </p>
   </div>
   <div class='ocr_carea' id='block_1_9' title="bbox 378 1142 1962 1219">
    <p class='ocr_par' dir='ltr' id='par_1_9' title="bbox 378 1142 1962 1219">
     <span class='ocr_line' id='line_1_9' title="bbox 378 1142 1962 1219; baseline -0.004 -17"><span class='ocrx_word' id='word_1_54' title='bbox 378 1146 687 1219; x_wconf 81' lang='lat' dir='ltr'><strong>provocabit</strong></span> <span class='ocrx_word' id='word_1_55' title='bbox 728 1144 1027 1201; x_wconf 88' lang='lat' dir='ltr'><strong>stultitiam.</strong></span> <span class='ocrx_word' id='word_1_56' title='bbox 1062 1142 1128 1198; x_wconf 82' lang='lat' dir='ltr'><strong>Et</strong></span> <span class='ocrx_word' id='word_1_57' title='bbox 1152 1152 1264 1215; x_wconf 80' lang='lat' dir='ltr'><strong>post</strong></span> <span class='ocrx_word' id='word_1_58' title='bbox 1280 1142 1408 1198; x_wconf 80' lang='lat' dir='ltr'><strong>duos</strong></span> <span class='ocrx_word' id='word_1_59' title='bbox 1434 1159 1606 1198; x_wconf 77' lang='lat' dir='ltr'><strong>versus</strong></span> <span class='ocrx_word' id='word_1_60' title='bbox 1633 1158 1651 1197; x_wconf 92' lang='lat'><strong>:</strong></span> <span class='ocrx_word' id='word_1_61' title='bbox 1680 1143 1881 1199; x_wconf 63' lang='lat' dir='ltr'><strong>Maror</strong></span> <span class='ocrx_word' id='word_1_62' title='bbox 1908 1142 1962 1196; x_wconf 90' lang='lat' dir='ltr'><strong>in</strong></span> 
     </span>
    </p>
   </div>
   <div class='ocr_carea' id='block_1_10' title="bbox 378 1233 1967 1302">
    <p class='ocr_par' dir='ltr' id='par_1_10' title="bbox 378 1233 1967 1302">
     <span class='ocr_line' id='line_1_10' title="bbox 378 1233 1967 1302; baseline -0.003 -9"><span class='ocrx_word' id='word_1_63' title='bbox 378 1237 543 1293; x_wconf 81' lang='lat' dir='ltr'><strong>corde</strong></span> <span class='ocrx_word' id='word_1_64' title='bbox 569 1237 671 1293; x_wconf 89' lang='lat' dir='ltr'><strong>viri</strong></span> <span class='ocrx_word' id='word_1_65' title='bbox 696 1235 995 1291; x_wconf 90' lang='lat' dir='ltr'><strong>humiliabit</strong></span> <span class='ocrx_word' id='word_1_66' title='bbox 1021 1233 1191 1302; x_wconf 89' lang='lat' dir='ltr'><strong>illum,</strong></span> <span class='ocrx_word' id='word_1_67' title='bbox 1224 1243 1546 1290; x_wconf 87' lang='lat' dir='ltr'><strong>etsermone</strong></span> <span class='ocrx_word' id='word_1_68' title='bbox 1571 1234 1711 1289; x_wconf 92' lang='lat' dir='ltr'><strong>bono</strong></span> <span class='ocrx_word' id='word_1_69' title='bbox 1733 1235 1967 1289; x_wconf 69' lang='lat' dir='ltr'><strong>laniﬁca-</strong></span> 
     </span>
    </p>
   </div>
   <div class='ocr_carea' id='block_1_11' title="bbox 379 1326 1964 1398">
    <p class='ocr_par' dir='ltr' id='par_1_11' title="bbox 379 1326 1964 1398">
     <span class='ocr_line' id='line_1_11' title="bbox 379 1326 1964 1398; baseline -0.002 -13"><span class='ocrx_word' id='word_1_70' title='bbox 379 1329 540 1384; x_wconf 88' lang='lat' dir='ltr'><strong>bitur.</strong></span> <span class='ocrx_word' id='word_1_71' title='bbox 570 1327 670 1395; x_wconf 93' lang='lat' dir='ltr'><strong>Qui</strong></span> <span class='ocrx_word' id='word_1_72' title='bbox 703 1327 918 1398; x_wconf 86' lang='lat' dir='ltr'><strong>negligit</strong></span> <span class='ocrx_word' id='word_1_73' title='bbox 944 1326 1195 1382; x_wconf 86' lang='lat' dir='ltr'><strong>damnum</strong></span> <span class='ocrx_word' id='word_1_74' title='bbox 1230 1336 1452 1396; x_wconf 90' lang='lat' dir='ltr'><strong>propter</strong></span> <span class='ocrx_word' id='word_1_75' title='bbox 1493 1327 1744 1395; x_wconf 89' lang='lat' dir='ltr'><strong>amicum,</strong></span> <span class='ocrx_word' id='word_1_76' title='bbox 1790 1326 1964 1397; x_wconf 88' lang='lat' dir='ltr'><strong>justus</strong></span> 
     </span>
    </p>
   </div>
   <div class='ocr_carea' id='block_1_12' title="bbox 379 1416 1965 1489">
    <p class='ocr_par' dir='ltr' id='par_1_12' title="bbox 379 1416 1965 1489">
     <span class='ocr_line' id='line_1_12' title="bbox 379 1416 1965 1489; baseline -0.001 -15"><span class='ocrx_word' id='word_1_77' title='bbox 379 1418 629 1474; x_wconf 91' lang='lat' dir='ltr'><strong>est:iter</strong></span> <span class='ocrx_word' id='word_1_78' title='bbox 680 1425 859 1473; x_wconf 89' lang='lat' dir='ltr'><strong>autem</strong></span> <span class='ocrx_word' id='word_1_79' title='bbox 914 1417 1198 1489; x_wconf 87' lang='lat' dir='ltr'><strong>impiorum</strong></span> <span class='ocrx_word' id='word_1_80' title='bbox 1243 1416 1476 1488; x_wconf 87' lang='lat' dir='ltr'><strong>decipiet</strong></span> <span class='ocrx_word' id='word_1_81' title='bbox 1504 1431 1617 1472; x_wconf 90' lang='lat' dir='ltr'><strong>eos.</strong></span> <span class='ocrx_word' id='word_1_82' title='bbox 1648 1416 1763 1472; x_wconf 83' lang='lat' dir='ltr'><strong>Non</strong></span> <span class='ocrx_word' id='word_1_83' title='bbox 1813 1418 1965 1473; x_wconf 83' lang='lat' dir='ltr'><strong>inve-</strong></span> 
     </span>
    </p>
   </div>
   <div class='ocr_carea' id='block_1_13' title="bbox 379 1506 1966 1573">
    <p class='ocr_par' dir='ltr' id='par_1_13' title="bbox 379 1506 1966 1573">
     <span class='ocr_line' id='line_1_13' title="bbox 379 1506 1966 1573; baseline 0.001 -11"><span class='ocrx_word' id='word_1_84' title='bbox 379 1507 493 1564; x_wconf 89' lang='lat' dir='ltr'><strong>niet</strong></span> <span class='ocrx_word' id='word_1_85' title='bbox 530 1506 901 1563; x_wconf 78' lang='lat' dir='ltr'><strong>fraudulentus</strong></span> <span class='ocrx_word' id='word_1_86' title='bbox 922 1506 1148 1573; x_wconf 90' lang='lat' dir='ltr'><strong>lucrum,</strong></span> <span class='ocrx_word' id='word_1_87' title='bbox 1180 1514 1234 1562; x_wconf 92' lang='lat' dir='ltr'><strong>et</strong></span> <span class='ocrx_word' id='word_1_88' title='bbox 1258 1507 1553 1562; x_wconf 81' lang='lat' dir='ltr'><strong>substantia</strong></span> <span class='ocrx_word' id='word_1_89' title='bbox 1596 1506 1827 1563; x_wconf 92' lang='lat' dir='ltr'><strong>hominis</strong></span> <span class='ocrx_word' id='word_1_90' title='bbox 1865 1509 1966 1564; x_wconf 90' lang='lat' dir='ltr'><strong>erit</strong></span> 
     </span>
    </p>
   </div>
   <div class='ocr_carea' id='block_1_14' title="bbox 379 1597 2057 1669">
    <p class='ocr_par' dir='ltr' id='par_1_14' title="bbox 379 1597 2057 1669">
     <span class='ocr_line' id='line_1_14' title="bbox 379 1597 2057 1669; baseline 0 -15"><span class='ocrx_word' id='word_1_91' title='bbox 379 1599 494 1655; x_wconf 81' lang='lat' dir='ltr'><strong>auri</strong></span> <span class='ocrx_word' id='word_1_92' title='bbox 520 1598 770 1669; x_wconf 84' lang='lat' dir='ltr'><strong>pretium.</strong></span> <span class='ocrx_word' id='word_1_93' title='bbox 800 1598 855 1653; x_wconf 86' lang='grc' dir='ltr'><strong>ιιι</strong></span> <span class='ocrx_word' id='word_1_94' title='bbox 885 1599 1071 1652; x_wconf 90' lang='lat' dir='ltr'><strong>semita</strong></span> <span class='ocrx_word' id='word_1_95' title='bbox 1092 1597 1312 1667; x_wconf 67' lang='lat' dir='ltr'><strong>justitim</strong></span> <span class='ocrx_word' id='word_1_96' title='bbox 1334 1598 1439 1653; x_wconf 91' lang='lat' dir='ltr'><strong>vita</strong></span> <span class='ocrx_word' id='word_1_97' title='bbox 1470 1615 1485 1653; x_wconf 92' lang='lat'><strong>:</strong></span> <span class='ocrx_word' id='word_1_98' title='bbox 1516 1597 1617 1654; x_wconf 84' lang='lat' dir='ltr'><strong>iter</strong></span> <span class='ocrx_word' id='word_1_99' title='bbox 1664 1606 1845 1654; x_wconf 91' lang='lat' dir='ltr'><strong>autem</strong></span> <span class='ocrx_word' id='word_1_100' title='bbox 1865 1598 1965 1655; x_wconf 89' lang='lat' dir='ltr'><strong>de-</strong></span> <span class='ocrx_word' id='word_1_101' title='bbox 2048 1602 2057 1607; x_wconf 84' lang='lat'>&#39;</span> 
     </span>
    </p>
   </div>
   <div class='ocr_carea' id='block_1_15' title="bbox 378 1689 1064 1745">
    <p class='ocr_par' dir='ltr' id='par_1_15' title="bbox 378 1689 1064 1745">
     <span class='ocr_line' id='line_1_15' title="bbox 378 1689 1064 1745; baseline -0.001 -1"><span class='ocrx_word' id='word_1_102' title='bbox 378 1689 521 1744; x_wconf 82' lang='lat' dir='ltr'><strong>vium</strong></span> <span class='ocrx_word' id='word_1_103' title='bbox 546 1689 692 1745; x_wconf 90' lang='lat' dir='ltr'><strong>ducit</strong></span> <span class='ocrx_word' id='word_1_104' title='bbox 721 1689 786 1745; x_wconf 91' lang='lat' dir='ltr'><strong>ad</strong></span> <span class='ocrx_word' id='word_1_105' title='bbox 814 1697 1064 1744; x_wconf 90' lang='lat' dir='ltr'><strong>mortem.</strong></span> 
     </span>
    </p>
   </div>
   <div class='ocr_carea' id='block_1_16' title="bbox 452 1776 1965 1853">
    <p class='ocr_par' dir='ltr' id='par_1_16' title="bbox 452 1776 1965 1853">
     <span class='ocr_line' id='line_1_16' title="bbox 452 1776 1965 1853; baseline 0.001 -19"><span class='ocrx_word' id='word_1_106' title='bbox 452 1776 613 1853; x_wconf 67' lang='grc' dir='ltr'>[χιιι]</span> <span class='ocrx_word' id='word_1_107' title='bbox 673 1779 839 1836; x_wconf 82' lang='lat' dir='ltr'><strong>Filius</strong></span> <span class='ocrx_word' id='word_1_108' title='bbox 880 1780 1113 1849; x_wconf 89' lang='lat' dir='ltr'><strong>sapiens,</strong></span> <span class='ocrx_word' id='word_1_109' title='bbox 1151 1779 1389 1834; x_wconf 86' lang='lat' dir='ltr'><strong>doctrina</strong></span> <span class='ocrx_word' id='word_1_110' title='bbox 1422 1779 1624 1850; x_wconf 88' lang='lat' dir='ltr'><strong>patris:</strong></span> <span class='ocrx_word' id='word_1_111' title='bbox 1654 1782 1744 1852; x_wconf 91' lang='lat' dir='ltr'><strong>qui</strong></span> <span class='ocrx_word' id='word_1_112' title='bbox 1788 1790 1965 1837; x_wconf 88' lang='lat' dir='ltr'><strong>autem</strong></span> 
     </span>
    </p>
   </div>
   <div class='ocr_carea' id='block_1_17' title="bbox 381 1871 1968 1943">
    <p class='ocr_par' dir='ltr' id='par_1_17' title="bbox 381 1871 1968 1943">
     <span class='ocr_line' id='line_1_17' title="bbox 381 1871 1968 1943; baseline 0.003 -17"><span class='ocrx_word' id='word_1_113' title='bbox 381 1872 567 1927; x_wconf 90' lang='lat' dir='ltr'><strong>illusor</strong></span> <span class='ocrx_word' id='word_1_114' title='bbox 602 1879 705 1938; x_wconf 91' lang='lat' dir='ltr'><strong>est,</strong></span> <span class='ocrx_word' id='word_1_115' title='bbox 744 1887 855 1927; x_wconf 85' lang='lat' dir='ltr'><strong>non</strong></span> <span class='ocrx_word' id='word_1_116' title='bbox 890 1871 1036 1927; x_wconf 90' lang='lat' dir='ltr'><strong>audit</strong></span> <span class='ocrx_word' id='word_1_117' title='bbox 1071 1887 1191 1927; x_wconf 92' lang='lat' dir='ltr'><strong>cum</strong></span> <span class='ocrx_word' id='word_1_118' title='bbox 1230 1873 1489 1943; x_wconf 78' lang='lat' dir='ltr'><strong>arguitur.</strong></span> <span class='ocrx_word' id='word_1_119' title='bbox 1524 1873 1598 1928; x_wconf 91' lang='lat' dir='ltr'><strong>De</strong></span> <span class='ocrx_word' id='word_1_120' title='bbox 1640 1874 1815 1929; x_wconf 80' lang='lat' dir='ltr'><strong>fructu</strong></span> <span class='ocrx_word' id='word_1_121' title='bbox 1856 1876 1968 1930; x_wconf 92' lang='lat' dir='ltr'><strong>oris</strong></span> 
     </span>
    </p>
   </div>
   <div class='ocr_carea' id='block_1_18' title="bbox 379 1961 1971 2037">
    <p class='ocr_par' dir='ltr' id='par_1_18' title="bbox 379 1961 1971 2037">
     <span class='ocr_line' id='line_1_18' title="bbox 379 1961 1971 2037; baseline 0.003 -19"><span class='ocrx_word' id='word_1_122' title='bbox 379 1961 465 2018; x_wconf 82' lang='lat' dir='ltr'><strong>sui</strong></span> <span class='ocrx_word' id='word_1_123' title='bbox 507 1962 667 2018; x_wconf 90' lang='lat' dir='ltr'><strong>homo</strong></span> <span class='ocrx_word' id='word_1_124' title='bbox 707 1964 1029 2019; x_wconf 84' lang='lat' dir='ltr'><strong>saturabitur</strong></span> <span class='ocrx_word' id='word_1_125' title='bbox 1060 1963 1217 2019; x_wconf 89' lang='lat' dir='ltr'><strong>bonis</strong></span> <span class='ocrx_word' id='word_1_126' title='bbox 1240 1982 1255 2020; x_wconf 94' lang='lat'><strong>:</strong></span> <span class='ocrx_word' id='word_1_127' title='bbox 1281 1965 1457 2019; x_wconf 86' lang='lat' dir='ltr'><strong>anima</strong></span> <span class='ocrx_word' id='word_1_128' title='bbox 1497 1974 1676 2021; x_wconf 89' lang='lat' dir='ltr'><strong>autem</strong></span> <span class='ocrx_word' id='word_1_129' title='bbox 1720 1969 1971 2037; x_wconf 75' lang='lat' dir='ltr'><strong>prmvari-</strong></span> 
     </span>
    </p>
   </div>
   <div class='ocr_carea' id='block_1_19' title="bbox 379 2053 1967 2125">
    <p class='ocr_par' dir='ltr' id='par_1_19' title="bbox 379 2053 1967 2125">
     <span class='ocr_line' id='line_1_19' title="bbox 379 2053 1967 2125; baseline 0.003 -18"><span class='ocrx_word' id='word_1_130' title='bbox 379 2062 619 2109; x_wconf 83' lang='lat' dir='ltr'><strong>calorum</strong></span> <span class='ocrx_word' id='word_1_131' title='bbox 661 2053 860 2125; x_wconf 90' lang='lat' dir='ltr'><strong>iniqua.</strong></span> <span class='ocrx_word' id='word_1_132' title='bbox 893 2054 993 2123; x_wconf 86' lang='lat' dir='ltr'><strong>Qui</strong></span> <span class='ocrx_word' id='word_1_133' title='bbox 1022 2055 1255 2111; x_wconf 89' lang='lat' dir='ltr'><strong>custodit</strong></span> <span class='ocrx_word' id='word_1_134' title='bbox 1281 2070 1344 2110; x_wconf 94' lang='lat' dir='ltr'><strong>os</strong></span> <span class='ocrx_word' id='word_1_135' title='bbox 1368 2070 1544 2121; x_wconf 91' lang='lat' dir='ltr'><strong>suum,</strong></span> <span class='ocrx_word' id='word_1_136' title='bbox 1576 2056 1809 2111; x_wconf 92' lang='lat' dir='ltr'><strong>custodit</strong></span> <span class='ocrx_word' id='word_1_137' title='bbox 1847 2059 1967 2113; x_wconf 88' lang='lat' dir='ltr'><strong>ani-</strong></span> 
     </span>
    </p>
   </div>
   <div class='ocr_carea' id='block_1_20' title="bbox 379 2144 1966 2219">
    <p class='ocr_par' dir='ltr' id='par_1_20' title="bbox 379 2144 1966 2219">
     <span class='ocr_line' id='line_1_20' title="bbox 379 2144 1966 2219; baseline 0.004 -20"><span class='ocrx_word' id='word_1_138' title='bbox 379 2159 523 2199; x_wconf 88' lang='lat' dir='ltr'><strong>mam</strong></span> <span class='ocrx_word' id='word_1_139' title='bbox 544 2159 695 2199; x_wconf 86' lang='lat' dir='ltr'><strong>suam</strong></span> <span class='ocrx_word' id='word_1_140' title='bbox 722 2162 739 2201; x_wconf 91' lang='lat'><strong>:</strong></span> <span class='ocrx_word' id='word_1_141' title='bbox 765 2145 854 2215; x_wconf 91' lang='lat' dir='ltr'><strong>qui</strong></span> <span class='ocrx_word' id='word_1_142' title='bbox 884 2156 1057 2200; x_wconf 88' lang='lat' dir='ltr'><strong>autem</strong></span> <span class='ocrx_word' id='word_1_143' title='bbox 1086 2144 1513 2202; x_wconf 86' lang='lat' dir='ltr'><strong>inconsideratus</strong></span> <span class='ocrx_word' id='word_1_144' title='bbox 1541 2157 1623 2201; x_wconf 85' lang='lat' dir='ltr'><strong>est</strong></span> <span class='ocrx_word' id='word_1_145' title='bbox 1647 2148 1712 2201; x_wconf 89' lang='lat' dir='ltr'><strong>ad</strong></span> <span class='ocrx_word' id='word_1_146' title='bbox 1740 2148 1966 2219; x_wconf 79' lang='lat' dir='ltr'><strong>loquen-</strong></span> 
     </span>
    </p>
   </div>
   <div class='ocr_carea' id='block_1_21' title="bbox 379 2236 1967 2311">
    <p class='ocr_par' dir='ltr' id='par_1_21' title="bbox 379 2236 1967 2311">
     <span class='ocr_line' id='line_1_21' title="bbox 379 2236 1967 2311; baseline 0.002 -19"><span class='ocrx_word' id='word_1_147' title='bbox 379 2236 532 2304; x_wconf 91' lang='lat' dir='ltr'><strong>dum,</strong></span> <span class='ocrx_word' id='word_1_148' title='bbox 558 2236 756 2293; x_wconf 90' lang='lat' dir='ltr'><strong>sentiet</strong></span> <span class='ocrx_word' id='word_1_149' title='bbox 794 2238 955 2293; x_wconf 88' lang='lat' dir='ltr'><strong>mala.</strong></span> <span class='ocrx_word' id='word_1_150' title='bbox 982 2238 1109 2294; x_wconf 83' lang='lat' dir='ltr'><strong>Vult</strong></span> <span class='ocrx_word' id='word_1_151' title='bbox 1150 2248 1204 2295; x_wconf 94' lang='lat' dir='ltr'><strong>ct</strong></span> <span class='ocrx_word' id='word_1_152' title='bbox 1246 2256 1353 2294; x_wconf 93' lang='lat' dir='ltr'><strong>non</strong></span> <span class='ocrx_word' id='word_1_153' title='bbox 1398 2241 1509 2295; x_wconf 85' lang='lat' dir='ltr'><strong>vult</strong></span> <span class='ocrx_word' id='word_1_154' title='bbox 1558 2242 1702 2311; x_wconf 85' lang='lat' dir='ltr'><strong>piger</strong></span> <span class='ocrx_word' id='word_1_155' title='bbox 1738 2259 1754 2297; x_wconf 88' lang='lat'><strong>:</strong></span> <span class='ocrx_word' id='word_1_156' title='bbox 1792 2241 1967 2296; x_wconf 88' lang='lat' dir='ltr'><strong>anima</strong></span> 
     </span>
    </p>
   </div>
   <div class='ocr_carea' id='block_1_22' title="bbox 378 2332 1970 2402">
    <p class='ocr_par' dir='ltr' id='par_1_22' title="bbox 378 2332 1970 2402">
     <span class='ocr_line' id='line_1_22' title="bbox 378 2332 1970 2402; baseline 0.003 -18"><span class='ocrx_word' id='word_1_157' title='bbox 378 2339 560 2387; x_wconf 84' lang='lat' dir='ltr'><strong>autem</strong></span> <span class='ocrx_word' id='word_1_158' title='bbox 602 2332 938 2401; x_wconf 82' lang='lat' dir='ltr'><strong>operantium</strong></span> <span class='ocrx_word' id='word_1_159' title='bbox 980 2332 1412 2402; x_wconf 89' lang='lat' dir='ltr'><strong>impinguabitur.</strong></span> <span class='ocrx_word' id='word_1_160' title='bbox 1457 2332 1693 2389; x_wconf 89' lang='lat' dir='ltr'><strong>Verbum</strong></span> <span class='ocrx_word' id='word_1_161' title='bbox 1738 2334 1970 2390; x_wconf 80' lang='lat' dir='ltr'><strong>mendax</strong></span> 
     </span>
    </p>
   </div>
   <div class='ocr_carea' id='block_1_23' title="bbox 377 2422 1969 2494">
    <p class='ocr_par' dir='ltr' id='par_1_23' title="bbox 377 2422 1969 2494">
     <span class='ocr_line' id='line_1_23' title="bbox 377 2422 1969 2494; baseline 0.003 -17"><span class='ocrx_word' id='word_1_162' title='bbox 377 2423 551 2493; x_wconf 85' lang='lat' dir='ltr'><strong>justus</strong></span> <span class='ocrx_word' id='word_1_163' title='bbox 589 2422 940 2480; x_wconf 89' lang='lat' dir='ltr'><strong>detestabitur</strong></span> <span class='ocrx_word' id='word_1_164' title='bbox 971 2440 985 2479; x_wconf 91' lang='lat'><strong>:</strong></span> <span class='ocrx_word' id='word_1_165' title='bbox 1026 2424 1222 2494; x_wconf 90' lang='lat' dir='ltr'><strong>impius</strong></span> <span class='ocrx_word' id='word_1_166' title='bbox 1256 2434 1433 2480; x_wconf 88' lang='lat' dir='ltr'><strong>autem</strong></span> <span class='ocrx_word' id='word_1_167' title='bbox 1462 2426 1737 2481; x_wconf 82' lang='lat' dir='ltr'><strong>confundit</strong></span> <span class='ocrx_word' id='word_1_168' title='bbox 1758 2434 1813 2481; x_wconf 91' lang='lat' dir='ltr'><strong>et</strong></span> <span class='ocrx_word' id='word_1_169' title='bbox 1835 2442 1969 2481; x_wconf 90' lang='lat' dir='ltr'><strong>con-</strong></span> 
     </span>
    </p>
   </div>
   <div class='ocr_carea' id='block_1_24' title="bbox 379 2513 1969 2590">
    <p class='ocr_par' dir='ltr' id='par_1_24' title="bbox 379 2513 1969 2590">
     <span class='ocr_line' id='line_1_24' title="bbox 379 2513 1969 2590; baseline 0.004 -22"><span class='ocrx_word' id='word_1_170' title='bbox 379 2513 651 2571; x_wconf 81' lang='lat' dir='ltr'><strong>fundetur.</strong></span> <span class='ocrx_word' id='word_1_171' title='bbox 685 2515 895 2572; x_wconf 72' lang='lat' dir='ltr'><strong>Iustitia</strong></span> <span class='ocrx_word' id='word_1_172' title='bbox 920 2517 1153 2573; x_wconf 87' lang='lat' dir='ltr'><strong>custodit</strong></span> <span class='ocrx_word' id='word_1_173' title='bbox 1190 2516 1488 2575; x_wconf 86' lang='lat' dir='ltr'><strong>innocentis</strong></span> <span class='ocrx_word' id='word_1_174' title='bbox 1514 2520 1652 2573; x_wconf 89' lang='lat' dir='ltr'><strong>viam</strong></span> <span class='ocrx_word' id='word_1_175' title='bbox 1679 2535 1694 2573; x_wconf 89' lang='lat'><strong>:</strong></span> <span class='ocrx_word' id='word_1_176' title='bbox 1725 2520 1969 2590; x_wconf 90' lang='lat' dir='ltr'><strong>impietas</strong></span> 
     </span>
    </p>
   </div>
   <div class='ocr_carea' id='block_1_25' title="bbox 379 2609 1968 2681">
    <p class='ocr_par' dir='ltr' id='par_1_25' title="bbox 379 2609 1968 2681">
     <span class='ocr_line' id='line_1_25' title="bbox 379 2609 1968 2681; baseline 0.001 -19"><span class='ocrx_word' id='word_1_177' title='bbox 379 2622 510 2662; x_wconf 90' lang='lat' dir='ltr'><strong>vero</strong></span> <span class='ocrx_word' id='word_1_178' title='bbox 554 2617 862 2679; x_wconf 90' lang='lat' dir='ltr'><strong>peccatores</strong></span> <span class='ocrx_word' id='word_1_179' title='bbox 905 2609 1229 2680; x_wconf 88' lang='lat' dir='ltr'><strong>supplantat.</strong></span> <span class='ocrx_word' id='word_1_180' title='bbox 1277 2610 1374 2665; x_wconf 78' lang='lat' dir='ltr'><strong>Est</strong></span> <span class='ocrx_word' id='word_1_181' title='bbox 1416 2611 1568 2681; x_wconf 90' lang='lat' dir='ltr'><strong>quasi</strong></span> <span class='ocrx_word' id='word_1_182' title='bbox 1615 2611 1798 2677; x_wconf 88' lang='lat' dir='ltr'><strong>dives,</strong></span> <span class='ocrx_word' id='word_1_183' title='bbox 1847 2626 1968 2665; x_wconf 91' lang='lat' dir='ltr'><strong>cum</strong></span> 
     </span>
    </p>
   </div>
   <div class='ocr_carea' id='block_1_26' title="bbox 381 2698 1970 2771">
    <p class='ocr_par' dir='ltr' id='par_1_26' title="bbox 381 2698 1970 2771">
     <span class='ocr_line' id='line_1_26' title="bbox 381 2698 1970 2771; baseline 0.001 -18"><span class='ocrx_word' id='word_1_184' title='bbox 381 2698 516 2753; x_wconf 85' lang='lat' dir='ltr'><strong>nihil</strong></span> <span class='ocrx_word' id='word_1_185' title='bbox 543 2698 773 2766; x_wconf 88' lang='lat' dir='ltr'><strong>habeat;</strong></span> <span class='ocrx_word' id='word_1_186' title='bbox 802 2708 857 2755; x_wconf 90' lang='lat' dir='ltr'><strong>et</strong></span> <span class='ocrx_word' id='word_1_187' title='bbox 883 2709 965 2756; x_wconf 90' lang='lat' dir='ltr'><strong>est</strong></span> <span class='ocrx_word' id='word_1_188' title='bbox 993 2701 1142 2771; x_wconf 89' lang='lat' dir='ltr'><strong>quasi</strong></span> <span class='ocrx_word' id='word_1_189' title='bbox 1181 2716 1400 2771; x_wconf 86' lang='lat' dir='ltr'><strong>pauper,</strong></span> <span class='ocrx_word' id='word_1_190' title='bbox 1423 2716 1545 2757; x_wconf 90' lang='lat' dir='ltr'><strong>cum</strong></span> <span class='ocrx_word' id='word_1_191' title='bbox 1578 2701 1629 2756; x_wconf 91' lang='lat' dir='ltr'><strong>in</strong></span> <span class='ocrx_word' id='word_1_192' title='bbox 1668 2702 1849 2757; x_wconf 88' lang='lat' dir='ltr'><strong>multis</strong></span> <span class='ocrx_word' id='word_1_193' title='bbox 1886 2701 1970 2755; x_wconf 83' lang='lat' dir='ltr'><strong>di-</strong></span> 
     </span>
    </p>
   </div>
   <div class='ocr_carea' id='block_1_27' title="bbox 381 2791 1970 2865">
    <p class='ocr_par' dir='ltr' id='par_1_27' title="bbox 381 2791 1970 2865">
     <span class='ocr_line' id='line_1_27' title="bbox 381 2791 1970 2865; baseline 0.003 -20"><span class='ocrx_word' id='word_1_194' title='bbox 381 2791 526 2846; x_wconf 83' lang='lat' dir='ltr'><strong>vitiis</strong></span> <span class='ocrx_word' id='word_1_195' title='bbox 571 2791 661 2846; x_wconf 88' lang='lat' dir='ltr'><strong>sit.</strong></span> <span class='ocrx_word' id='word_1_196' title='bbox 691 2791 1010 2862; x_wconf 80' lang='lat' dir='ltr'><strong>Redemptio</strong></span> <span class='ocrx_word' id='word_1_197' title='bbox 1052 2792 1245 2847; x_wconf 77' lang='lat' dir='ltr'><strong>anima:</strong></span> <span class='ocrx_word' id='word_1_198' title='bbox 1293 2794 1417 2861; x_wconf 87' lang='lat' dir='ltr'><strong>viri,</strong></span> <span class='ocrx_word' id='word_1_199' title='bbox 1448 2793 1645 2850; x_wconf 73' lang='lat' dir='ltr'><strong>divitia:</strong></span> <span class='ocrx_word' id='word_1_200' title='bbox 1687 2810 1797 2850; x_wconf 86' lang='lat' dir='ltr'><strong>suae</strong></span> <span class='ocrx_word' id='word_1_201' title='bbox 1835 2812 1846 2849; x_wconf 94' lang='lat'><strong>:</strong></span> <span class='ocrx_word' id='word_1_202' title='bbox 1878 2795 1970 2865; x_wconf 91' lang='lat' dir='ltr'><strong>qui</strong></span> 
     </span>
    </p>
   </div>
   <div class='ocr_carea' id='block_1_28' title="bbox 382 2885 1969 2955">
    <p class='ocr_par' dir='ltr' id='par_1_28' title="bbox 382 2885 1969 2955">
     <span class='ocr_line' id='line_1_28' title="bbox 382 2885 1969 2955; baseline 0.003 -18"><span class='ocrx_word' id='word_1_203' title='bbox 382 2890 563 2939; x_wconf 88' lang='lat' dir='ltr'><strong>autem</strong></span> <span class='ocrx_word' id='word_1_204' title='bbox 603 2898 807 2955; x_wconf 82' lang='lat' dir='ltr'><strong>pauper</strong></span> <span class='ocrx_word' id='word_1_205' title='bbox 846 2894 948 2951; x_wconf 89' lang='lat' dir='ltr'><strong>est,</strong></span> <span class='ocrx_word' id='word_1_206' title='bbox 978 2885 1394 2955; x_wconf 83' lang='lat' dir='ltr'><strong>increpationem</strong></span> <span class='ocrx_word' id='word_1_207' title='bbox 1434 2902 1541 2942; x_wconf 90' lang='lat' dir='ltr'><strong>non</strong></span> <span class='ocrx_word' id='word_1_208' title='bbox 1578 2887 1824 2943; x_wconf 89' lang='lat' dir='ltr'><strong>sustinet.</strong></span> <span class='ocrx_word' id='word_1_209' title='bbox 1856 2888 1969 2942; x_wconf 81' lang='lat' dir='ltr'><strong>Lux</strong></span> 
     </span>
    </p>
   </div>
   <div class='ocr_carea' id='block_1_29' title="bbox 381 2973 1968 3050">
    <p class='ocr_par' dir='ltr' id='par_1_29' title="bbox 381 2973 1968 3050">
     <span class='ocr_line' id='line_1_29' title="bbox 381 2973 1968 3050; baseline 0.004 -23"><span class='ocrx_word' id='word_1_210' title='bbox 381 2976 644 3042; x_wconf 80' lang='lat' dir='ltr'><strong>justorum</strong></span> <span class='ocrx_word' id='word_1_211' title='bbox 687 2973 960 3030; x_wconf 66' lang='lat' dir='ltr'><strong>lxetilicat:</strong></span> <span class='ocrx_word' id='word_1_212' title='bbox 1000 2975 1212 3033; x_wconf 86' lang='lat' dir='ltr'><strong>lucerna</strong></span> <span class='ocrx_word' id='word_1_213' title='bbox 1258 2977 1543 3046; x_wconf 89' lang='lat' dir='ltr'><strong>impiorum</strong></span> <span class='ocrx_word' id='word_1_214' title='bbox 1585 2979 1968 3050; x_wconf 78' lang='lat' dir='ltr'><strong>exstinguetur.</strong></span> 
     </span>
    </p>
   </div>
   <div class='ocr_carea' id='block_1_30' title="bbox 382 3064 1974 3141">
    <p class='ocr_par' dir='ltr' id='par_1_30' title="bbox 382 3064 1974 3141">
     <span class='ocr_line' id='line_1_30' title="bbox 382 3064 1974 3141; baseline 0.003 -21"><span class='ocrx_word' id='word_1_215' title='bbox 382 3064 528 3120; x_wconf 67' lang='lat' dir='ltr'><strong>later</strong></span> <span class='ocrx_word' id='word_1_216' title='bbox 553 3067 814 3135; x_wconf 88' lang='lat' dir='ltr'><strong>superbos</strong></span> <span class='ocrx_word' id='word_1_217' title='bbox 841 3082 1054 3136; x_wconf 87' lang='lat' dir='ltr'><strong>semper</strong></span> <span class='ocrx_word' id='word_1_218' title='bbox 1073 3068 1248 3138; x_wconf 88' lang='lat' dir='ltr'><strong>jurgia</strong></span> <span class='ocrx_word' id='word_1_219' title='bbox 1289 3078 1451 3123; x_wconf 91' lang='lat' dir='ltr'><strong>sunt:</strong></span> <span class='ocrx_word' id='word_1_220' title='bbox 1478 3070 1568 3140; x_wconf 91' lang='lat' dir='ltr'><strong>qui</strong></span> <span class='ocrx_word' id='word_1_221' title='bbox 1597 3080 1773 3124; x_wconf 86' lang='lat' dir='ltr'><strong>autem</strong></span> <span class='ocrx_word' id='word_1_222' title='bbox 1809 3078 1974 3141; x_wconf 90' lang='lat' dir='ltr'><strong>agunt</strong></span> 
     </span>
    </p>
   </div>
   <div class='ocr_carea' id='block_1_31' title="bbox 383 3157 1977 3229">
    <p class='ocr_par' dir='ltr' id='par_1_31' title="bbox 383 3157 1977 3229">
     <span class='ocr_line' id='line_1_31' title="bbox 383 3157 1977 3229; baseline 0.004 -20"><span class='ocrx_word' id='word_1_223' title='bbox 383 3164 575 3210; x_wconf 90' lang='lat' dir='ltr'><strong>cuncta</strong></span> <span class='ocrx_word' id='word_1_224' title='bbox 603 3157 846 3225; x_wconf 91' lang='lat' dir='ltr'><strong>consilio,</strong></span> <span class='ocrx_word' id='word_1_225' title='bbox 874 3167 1130 3229; x_wconf 84' lang='lat' dir='ltr'><strong>reguntur</strong></span> <span class='ocrx_word' id='word_1_226' title='bbox 1170 3159 1450 3229; x_wconf 90' lang='lat' dir='ltr'><strong>sapientia.</strong></span> <span class='ocrx_word' id='word_1_227' title='bbox 1480 3159 1784 3217; x_wconf 90' lang='lat' dir='ltr'><strong>Substantia</strong></span> <span class='ocrx_word' id='word_1_228' title='bbox 1826 3161 1977 3216; x_wconf 81' lang='lat' dir='ltr'><strong>festi-</strong></span> 
     </span>
    </p>
   </div>
   <div class='ocr_carea' id='block_1_32' title="bbox 386 3249 1970 3324">
    <p class='ocr_par' dir='ltr' id='par_1_32' title="bbox 386 3249 1970 3324">
     <span class='ocr_line' id='line_1_32' title="bbox 386 3249 1970 3324; baseline 0.003 -21"><span class='ocrx_word' id='word_1_229' title='bbox 386 3258 511 3303; x_wconf 84' lang='lat' dir='ltr'><strong>nata</strong></span> <span class='ocrx_word' id='word_1_230' title='bbox 540 3249 845 3305; x_wconf 87' lang='lat' dir='ltr'><strong>minuetur:</strong></span> <span class='ocrx_word' id='word_1_231' title='bbox 869 3266 988 3320; x_wconf 75' lang='lat' dir='ltr'><strong>qua:</strong></span> <span class='ocrx_word' id='word_1_232' title='bbox 1018 3259 1193 3306; x_wconf 89' lang='lat' dir='ltr'><strong>autem</strong></span> <span class='ocrx_word' id='word_1_233' title='bbox 1224 3252 1476 3320; x_wconf 88' lang='lat' dir='ltr'><strong>paulatim</strong></span> <span class='ocrx_word' id='word_1_234' title='bbox 1506 3253 1771 3324; x_wconf 84' lang='lat' dir='ltr'><strong>colligitur</strong></span> <span class='ocrx_word' id='word_1_235' title='bbox 1791 3270 1970 3321; x_wconf 90' lang='lat' dir='ltr'><strong>manu,</strong></span> 
     </span>
    </p>
   </div>
   <div class='ocr_carea' id='block_1_33' title="bbox 386 3340 1969 3415">
    <p class='ocr_par' dir='ltr' id='par_1_33' title="bbox 386 3340 1969 3415">
     <span class='ocr_line' id='line_1_33' title="bbox 386 3340 1969 3415; baseline 0.003 -21"><span class='ocrx_word' id='word_1_236' title='bbox 386 3340 839 3410; x_wconf 76' lang='lat' dir='ltr'><strong>multiplicabitur.</strong></span> <span class='ocrx_word' id='word_1_237' title='bbox 869 3340 1004 3411; x_wconf 89' lang='lat' dir='ltr'><strong>Spes</strong></span> <span class='ocrx_word' id='word_1_238' title='bbox 1031 3357 1151 3413; x_wconf 69' lang='lat' dir='ltr'><strong>qua:</strong></span> <span class='ocrx_word' id='word_1_239' title='bbox 1178 3341 1437 3411; x_wconf 74' lang='lat' dir='ltr'><strong>dillertur,</strong></span> <span class='ocrx_word' id='word_1_240' title='bbox 1471 3341 1661 3415; x_wconf 80' lang='lat' dir='ltr'><strong>afﬂigit</strong></span> <span class='ocrx_word' id='word_1_241' title='bbox 1698 3344 1929 3398; x_wconf 88' lang='lat' dir='ltr'><strong>animam</strong></span> <span class='ocrx_word' id='word_1_242' title='bbox 1955 3362 1969 3398; x_wconf 92' lang='lat'><strong>:</strong></span> 
     </span>
    </p>
   </div>
   <div class='ocr_carea' id='block_1_34' title="bbox 386 3432 1975 3503">
    <p class='ocr_par' dir='ltr' id='par_1_34' title="bbox 386 3432 1975 3503">
     <span class='ocr_line' id='line_1_34' title="bbox 386 3432 1975 3503; baseline 0.003 -16"><span class='ocrx_word' id='word_1_243' title='bbox 386 3432 586 3503; x_wconf 84' lang='lat' dir='ltr'><strong>lignum</strong></span> <span class='ocrx_word' id='word_1_244' title='bbox 627 3433 749 3487; x_wconf 64' lang='lat' dir='ltr'><strong>vita:</strong></span> <span class='ocrx_word' id='word_1_245' title='bbox 775 3432 1097 3489; x_wconf 85' lang='lat' dir='ltr'><strong>desideriqu</strong></span> <span class='ocrx_word' id='word_1_246' title='bbox 1134 3434 1382 3493; x_wconf 87' lang='lat' dir='ltr'><strong>veniens.</strong></span> <span class='ocrx_word' id='word_1_247' title='bbox 1409 3434 1510 3503; x_wconf 87' lang='lat' dir='ltr'><strong>Qui</strong></span> <span class='ocrx_word' id='word_1_248' title='bbox 1539 3434 1773 3491; x_wconf 88' lang='lat' dir='ltr'><strong>detrahit</strong></span> <span class='ocrx_word' id='word_1_249' title='bbox 1813 3435 1975 3491; x_wconf 91' lang='lat' dir='ltr'><strong>alicui</strong></span> 
     </span>
    </p>
   </div>
   <div class='ocr_carea' id='block_1_35' title="bbox 386 3525 1981 3597">
    <p class='ocr_par' dir='ltr' id='par_1_35' title="bbox 386 3525 1981 3597">
     <span class='ocr_line' id='line_1_35' title="bbox 386 3525 1981 3597; baseline 0.002 -17"><span class='ocrx_word' id='word_1_250' title='bbox 386 3525 486 3591; x_wconf 94' lang='lat' dir='ltr'><strong>rei,</strong></span> <span class='ocrx_word' id='word_1_251' title='bbox 520 3525 632 3594; x_wconf 90' lang='lat' dir='ltr'><strong>ipse</strong></span> <span class='ocrx_word' id='word_1_252' title='bbox 678 3539 739 3580; x_wconf 89' lang='lat' dir='ltr'><strong>se</strong></span> <span class='ocrx_word' id='word_1_253' title='bbox 786 3525 837 3579; x_wconf 90' lang='lat' dir='ltr'><strong>in</strong></span> <span class='ocrx_word' id='word_1_254' title='bbox 890 3525 1123 3580; x_wconf 82' lang='lat' dir='ltr'><strong>futurum</strong></span> <span class='ocrx_word' id='word_1_255' title='bbox 1169 3525 1418 3596; x_wconf 88' lang='lat' dir='ltr'><strong>obligat:</strong></span> <span class='ocrx_word' id='word_1_256' title='bbox 1467 3529 1557 3597; x_wconf 92' lang='lat' dir='ltr'><strong>qui</strong></span> <span class='ocrx_word' id='word_1_257' title='bbox 1599 3536 1774 3583; x_wconf 89' lang='lat' dir='ltr'><strong>autem</strong></span> <span class='ocrx_word' id='word_1_258' title='bbox 1826 3526 1981 3584; x_wconf 88' lang='lat' dir='ltr'><strong>timet</strong></span> 
     </span>
    </p>
   </div>
   <div class='ocr_carea' id='block_1_36' title="bbox 388 3616 1978 3689">
    <p class='ocr_par' dir='ltr' id='par_1_36' title="bbox 388 3616 1978 3689">
     <span class='ocr_line' id='line_1_36' title="bbox 388 3616 1978 3689; baseline 0.005 -22"><span class='ocrx_word' id='word_1_259' title='bbox 388 3625 709 3686; x_wconf 71' lang='lat' dir='ltr'><strong>pmceptum</strong></span> <span class='ocrx_word' id='word_1_260' title='bbox 735 3656 753 3682; x_wconf 93' lang='lat'><strong>,</strong></span> <span class='ocrx_word' id='word_1_261' title='bbox 798 3616 850 3670; x_wconf 91' lang='lat' dir='ltr'><strong>in</strong></span> <span class='ocrx_word' id='word_1_262' title='bbox 896 3632 1027 3686; x_wconf 86' lang='lat' dir='ltr'><strong>pace</strong></span> <span class='ocrx_word' id='word_1_263' title='bbox 1070 3617 1385 3673; x_wconf 85' lang='lat' dir='ltr'><strong>versabitur.</strong></span> <span class='ocrx_word' id='word_1_264' title='bbox 1433 3619 1544 3673; x_wconf 80' lang='lat' dir='ltr'><strong>Lex</strong></span> <span class='ocrx_word' id='word_1_265' title='bbox 1584 3620 1808 3689; x_wconf 86' lang='lat' dir='ltr'><strong>sapienti</strong></span> <span class='ocrx_word' id='word_1_266' title='bbox 1858 3619 1978 3676; x_wconf 82' lang='lat' dir='ltr'><strong>fons</strong></span> 
     </span>
    </p>
   </div>
   <div class='ocr_carea' id='block_1_37' title="bbox 388 3709 1978 3776">
    <p class='ocr_par' dir='ltr' id='par_1_37' title="bbox 388 3709 1978 3776">
     <span class='ocr_line' id='line_1_37' title="bbox 388 3709 1978 3776; baseline 0.004 -14"><span class='ocrx_word' id='word_1_267' title='bbox 388 3710 533 3776; x_wconf 78' lang='lat' dir='ltr'><strong>vitae,</strong></span> <span class='ocrx_word' id='word_1_268' title='bbox 558 3719 615 3765; x_wconf 91' lang='lat' dir='ltr'><strong>ut</strong></span> <span class='ocrx_word' id='word_1_269' title='bbox 642 3709 874 3765; x_wconf 89' lang='lat' dir='ltr'><strong>declinet</strong></span> <span class='ocrx_word' id='word_1_270' title='bbox 900 3726 928 3763; x_wconf 88' lang='lat' dir='ltr'><strong>a</strong></span> <span class='ocrx_word' id='word_1_271' title='bbox 959 3712 1110 3765; x_wconf 91' lang='lat' dir='ltr'><strong>ruina</strong></span> <span class='ocrx_word' id='word_1_272' title='bbox 1137 3711 1344 3766; x_wconf 89' lang='lat' dir='ltr'><strong>mortis.</strong></span> <span class='ocrx_word' id='word_1_273' title='bbox 1378 3711 1628 3766; x_wconf 92' lang='lat' dir='ltr'><strong>Doctrina</strong></span> <span class='ocrx_word' id='word_1_274' title='bbox 1660 3712 1796 3766; x_wconf 91' lang='lat' dir='ltr'><strong>bona</strong></span> <span class='ocrx_word' id='word_1_275' title='bbox 1831 3712 1978 3768; x_wconf 87' lang='lat' dir='ltr'><strong>dabit</strong></span> 
     </span>
    </p>
   </div>
   <div class='ocr_carea' id='block_1_38' title="bbox 388 3799 1979 3873">
    <p class='ocr_par' dir='ltr' id='par_1_38' title="bbox 388 3799 1979 3873">
     <span class='ocr_line' id='line_1_38' title="bbox 388 3799 1979 3873; baseline 0.003 -21"><span class='ocrx_word' id='word_1_276' title='bbox 388 3799 613 3867; x_wconf 75' lang='lat' dir='ltr'><strong>gratiam</strong></span> <span class='ocrx_word' id='word_1_277' title='bbox 648 3817 659 3851; x_wconf 92' lang='lat'><strong>:</strong></span> <span class='ocrx_word' id='word_1_278' title='bbox 706 3800 759 3853; x_wconf 90' lang='lat' dir='ltr'><strong>in</strong></span> <span class='ocrx_word' id='word_1_279' title='bbox 806 3799 991 3854; x_wconf 87' lang='lat' dir='ltr'><strong>itinere</strong></span> <span class='ocrx_word' id='word_1_280' title='bbox 1031 3809 1455 3869; x_wconf 84' lang='lat' dir='ltr'><strong>contempturum</strong></span> <span class='ocrx_word' id='word_1_281' title='bbox 1495 3815 1713 3871; x_wconf 84' lang='lat' dir='ltr'><strong>vorago.</strong></span> <span class='ocrx_word' id='word_1_282' title='bbox 1759 3800 1828 3855; x_wconf 83' lang='lat' dir='ltr'><strong>Et</strong></span> <span class='ocrx_word' id='word_1_283' title='bbox 1866 3812 1979 3873; x_wconf 81' lang='lat' dir='ltr'><strong>post</strong></span> 
     </span>
    </p>
   </div>
   <div class='ocr_carea' id='block_1_39' title="bbox 389 3890 1977 3962">
    <p class='ocr_par' dir='ltr' id='par_1_39' title="bbox 389 3890 1977 3962">
     <span class='ocr_line' id='line_1_39' title="bbox 389 3890 1977 3962; baseline 0.004 -21"><span class='ocrx_word' id='word_1_284' title='bbox 389 3890 583 3961; x_wconf 81' lang='lat' dir='ltr'><strong>aliquot</strong></span> <span class='ocrx_word' id='word_1_285' title='bbox 621 3906 790 3945; x_wconf 80' lang='lat' dir='ltr'><strong>versus</strong></span> <span class='ocrx_word' id='word_1_286' title='bbox 827 3892 847 3922; x_wconf 78' lang='grc'>³</span> <span class='ocrx_word' id='word_1_287' title='bbox 888 3909 901 3944; x_wconf 95' lang='lat'><strong>:</strong></span> <span class='ocrx_word' id='word_1_288' title='bbox 949 3890 1048 3957; x_wconf 93' lang='lat' dir='ltr'><strong>Qui</strong></span> <span class='ocrx_word' id='word_1_289' title='bbox 1091 3893 1258 3961; x_wconf 86' lang='lat' dir='ltr'><strong>parcit</strong></span> <span class='ocrx_word' id='word_1_290' title='bbox 1295 3895 1456 3962; x_wconf 71' lang='lat' dir='ltr'><strong>virga:</strong></span> <span class='ocrx_word' id='word_1_291' title='bbox 1499 3908 1629 3960; x_wconf 66' lang='lat' dir='ltr'><strong>sum,</strong></span> <span class='ocrx_word' id='word_1_292' title='bbox 1661 3894 1772 3949; x_wconf 92' lang='lat' dir='ltr'><strong>odit</strong></span> <span class='ocrx_word' id='word_1_293' title='bbox 1811 3895 1977 3948; x_wconf 85' lang='lat' dir='ltr'><strong>ﬁlium</strong></span> 
     </span>
    </p>
   </div>
   <div class='ocr_carea' id='block_1_40' title="bbox 391 3981 1979 4052">
    <p class='ocr_par' dir='ltr' id='par_1_40' title="bbox 391 3981 1979 4052">
     <span class='ocr_line' id='line_1_40' title="bbox 391 3981 1979 4052; baseline 0.004 -19"><span class='ocrx_word' id='word_1_294' title='bbox 391 3996 547 4034; x_wconf 89' lang='lat' dir='ltr'><strong>suum</strong></span> <span class='ocrx_word' id='word_1_295' title='bbox 572 3999 584 4034; x_wconf 94' lang='lat'><strong>:</strong></span> <span class='ocrx_word' id='word_1_296' title='bbox 608 3981 697 4050; x_wconf 90' lang='lat' dir='ltr'><strong>qui</strong></span> <span class='ocrx_word' id='word_1_297' title='bbox 721 3990 898 4036; x_wconf 88' lang='lat' dir='ltr'><strong>autem</strong></span> <span class='ocrx_word' id='word_1_298' title='bbox 920 3982 1092 4052; x_wconf 89' lang='lat' dir='ltr'><strong>diligit</strong></span> <span class='ocrx_word' id='word_1_299' title='bbox 1114 3983 1279 4049; x_wconf 90' lang='lat' dir='ltr'><strong>illum,</strong></span> <span class='ocrx_word' id='word_1_300' title='bbox 1304 3984 1560 4038; x_wconf 89' lang='lat' dir='ltr'><strong>instanter</strong></span> <span class='ocrx_word' id='word_1_301' title='bbox 1580 3986 1773 4040; x_wconf 91' lang='lat' dir='ltr'><strong>erudit.</strong></span> <span class='ocrx_word' id='word_1_302' title='bbox 1797 3986 1979 4041; x_wconf 83' lang='lat' dir='ltr'><strong>Justus</strong></span> 
     </span>
    </p>
   </div>
   <div class='ocr_carea' id='block_1_41' title="bbox 390 4072 1982 4143">
    <p class='ocr_par' dir='ltr' id='par_1_41' title="bbox 390 4072 1982 4143">
     <span class='ocr_line' id='line_1_41' title="bbox 390 4072 1982 4143; baseline 0.004 -17"><span class='ocrx_word' id='word_1_303' title='bbox 390 4072 642 4136; x_wconf 86' lang='lat' dir='ltr'><strong>comedit,</strong></span> <span class='ocrx_word' id='word_1_304' title='bbox 671 4082 726 4127; x_wconf 83' lang='lat' dir='ltr'><strong>et</strong></span> <span class='ocrx_word' id='word_1_305' title='bbox 762 4074 931 4143; x_wconf 80' lang='lat' dir='ltr'><strong>replet</strong></span> <span class='ocrx_word' id='word_1_306' title='bbox 959 4074 1191 4128; x_wconf 89' lang='lat' dir='ltr'><strong>animam</strong></span> <span class='ocrx_word' id='word_1_307' title='bbox 1230 4089 1381 4129; x_wconf 90' lang='lat' dir='ltr'><strong>suam</strong></span> <span class='ocrx_word' id='word_1_308' title='bbox 1406 4092 1419 4129; x_wconf 88' lang='lat'><strong>:</strong></span> <span class='ocrx_word' id='word_1_309' title='bbox 1450 4085 1636 4131; x_wconf 85' lang='lat' dir='ltr'><strong>venter</strong></span> <span class='ocrx_word' id='word_1_310' title='bbox 1659 4086 1838 4132; x_wconf 90' lang='lat' dir='ltr'><strong>autem</strong></span> <span class='ocrx_word' id='word_1_311' title='bbox 1881 4079 1982 4131; x_wconf 82' lang='lat' dir='ltr'><strong>im-</strong></span> 
     </span>
    </p>
   </div>
   <div class='ocr_carea' id='block_1_42' title="bbox 393 4165 1009 4236">
    <p class='ocr_par' dir='ltr' id='par_1_42' title="bbox 393 4165 1009 4236">
     <span class='ocr_line' id='line_1_42' title="bbox 393 4165 1009 4236; baseline 0.01 -19"><span class='ocrx_word' id='word_1_312' title='bbox 393 4165 600 4236; x_wconf 91' lang='lat' dir='ltr'><strong>piorum</strong></span> <span class='ocrx_word' id='word_1_313' title='bbox 630 4167 1009 4223; x_wconf 87' lang='lat' dir='ltr'><strong>insaturabilis.</strong></span> 
     </span>
    </p>
   </div>
   <div class='ocr_carea' id='block_1_43' title="bbox 463 4255 1976 4331">
    <p class='ocr_par' dir='ltr' id='par_1_43' title="bbox 463 4255 1976 4331">
     <span class='ocr_line' id='line_1_43' title="bbox 463 4255 1976 4331; baseline 0.005 -21"><span class='ocrx_word' id='word_1_314' title='bbox 463 4255 533 4310; x_wconf 83' lang='lat' dir='ltr'><strong>Et</strong></span> <span class='ocrx_word' id='word_1_315' title='bbox 562 4266 673 4326; x_wconf 85' lang='lat' dir='ltr'><strong>post</strong></span> <span class='ocrx_word' id='word_1_316' title='bbox 698 4258 825 4312; x_wconf 70' lang='lat' dir='ltr'><strong>duo:</strong></span> <span class='ocrx_word' id='word_1_317' title='bbox 850 4273 1018 4311; x_wconf 79' lang='lat' dir='ltr'><strong>versus</strong></span> <span class='ocrx_word' id='word_1_318' title='bbox 1048 4256 1207 4331; x_wconf 55' lang='grc' dir='ltr'><strong>[ξιιμ]</strong></span> <span class='ocrx_word' id='word_1_319' title='bbox 1233 4277 1247 4313; x_wconf 88' lang='lat'><strong>:</strong></span> <span class='ocrx_word' id='word_1_320' title='bbox 1276 4257 1566 4314; x_wconf 88' lang='lat' dir='ltr'><strong>Ambulans</strong></span> <span class='ocrx_word' id='word_1_321' title='bbox 1594 4269 1740 4316; x_wconf 88' lang='lat' dir='ltr'><strong>recto</strong></span> <span class='ocrx_word' id='word_1_322' title='bbox 1768 4262 1976 4330; x_wconf 80' lang='lat' dir='ltr'><strong>itinere,</strong></span> 
     </span>
    </p>
   </div>
   <div class='ocr_carea' id='block_1_44' title="bbox 393 4350 1980 4425">
    <p class='ocr_par' dir='ltr' id='par_1_44' title="bbox 393 4350 1980 4425">
     <span class='ocr_line' id='line_1_44' title="bbox 393 4350 1980 4425; baseline 0.004 -23"><span class='ocrx_word' id='word_1_323' title='bbox 393 4358 450 4403; x_wconf 91' lang='lat' dir='ltr'><strong>et</strong></span> <span class='ocrx_word' id='word_1_324' title='bbox 476 4350 668 4404; x_wconf 91' lang='lat' dir='ltr'><strong>timens</strong></span> <span class='ocrx_word' id='word_1_325' title='bbox 704 4350 869 4403; x_wconf 90' lang='lat' dir='ltr'><strong>Deum</strong></span> <span class='ocrx_word' id='word_1_326' title='bbox 890 4390 906 4415; x_wconf 89' lang='lat'><strong>,</strong></span> <span class='ocrx_word' id='word_1_327' title='bbox 946 4350 1267 4419; x_wconf 87' lang='lat' dir='ltr'><strong>despicietur</strong></span> <span class='ocrx_word' id='word_1_328' title='bbox 1293 4351 1362 4405; x_wconf 92' lang='lat' dir='ltr'><strong>ab</strong></span> <span class='ocrx_word' id='word_1_329' title='bbox 1387 4367 1452 4406; x_wconf 92' lang='lat' dir='ltr'><strong>eo</strong></span> <span class='ocrx_word' id='word_1_330' title='bbox 1475 4353 1563 4422; x_wconf 91' lang='lat' dir='ltr'><strong>qui</strong></span> <span class='ocrx_word' id='word_1_331' title='bbox 1591 4352 1775 4409; x_wconf 80' lang='lat' dir='ltr'><strong>infami</strong></span> <span class='ocrx_word' id='word_1_332' title='bbox 1798 4355 1980 4425; x_wconf 81' lang='lat' dir='ltr'><strong>gradi-</strong></span> 
     </span>
    </p>
   </div>
   <div class='ocr_carea' id='block_1_45' title="bbox 397 4442 1984 4515">
    <p class='ocr_par' dir='ltr' id='par_1_45' title="bbox 397 4442 1984 4515">
     <span class='ocr_line' id='line_1_45' title="bbox 397 4442 1984 4515; baseline 0.003 -19"><span class='ocrx_word' id='word_1_333' title='bbox 397 4455 484 4497; x_wconf 88' lang='lat' dir='ltr'><strong>tur</strong></span> <span class='ocrx_word' id='word_1_334' title='bbox 523 4442 627 4496; x_wconf 85' lang='lat' dir='ltr'><strong>via.</strong></span> <span class='ocrx_word' id='word_1_335' title='bbox 663 4442 719 4496; x_wconf 93' lang='lat' dir='ltr'><strong>ln</strong></span> <span class='ocrx_word' id='word_1_336' title='bbox 760 4458 855 4497; x_wconf 89' lang='lat' dir='ltr'><strong>ore</strong></span> <span class='ocrx_word' id='word_1_337' title='bbox 891 4444 1038 4497; x_wconf 88' lang='lat' dir='ltr'><strong>stulti</strong></span> <span class='ocrx_word' id='word_1_338' title='bbox 1079 4444 1222 4513; x_wconf 87' lang='lat' dir='ltr'><strong>virga</strong></span> <span class='ocrx_word' id='word_1_339' title='bbox 1262 4444 1561 4513; x_wconf 74' lang='lat' dir='ltr'><strong>superbize:</strong></span> <span class='ocrx_word' id='word_1_340' title='bbox 1595 4446 1732 4499; x_wconf 88' lang='lat' dir='ltr'><strong>labia</strong></span> <span class='ocrx_word' id='word_1_341' title='bbox 1772 4446 1984 4515; x_wconf 82' lang='lat' dir='ltr'><strong>sapien-</strong></span> 
     </span>
    </p>
   </div>
   <div class='ocr_carea' id='block_1_46' title="bbox 398 4532 1983 4605">
    <p class='ocr_par' dir='ltr' id='par_1_46' title="bbox 398 4532 1983 4605">
     <span class='ocr_line' id='line_1_46' title="bbox 398 4532 1983 4605; baseline 0.004 -20"><span class='ocrx_word' id='word_1_342' title='bbox 398 4533 529 4587; x_wconf 91' lang='lat' dir='ltr'><strong>tium</strong></span> <span class='ocrx_word' id='word_1_343' title='bbox 555 4532 858 4588; x_wconf 89' lang='lat' dir='ltr'><strong>custodiunt</strong></span> <span class='ocrx_word' id='word_1_344' title='bbox 887 4549 998 4589; x_wconf 87' lang='lat' dir='ltr'><strong>eos.</strong></span> <span class='ocrx_word' id='word_1_345' title='bbox 1024 4533 1090 4587; x_wconf 84' lang='lat' dir='ltr'><strong>Et</strong></span> <span class='ocrx_word' id='word_1_346' title='bbox 1120 4544 1230 4605; x_wconf 83' lang='lat' dir='ltr'><strong>post</strong></span> <span class='ocrx_word' id='word_1_347' title='bbox 1260 4534 1387 4589; x_wconf 80' lang='lat' dir='ltr'><strong>duos</strong></span> <span class='ocrx_word' id='word_1_348' title='bbox 1412 4552 1585 4590; x_wconf 77' lang='lat' dir='ltr'><strong>versus</strong></span> <span class='ocrx_word' id='word_1_349' title='bbox 1608 4551 1626 4589; x_wconf 91' lang='lat'><strong>:</strong></span> <span class='ocrx_word' id='word_1_350' title='bbox 1653 4535 1829 4591; x_wconf 88' lang='lat' dir='ltr'><strong>Testis</strong></span> <span class='ocrx_word' id='word_1_351' title='bbox 1854 4536 1983 4591; x_wconf 87' lang='lat' dir='ltr'><strong>ﬁde-</strong></span> 
     </span>
    </p>
   </div>
   <div class='ocr_carea' id='block_1_47' title="bbox 395 4624 1979 4694">
    <p class='ocr_par' dir='ltr' id='par_1_47' title="bbox 395 4624 1979 4694">
     <span class='ocr_line' id='line_1_47' title="bbox 395 4624 1979 4694; baseline 0.004 -17"><span class='ocrx_word' id='word_1_352' title='bbox 395 4624 462 4677; x_wconf 91' lang='lat' dir='ltr'><strong>lis</strong></span> <span class='ocrx_word' id='word_1_353' title='bbox 486 4639 591 4679; x_wconf 89' lang='lat' dir='ltr'><strong>non</strong></span> <span class='ocrx_word' id='word_1_354' title='bbox 622 4627 943 4681; x_wconf 89' lang='lat' dir='ltr'><strong>mentietur:</strong></span> <span class='ocrx_word' id='word_1_355' title='bbox 977 4626 1174 4694; x_wconf 82' lang='lat' dir='ltr'><strong>profert</strong></span> <span class='ocrx_word' id='word_1_356' title='bbox 1203 4626 1535 4682; x_wconf 90' lang='lat' dir='ltr'><strong>mendacium</strong></span> <span class='ocrx_word' id='word_1_357' title='bbox 1566 4627 1714 4681; x_wconf 88' lang='lat' dir='ltr'><strong>testis</strong></span> <span class='ocrx_word' id='word_1_358' title='bbox 1740 4628 1979 4684; x_wconf 90' lang='lat' dir='ltr'><strong>dolosus.</strong></span> 
     </span>
    </p>
   </div>
   <div class='ocr_carea' id='block_1_48' title="bbox 394 4716 1982 4788">
    <p class='ocr_par' dir='ltr' id='par_1_48' title="bbox 394 4716 1982 4788">
     <span class='ocr_line' id='line_1_48' title="bbox 394 4716 1982 4788; baseline 0.003 -19"><span class='ocrx_word' id='word_1_359' title='bbox 394 4719 598 4786; x_wconf 79' lang='lat' dir='ltr'><strong>Quaerit</strong></span> <span class='ocrx_word' id='word_1_360' title='bbox 631 4716 842 4773; x_wconf 90' lang='lat' dir='ltr'><strong>derisor</strong></span> <span class='ocrx_word' id='word_1_361' title='bbox 870 4719 1204 4788; x_wconf 89' lang='lat' dir='ltr'><strong>sapientiam,</strong></span> <span class='ocrx_word' id='word_1_362' title='bbox 1232 4729 1287 4773; x_wconf 89' lang='lat' dir='ltr'><strong>et</strong></span> <span class='ocrx_word' id='word_1_363' title='bbox 1316 4733 1421 4773; x_wconf 91' lang='lat' dir='ltr'><strong>non</strong></span> <span class='ocrx_word' id='word_1_364' title='bbox 1466 4718 1699 4773; x_wconf 86' lang='lat' dir='ltr'><strong>invenit:</strong></span> <span class='ocrx_word' id='word_1_365' title='bbox 1742 4720 1982 4774; x_wconf 91' lang='lat' dir='ltr'><strong>doctrina</strong></span> 
     </span>
    </p>
   </div>
   <div class='ocr_carea' id='block_1_49' title="bbox 395 4808 1984 4879">
    <p class='ocr_par' dir='ltr' id='par_1_49' title="bbox 395 4808 1984 4879">
     <span class='ocr_line' id='line_1_49' title="bbox 395 4808 1984 4879; baseline 0.001 -16"><span class='ocrx_word' id='word_1_366' title='bbox 395 4809 719 4879; x_wconf 87' lang='lat' dir='ltr'><strong>sapientium</strong></span> <span class='ocrx_word' id='word_1_367' title='bbox 767 4808 955 4863; x_wconf 77' lang='lat' dir='ltr'><strong>facilis.</strong></span> <span class='ocrx_word' id='word_1_368' title='bbox 999 4809 1147 4864; x_wconf 81' lang='lat' dir='ltr'><strong>Vade</strong></span> <span class='ocrx_word' id='word_1_369' title='bbox 1185 4816 1368 4863; x_wconf 88' lang='lat' dir='ltr'><strong>contra</strong></span> <span class='ocrx_word' id='word_1_370' title='bbox 1417 4808 1589 4863; x_wconf 91' lang='lat' dir='ltr'><strong>virum</strong></span> <span class='ocrx_word' id='word_1_371' title='bbox 1636 4809 1878 4875; x_wconf 88' lang='lat' dir='ltr'><strong>stultum,</strong></span> <span class='ocrx_word' id='word_1_372' title='bbox 1929 4820 1984 4865; x_wconf 90' lang='lat' dir='ltr'><strong>et</strong></span> 
     </span>
    </p>
   </div>
   <div class='ocr_carea' id='block_1_50' title="bbox 395 4899 1986 4971">
    <p class='ocr_par' dir='ltr' id='par_1_50' title="bbox 395 4899 1986 4971">
     <span class='ocr_line' id='line_1_50' title="bbox 395 4899 1986 4971; baseline 0.003 -16"><span class='ocrx_word' id='word_1_373' title='bbox 395 4901 600 4955; x_wconf 89' lang='lat' dir='ltr'><strong>nescito</strong></span> <span class='ocrx_word' id='word_1_374' title='bbox 643 4899 780 4955; x_wconf 82' lang='lat' dir='ltr'><strong>labia</strong></span> <span class='ocrx_word' id='word_1_375' title='bbox 838 4901 1204 4971; x_wconf 64' lang='lat' dir='ltr'><strong>imprudentia:</strong></span> <span class='ocrx_word' id='word_1_376' title='bbox 1247 4899 1290 4954; x_wconf 87' lang='grc'><strong>⁸.</strong></span> <span class='ocrx_word' id='word_1_377' title='bbox 1343 4900 1611 4969; x_wconf 89' lang='lat' dir='ltr'><strong>Sapientia</strong></span> <span class='ocrx_word' id='word_1_378' title='bbox 1662 4902 1835 4956; x_wconf 90' lang='lat' dir='ltr'><strong>callidi</strong></span> <span class='ocrx_word' id='word_1_379' title='bbox 1902 4913 1986 4959; x_wconf 87' lang='lat' dir='ltr'><strong>est</strong></span> 
     </span>
    </p>
   </div>
   <div class='ocr_carea' id='block_1_51' title="bbox 397 4994 1982 5063">
    <p class='ocr_par' dir='ltr' id='par_1_51' title="bbox 397 4994 1982 5063">
     <span class='ocr_line' id='line_1_51' title="bbox 397 4994 1982 5063; baseline 0.002 -14"><span class='ocrx_word' id='word_1_380' title='bbox 397 4994 693 5063; x_wconf 88' lang='lat' dir='ltr'><strong>intelligere</strong></span> <span class='ocrx_word' id='word_1_381' title='bbox 733 4994 872 5048; x_wconf 86' lang='lat' dir='ltr'><strong>viam</strong></span> <span class='ocrx_word' id='word_1_382' title='bbox 935 5008 1125 5059; x_wconf 82' lang='lat' dir='ltr'><strong>suam;</strong></span> <span class='ocrx_word' id='word_1_383' title='bbox 1179 5002 1231 5048; x_wconf 91' lang='lat' dir='ltr'><strong>et</strong></span> <span class='ocrx_word' id='word_1_384' title='bbox 1299 4994 1658 5063; x_wconf 84' lang='lat' dir='ltr'><strong>imprudentia</strong></span> <span class='ocrx_word' id='word_1_385' title='bbox 1698 4996 1982 5052; x_wconf 89' lang='lat' dir='ltr'><strong>stultorum</strong></span> 
     </span>
    </p>
   </div>
   <div class='ocr_carea' id='block_1_52' title="bbox 395 5086 1985 5157">
    <p class='ocr_par' dir='ltr' id='par_1_52' title="bbox 395 5086 1985 5157">
     <span class='ocr_line' id='line_1_52' title="bbox 395 5086 1985 5157; baseline 0.001 -16"><span class='ocrx_word' id='word_1_386' title='bbox 395 5102 604 5141; x_wconf 85' lang='lat' dir='ltr'><strong>errans.</strong></span> <span class='ocrx_word' id='word_1_387' title='bbox 627 5086 830 5142; x_wconf 88' lang='lat' dir='ltr'><strong>Stultus</strong></span> <span class='ocrx_word' id='word_1_388' title='bbox 850 5086 1032 5141; x_wconf 90' lang='lat' dir='ltr'><strong>illudet</strong></span> <span class='ocrx_word' id='word_1_389' title='bbox 1053 5095 1324 5157; x_wconf 86' lang='lat' dir='ltr'><strong>peccatum</strong></span> <span class='ocrx_word' id='word_1_390' title='bbox 1349 5103 1363 5141; x_wconf 92' lang='lat'><strong>:</strong></span> <span class='ocrx_word' id='word_1_391' title='bbox 1388 5088 1527 5142; x_wconf 90' lang='lat' dir='ltr'><strong>inter</strong></span> <span class='ocrx_word' id='word_1_392' title='bbox 1545 5087 1719 5157; x_wconf 88' lang='lat' dir='ltr'><strong>justos</strong></span> <span class='ocrx_word' id='word_1_393' title='bbox 1747 5088 1985 5143; x_wconf 88' lang='lat' dir='ltr'><strong>morabi-</strong></span> 
     </span>
    </p>
   </div>
   <div class='ocr_carea' id='block_1_53' title="bbox 307 5177 1977 5258">
    <p class='ocr_par' dir='ltr' id='par_1_53' title="bbox 307 5177 1977 5258">
     <span class='ocr_line' id='line_1_53' title="bbox 307 5177 1977 5258; baseline 0.003 -28"><span class='ocrx_word' id='word_1_394' title='bbox 307 5255 311 5258; x_wconf 15' lang='grc' dir='ltr'>ν</span> <span class='ocrx_word' id='word_1_395' title='bbox 398 5184 484 5231; x_wconf 89' lang='lat' dir='ltr'><strong>tur</strong></span> <span class='ocrx_word' id='word_1_396' title='bbox 506 5179 695 5247; x_wconf 86' lang='lat' dir='ltr'><strong>gratia.</strong></span> <span class='ocrx_word' id='word_1_397' title='bbox 719 5178 824 5234; x_wconf 88' lang='lat' dir='ltr'><strong>Cor</strong></span> <span class='ocrx_word' id='word_1_398' title='bbox 847 5177 989 5248; x_wconf 91' lang='lat' dir='ltr'><strong>quod</strong></span> <span class='ocrx_word' id='word_1_399' title='bbox 1014 5178 1161 5233; x_wconf 90' lang='lat' dir='ltr'><strong>novit</strong></span> <span class='ocrx_word' id='word_1_400' title='bbox 1186 5178 1592 5234; x_wconf 89' lang='lat' dir='ltr'><strong>amaritudinem</strong></span> <span class='ocrx_word' id='word_1_401' title='bbox 1622 5178 1816 5235; x_wconf 72' lang='lat' dir='ltr'><strong>anima:</strong></span> <span class='ocrx_word' id='word_1_402' title='bbox 1843 5194 1977 5248; x_wconf 75' lang='lat' dir='ltr'><strong>sum,</strong></span> 
     </span>
    </p>
   </div>
   <div class='ocr_carea' id='block_1_54' title="bbox 400 5269 1984 5340">
    <p class='ocr_par' dir='ltr' id='par_1_54' title="bbox 400 5269 1984 5340">
     <span class='ocr_line' id='line_1_54' title="bbox 400 5269 1984 5340; baseline 0.003 -18"><span class='ocrx_word' id='word_1_403' title='bbox 400 5269 452 5322; x_wconf 94' lang='lat' dir='ltr'><strong>in</strong></span> <span class='ocrx_word' id='word_1_404' title='bbox 491 5269 683 5340; x_wconf 87' lang='lat' dir='ltr'><strong>gaudio</strong></span> <span class='ocrx_word' id='word_1_405' title='bbox 707 5270 822 5340; x_wconf 86' lang='lat' dir='ltr'><strong>ejus</strong></span> <span class='ocrx_word' id='word_1_406' title='bbox 850 5285 956 5325; x_wconf 93' lang='lat' dir='ltr'><strong>non</strong></span> <span class='ocrx_word' id='word_1_407' title='bbox 983 5270 1293 5326; x_wconf 89' lang='lat' dir='ltr'><strong>miscebitur</strong></span> <span class='ocrx_word' id='word_1_408' title='bbox 1315 5280 1621 5328; x_wconf 77' lang='lat' dir='ltr'><strong>extraneas.</strong></span> <span class='ocrx_word' id='word_1_409' title='bbox 1652 5273 1851 5329; x_wconf 91' lang='lat' dir='ltr'><strong>Domus</strong></span> <span class='ocrx_word' id='word_1_410' title='bbox 1879 5273 1984 5329; x_wconf 88' lang='lat' dir='ltr'><strong>im-</strong></span> 
     </span>
    </p>
   </div>
   <div class='ocr_carea' id='block_1_55' title="bbox 401 5359 1984 5434">
    <p class='ocr_par' dir='ltr' id='par_1_55' title="bbox 401 5359 1984 5434">
     <span class='ocr_line' id='line_1_55' title="bbox 401 5359 1984 5434; baseline 0.004 -22"><span class='ocrx_word' id='word_1_411' title='bbox 401 5359 608 5428; x_wconf 88' lang='lat' dir='ltr'><strong>piorum</strong></span> <span class='ocrx_word' id='word_1_412' title='bbox 633 5359 896 5415; x_wconf 90' lang='lat' dir='ltr'><strong>delebitur</strong></span> <span class='ocrx_word' id='word_1_413' title='bbox 920 5377 934 5414; x_wconf 89' lang='lat'><strong>:</strong></span> <span class='ocrx_word' id='word_1_414' title='bbox 966 5361 1303 5415; x_wconf 89' lang='lat' dir='ltr'><strong>tabernacula</strong></span> <span class='ocrx_word' id='word_1_415' title='bbox 1333 5377 1462 5417; x_wconf 89' lang='lat' dir='ltr'><strong>vero</strong></span> <span class='ocrx_word' id='word_1_416' title='bbox 1491 5362 1758 5433; x_wconf 87' lang='lat' dir='ltr'><strong>justorum</strong></span> <span class='ocrx_word' id='word_1_417' title='bbox 1784 5365 1984 5434; x_wconf 82' lang='lat' dir='ltr'><strong>genui-</strong></span> 
     </span>
    </p>
   </div>
   <div class='ocr_carea' id='block_1_56' title="bbox 402 5450 1985 5524">
    <p class='ocr_par' dir='ltr' id='par_1_56' title="bbox 402 5450 1985 5524">
     <span class='ocr_line' id='line_1_56' title="bbox 402 5450 1985 5524; baseline 0.004 -20"><span class='ocrx_word' id='word_1_418' title='bbox 402 5450 622 5506; x_wconf 89' lang='lat' dir='ltr'><strong>nabunt.</strong></span> <span class='ocrx_word' id='word_1_419' title='bbox 650 5451 746 5505; x_wconf 89' lang='lat' dir='ltr'><strong>Est</strong></span> <span class='ocrx_word' id='word_1_420' title='bbox 768 5452 852 5505; x_wconf 91' lang='lat' dir='ltr'><strong>via</strong></span> <span class='ocrx_word' id='word_1_421' title='bbox 884 5466 1004 5522; x_wconf 72' lang='lat' dir='ltr'><strong>qua:</strong></span> <span class='ocrx_word' id='word_1_422' title='bbox 1031 5451 1234 5506; x_wconf 77' lang='lat' dir='ltr'><strong>videtur</strong></span> <span class='ocrx_word' id='word_1_423' title='bbox 1256 5452 1456 5508; x_wconf 91' lang='lat' dir='ltr'><strong>homini</strong></span> <span class='ocrx_word' id='word_1_424' title='bbox 1482 5454 1625 5524; x_wconf 88' lang='lat' dir='ltr'><strong>justa</strong></span> <span class='ocrx_word' id='word_1_425' title='bbox 1650 5470 1665 5520; x_wconf 92' lang='lat'><strong>;</strong></span> <span class='ocrx_word' id='word_1_426' title='bbox 1698 5456 1985 5512; x_wconf 83' lang='lat' dir='ltr'><strong>novissima</strong></span> 
     </span>
    </p>
   </div>
   <div class='ocr_carea' id='block_1_57' title="bbox 402 5543 1985 5615">
    <p class='ocr_par' dir='ltr' id='par_1_57' title="bbox 402 5543 1985 5615">
     <span class='ocr_line' id='line_1_57' title="bbox 402 5543 1985 5615; baseline 0.003 -16"><span class='ocrx_word' id='word_1_427' title='bbox 402 5551 582 5600; x_wconf 82' lang='lat' dir='ltr'><strong>autem</strong></span> <span class='ocrx_word' id='word_1_428' title='bbox 602 5543 719 5615; x_wconf 87' lang='lat' dir='ltr'><strong>ejus</strong></span> <span class='ocrx_word' id='word_1_429' title='bbox 742 5544 1013 5601; x_wconf 86' lang='lat' dir='ltr'><strong>deducunt</strong></span> <span class='ocrx_word' id='word_1_430' title='bbox 1031 5544 1097 5599; x_wconf 90' lang='lat' dir='ltr'><strong>ad</strong></span> <span class='ocrx_word' id='word_1_431' title='bbox 1117 5554 1365 5600; x_wconf 90' lang='lat' dir='ltr'><strong>mortem.</strong></span> <span class='ocrx_word' id='word_1_432' title='bbox 1394 5546 1551 5603; x_wconf 81' lang='lat' dir='ltr'><strong>Risus</strong></span> <span class='ocrx_word' id='word_1_433' title='bbox 1576 5546 1764 5605; x_wconf 90' lang='lat' dir='ltr'><strong>dolore</strong></span> <span class='ocrx_word' id='word_1_434' title='bbox 1789 5547 1985 5604; x_wconf 85' lang='lat' dir='ltr'><strong>misce-</strong></span> 
     </span>
    </p>
   </div>
   <div class='ocr_carea' id='block_1_58' title="bbox 468 5719 1355 5784">
    <p class='ocr_par' dir='ltr' id='par_1_58' title="bbox 468 5719 1355 5784">
     <span class='ocr_line' id='line_1_58' title="bbox 468 5719 1355 5784; baseline 0.005 -17"><span class='ocrx_word' id='word_1_435' title='bbox 468 5722 484 5754; x_wconf 83' lang='grc'>¹</span> <span class='ocrx_word' id='word_1_436' title='bbox 507 5719 730 5784; x_wconf 79' lang='lat' dir='ltr'><strong>Vulgata:</strong></span> <span class='ocrx_word' id='word_1_437' title='bbox 748 5722 1035 5773; x_wconf 70' lang='lat' dir='ltr'><strong>,tbommatto</strong></span> <span class='ocrx_word' id='word_1_438' title='bbox 1047 5727 1117 5772; x_wconf 76' lang='lat' dir='ltr'><strong>est</strong></span> <span class='ocrx_word' id='word_1_439' title='bbox 1142 5728 1355 5771; x_wconf 77' lang='lat' dir='ltr'><strong>Domum.</strong></span> 
     </span>
    </p>
   </div>
   <div class='ocr_carea' id='block_1_59' title="bbox 469 5784 1391 5834">
    <p class='ocr_par' dir='ltr' id='par_1_59' title="bbox 469 5784 1391 5834">
     <span class='ocr_line' id='line_1_59' title="bbox 469 5784 1391 5834; baseline 0.001 -5"><span class='ocrx_word' id='word_1_440' title='bbox 469 5785 489 5815; x_wconf 75' lang='grc'>³</span> <span class='ocrx_word' id='word_1_441' title='bbox 514 5785 690 5834; x_wconf 69' lang='lat' dir='ltr'><strong>Regius</strong></span> <span class='ocrx_word' id='word_1_442' title='bbox 701 5784 856 5834; x_wconf 74' lang='lat' dir='ltr'><strong>codex</strong></span> <span class='ocrx_word' id='word_1_443' title='bbox 882 5798 896 5833; x_wconf 88' lang='lat'><strong>:</strong></span> <span class='ocrx_word' id='word_1_444' title='bbox 925 5789 978 5833; x_wconf 85' lang='lat' dir='ltr'><strong>Et</strong></span> <span class='ocrx_word' id='word_1_445' title='bbox 1000 5790 1102 5834; x_wconf 69' lang='lat' dir='ltr'><strong>post</strong></span> <span class='ocrx_word' id='word_1_446' title='bbox 1124 5797 1190 5832; x_wconf 83' lang='lat' dir='ltr'><strong>xu</strong></span> <span class='ocrx_word' id='word_1_447' title='bbox 1212 5796 1391 5833; x_wconf 66' lang='lat' dir='ltr'><strong>verum.</strong></span> 
     </span>
    </p>
   </div>
   <div class='ocr_carea' id='block_1_60' title="bbox 470 5795 1423 5911">
    <p class='ocr_par' dir='ltr' id='par_1_60' title="bbox 470 5795 1423 5911">
     <span class='ocr_line' id='line_1_60' title="bbox 470 5795 1423 5911; baseline 0.004 -18"><span class='ocrx_word' id='word_1_448' title='bbox 991 5795 1423 5910; x_wconf 48' lang='lat' dir='ltr'><strong>meum.</strong></span> 
     </span>
    </p>
   </div>
   <div class='ocr_carea' id='block_1_61' title="bbox 1577 382 2371 442">
    <p class='ocr_par' dir='ltr' id='par_1_61' title="bbox 1577 382 2371 442">
     <span class='ocr_line' id='line_1_61' title="bbox 1577 382 2371 442; baseline -0.004 0"><span class='ocrx_word' id='word_1_449' title='bbox 1577 386 1666 442; x_wconf 85' lang='lat' dir='ltr'><strong>DE</strong></span> <span class='ocrx_word' id='word_1_450' title='bbox 1701 382 2083 442; x_wconf 78' lang='lat' dir='ltr'><strong>SCRIPTURA</strong></span> <span class='ocrx_word' id='word_1_451' title='bbox 2125 383 2371 440; x_wconf 76' lang='lat' dir='ltr'><strong>SACRA.</strong></span> 
     </span>
    </p>
   </div>
   <div class='ocr_carea' id='block_1_62' title="bbox 3554 387 3667 444">
    <p class='ocr_par' dir='ltr' id='par_1_62' title="bbox 3554 387 3667 444">
     <span class='ocr_line' id='line_1_62' title="bbox 3554 387 3667 444; baseline 0.018 -2"><span class='ocrx_word' id='word_1_452' title='bbox 3554 387 3667 444; x_wconf 71' lang='grc'><strong>918</strong></span> 
     </span>
    </p>
   </div>
   <div class='ocr_carea' id='block_1_63' title="bbox 2073 496 3659 571">
    <p class='ocr_par' dir='ltr' id='par_1_63' title="bbox 2073 496 3659 571">
     <span class='ocr_line' id='line_1_63' title="bbox 2073 496 3659 571; baseline 0.004 -20"><span class='ocrx_word' id='word_1_453' title='bbox 2073 497 2249 563; x_wconf 90' lang='lat' dir='ltr'><strong>bitur,</strong></span> <span class='ocrx_word' id='word_1_454' title='bbox 2280 506 2336 552; x_wconf 90' lang='lat' dir='ltr'><strong>et</strong></span> <span class='ocrx_word' id='word_1_455' title='bbox 2366 504 2603 553; x_wconf 75' lang='lat' dir='ltr'><strong>extrema</strong></span> <span class='ocrx_word' id='word_1_456' title='bbox 2633 496 2809 567; x_wconf 85' lang='lat' dir='ltr'><strong>gaudii</strong></span> <span class='ocrx_word' id='word_1_457' title='bbox 2839 498 3009 553; x_wconf 91' lang='lat' dir='ltr'><strong>luctus</strong></span> <span class='ocrx_word' id='word_1_458' title='bbox 3046 509 3288 569; x_wconf 87' lang='lat' dir='ltr'><strong>occupat.</strong></span> <span class='ocrx_word' id='word_1_459' title='bbox 3323 498 3392 554; x_wconf 87' lang='lat' dir='ltr'><strong>Et</strong></span> <span class='ocrx_word' id='word_1_460' title='bbox 3420 511 3532 571; x_wconf 78' lang='lat' dir='ltr'><strong>post</strong></span> <span class='ocrx_word' id='word_1_461' title='bbox 3558 512 3659 559; x_wconf 75' lang='lat' dir='ltr'><strong>tres</strong></span> 
     </span>
    </p>
   </div>
   <div class='ocr_carea' id='block_1_64' title="bbox 2070 588 3655 658">
    <p class='ocr_par' dir='ltr' id='par_1_64' title="bbox 2070 588 3655 658">
     <span class='ocr_line' id='line_1_64' title="bbox 2070 588 3655 658; baseline 0.005 -16"><span class='ocrx_word' id='word_1_462' title='bbox 2070 603 2285 643; x_wconf 73' lang='lat' dir='ltr'><strong>versus:</strong></span> <span class='ocrx_word' id='word_1_463' title='bbox 2330 588 2553 658; x_wconf 90' lang='lat' dir='ltr'><strong>Sapiens</strong></span> <span class='ocrx_word' id='word_1_464' title='bbox 2593 589 2762 655; x_wconf 88' lang='lat' dir='ltr'><strong>timet,</strong></span> <span class='ocrx_word' id='word_1_465' title='bbox 2806 598 2861 644; x_wconf 93' lang='lat' dir='ltr'><strong>et</strong></span> <span class='ocrx_word' id='word_1_466' title='bbox 2905 588 3135 644; x_wconf 89' lang='lat' dir='ltr'><strong>declinat</strong></span> <span class='ocrx_word' id='word_1_467' title='bbox 3181 590 3418 645; x_wconf 89' lang='lat' dir='ltr'><strong>malum:</strong></span> <span class='ocrx_word' id='word_1_468' title='bbox 3465 593 3655 650; x_wconf 79' lang='lat' dir='ltr'><strong>stultus</strong></span> 
     </span>
    </p>
   </div>
   <div class='ocr_carea' id='block_1_65' title="bbox 2070 681 3656 753">
    <p class='ocr_par' dir='ltr' id='par_1_65' title="bbox 2070 681 3656 753">
     <span class='ocr_line' id='line_1_65' title="bbox 2070 681 3656 753; baseline 0.004 -19"><span class='ocrx_word' id='word_1_469' title='bbox 2070 681 2322 747; x_wconf 87' lang='lat' dir='ltr'><strong>transilit,</strong></span> <span class='ocrx_word' id='word_1_470' title='bbox 2345 690 2400 736; x_wconf 91' lang='lat' dir='ltr'><strong>et</strong></span> <span class='ocrx_word' id='word_1_471' title='bbox 2433 681 2667 737; x_wconf 91' lang='lat' dir='ltr'><strong>conﬁdit.</strong></span> <span class='ocrx_word' id='word_1_472' title='bbox 2697 682 2981 753; x_wconf 90' lang='lat' dir='ltr'><strong>Impatiens</strong></span> <span class='ocrx_word' id='word_1_473' title='bbox 3007 684 3313 753; x_wconf 90' lang='lat' dir='ltr'><strong>operabitur</strong></span> <span class='ocrx_word' id='word_1_474' title='bbox 3334 684 3611 740; x_wconf 88' lang='lat' dir='ltr'><strong>stultitiam</strong></span> <span class='ocrx_word' id='word_1_475' title='bbox 3639 703 3656 751; x_wconf 93' lang='lat'><strong>;</strong></span> 
     </span>
    </p>
   </div>
   <div class='ocr_carea' id='block_1_66' title="bbox 2069 772 3659 847">
    <p class='ocr_par' dir='ltr' id='par_1_66' title="bbox 2069 772 3659 847">
     <span class='ocr_line' id='line_1_66' title="bbox 2069 772 3659 847; baseline 0.004 -20"><span class='ocrx_word' id='word_1_476' title='bbox 2069 780 2124 827; x_wconf 91' lang='lat' dir='ltr'><strong>et</strong></span> <span class='ocrx_word' id='word_1_477' title='bbox 2150 772 2234 826; x_wconf 89' lang='lat' dir='ltr'><strong>vir</strong></span> <span class='ocrx_word' id='word_1_478' title='bbox 2269 783 2516 828; x_wconf 89' lang='lat' dir='ltr'><strong>versutus</strong></span> <span class='ocrx_word' id='word_1_479' title='bbox 2542 774 2757 829; x_wconf 92' lang='lat' dir='ltr'><strong>odiosus</strong></span> <span class='ocrx_word' id='word_1_480' title='bbox 2792 783 2895 830; x_wconf 90' lang='lat' dir='ltr'><strong>est.</strong></span> <span class='ocrx_word' id='word_1_481' title='bbox 2930 772 3001 828; x_wconf 87' lang='lat' dir='ltr'><strong>Et</strong></span> <span class='ocrx_word' id='word_1_482' title='bbox 3037 784 3149 845; x_wconf 76' lang='lat' dir='ltr'><strong>post</strong></span> <span class='ocrx_word' id='word_1_483' title='bbox 3189 785 3406 847; x_wconf 84' lang='lat' dir='ltr'><strong>quatuor</strong></span> <span class='ocrx_word' id='word_1_484' title='bbox 3444 793 3659 833; x_wconf 79' lang='lat' dir='ltr'><strong>versus:</strong></span> 
     </span>
    </p>
   </div>
   <div class='ocr_carea' id='block_1_67' title="bbox 2069 864 3660 940">
    <p class='ocr_par' dir='ltr' id='par_1_67' title="bbox 2069 864 3660 940">
     <span class='ocr_line' id='line_1_67' title="bbox 2069 864 3660 940; baseline 0.004 -22"><span class='ocrx_word' id='word_1_485' title='bbox 2069 864 2172 931; x_wconf 87' lang='lat' dir='ltr'><strong>Qui</strong></span> <span class='ocrx_word' id='word_1_486' title='bbox 2194 864 2421 935; x_wconf 89' lang='lat' dir='ltr'><strong>despicit</strong></span> <span class='ocrx_word' id='word_1_487' title='bbox 2442 867 2740 936; x_wconf 81' lang='lat' dir='ltr'><strong>proximum</strong></span> <span class='ocrx_word' id='word_1_488' title='bbox 2776 883 2952 934; x_wconf 91' lang='lat' dir='ltr'><strong>suum,</strong></span> <span class='ocrx_word' id='word_1_489' title='bbox 2984 876 3205 938; x_wconf 85' lang='lat' dir='ltr'><strong>peccat:</strong></span> <span class='ocrx_word' id='word_1_490' title='bbox 3236 871 3323 940; x_wconf 89' lang='lat' dir='ltr'><strong>qui</strong></span> <span class='ocrx_word' id='word_1_491' title='bbox 3349 878 3526 925; x_wconf 90' lang='lat' dir='ltr'><strong>autem</strong></span> <span class='ocrx_word' id='word_1_492' title='bbox 3560 872 3660 924; x_wconf 90' lang='lat' dir='ltr'><strong>mi-</strong></span> 
     </span>
    </p>
   </div>
   <div class='ocr_carea' id='block_1_68' title="bbox 2069 959 3657 1033">
    <p class='ocr_par' dir='ltr' id='par_1_68' title="bbox 2069 959 3657 1033">
     <span class='ocr_line' id='line_1_68' title="bbox 2069 959 3657 1033; baseline 0.002 -18"><span class='ocrx_word' id='word_1_493' title='bbox 2069 971 2280 1015; x_wconf 85' lang='lat' dir='ltr'><strong>seretur</strong></span> <span class='ocrx_word' id='word_1_494' title='bbox 2315 959 2599 1030; x_wconf 86' lang='lat' dir='ltr'><strong>pauperis.</strong></span> <span class='ocrx_word' id='word_1_495' title='bbox 2629 959 2815 1016; x_wconf 83' lang='lat' dir='ltr'><strong>beatus</strong></span> <span class='ocrx_word' id='word_1_496' title='bbox 2857 961 2981 1015; x_wconf 91' lang='lat' dir='ltr'><strong>erit.</strong></span> <span class='ocrx_word' id='word_1_497' title='bbox 3016 961 3212 1017; x_wconf 88' lang='lat' dir='ltr'><strong>Errant</strong></span> <span class='ocrx_word' id='word_1_498' title='bbox 3239 963 3326 1032; x_wconf 93' lang='lat' dir='ltr'><strong>qui</strong></span> <span class='ocrx_word' id='word_1_499' title='bbox 3367 971 3657 1033; x_wconf 89' lang='lat' dir='ltr'><strong>operantur</strong></span> 
     </span>
    </p>
   </div>
   <div class='ocr_carea' id='block_1_69' title="bbox 2070 1049 3654 1124">
    <p class='ocr_par' dir='ltr' id='par_1_69' title="bbox 2070 1049 3654 1124">
     <span class='ocr_line' id='line_1_69' title="bbox 2070 1049 3654 1124; baseline 0.003 -20"><span class='ocrx_word' id='word_1_500' title='bbox 2070 1049 2267 1106; x_wconf 90' lang='lat' dir='ltr'><strong>malum</strong></span> <span class='ocrx_word' id='word_1_501' title='bbox 2292 1068 2308 1106; x_wconf 93' lang='lat'><strong>:</strong></span> <span class='ocrx_word' id='word_1_502' title='bbox 2338 1051 2702 1107; x_wconf 85' lang='lat' dir='ltr'><strong>misericordia</strong></span> <span class='ocrx_word' id='word_1_503' title='bbox 2732 1060 2787 1107; x_wconf 87' lang='lat' dir='ltr'><strong>et</strong></span> <span class='ocrx_word' id='word_1_504' title='bbox 2824 1050 3023 1108; x_wconf 89' lang='lat' dir='ltr'><strong>veritas</strong></span> <span class='ocrx_word' id='word_1_505' title='bbox 3060 1063 3362 1124; x_wconf 65' lang='lat' dir='ltr'><strong>praeparant</strong></span> <span class='ocrx_word' id='word_1_506' title='bbox 3399 1055 3557 1109; x_wconf 90' lang='lat' dir='ltr'><strong>bona.</strong></span> <span class='ocrx_word' id='word_1_507' title='bbox 3600 1056 3654 1109; x_wconf 95' lang='lat' dir='ltr'><strong>In</strong></span> 
     </span>
    </p>
   </div>
   <div class='ocr_carea' id='block_1_70' title="bbox 2069 1142 3656 1214">
    <p class='ocr_par' dir='ltr' id='par_1_70' title="bbox 2069 1142 3656 1214">
     <span class='ocr_line' id='line_1_70' title="bbox 2069 1142 3656 1214; baseline 0.003 -18"><span class='ocrx_word' id='word_1_508' title='bbox 2069 1142 2215 1197; x_wconf 91' lang='lat' dir='ltr'><strong>omni</strong></span> <span class='ocrx_word' id='word_1_509' title='bbox 2240 1157 2403 1214; x_wconf 77' lang='lat' dir='ltr'><strong>Opere</strong></span> <span class='ocrx_word' id='word_1_510' title='bbox 2428 1143 2447 1176; x_wconf 81' lang='grc'>⁸</span> <span class='ocrx_word' id='word_1_511' title='bbox 2475 1144 2577 1199; x_wconf 89' lang='lat' dir='ltr'><strong>erit</strong></span> <span class='ocrx_word' id='word_1_512' title='bbox 2611 1143 2936 1200; x_wconf 88' lang='lat' dir='ltr'><strong>abundantia</strong></span> <span class='ocrx_word' id='word_1_513' title='bbox 2960 1161 2975 1199; x_wconf 92' lang='lat'><strong>:</strong></span> <span class='ocrx_word' id='word_1_514' title='bbox 3003 1144 3095 1202; x_wconf 88' lang='lat' dir='ltr'><strong>ubi</strong></span> <span class='ocrx_word' id='word_1_515' title='bbox 3126 1154 3304 1201; x_wconf 89' lang='lat' dir='ltr'><strong>autem</strong></span> <span class='ocrx_word' id='word_1_516' title='bbox 3332 1147 3494 1202; x_wconf 86' lang='lat' dir='ltr'><strong>verba</strong></span> <span class='ocrx_word' id='word_1_517' title='bbox 3534 1158 3656 1202; x_wconf 78' lang='lat' dir='ltr'><strong>sunt</strong></span> 
     </span>
    </p>
   </div>
   <div class='ocr_carea' id='block_1_71' title="bbox 2070 1234 3658 1309">
    <p class='ocr_par' dir='ltr' id='par_1_71' title="bbox 2070 1234 3658 1309">
     <span class='ocr_line' id='line_1_71' title="bbox 2070 1234 3658 1309; baseline 0.001 -20"><span class='ocrx_word' id='word_1_518' title='bbox 2070 1234 2295 1305; x_wconf 87' lang='lat' dir='ltr'><strong>plurima</strong></span> <span class='ocrx_word' id='word_1_519' title='bbox 2317 1277 2331 1298; x_wconf 88' lang='lat'><strong>,</strong></span> <span class='ocrx_word' id='word_1_520' title='bbox 2371 1234 2677 1306; x_wconf 83' lang='lat' dir='ltr'><strong>frequenter</strong></span> <span class='ocrx_word' id='word_1_521' title='bbox 2711 1244 2942 1307; x_wconf 88' lang='lat' dir='ltr'><strong>egestas.</strong></span> <span class='ocrx_word' id='word_1_522' title='bbox 2972 1234 3037 1291; x_wconf 85' lang='lat' dir='ltr'><strong>Et</strong></span> <span class='ocrx_word' id='word_1_523' title='bbox 3067 1245 3179 1309; x_wconf 82' lang='lat' dir='ltr'><strong>post</strong></span> <span class='ocrx_word' id='word_1_524' title='bbox 3204 1246 3419 1309; x_wconf 83' lang='lat' dir='ltr'><strong>quatuor</strong></span> <span class='ocrx_word' id='word_1_525' title='bbox 3445 1252 3615 1292; x_wconf 76' lang='lat' dir='ltr'><strong>versus</strong></span> <span class='ocrx_word' id='word_1_526' title='bbox 3639 1253 3658 1291; x_wconf 91' lang='lat'><strong>:</strong></span> 
     </span>
    </p>
   </div>
   <div class='ocr_carea' id='block_1_72' title="bbox 2072 1327 3659 1400">
    <p class='ocr_par' dir='ltr' id='par_1_72' title="bbox 2072 1327 3659 1400">
     <span class='ocr_line' id='line_1_72' title="bbox 2072 1327 3659 1400; baseline 0.002 -19"><span class='ocrx_word' id='word_1_527' title='bbox 2072 1327 2127 1382; x_wconf 90' lang='lat' dir='ltr'><strong>In</strong></span> <span class='ocrx_word' id='word_1_528' title='bbox 2170 1327 2360 1384; x_wconf 91' lang='lat' dir='ltr'><strong>timore</strong></span> <span class='ocrx_word' id='word_1_529' title='bbox 2404 1328 2612 1384; x_wconf 92' lang='lat' dir='ltr'><strong>Domini</strong></span> <span class='ocrx_word' id='word_1_530' title='bbox 2652 1328 2843 1385; x_wconf 89' lang='lat' dir='ltr'><strong>ﬁducia</strong></span> <span class='ocrx_word' id='word_1_531' title='bbox 2887 1328 3245 1397; x_wconf 81' lang='lat' dir='ltr'><strong>fortitudinis;</strong></span> <span class='ocrx_word' id='word_1_532' title='bbox 3285 1338 3341 1388; x_wconf 88' lang='lat' dir='ltr'><strong>et</strong></span> <span class='ocrx_word' id='word_1_533' title='bbox 3380 1330 3501 1385; x_wconf 88' lang='lat' dir='ltr'><strong>ﬁliis</strong></span> <span class='ocrx_word' id='word_1_534' title='bbox 3541 1331 3659 1400; x_wconf 89' lang='lat' dir='ltr'><strong>ejus</strong></span> 
     </span>
    </p>
   </div>
   <div class='ocr_carea' id='block_1_73' title="bbox 2070 1419 3657 1491">
    <p class='ocr_par' dir='ltr' id='par_1_73' title="bbox 2070 1419 3657 1491">
     <span class='ocr_line' id='line_1_73' title="bbox 2070 1419 3657 1491; baseline 0.002 -17"><span class='ocrx_word' id='word_1_535' title='bbox 2070 1420 2174 1475; x_wconf 91' lang='lat' dir='ltr'><strong>erit</strong></span> <span class='ocrx_word' id='word_1_536' title='bbox 2195 1421 2525 1491; x_wconf 87' lang='lat' dir='ltr'><strong>spcs.&#39;l‘imor</strong></span> <span class='ocrx_word' id='word_1_537' title='bbox 2546 1420 2752 1477; x_wconf 91' lang='lat' dir='ltr'><strong>Domini</strong></span> <span class='ocrx_word' id='word_1_538' title='bbox 2779 1419 2899 1478; x_wconf 86' lang='lat' dir='ltr'><strong>fons</strong></span> <span class='ocrx_word' id='word_1_539' title='bbox 2919 1422 3062 1487; x_wconf 69' lang='lat' dir='ltr'><strong>vitae,</strong></span> <span class='ocrx_word' id='word_1_540' title='bbox 3078 1430 3138 1477; x_wconf 93' lang='lat' dir='ltr'><strong>ut</strong></span> <span class='ocrx_word' id='word_1_541' title='bbox 3160 1421 3393 1479; x_wconf 90' lang='lat' dir='ltr'><strong>declinet</strong></span> <span class='ocrx_word' id='word_1_542' title='bbox 3415 1425 3477 1477; x_wconf 77' lang='lat' dir='ltr'><strong>’a</strong></span> <span class='ocrx_word' id='word_1_543' title='bbox 3505 1424 3657 1477; x_wconf 90' lang='lat' dir='ltr'><strong>ruina</strong></span> 
     </span>
    </p>
   </div>
   <div class='ocr_carea' id='block_1_74' title="bbox 2071 1513 3658 1586">
    <p class='ocr_par' dir='ltr' id='par_1_74' title="bbox 2071 1513 3658 1586">
     <span class='ocr_line' id='line_1_74' title="bbox 2071 1513 3658 1586; baseline 0.003 -18"><span class='ocrx_word' id='word_1_544' title='bbox 2071 1514 2279 1568; x_wconf 89' lang='lat' dir='ltr'><strong>mortis.</strong></span> <span class='ocrx_word' id='word_1_545' title='bbox 2309 1513 2387 1568; x_wconf 83' lang='lat' dir='ltr'><strong>Et</strong></span> <span class='ocrx_word' id='word_1_546' title='bbox 2406 1524 2518 1586; x_wconf 73' lang='lat' dir='ltr'><strong>post</strong></span> <span class='ocrx_word' id='word_1_547' title='bbox 2550 1514 2678 1569; x_wconf 79' lang='lat' dir='ltr'><strong>duos</strong></span> <span class='ocrx_word' id='word_1_548' title='bbox 2712 1529 2884 1569; x_wconf 77' lang='lat' dir='ltr'><strong>versus</strong></span> <span class='ocrx_word' id='word_1_549' title='bbox 2907 1529 2929 1571; x_wconf 91' lang='lat'><strong>:</strong></span> <span class='ocrx_word' id='word_1_550' title='bbox 2951 1515 3051 1583; x_wconf 87' lang='lat' dir='ltr'><strong>Qui</strong></span> <span class='ocrx_word' id='word_1_551' title='bbox 3090 1516 3299 1586; x_wconf 88' lang='lat' dir='ltr'><strong>patiens</strong></span> <span class='ocrx_word' id='word_1_552' title='bbox 3338 1524 3420 1572; x_wconf 91' lang='lat' dir='ltr'><strong>est</strong></span> <span class='ocrx_word' id='word_1_553' title='bbox 3441 1557 3457 1584; x_wconf 97' lang='lat'><strong>,</strong></span> <span class='ocrx_word' id='word_1_554' title='bbox 3493 1516 3658 1573; x_wconf 86' lang='lat' dir='ltr'><strong>multa</strong></span> 
     </span>
    </p>
   </div>
   <div class='ocr_carea' id='block_1_75' title="bbox 2069 1608 3659 1682">
    <p class='ocr_par' dir='ltr' id='par_1_75' title="bbox 2069 1608 3659 1682">
     <span class='ocr_line' id='line_1_75' title="bbox 2069 1608 3659 1682; baseline 0.002 -21"><span class='ocrx_word' id='word_1_555' title='bbox 2069 1608 2393 1679; x_wconf 89' lang='lat' dir='ltr'><strong>gubernatur</strong></span> <span class='ocrx_word' id='word_1_556' title='bbox 2417 1609 2696 1681; x_wconf 90' lang='lat' dir='ltr'><strong>prudentia</strong></span> <span class='ocrx_word' id='word_1_557' title='bbox 2720 1628 2735 1664; x_wconf 93' lang='lat'><strong>:</strong></span> <span class='ocrx_word' id='word_1_558' title='bbox 2760 1610 2851 1681; x_wconf 92' lang='lat' dir='ltr'><strong>qui</strong></span> <span class='ocrx_word' id='word_1_559' title='bbox 2875 1619 3051 1665; x_wconf 90' lang='lat' dir='ltr'><strong>autem</strong></span> <span class='ocrx_word' id='word_1_560' title='bbox 3079 1609 3362 1682; x_wconf 89' lang='lat' dir='ltr'><strong>impatiens</strong></span> <span class='ocrx_word' id='word_1_561' title='bbox 3386 1619 3488 1676; x_wconf 90' lang='lat' dir='ltr'><strong>est,</strong></span> <span class='ocrx_word' id='word_1_562' title='bbox 3512 1611 3659 1665; x_wconf 80' lang='lat' dir='ltr'><strong>exal-</strong></span> 
     </span>
    </p>
   </div>
   <div class='ocr_carea' id='block_1_76' title="bbox 2074 1699 3668 1756">
    <p class='ocr_par' dir='ltr' id='par_1_76' title="bbox 2074 1699 3668 1756">
     <span class='ocr_line' id='line_1_76' title="bbox 2074 1699 3668 1756; baseline 0.001 -4"><span class='ocrx_word' id='word_1_563' title='bbox 2074 1708 2147 1753; x_wconf 92' lang='lat' dir='ltr'><strong>tat</strong></span> <span class='ocrx_word' id='word_1_564' title='bbox 2187 1699 2462 1755; x_wconf 87' lang='lat' dir='ltr'><strong>stultitiam</strong></span> <span class='ocrx_word' id='word_1_565' title='bbox 2520 1715 2690 1756; x_wconf 91' lang='lat' dir='ltr'><strong>suam.</strong></span> <span class='ocrx_word' id='word_1_566' title='bbox 2732 1700 2851 1756; x_wconf 86' lang='lat' dir='ltr'><strong>Vita</strong></span> <span class='ocrx_word' id='word_1_567' title='bbox 2897 1700 3141 1756; x_wconf 86' lang='lat' dir='ltr'><strong>carnium</strong></span> <span class='ocrx_word' id='word_1_568' title='bbox 3187 1700 3388 1755; x_wconf 90' lang='lat' dir='ltr'><strong>sanitas</strong></span> <span class='ocrx_word' id='word_1_569' title='bbox 3435 1699 3613 1755; x_wconf 87' lang='lat' dir='ltr'><strong>cordis</strong></span> <span class='ocrx_word' id='word_1_570' title='bbox 3636 1717 3668 1755; x_wconf 61' lang='grc' dir='ltr'><strong>τ’</strong></span> 
     </span>
    </p>
   </div>
   <div class='ocr_carea' id='block_1_77' title="bbox 2073 1789 3654 1861">
    <p class='ocr_par' dir='ltr' id='par_1_77' title="bbox 2073 1789 3654 1861">
     <span class='ocr_line' id='line_1_77' title="bbox 2073 1789 3654 1861; baseline 0 -17"><span class='ocrx_word' id='word_1_571' title='bbox 2073 1789 2295 1859; x_wconf 90' lang='lat' dir='ltr'><strong>putredo</strong></span> <span class='ocrx_word' id='word_1_572' title='bbox 2338 1790 2538 1846; x_wconf 89' lang='lat' dir='ltr'><strong>ossium</strong></span> <span class='ocrx_word' id='word_1_573' title='bbox 2586 1791 2802 1846; x_wconf 89' lang='lat' dir='ltr'><strong>invidia.</strong></span> <span class='ocrx_word' id='word_1_574' title='bbox 2841 1791 2941 1859; x_wconf 91' lang='lat' dir='ltr'><strong>Qui</strong></span> <span class='ocrx_word' id='word_1_575' title='bbox 2987 1791 3341 1847; x_wconf 89' lang='lat' dir='ltr'><strong>calumniatur</strong></span> <span class='ocrx_word' id='word_1_576' title='bbox 3386 1799 3654 1861; x_wconf 80' lang='lat' dir='ltr'><strong>egentem,</strong></span> 
     </span>
    </p>
   </div>
   <div class='ocr_carea' id='block_1_78' title="bbox 2071 1881 3654 1953">
    <p class='ocr_par' dir='ltr' id='par_1_78' title="bbox 2071 1881 3654 1953">
     <span class='ocr_line' id='line_1_78' title="bbox 2071 1881 3654 1953; baseline 0.001 -18"><span class='ocrx_word' id='word_1_577' title='bbox 2071 1881 2357 1949; x_wconf 78' lang='lat' dir='ltr'><strong>exprobrat</strong></span> <span class='ocrx_word' id='word_1_578' title='bbox 2388 1881 2571 1937; x_wconf 71' lang='lat' dir='ltr'><strong>[actori</strong></span> <span class='ocrx_word' id='word_1_579' title='bbox 2601 1882 2755 1953; x_wconf 86' lang='lat' dir='ltr'><strong>ejus:</strong></span> <span class='ocrx_word' id='word_1_580' title='bbox 2788 1881 3014 1938; x_wconf 88' lang='lat' dir='ltr'><strong>honorat</strong></span> <span class='ocrx_word' id='word_1_581' title='bbox 3038 1890 3216 1938; x_wconf 90' lang='lat' dir='ltr'><strong>autem</strong></span> <span class='ocrx_word' id='word_1_582' title='bbox 3256 1896 3401 1952; x_wconf 91' lang='lat' dir='ltr'><strong>eum,</strong></span> <span class='ocrx_word' id='word_1_583' title='bbox 3430 1882 3519 1953; x_wconf 92' lang='lat' dir='ltr'><strong>qui</strong></span> <span class='ocrx_word' id='word_1_584' title='bbox 3549 1882 3654 1936; x_wconf 87' lang='lat' dir='ltr'><strong>mi-</strong></span> 
     </span>
    </p>
   </div>
   <div class='ocr_carea' id='block_1_79' title="bbox 2071 1972 2577 2042">
    <p class='ocr_par' dir='ltr' id='par_1_79' title="bbox 2071 1972 2577 2042">
     <span class='ocr_line' id='line_1_79' title="bbox 2071 1972 2577 2042; baseline 0 -17"><span class='ocrx_word' id='word_1_585' title='bbox 2071 1980 2281 2025; x_wconf 89' lang='lat' dir='ltr'><strong>seretur</strong></span> <span class='ocrx_word' id='word_1_586' title='bbox 2308 1972 2577 2042; x_wconf 88' lang='lat' dir='ltr'><strong>pauperis.</strong></span> 
     </span>
    </p>
   </div>
   <div class='ocr_carea' id='block_1_80' title="bbox 2146 2059 3659 2137">
    <p class='ocr_par' dir='ltr' id='par_1_80' title="bbox 2146 2059 3659 2137">
     <span class='ocr_line' id='line_1_80' title="bbox 2146 2059 3659 2137; baseline 0.003 -24"><span class='ocrx_word' id='word_1_587' title='bbox 2146 2059 2211 2114; x_wconf 83' lang='lat' dir='ltr'><strong>Et</strong></span> <span class='ocrx_word' id='word_1_588' title='bbox 2241 2071 2352 2131; x_wconf 79' lang='lat' dir='ltr'><strong>post</strong></span> <span class='ocrx_word' id='word_1_589' title='bbox 2380 2071 2565 2131; x_wconf 78' lang='lat' dir='ltr'><strong>septem</strong></span> <span class='ocrx_word' id='word_1_590' title='bbox 2586 2077 2756 2117; x_wconf 78' lang='lat' dir='ltr'><strong>versus</strong></span> <span class='ocrx_word' id='word_1_591' title='bbox 2780 2059 2960 2137; x_wconf 58' lang='lat' dir='ltr'><strong>[xm]:</strong></span> <span class='ocrx_word' id='word_1_592' title='bbox 2988 2062 3289 2133; x_wconf 81' lang='lat' dir='ltr'><strong>Responsio</strong></span> <span class='ocrx_word' id='word_1_593' title='bbox 3309 2062 3485 2118; x_wconf 90' lang='lat' dir='ltr'><strong>mollis</strong></span> <span class='ocrx_word' id='word_1_594' title='bbox 3512 2061 3659 2117; x_wconf 84' lang='lat' dir='ltr'><strong>frau-</strong></span> 
     </span>
    </p>
   </div>
   <div class='ocr_carea' id='block_1_81' title="bbox 2071 2150 3657 2222">
    <p class='ocr_par' dir='ltr' id='par_1_81' title="bbox 2071 2150 3657 2222">
     <span class='ocr_line' id='line_1_81' title="bbox 2071 2150 3657 2222; baseline 0.001 -18"><span class='ocrx_word' id='word_1_595' title='bbox 2071 2150 2147 2219; x_wconf 89' lang='lat' dir='ltr'><strong>git</strong></span> <span class='ocrx_word' id='word_1_596' title='bbox 2172 2151 2303 2205; x_wconf 91' lang='lat' dir='ltr'><strong>iram</strong></span> <span class='ocrx_word' id='word_1_597' title='bbox 2343 2170 2355 2205; x_wconf 94' lang='lat'><strong>:</strong></span> <span class='ocrx_word' id='word_1_598' title='bbox 2388 2166 2568 2207; x_wconf 91' lang='lat' dir='ltr'><strong>sermo</strong></span> <span class='ocrx_word' id='word_1_599' title='bbox 2597 2151 2763 2207; x_wconf 91' lang='lat' dir='ltr'><strong>durus</strong></span> <span class='ocrx_word' id='word_1_600' title='bbox 2798 2153 3022 2207; x_wconf 87' lang='lat' dir='ltr'><strong>suscitat</strong></span> <span class='ocrx_word' id='word_1_601' title='bbox 3050 2153 3301 2208; x_wconf 82' lang='lat' dir='ltr'><strong>furorem.</strong></span> <span class='ocrx_word' id='word_1_602' title='bbox 3332 2152 3532 2222; x_wconf 86' lang='lat' dir='ltr'><strong>Lingua</strong></span> <span class='ocrx_word' id='word_1_603' title='bbox 3565 2165 3657 2206; x_wconf 89' lang='lat' dir='ltr'><strong>sa-</strong></span> 
     </span>
    </p>
   </div>
   <div class='ocr_carea' id='block_1_82' title="bbox 2072 2242 3660 2311">
    <p class='ocr_par' dir='ltr' id='par_1_82' title="bbox 2072 2242 3660 2311">
     <span class='ocr_line' id='line_1_82' title="bbox 2072 2242 3660 2311; baseline 0.003 -17"><span class='ocrx_word' id='word_1_604' title='bbox 2072 2242 2327 2311; x_wconf 90' lang='lat' dir='ltr'><strong>pientium</strong></span> <span class='ocrx_word' id='word_1_605' title='bbox 2358 2251 2515 2297; x_wconf 90' lang='lat' dir='ltr'><strong>ornat</strong></span> <span class='ocrx_word' id='word_1_606' title='bbox 2541 2243 2815 2298; x_wconf 90' lang='lat' dir='ltr'><strong>scientiam</strong></span> <span class='ocrx_word' id='word_1_607' title='bbox 2842 2260 2855 2298; x_wconf 92' lang='lat'><strong>:</strong></span> <span class='ocrx_word' id='word_1_608' title='bbox 2885 2258 2947 2299; x_wconf 90' lang='lat' dir='ltr'><strong>os</strong></span> <span class='ocrx_word' id='word_1_609' title='bbox 2972 2242 3233 2298; x_wconf 83' lang='lat' dir='ltr'><strong>fatuorum</strong></span> <span class='ocrx_word' id='word_1_610' title='bbox 3260 2243 3447 2299; x_wconf 87' lang='lat' dir='ltr'><strong>ebullit</strong></span> <span class='ocrx_word' id='word_1_611' title='bbox 3484 2243 3660 2298; x_wconf 86' lang='lat' dir='ltr'><strong>stulti-</strong></span> 
     </span>
    </p>
   </div>
   <div class='ocr_carea' id='block_1_83' title="bbox 2074 2331 3660 2405">
    <p class='ocr_par' dir='ltr' id='par_1_83' title="bbox 2074 2331 3660 2405">
     <span class='ocr_line' id='line_1_83' title="bbox 2074 2331 3660 2405; baseline 0.003 -19"><span class='ocrx_word' id='word_1_612' title='bbox 2074 2331 2223 2386; x_wconf 89' lang='lat' dir='ltr'><strong>tiam.</strong></span> <span class='ocrx_word' id='word_1_613' title='bbox 2251 2332 2315 2387; x_wconf 85' lang='lat' dir='ltr'><strong>Et</strong></span> <span class='ocrx_word' id='word_1_614' title='bbox 2344 2343 2455 2403; x_wconf 79' lang='lat' dir='ltr'><strong>post</strong></span> <span class='ocrx_word' id='word_1_615' title='bbox 2477 2334 2828 2405; x_wconf 82' lang='lat' dir='ltr'><strong>septemdecim</strong></span> <span class='ocrx_word' id='word_1_616' title='bbox 2855 2348 3024 2389; x_wconf 76' lang='lat' dir='ltr'><strong>versus</strong></span> <span class='ocrx_word' id='word_1_617' title='bbox 3046 2348 3068 2388; x_wconf 89' lang='lat'><strong>:</strong></span> <span class='ocrx_word' id='word_1_618' title='bbox 3087 2333 3207 2389; x_wconf 83' lang='lat' dir='ltr'><strong>Non</strong></span> <span class='ocrx_word' id='word_1_619' title='bbox 3234 2342 3377 2388; x_wconf 88' lang='lat' dir='ltr'><strong>amat</strong></span> <span class='ocrx_word' id='word_1_620' title='bbox 3404 2334 3660 2404; x_wconf 87' lang='lat' dir='ltr'><strong>pestilens</strong></span> 
     </span>
    </p>
   </div>
   <div class='ocr_carea' id='block_1_84' title="bbox 2072 2425 3659 2497">
    <p class='ocr_par' dir='ltr' id='par_1_84' title="bbox 2072 2425 3659 2497">
     <span class='ocr_line' id='line_1_84' title="bbox 2072 2425 3659 2497; baseline 0 -18"><span class='ocrx_word' id='word_1_621' title='bbox 2072 2439 2193 2480; x_wconf 92' lang='lat' dir='ltr'><strong>eum</strong></span> <span class='ocrx_word' id='word_1_622' title='bbox 2229 2426 2318 2496; x_wconf 89' lang='lat' dir='ltr'><strong>qui</strong></span> <span class='ocrx_word' id='word_1_623' title='bbox 2353 2441 2412 2481; x_wconf 91' lang='lat' dir='ltr'><strong>se</strong></span> <span class='ocrx_word' id='word_1_624' title='bbox 2446 2427 2702 2497; x_wconf 90' lang='lat' dir='ltr'><strong>corripit,</strong></span> <span class='ocrx_word' id='word_1_625' title='bbox 2739 2441 2840 2481; x_wconf 90' lang='lat' dir='ltr'><strong>nec</strong></span> <span class='ocrx_word' id='word_1_626' title='bbox 2875 2426 2944 2481; x_wconf 88' lang='lat' dir='ltr'><strong>ad</strong></span> <span class='ocrx_word' id='word_1_627' title='bbox 2990 2426 3259 2496; x_wconf 77' lang='lat' dir='ltr'><strong>sapientes</strong></span> <span class='ocrx_word' id='word_1_628' title='bbox 3289 2426 3548 2496; x_wconf 89' lang='lat' dir='ltr'><strong>graditur.</strong></span> <span class='ocrx_word' id='word_1_629' title='bbox 3590 2425 3659 2480; x_wconf 83' lang='lat' dir='ltr'><strong>Et</strong></span> 
     </span>
    </p>
   </div>
   <div class='ocr_carea' id='block_1_85' title="bbox 2073 2515 3660 2588">
    <p class='ocr_par' dir='ltr' id='par_1_85' title="bbox 2073 2515 3660 2588">
     <span class='ocr_line' id='line_1_85' title="bbox 2073 2515 3660 2588; baseline -0.001 -15"><span class='ocrx_word' id='word_1_630' title='bbox 2073 2527 2186 2587; x_wconf 75' lang='lat' dir='ltr'><strong>post</strong></span> <span class='ocrx_word' id='word_1_631' title='bbox 2216 2515 2481 2572; x_wconf 81' lang='lat' dir='ltr'><strong>duodecim</strong></span> <span class='ocrx_word' id='word_1_632' title='bbox 2520 2535 2690 2573; x_wconf 76' lang='lat' dir='ltr'><strong>versus</strong></span> <span class='ocrx_word' id='word_1_633' title='bbox 2718 2533 2738 2573; x_wconf 91' lang='lat'><strong><em>:</em></strong></span> <span class='ocrx_word' id='word_1_634' title='bbox 2763 2518 2952 2573; x_wconf 82' lang='lat' dir='ltr'><strong>Melius</strong></span> <span class='ocrx_word' id='word_1_635' title='bbox 2976 2527 3059 2572; x_wconf 91' lang='lat' dir='ltr'><strong>est</strong></span> <span class='ocrx_word' id='word_1_636' title='bbox 3094 2533 3281 2588; x_wconf 89' lang='lat' dir='ltr'><strong>parum</strong></span> <span class='ocrx_word' id='word_1_637' title='bbox 3314 2533 3435 2572; x_wconf 93' lang='lat' dir='ltr'><strong>cum</strong></span> <span class='ocrx_word' id='word_1_638' title='bbox 3468 2519 3660 2573; x_wconf 84' lang='lat' dir='ltr'><strong>timore</strong></span> 
     </span>
    </p>
   </div>
   <div class='ocr_carea' id='block_1_86' title="bbox 2074 2607 3659 2679">
    <p class='ocr_par' dir='ltr' id='par_1_86' title="bbox 2074 2607 3659 2679">
     <span class='ocr_line' id='line_1_86' title="bbox 2074 2607 3659 2679; baseline 0.001 -18"><span class='ocrx_word' id='word_1_639' title='bbox 2074 2608 2317 2675; x_wconf 90' lang='lat' dir='ltr'><strong>Domini,</strong></span> <span class='ocrx_word' id='word_1_640' title='bbox 2345 2624 2505 2679; x_wconf 89' lang='lat' dir='ltr'><strong>quam</strong></span> <span class='ocrx_word' id='word_1_641' title='bbox 2531 2609 2766 2664; x_wconf 91' lang='lat' dir='ltr'><strong>thesauri</strong></span> <span class='ocrx_word' id='word_1_642' title='bbox 2795 2607 2972 2678; x_wconf 85' lang='lat' dir='ltr'><strong>magni</strong></span> <span class='ocrx_word' id='word_1_643' title='bbox 3010 2615 3065 2663; x_wconf 90' lang='lat' dir='ltr'><strong>et</strong></span> <span class='ocrx_word' id='word_1_644' title='bbox 3099 2608 3445 2663; x_wconf 91' lang='lat' dir='ltr'><strong>insatiabiles.</strong></span> <span class='ocrx_word' id='word_1_645' title='bbox 3470 2607 3659 2663; x_wconf 78' lang='lat' dir='ltr'><strong>Melius</strong></span> 
     </span>
    </p>
   </div>
   <div class='ocr_carea' id='block_1_87' title="bbox 2073 2699 3757 2770">
    <p class='ocr_par' dir='ltr' id='par_1_87' title="bbox 2073 2699 3757 2770">
     <span class='ocr_line' id='line_1_87' title="bbox 2073 2699 3757 2770; baseline -0.001 -15"><span class='ocrx_word' id='word_1_646' title='bbox 2073 2707 2158 2755; x_wconf 84' lang='lat' dir='ltr'><strong>est</strong></span> <span class='ocrx_word' id='word_1_647' title='bbox 2182 2700 2361 2755; x_wconf 86' lang='lat' dir='ltr'><strong>vocari</strong></span> <span class='ocrx_word' id='word_1_648' title='bbox 2396 2699 2464 2755; x_wconf 92' lang='lat' dir='ltr'><strong>ad</strong></span> <span class='ocrx_word' id='word_1_649' title='bbox 2501 2700 2646 2755; x_wconf 86' lang='lat' dir='ltr'><strong>olera</strong></span> <span class='ocrx_word' id='word_1_650' title='bbox 2686 2715 2807 2755; x_wconf 92' lang='lat' dir='ltr'><strong>cum</strong></span> <span class='ocrx_word' id='word_1_651' title='bbox 2837 2700 3117 2763; x_wconf 90' lang='lat' dir='ltr'><strong>eharitate,</strong></span> <span class='ocrx_word' id='word_1_652' title='bbox 3146 2715 3303 2770; x_wconf 91' lang='lat' dir='ltr'><strong>quam</strong></span> <span class='ocrx_word' id='word_1_653' title='bbox 3334 2700 3401 2754; x_wconf 92' lang='lat' dir='ltr'><strong>ad</strong></span> <span class='ocrx_word' id='word_1_654' title='bbox 3432 2699 3656 2754; x_wconf 90' lang='lat' dir='ltr'><strong>vitulum</strong></span> <span class='ocrx_word' id='word_1_655' title='bbox 3749 2710 3757 2717; x_wconf 83' lang='lat'><strong><em>‘</em></strong></span> 
     </span>
    </p>
   </div>
   <div class='ocr_carea' id='block_1_88' title="bbox 2073 2789 3655 2861">
    <p class='ocr_par' dir='ltr' id='par_1_88' title="bbox 2073 2789 3655 2861">
     <span class='ocr_line' id='line_1_88' title="bbox 2073 2789 3655 2861; baseline 0.001 -18"><span class='ocrx_word' id='word_1_656' title='bbox 2073 2789 2371 2860; x_wconf 82' lang='lat' dir='ltr'><strong>saginatum</strong></span> <span class='ocrx_word' id='word_1_657' title='bbox 2411 2807 2533 2846; x_wconf 91' lang='lat' dir='ltr'><strong>cum</strong></span> <span class='ocrx_word' id='word_1_658' title='bbox 2563 2791 2706 2847; x_wconf 94' lang='lat' dir='ltr'><strong>odio.</strong></span> <span class='ocrx_word' id='word_1_659' title='bbox 2737 2790 2832 2845; x_wconf 89' lang='lat' dir='ltr'><strong>Vir</strong></span> <span class='ocrx_word' id='word_1_660' title='bbox 2859 2791 3145 2846; x_wconf 91' lang='lat' dir='ltr'><strong>iracundus</strong></span> <span class='ocrx_word' id='word_1_661' title='bbox 3187 2799 3442 2861; x_wconf 87' lang='lat' dir='ltr'><strong>provocat</strong></span> <span class='ocrx_word' id='word_1_662' title='bbox 3470 2792 3655 2847; x_wconf 79' lang='lat' dir='ltr'><strong>rixas:</strong></span> 
     </span>
    </p>
   </div>
   <div class='ocr_carea' id='block_1_89' title="bbox 2074 2880 3659 2953">
    <p class='ocr_par' dir='ltr' id='par_1_89' title="bbox 2074 2880 3659 2953">
     <span class='ocr_line' id='line_1_89' title="bbox 2074 2880 3659 2953; baseline 0.002 -19"><span class='ocrx_word' id='word_1_663' title='bbox 2074 2882 2163 2950; x_wconf 82' lang='lat' dir='ltr'><strong>qui</strong></span> <span class='ocrx_word' id='word_1_664' title='bbox 2190 2880 2397 2951; x_wconf 90' lang='lat' dir='ltr'><strong>patiens</strong></span> <span class='ocrx_word' id='word_1_665' title='bbox 2418 2891 2502 2937; x_wconf 91' lang='lat' dir='ltr'><strong>est</strong></span> <span class='ocrx_word' id='word_1_666' title='bbox 2522 2883 2729 2953; x_wconf 84' lang='lat' dir='ltr'><strong>mitigat</strong></span> <span class='ocrx_word' id='word_1_667' title='bbox 2753 2881 3057 2938; x_wconf 88' lang='lat' dir='ltr'><strong>suscitatas.</strong></span> <span class='ocrx_word' id='word_1_668' title='bbox 3081 2881 3188 2937; x_wconf 86' lang='lat' dir='ltr'><strong>lter</strong></span> <span class='ocrx_word' id='word_1_669' title='bbox 3213 2884 3483 2953; x_wconf 88' lang='lat' dir='ltr'><strong>pigrorum</strong></span> <span class='ocrx_word' id='word_1_670' title='bbox 3507 2882 3659 2953; x_wconf 90' lang='lat' dir='ltr'><strong>quasi</strong></span> 
     </span>
    </p>
   </div>
   <div class='ocr_carea' id='block_1_90' title="bbox 2075 2972 3659 3045">
    <p class='ocr_par' dir='ltr' id='par_1_90' title="bbox 2075 2972 3659 3045">
     <span class='ocr_line' id='line_1_90' title="bbox 2075 2972 3659 3045; baseline 0.003 -20"><span class='ocrx_word' id='word_1_671' title='bbox 2075 2986 2229 3041; x_wconf 85' lang='lat' dir='ltr'><strong>sepes</strong></span> <span class='ocrx_word' id='word_1_672' title='bbox 2268 2974 2542 3042; x_wconf 89' lang='lat' dir='ltr'><strong>spinarum</strong></span> <span class='ocrx_word' id='word_1_673' title='bbox 2582 2991 2597 3029; x_wconf 92' lang='lat'><strong>:</strong></span> <span class='ocrx_word' id='word_1_674' title='bbox 2642 2974 2726 3030; x_wconf 92' lang='lat' dir='ltr'><strong>via</strong></span> <span class='ocrx_word' id='word_1_675' title='bbox 2762 2973 3026 3045; x_wconf 89' lang='lat' dir='ltr'><strong>justorum</strong></span> <span class='ocrx_word' id='word_1_676' title='bbox 3073 2973 3274 3044; x_wconf 87' lang='lat' dir='ltr'><strong>absque</strong></span> <span class='ocrx_word' id='word_1_677' title='bbox 3316 2972 3659 3039; x_wconf 80' lang='lat' dir='ltr'><strong>oﬁ‘eudiculo.</strong></span> 
     </span>
    </p>
   </div>
   <div class='ocr_carea' id='block_1_91' title="bbox 2075 3062 3659 3135">
    <p class='ocr_par' dir='ltr' id='par_1_91' title="bbox 2075 3062 3659 3135">
     <span class='ocr_line' id='line_1_91' title="bbox 2075 3062 3659 3135; baseline 0.003 -18"><span class='ocrx_word' id='word_1_678' title='bbox 2075 3062 2241 3119; x_wconf 87' lang='lat' dir='ltr'><strong>Filius</strong></span> <span class='ocrx_word' id='word_1_679' title='bbox 2270 3066 2482 3135; x_wconf 88' lang='lat' dir='ltr'><strong>sapiens</strong></span> <span class='ocrx_word' id='word_1_680' title='bbox 2509 3066 2739 3121; x_wconf 72' lang='lat' dir='ltr'><strong>laztiﬁcat</strong></span> <span class='ocrx_word' id='word_1_681' title='bbox 2771 3077 2972 3135; x_wconf 88' lang='lat' dir='ltr'><strong>patrem</strong></span> <span class='ocrx_word' id='word_1_682' title='bbox 3011 3084 3024 3120; x_wconf 94' lang='lat'><strong>:</strong></span> <span class='ocrx_word' id='word_1_683' title='bbox 3055 3075 3111 3122; x_wconf 91' lang='lat' dir='ltr'><strong>et</strong></span> <span class='ocrx_word' id='word_1_684' title='bbox 3138 3067 3331 3121; x_wconf 91' lang='lat' dir='ltr'><strong>stultus</strong></span> <span class='ocrx_word' id='word_1_685' title='bbox 3358 3067 3519 3122; x_wconf 93' lang='lat' dir='ltr'><strong>homo</strong></span> <span class='ocrx_word' id='word_1_686' title='bbox 3561 3066 3659 3122; x_wconf 88' lang='lat' dir='ltr'><strong>de-</strong></span> 
     </span>
    </p>
   </div>
   <div class='ocr_carea' id='block_1_92' title="bbox 2076 3156 3664 3229">
    <p class='ocr_par' dir='ltr' id='par_1_92' title="bbox 2076 3156 3664 3229">
     <span class='ocr_line' id='line_1_92' title="bbox 2076 3156 3664 3229; baseline 0.001 -19"><span class='ocrx_word' id='word_1_687' title='bbox 2076 3156 2232 3225; x_wconf 90' lang='lat' dir='ltr'><strong>spicit</strong></span> <span class='ocrx_word' id='word_1_688' title='bbox 2254 3167 2478 3212; x_wconf 90' lang='lat' dir='ltr'><strong>matrem</strong></span> <span class='ocrx_word' id='word_1_689' title='bbox 2509 3173 2683 3212; x_wconf 91' lang='lat' dir='ltr'><strong>suam.</strong></span> <span class='ocrx_word' id='word_1_690' title='bbox 2709 3156 2779 3211; x_wconf 86' lang='lat' dir='ltr'><strong>Et</strong></span> <span class='ocrx_word' id='word_1_691' title='bbox 2808 3168 2919 3228; x_wconf 86' lang='lat' dir='ltr'><strong>post</strong></span> <span class='ocrx_word' id='word_1_692' title='bbox 2944 3158 3071 3212; x_wconf 79' lang='lat' dir='ltr'><strong>duos</strong></span> <span class='ocrx_word' id='word_1_693' title='bbox 3096 3174 3266 3212; x_wconf 77' lang='lat' dir='ltr'><strong>versus</strong></span> <span class='ocrx_word' id='word_1_694' title='bbox 3285 3174 3305 3213; x_wconf 90' lang='lat'><strong>:</strong></span> <span class='ocrx_word' id='word_1_695' title='bbox 3330 3159 3664 3229; x_wconf 88' lang='lat' dir='ltr'><strong>Dissipantur</strong></span> 
     </span>
    </p>
   </div>
   <div class='ocr_carea' id='block_1_93' title="bbox 2076 3248 3667 3321">
    <p class='ocr_par' dir='ltr' id='par_1_93' title="bbox 2076 3248 3667 3321">
     <span class='ocr_line' id='line_1_93' title="bbox 2076 3248 3667 3321; baseline 0.002 -19"><span class='ocrx_word' id='word_1_696' title='bbox 2076 3248 2425 3319; x_wconf 86' lang='lat' dir='ltr'><strong>cogitationes</strong></span> <span class='ocrx_word' id='word_1_697' title='bbox 2465 3250 2553 3305; x_wconf 91' lang='lat' dir='ltr'><strong>ubi</strong></span> <span class='ocrx_word' id='word_1_698' title='bbox 2594 3265 2698 3304; x_wconf 90' lang='lat' dir='ltr'><strong>non</strong></span> <span class='ocrx_word' id='word_1_699' title='bbox 2730 3260 2812 3304; x_wconf 89' lang='lat' dir='ltr'><strong>est</strong></span> <span class='ocrx_word' id='word_1_700' title='bbox 2845 3251 3124 3306; x_wconf 88' lang='lat' dir='ltr'><strong>consilium</strong></span> <span class='ocrx_word' id='word_1_701' title='bbox 3150 3268 3166 3306; x_wconf 92' lang='lat'><strong>:</strong></span> <span class='ocrx_word' id='word_1_702' title='bbox 3197 3250 3287 3305; x_wconf 89' lang='lat' dir='ltr'><strong>ubi</strong></span> <span class='ocrx_word' id='word_1_703' title='bbox 3328 3266 3457 3305; x_wconf 88' lang='lat' dir='ltr'><strong>vero</strong></span> <span class='ocrx_word' id='word_1_704' title='bbox 3485 3250 3667 3321; x_wconf 75' lang='lat' dir='ltr'><strong>plures</strong></span> 
     </span>
    </p>
   </div>
   <div class='ocr_carea' id='block_1_94' title="bbox 2076 3340 3663 3407">
    <p class='ocr_par' dir='ltr' id='par_1_94' title="bbox 2076 3340 3663 3407">
     <span class='ocr_line' id='line_1_94' title="bbox 2076 3340 3663 3407; baseline 0.001 -13"><span class='ocrx_word' id='word_1_705' title='bbox 2076 3349 2202 3395; x_wconf 89' lang='lat' dir='ltr'><strong>sunt</strong></span> <span class='ocrx_word' id='word_1_706' title='bbox 2232 3341 2540 3407; x_wconf 89' lang='lat' dir='ltr'><strong>consiliarii,</strong></span> <span class='ocrx_word' id='word_1_707' title='bbox 2567 3340 2967 3396; x_wconf 90' lang='lat' dir='ltr'><strong>conﬁrmantur.</strong></span> <span class='ocrx_word' id='word_1_708' title='bbox 2999 3340 3230 3395; x_wconf 70' lang='lat' dir='ltr'><strong>Lmtatur</strong></span> <span class='ocrx_word' id='word_1_709' title='bbox 3253 3340 3415 3395; x_wconf 90' lang='lat' dir='ltr'><strong>homo</strong></span> <span class='ocrx_word' id='word_1_710' title='bbox 3439 3340 3491 3394; x_wconf 91' lang='lat' dir='ltr'><strong>in</strong></span> <span class='ocrx_word' id='word_1_711' title='bbox 3534 3356 3663 3396; x_wconf 84' lang='lat' dir='ltr'><strong>sen-</strong></span> 
     </span>
    </p>
   </div>
   <div class='ocr_carea' id='block_1_95' title="bbox 2080 3432 3664 3503">
    <p class='ocr_par' dir='ltr' id='par_1_95' title="bbox 2080 3432 3664 3503">
     <span class='ocr_line' id='line_1_95' title="bbox 2080 3432 3664 3503; baseline 0.003 -17"><span class='ocrx_word' id='word_1_712' title='bbox 2080 3432 2243 3487; x_wconf 89' lang='lat' dir='ltr'><strong>tentia</strong></span> <span class='ocrx_word' id='word_1_713' title='bbox 2283 3433 2394 3488; x_wconf 89' lang='lat' dir='ltr'><strong>oris</strong></span> <span class='ocrx_word' id='word_1_714' title='bbox 2438 3432 2560 3500; x_wconf 89' lang='lat' dir='ltr'><strong>sui;</strong></span> <span class='ocrx_word' id='word_1_715' title='bbox 2604 3442 2661 3489; x_wconf 91' lang='lat' dir='ltr'><strong>et</strong></span> <span class='ocrx_word' id='word_1_716' title='bbox 2701 3449 2880 3488; x_wconf 88' lang='lat' dir='ltr'><strong>scrmo</strong></span> <span class='ocrx_word' id='word_1_717' title='bbox 2922 3442 3251 3503; x_wconf 89' lang='lat' dir='ltr'><strong>opportunus</strong></span> <span class='ocrx_word' id='word_1_718' title='bbox 3287 3442 3371 3488; x_wconf 92' lang='lat' dir='ltr'><strong>est</strong></span> <span class='ocrx_word' id='word_1_719' title='bbox 3411 3434 3664 3503; x_wconf 88' lang='lat' dir='ltr'><strong>optimus.</strong></span> 
     </span>
    </p>
   </div>
   <div class='ocr_carea' id='block_1_96' title="bbox 2080 3522 3666 3594">
    <p class='ocr_par' dir='ltr' id='par_1_96' title="bbox 2080 3522 3666 3594">
     <span class='ocr_line' id='line_1_96' title="bbox 2080 3522 3666 3594; baseline 0.002 -16"><span class='ocrx_word' id='word_1_720' title='bbox 2080 3522 2280 3578; x_wconf 89' lang='lat' dir='ltr'><strong>Semita</strong></span> <span class='ocrx_word' id='word_1_721' title='bbox 2320 3524 2440 3578; x_wconf 67' lang='lat' dir='ltr'><strong>vita:</strong></span> <span class='ocrx_word' id='word_1_722' title='bbox 2474 3538 2636 3594; x_wconf 91' lang='lat' dir='ltr'><strong>super</strong></span> <span class='ocrx_word' id='word_1_723' title='bbox 2672 3524 2960 3591; x_wconf 90' lang='lat' dir='ltr'><strong>eruditum,</strong></span> <span class='ocrx_word' id='word_1_724' title='bbox 2990 3532 3047 3578; x_wconf 90' lang='lat' dir='ltr'><strong>ut</strong></span> <span class='ocrx_word' id='word_1_725' title='bbox 3081 3523 3314 3579; x_wconf 88' lang='lat' dir='ltr'><strong>declinet</strong></span> <span class='ocrx_word' id='word_1_726' title='bbox 3348 3524 3417 3579; x_wconf 92' lang='lat' dir='ltr'><strong>de</strong></span> <span class='ocrx_word' id='word_1_727' title='bbox 3456 3523 3666 3581; x_wconf 80' lang='lat' dir='ltr'><strong>inferno</strong></span> 
     </span>
    </p>
   </div>
   <div class='ocr_carea' id='block_1_97' title="bbox 2080 3614 3665 3687">
    <p class='ocr_par' dir='ltr' id='par_1_97' title="bbox 2080 3614 3665 3687">
     <span class='ocr_line' id='line_1_97' title="bbox 2080 3614 3665 3687; baseline 0.001 -17"><span class='ocrx_word' id='word_1_728' title='bbox 2080 3614 2397 3670; x_wconf 84' lang='lat' dir='ltr'><strong>novissimo.</strong></span> <span class='ocrx_word' id='word_1_729' title='bbox 2421 3615 2487 3669; x_wconf 83' lang='lat' dir='ltr'><strong>Et</strong></span> <span class='ocrx_word' id='word_1_730' title='bbox 2513 3626 2625 3687; x_wconf 76' lang='lat' dir='ltr'><strong>post</strong></span> <span class='ocrx_word' id='word_1_731' title='bbox 2651 3624 2865 3686; x_wconf 80' lang='lat' dir='ltr'><strong>quatuor</strong></span> <span class='ocrx_word' id='word_1_732' title='bbox 2893 3632 3062 3670; x_wconf 80' lang='lat' dir='ltr'><strong>versus</strong></span> <span class='ocrx_word' id='word_1_733' title='bbox 3082 3629 3102 3670; x_wconf 89' lang='lat'><strong>:</strong></span> <span class='ocrx_word' id='word_1_734' title='bbox 3126 3614 3422 3671; x_wconf 89' lang='lat' dir='ltr'><strong>Couturbat</strong></span> <span class='ocrx_word' id='word_1_735' title='bbox 3447 3615 3665 3671; x_wconf 89' lang='lat' dir='ltr'><strong>domum</strong></span> 
     </span>
    </p>
   </div>
   <div class='ocr_carea' id='block_1_98' title="bbox 2080 3709 3669 3781">
    <p class='ocr_par' dir='ltr' id='par_1_98' title="bbox 2080 3709 3669 3781">
     <span class='ocr_line' id='line_1_98' title="bbox 2080 3709 3669 3781; baseline 0 -18"><span class='ocrx_word' id='word_1_736' title='bbox 2080 3724 2254 3777; x_wconf 90' lang='lat' dir='ltr'><strong>suam,</strong></span> <span class='ocrx_word' id='word_1_737' title='bbox 2281 3710 2370 3781; x_wconf 91' lang='lat' dir='ltr'><strong>qui</strong></span> <span class='ocrx_word' id='word_1_738' title='bbox 2412 3718 2647 3764; x_wconf 88' lang='lat' dir='ltr'><strong>sectatur</strong></span> <span class='ocrx_word' id='word_1_739' title='bbox 2688 3709 2962 3764; x_wconf 89' lang='lat' dir='ltr'><strong>avaritiam</strong></span> <span class='ocrx_word' id='word_1_740' title='bbox 2998 3727 3011 3763; x_wconf 88' lang='lat'><strong>:</strong></span> <span class='ocrx_word' id='word_1_741' title='bbox 3055 3709 3142 3779; x_wconf 89' lang='lat' dir='ltr'><strong>qui</strong></span> <span class='ocrx_word' id='word_1_742' title='bbox 3189 3717 3365 3763; x_wconf 88' lang='lat' dir='ltr'><strong>autem</strong></span> <span class='ocrx_word' id='word_1_743' title='bbox 3400 3709 3513 3764; x_wconf 91' lang='lat' dir='ltr'><strong>odit</strong></span> <span class='ocrx_word' id='word_1_744' title='bbox 3552 3726 3669 3764; x_wconf 89' lang='lat' dir='ltr'><strong>mu-</strong></span> 
     </span>
    </p>
   </div>
   <div class='ocr_carea' id='block_1_99' title="bbox 2082 3799 3672 3871">
    <p class='ocr_par' dir='ltr' id='par_1_99' title="bbox 2082 3799 3672 3871">
     <span class='ocr_line' id='line_1_99' title="bbox 2082 3799 3672 3871; baseline -0.001 -15"><span class='ocrx_word' id='word_1_745' title='bbox 2082 3817 2211 3857; x_wconf 90' lang='lat' dir='ltr'><strong>nera</strong></span> <span class='ocrx_word' id='word_1_746' title='bbox 2231 3843 2245 3866; x_wconf 91' lang='lat'><strong>,</strong></span> <span class='ocrx_word' id='word_1_747' title='bbox 2276 3802 2435 3858; x_wconf 85' lang='lat' dir='ltr'><strong>vivet.</strong></span> <span class='ocrx_word' id='word_1_748' title='bbox 2466 3801 2613 3855; x_wconf 82' lang='lat' dir='ltr'><strong>Meus</strong></span> <span class='ocrx_word' id='word_1_749' title='bbox 2648 3799 2777 3871; x_wconf 90' lang='lat' dir='ltr'><strong>justi</strong></span> <span class='ocrx_word' id='word_1_750' title='bbox 2809 3799 3151 3854; x_wconf 87' lang='lat' dir='ltr'><strong>meditabitur</strong></span> <span class='ocrx_word' id='word_1_751' title='bbox 3179 3799 3536 3855; x_wconf 83' lang='lat' dir='ltr'><strong>obedientiam</strong></span> <span class='ocrx_word' id='word_1_752' title='bbox 3562 3817 3576 3854; x_wconf 93' lang='lat'><strong>:</strong></span> <span class='ocrx_word' id='word_1_753' title='bbox 3609 3815 3672 3854; x_wconf 90' lang='lat' dir='ltr'><strong>os</strong></span> 
     </span>
    </p>
   </div>
   <div class='ocr_carea' id='block_1_100' title="bbox 2084 3891 3673 3964">
    <p class='ocr_par' dir='ltr' id='par_1_100' title="bbox 2084 3891 3673 3964">
     <span class='ocr_line' id='line_1_100' title="bbox 2084 3891 3673 3964; baseline -0.001 -15"><span class='ocrx_word' id='word_1_754' title='bbox 2084 3894 2365 3964; x_wconf 90' lang='lat' dir='ltr'><strong>impiorum</strong></span> <span class='ocrx_word' id='word_1_755' title='bbox 2421 3891 2684 3947; x_wconf 86' lang='lat' dir='ltr'><strong>redundat</strong></span> <span class='ocrx_word' id='word_1_756' title='bbox 2733 3892 2905 3946; x_wconf 90' lang='lat' dir='ltr'><strong>malis.</strong></span> <span class='ocrx_word' id='word_1_757' title='bbox 2952 3892 3134 3963; x_wconf 88' lang='lat' dir='ltr'><strong>Longe</strong></span> <span class='ocrx_word' id='word_1_758' title='bbox 3181 3900 3266 3947; x_wconf 92' lang='lat' dir='ltr'><strong>est</strong></span> <span class='ocrx_word' id='word_1_759' title='bbox 3309 3892 3563 3946; x_wconf 90' lang='lat' dir='ltr'><strong>Dominus</strong></span> <span class='ocrx_word' id='word_1_760' title='bbox 3601 3893 3673 3948; x_wconf 89' lang='lat' dir='ltr'><strong>ab</strong></span> 
     </span>
    </p>
   </div>
   <div class='ocr_carea' id='block_1_101' title="bbox 2083 3982 3671 4053">
    <p class='ocr_par' dir='ltr' id='par_1_101' title="bbox 2083 3982 3671 4053">
     <span class='ocr_line' id='line_1_101' title="bbox 2083 3982 3671 4053; baseline 0 -15"><span class='ocrx_word' id='word_1_761' title='bbox 2083 3984 2294 4053; x_wconf 88' lang='lat' dir='ltr'><strong>impiis;</strong></span> <span class='ocrx_word' id='word_1_762' title='bbox 2320 3992 2376 4039; x_wconf 93' lang='lat' dir='ltr'><strong>et</strong></span> <span class='ocrx_word' id='word_1_763' title='bbox 2394 3983 2943 4053; x_wconf 88' lang='lat' dir='ltr'><strong>orationesjustorum</strong></span> <span class='ocrx_word' id='word_1_764' title='bbox 2969 3983 3233 4038; x_wconf 85' lang='lat' dir='ltr'><strong>exaudiet.</strong></span> <span class='ocrx_word' id='word_1_765' title='bbox 3258 3982 3371 4038; x_wconf 85' lang='lat' dir='ltr'><strong>Lux</strong></span> <span class='ocrx_word' id='word_1_766' title='bbox 3393 3984 3671 4038; x_wconf 84' lang='lat' dir='ltr'><strong>oculorum</strong></span> 
     </span>
    </p>
   </div>
   <div class='ocr_carea' id='block_1_102' title="bbox 2084 4074 3672 4145">
    <p class='ocr_par' dir='ltr' id='par_1_102' title="bbox 2084 4074 3672 4145">
     <span class='ocr_line' id='line_1_102' title="bbox 2084 4074 3672 4145; baseline 0.002 -17"><span class='ocrx_word' id='word_1_767' title='bbox 2084 4074 2316 4129; x_wconf 81' lang='lat' dir='ltr'><strong>laetiﬁcat</strong></span> <span class='ocrx_word' id='word_1_768' title='bbox 2348 4076 2580 4129; x_wconf 90' lang='lat' dir='ltr'><strong>animam</strong></span> <span class='ocrx_word' id='word_1_769' title='bbox 2606 4092 2618 4128; x_wconf 93' lang='lat'><strong>:</strong></span> <span class='ocrx_word' id='word_1_770' title='bbox 2649 4074 2786 4129; x_wconf 82' lang='lat' dir='ltr'><strong>fama</strong></span> <span class='ocrx_word' id='word_1_771' title='bbox 2822 4075 2961 4130; x_wconf 90' lang='lat' dir='ltr'><strong>bona</strong></span> <span class='ocrx_word' id='word_1_772' title='bbox 2999 4074 3293 4145; x_wconf 88' lang='lat' dir='ltr'><strong>impinguat</strong></span> <span class='ocrx_word' id='word_1_773' title='bbox 3333 4091 3474 4131; x_wconf 93' lang='lat' dir='ltr'><strong>ossa.</strong></span> <span class='ocrx_word' id='word_1_774' title='bbox 3511 4076 3672 4131; x_wconf 85' lang='lat' dir='ltr'><strong>Auris</strong></span> 
     </span>
    </p>
   </div>
   <div class='ocr_carea' id='block_1_103' title="bbox 2083 4165 3671 4237">
    <p class='ocr_par' dir='ltr' id='par_1_103' title="bbox 2083 4165 3671 4237">
     <span class='ocr_line' id='line_1_103' title="bbox 2083 4165 3671 4237; baseline 0 -17"><span class='ocrx_word' id='word_1_775' title='bbox 2083 4182 2201 4237; x_wconf 73' lang='lat' dir='ltr'><strong>qua:</strong></span> <span class='ocrx_word' id='word_1_776' title='bbox 2238 4165 2387 4221; x_wconf 85' lang='lat' dir='ltr'><strong>audit</strong></span> <span class='ocrx_word' id='word_1_777' title='bbox 2427 4167 2817 4236; x_wconf 90' lang='lat' dir='ltr'><strong>iucrepationes</strong></span> <span class='ocrx_word' id='word_1_778' title='bbox 2854 4166 2996 4230; x_wconf 85' lang='lat' dir='ltr'><strong>vitae,</strong></span> <span class='ocrx_word' id='word_1_779' title='bbox 3040 4166 3091 4220; x_wconf 91' lang='lat' dir='ltr'><strong>in</strong></span> <span class='ocrx_word' id='word_1_780' title='bbox 3137 4166 3313 4220; x_wconf 91' lang='lat' dir='ltr'><strong>medio</strong></span> <span class='ocrx_word' id='word_1_781' title='bbox 3352 4167 3671 4237; x_wconf 86' lang='lat' dir='ltr'><strong>sapientium</strong></span> 
     </span>
    </p>
   </div>
   <div class='ocr_carea' id='block_1_104' title="bbox 2084 4256 3675 4327">
    <p class='ocr_par' dir='ltr' id='par_1_104' title="bbox 2084 4256 3675 4327">
     <span class='ocr_line' id='line_1_104' title="bbox 2084 4256 3675 4327; baseline -0.001 -15"><span class='ocrx_word' id='word_1_782' title='bbox 2084 4258 2519 4312; x_wconf 89' lang='lat' dir='ltr'><strong>commorabitur.</strong></span> <span class='ocrx_word' id='word_1_783' title='bbox 2547 4258 2647 4325; x_wconf 90' lang='lat' dir='ltr'><strong>Qui</strong></span> <span class='ocrx_word' id='word_1_784' title='bbox 2688 4257 2869 4326; x_wconf 89' lang='lat' dir='ltr'><strong>abjicit</strong></span> <span class='ocrx_word' id='word_1_785' title='bbox 2907 4257 3262 4326; x_wconf 85' lang='lat' dir='ltr'><strong>disciplinam,</strong></span> <span class='ocrx_word' id='word_1_786' title='bbox 3300 4256 3526 4327; x_wconf 91' lang='lat' dir='ltr'><strong>despicit</strong></span> <span class='ocrx_word' id='word_1_787' title='bbox 3557 4257 3675 4311; x_wconf 86' lang='lat' dir='ltr'><strong>ani-</strong></span> 
     </span>
    </p>
   </div>
   <div class='ocr_carea' id='block_1_105' title="bbox 2085 4347 3667 4420">
    <p class='ocr_par' dir='ltr' id='par_1_105' title="bbox 2085 4347 3667 4420">
     <span class='ocr_line' id='line_1_105' title="bbox 2085 4347 3667 4420; baseline -0.002 -15"><span class='ocrx_word' id='word_1_788' title='bbox 2085 4366 2227 4405; x_wconf 90' lang='lat' dir='ltr'><strong>mam</strong></span> <span class='ocrx_word' id='word_1_789' title='bbox 2272 4366 2460 4404; x_wconf 90' lang='lat' dir='ltr'><strong>suam:</strong></span> <span class='ocrx_word' id='word_1_790' title='bbox 2502 4350 2593 4420; x_wconf 92' lang='lat' dir='ltr'><strong>qui</strong></span> <span class='ocrx_word' id='word_1_791' title='bbox 2636 4358 2812 4403; x_wconf 89' lang='lat' dir='ltr'><strong>autem</strong></span> <span class='ocrx_word' id='word_1_792' title='bbox 2861 4348 3150 4417; x_wconf 86' lang='lat' dir='ltr'><strong>acquiescit</strong></span> <span class='ocrx_word' id='word_1_793' title='bbox 3199 4347 3667 4417; x_wconf 84' lang='lat' dir='ltr'><strong>increpationibus,</strong></span> 
     </span>
    </p>
   </div>
   <div class='ocr_carea' id='block_1_106' title="bbox 2087 4435 3674 4510">
    <p class='ocr_par' dir='ltr' id='par_1_106' title="bbox 2087 4435 3674 4510">
     <span class='ocr_line' id='line_1_106' title="bbox 2087 4435 3674 4510; baseline -0.002 -17"><span class='ocrx_word' id='word_1_794' title='bbox 2087 4454 2364 4510; x_wconf 89' lang='lat' dir='ltr'><strong>possessor</strong></span> <span class='ocrx_word' id='word_1_795' title='bbox 2406 4447 2491 4494; x_wconf 92' lang='lat' dir='ltr'><strong>est</strong></span> <span class='ocrx_word' id='word_1_796' title='bbox 2530 4437 2727 4492; x_wconf 87' lang='lat' dir='ltr'><strong>cordis.</strong></span> <span class='ocrx_word' id='word_1_797' title='bbox 2768 4438 2951 4491; x_wconf 84' lang='lat' dir='ltr'><strong>Timor</strong></span> <span class='ocrx_word' id='word_1_798' title='bbox 2992 4436 3220 4501; x_wconf 89' lang='lat' dir='ltr'><strong>Domini,</strong></span> <span class='ocrx_word' id='word_1_799' title='bbox 3260 4435 3538 4506; x_wconf 88' lang='lat' dir='ltr'><strong>disciplina</strong></span> <span class='ocrx_word' id='word_1_800' title='bbox 3580 4452 3674 4492; x_wconf 89' lang='lat' dir='ltr'><strong>sa-</strong></span> 
     </span>
    </p>
   </div>
   <div class='ocr_carea' id='block_1_107' title="bbox 2088 4527 3268 4600">
    <p class='ocr_par' dir='ltr' id='par_1_107' title="bbox 2088 4527 3268 4600">
     <span class='ocr_line' id='line_1_107' title="bbox 2088 4527 3268 4600; baseline -0.002 -17"><span class='ocrx_word' id='word_1_801' title='bbox 2088 4531 2299 4600; x_wconf 73' lang='lat' dir='ltr'><strong>pientia:</strong></span> <span class='ocrx_word' id='word_1_802' title='bbox 2325 4547 2340 4595; x_wconf 90' lang='lat'><strong>;</strong></span> <span class='ocrx_word' id='word_1_803' title='bbox 2370 4539 2422 4584; x_wconf 91' lang='lat' dir='ltr'><strong>et</strong></span> <span class='ocrx_word' id='word_1_804' title='bbox 2446 4530 2669 4599; x_wconf 88' lang='lat' dir='ltr'><strong>gloriam</strong></span> <span class='ocrx_word' id='word_1_805' title='bbox 2696 4528 2952 4597; x_wconf 65' lang='lat' dir='ltr'><strong>praacedit</strong></span> <span class='ocrx_word' id='word_1_806' title='bbox 2976 4527 3268 4582; x_wconf 87' lang='lat' dir='ltr'><strong>humilitas.</strong></span> 
     </span>
    </p>
   </div>
   <div class='ocr_carea' id='block_1_108' title="bbox 2158 4618 3676 4694">
    <p class='ocr_par' dir='ltr' id='par_1_108' title="bbox 2158 4618 3676 4694">
     <span class='ocr_line' id='line_1_108' title="bbox 2158 4618 3676 4694; baseline 0.001 -19"><span class='ocrx_word' id='word_1_807' title='bbox 2158 4618 2320 4694; x_wconf 61' lang='lat' dir='ltr'><strong>[xvu]</strong></span> <span class='ocrx_word' id='word_1_808' title='bbox 2351 4618 2624 4675; x_wconf 86' lang='lat' dir='ltr'><strong>:llomiuis</strong></span> <span class='ocrx_word' id='word_1_809' title='bbox 2651 4627 2732 4674; x_wconf 90' lang='lat' dir='ltr'><strong>est</strong></span> <span class='ocrx_word' id='word_1_810' title='bbox 2756 4618 2992 4673; x_wconf 90' lang='lat' dir='ltr'><strong>animum</strong></span> <span class='ocrx_word' id='word_1_811' title='bbox 3024 4634 3342 4689; x_wconf 74' lang='lat' dir='ltr'><strong>praeparare,</strong></span> <span class='ocrx_word' id='word_1_812' title='bbox 3376 4629 3431 4675; x_wconf 88' lang='lat' dir='ltr'><strong>et</strong></span> <span class='ocrx_word' id='word_1_813' title='bbox 3458 4620 3550 4675; x_wconf 92' lang='lat' dir='ltr'><strong>Dei</strong></span> <span class='ocrx_word' id='word_1_814' title='bbox 3580 4638 3676 4691; x_wconf 84' lang='lat' dir='ltr'><strong>gu-</strong></span> 
     </span>
    </p>
   </div>
   <div class='ocr_carea' id='block_1_109' title="bbox 2086 4711 3676 4785">
    <p class='ocr_par' dir='ltr' id='par_1_109' title="bbox 2086 4711 3676 4785">
     <span class='ocr_line' id='line_1_109' title="bbox 2086 4711 3676 4785; baseline -0.001 -13"><span class='ocrx_word' id='word_1_815' title='bbox 2086 4716 2313 4772; x_wconf 86' lang='lat' dir='ltr'><strong>bernare</strong></span> <span class='ocrx_word' id='word_1_816' title='bbox 2343 4714 2595 4785; x_wconf 84' lang='lat' dir='ltr'><strong>linguam.</strong></span> <span class='ocrx_word' id='word_1_817' title='bbox 2628 4711 2823 4769; x_wconf 90' lang='lat' dir='ltr'><strong>Omnes</strong></span> <span class='ocrx_word' id='word_1_818' title='bbox 2848 4712 2949 4768; x_wconf 69' lang='lat' dir='ltr'><strong>vite</strong></span> <span class='ocrx_word' id='word_1_819' title='bbox 2985 4712 3261 4768; x_wconf 90' lang='lat' dir='ltr'><strong>hominum</strong></span> <span class='ocrx_word' id='word_1_820' title='bbox 3299 4723 3479 4784; x_wconf 86' lang='lat' dir='ltr'><strong>patent</strong></span> <span class='ocrx_word' id='word_1_821' title='bbox 3508 4716 3676 4770; x_wconf 90' lang='lat' dir='ltr'><strong>oculis</strong></span> 
     </span>
    </p>
   </div>
   <div class='ocr_carea' id='block_1_110' title="bbox 2088 4803 3679 4877">
    <p class='ocr_par' dir='ltr' id='par_1_110' title="bbox 2088 4803 3679 4877">
     <span class='ocr_line' id='line_1_110' title="bbox 2088 4803 3679 4877; baseline -0.004 -14"><span class='ocrx_word' id='word_1_822' title='bbox 2088 4808 2241 4877; x_wconf 90' lang='lat' dir='ltr'><strong>ejus:</strong></span> <span class='ocrx_word' id='word_1_823' title='bbox 2266 4805 2546 4877; x_wconf 90' lang='lat' dir='ltr'><strong>spirituum</strong></span> <span class='ocrx_word' id='word_1_824' title='bbox 2589 4803 2910 4874; x_wconf 90' lang='lat' dir='ltr'><strong>ponderator</strong></span> <span class='ocrx_word' id='word_1_825' title='bbox 2932 4812 3016 4859; x_wconf 92' lang='lat' dir='ltr'><strong>est</strong></span> <span class='ocrx_word' id='word_1_826' title='bbox 3042 4805 3318 4859; x_wconf 92' lang='lat' dir='ltr'><strong>Dominus.</strong></span> <span class='ocrx_word' id='word_1_827' title='bbox 3349 4805 3544 4861; x_wconf 79' lang='lat' dir='ltr'><strong>Revela</strong></span> <span class='ocrx_word' id='word_1_828' title='bbox 3574 4806 3679 4859; x_wconf 85' lang='lat' dir='ltr'><strong>Do-</strong></span> 
     </span>
    </p>
   </div>
   <div class='ocr_carea' id='block_1_111' title="bbox 2088 4896 3661 4969">
    <p class='ocr_par' dir='ltr' id='par_1_111' title="bbox 2088 4896 3661 4969">
     <span class='ocr_line' id='line_1_111' title="bbox 2088 4896 3661 4969; baseline -0.003 -14"><span class='ocrx_word' id='word_1_829' title='bbox 2088 4901 2234 4956; x_wconf 93' lang='lat' dir='ltr'><strong>mino</strong></span> <span class='ocrx_word' id='word_1_830' title='bbox 2256 4914 2416 4969; x_wconf 84' lang='lat' dir='ltr'><strong>Opera</strong></span> <span class='ocrx_word' id='word_1_831' title='bbox 2445 4905 2554 4961; x_wconf 89' lang='lat' dir='ltr'><strong>tua,</strong></span> <span class='ocrx_word' id='word_1_832' title='bbox 2585 4906 2639 4953; x_wconf 91' lang='lat' dir='ltr'><strong>et</strong></span> <span class='ocrx_word' id='word_1_833' title='bbox 2662 4896 2959 4966; x_wconf 88' lang='lat' dir='ltr'><strong>dirigentur</strong></span> <span class='ocrx_word' id='word_1_834' title='bbox 2983 4898 3331 4968; x_wconf 85' lang='lat' dir='ltr'><strong>cogitationes</strong></span> <span class='ocrx_word' id='word_1_835' title='bbox 3370 4908 3493 4952; x_wconf 69' lang='lat' dir='ltr'><strong>tuae.</strong></span> <span class='ocrx_word' id='word_1_836' title='bbox 3529 4898 3661 4953; x_wconf 86' lang='lat' dir='ltr'><strong>Uni-</strong></span> 
     </span>
    </p>
   </div>
   <div class='ocr_carea' id='block_1_112' title="bbox 2090 4988 3675 5060">
    <p class='ocr_par' dir='ltr' id='par_1_112' title="bbox 2090 4988 3675 5060">
     <span class='ocr_line' id='line_1_112' title="bbox 2090 4988 3675 5060; baseline -0.002 -15"><span class='ocrx_word' id='word_1_837' title='bbox 2090 5006 2245 5046; x_wconf 89' lang='lat' dir='ltr'><strong>versa</strong></span> <span class='ocrx_word' id='word_1_838' title='bbox 2287 4997 2504 5060; x_wconf 89' lang='lat' dir='ltr'><strong>propter</strong></span> <span class='ocrx_word' id='word_1_839' title='bbox 2549 4988 2895 5058; x_wconf 89' lang='lat' dir='ltr'><strong>semetipsum</strong></span> <span class='ocrx_word' id='word_1_840' title='bbox 2948 4996 3202 5058; x_wconf 90' lang='lat' dir='ltr'><strong>operatus</strong></span> <span class='ocrx_word' id='word_1_841' title='bbox 3252 4998 3334 5044; x_wconf 90' lang='lat' dir='ltr'><strong>est</strong></span> <span class='ocrx_word' id='word_1_842' title='bbox 3379 4989 3675 5053; x_wconf 90' lang='lat' dir='ltr'><strong>Dominus;</strong></span> 
     </span>
    </p>
   </div>
   <div class='ocr_carea' id='block_1_113' title="bbox 2091 5081 3676 5153">
    <p class='ocr_par' dir='ltr' id='par_1_113' title="bbox 2091 5081 3676 5153">
     <span class='ocr_line' id='line_1_113' title="bbox 2091 5081 3676 5153; baseline -0.001 -15"><span class='ocrx_word' id='word_1_843' title='bbox 2091 5084 2309 5153; x_wconf 87' lang='lat' dir='ltr'><strong>impium</strong></span> <span class='ocrx_word' id='word_1_844' title='bbox 2338 5098 2548 5153; x_wconf 91' lang='lat' dir='ltr'><strong>quoque</strong></span> <span class='ocrx_word' id='word_1_845' title='bbox 2576 5082 2642 5137; x_wconf 92' lang='lat' dir='ltr'><strong>ad</strong></span> <span class='ocrx_word' id='word_1_846' title='bbox 2671 5081 2812 5136; x_wconf 89' lang='lat' dir='ltr'><strong>diem</strong></span> <span class='ocrx_word' id='word_1_847' title='bbox 2843 5082 3065 5136; x_wconf 90' lang='lat' dir='ltr'><strong>malum.</strong></span> <span class='ocrx_word' id='word_1_848' title='bbox 3098 5081 3436 5136; x_wconf 89' lang='lat' dir='ltr'><strong>Abominatio</strong></span> <span class='ocrx_word' id='word_1_849' title='bbox 3463 5081 3676 5137; x_wconf 88' lang='lat' dir='ltr'><strong>Domini</strong></span> 
     </span>
    </p>
   </div>
   <div class='ocr_carea' id='block_1_114' title="bbox 2089 5171 3674 5244">
    <p class='ocr_par' dir='ltr' id='par_1_114' title="bbox 2089 5171 3674 5244">
     <span class='ocr_line' id='line_1_114' title="bbox 2089 5171 3674 5244; baseline -0.001 -16"><span class='ocrx_word' id='word_1_850' title='bbox 2089 5174 2267 5229; x_wconf 91' lang='lat' dir='ltr'><strong>omnis</strong></span> <span class='ocrx_word' id='word_1_851' title='bbox 2310 5188 2564 5244; x_wconf 88' lang='lat' dir='ltr'><strong>arrogans</strong></span> <span class='ocrx_word' id='word_1_852' title='bbox 2592 5172 2839 5228; x_wconf 88' lang='lat' dir='ltr'><strong>:etiamsi</strong></span> <span class='ocrx_word' id='word_1_853' title='bbox 2882 5188 3041 5226; x_wconf 89' lang='lat' dir='ltr'><strong>manu</strong></span> <span class='ocrx_word' id='word_1_854' title='bbox 3085 5172 3153 5226; x_wconf 92' lang='lat' dir='ltr'><strong>ad</strong></span> <span class='ocrx_word' id='word_1_855' title='bbox 3196 5188 3409 5227; x_wconf 90' lang='lat' dir='ltr'><strong>manum</strong></span> <span class='ocrx_word' id='word_1_856' title='bbox 3456 5171 3674 5238; x_wconf 68' lang='lat' dir='ltr'><strong>fuerit’,</strong></span> 
     </span>
    </p>
   </div>
   <div class='ocr_carea' id='block_1_115' title="bbox 2091 5262 3676 5320">
    <p class='ocr_par' dir='ltr' id='par_1_115' title="bbox 2091 5262 3676 5320">
     <span class='ocr_line' id='line_1_115' title="bbox 2091 5262 3676 5320; baseline -0.001 0"><span class='ocrx_word' id='word_1_857' title='bbox 2091 5280 2197 5320; x_wconf 90' lang='lat' dir='ltr'><strong>non</strong></span> <span class='ocrx_word' id='word_1_858' title='bbox 2231 5265 2332 5319; x_wconf 89' lang='lat' dir='ltr'><strong>erit</strong></span> <span class='ocrx_word' id='word_1_859' title='bbox 2375 5265 2648 5319; x_wconf 91' lang='lat' dir='ltr'><strong>innocens.</strong></span> <span class='ocrx_word' id='word_1_860' title='bbox 2676 5262 3034 5319; x_wconf 88' lang='lat' dir='ltr'><strong>Misericordia</strong></span> <span class='ocrx_word' id='word_1_861' title='bbox 3060 5272 3113 5319; x_wconf 91' lang='lat' dir='ltr'><strong>et</strong></span> <span class='ocrx_word' id='word_1_862' title='bbox 3133 5264 3354 5319; x_wconf 90' lang='lat' dir='ltr'><strong>veritate</strong></span> <span class='ocrx_word' id='word_1_863' title='bbox 3389 5264 3676 5320; x_wconf 89' lang='lat' dir='ltr'><strong>redimitur</strong></span> 
     </span>
    </p>
   </div>
   <div class='ocr_carea' id='block_1_116' title="bbox 2092 5354 3674 5429">
    <p class='ocr_par' dir='ltr' id='par_1_116' title="bbox 2092 5354 3674 5429">
     <span class='ocr_line' id='line_1_116' title="bbox 2092 5354 3674 5429; baseline -0.003 -15"><span class='ocrx_word' id='word_1_864' title='bbox 2092 5357 2362 5429; x_wconf 88' lang='lat' dir='ltr'><strong>iniquitas,</strong></span> <span class='ocrx_word' id='word_1_865' title='bbox 2385 5368 2441 5412; x_wconf 90' lang='lat' dir='ltr'><strong>et</strong></span> <span class='ocrx_word' id='word_1_866' title='bbox 2464 5357 2516 5411; x_wconf 91' lang='lat' dir='ltr'><strong>in</strong></span> <span class='ocrx_word' id='word_1_867' title='bbox 2540 5357 2730 5411; x_wconf 88' lang='lat' dir='ltr'><strong>timore</strong></span> <span class='ocrx_word' id='word_1_868' title='bbox 2750 5356 2957 5411; x_wconf 90' lang='lat' dir='ltr'><strong>Domini</strong></span> <span class='ocrx_word' id='word_1_869' title='bbox 2973 5354 3270 5410; x_wconf 78' lang='lat' dir='ltr'><strong>declinatur</strong></span> <span class='ocrx_word' id='word_1_870' title='bbox 3295 5370 3325 5409; x_wconf 90' lang='lat' dir='ltr'><strong>a</strong></span> <span class='ocrx_word' id='word_1_871' title='bbox 3354 5356 3513 5410; x_wconf 90' lang='lat' dir='ltr'><strong>malo.</strong></span> <span class='ocrx_word' id='word_1_872' title='bbox 3542 5358 3674 5410; x_wconf 70' lang='lat' dir='ltr'><strong>Cum</strong></span> 
     </span>
    </p>
   </div>
   <div class='ocr_carea' id='block_1_117' title="bbox 2155 5467 3148 5539">
    <p class='ocr_par' dir='ltr' id='par_1_117' title="bbox 2155 5467 3148 5539">
     <span class='ocr_line' id='line_1_117' title="bbox 2155 5467 3148 5539; baseline 0 0"><span class='ocrx_word' id='word_1_873' title='bbox 2155 5473 2172 5539; x_wconf 55' lang='grc' dir='ltr'><strong>ξ</strong></span> <span class='ocrx_word' id='word_1_874' title='bbox 2194 5479 2321 5531; x_wconf 69' lang='grc' dir='ltr'><strong>Μεδοο</strong></span> <span class='ocrx_word' id='word_1_875' title='bbox 2342 5470 2394 5539; x_wconf 65' lang='grc' dir='ltr'><strong><em>θη</em></strong></span> <span class='ocrx_word' id='word_1_876' title='bbox 2414 5467 2861 5539; x_wconf 48' lang='grc' dir='ltr'><strong>οηΡῐξΡΡθνθῬΨΨ</strong></span> <span class='ocrx_word' id='word_1_877' title='bbox 2883 5530 2912 5539; x_wconf 88' lang='grc'><strong>..</strong></span> <span class='ocrx_word' id='word_1_878' title='bbox 3044 5528 3055 5539; x_wconf 92' lang='grc'><em>.</em></span> <span class='ocrx_word' id='word_1_879' title='bbox 3118 5527 3148 5539; x_wconf 92' lang='grc'><strong>..</strong></span> 
     </span>
    </p>
   </div>
   <div class='ocr_carea' id='block_1_118' title="bbox 2154 5528 3274 5593">
    <p class='ocr_par' dir='ltr' id='par_1_118' title="bbox 2154 5528 3274 5593">
     <span class='ocr_line' id='line_1_118' title="bbox 2154 5528 3274 5593; baseline -0.004 -10"><span class='ocrx_word' id='word_1_880' title='bbox 2154 5536 2175 5566; x_wconf 74' lang='grc' dir='ltr'>ί</span> <span class='ocrx_word' id='word_1_881' title='bbox 2193 5540 2243 5582; x_wconf 88' lang='lat' dir='ltr'><strong>tn</strong></span> <span class='ocrx_word' id='word_1_882' title='bbox 2264 5528 2414 5583; x_wconf 65' lang='lat' dir='ltr'><strong>sauia</strong></span> <span class='ocrx_word' id='word_1_883' title='bbox 2429 5528 3009 5593; x_wconf 69' lang='lat' dir='ltr'><strong>nibliis‘castigauoribus,</strong></span> <span class='ocrx_word' id='word_1_884' title='bbox 3020 5528 3274 5593; x_wconf 64' lang='lat' dir='ltr'><strong>deum.</strong></span> 
     </span>
    </p>
   </div>
   <div class='ocr_carea' id='block_1_119' title="bbox 2156 5589 3676 5664">
    <p class='ocr_par' dir='ltr' id='par_1_119' title="bbox 2156 5589 3676 5664">
     <span class='ocr_line' id='line_1_119' title="bbox 2156 5589 3676 5664; baseline -0.001 -20"><span class='ocrx_word' id='word_1_885' title='bbox 2156 5598 2247 5644; x_wconf 72' lang='lat' dir='ltr'><strong>&#39;tn</strong></span> <span class='ocrx_word' id='word_1_886' title='bbox 2271 5593 2468 5664; x_wconf 69' lang='lat' dir='ltr'><strong>Vulgata</strong></span> <span class='ocrx_word' id='word_1_887' title='bbox 2506 5605 2630 5641; x_wconf 91' lang='lat' dir='ltr'><strong>nunc</strong></span> <span class='ocrx_word' id='word_1_888' title='bbox 2665 5589 2867 5664; x_wconf 71' lang='lat' dir='ltr'><strong>legitur,</strong></span> <span class='ocrx_word' id='word_1_889' title='bbox 3115 5590 3181 5642; x_wconf 88' lang='lat' dir='ltr'><strong>ad</strong></span> <span class='ocrx_word' id='word_1_890' title='bbox 3460 5600 3513 5664; x_wconf 85' lang='lat' dir='ltr'><strong>et</strong></span> <span class='ocrx_word' id='word_1_891' title='bbox 3551 5593 3676 5664; x_wconf 71' lang='lat' dir='ltr'><strong>infra</strong></span> 
     </span>
    </p>
   </div>
   <div class='ocr_carea' id='block_1_120' title="bbox 2093 5654 3679 5721">
    <p class='ocr_par' dir='ltr' id='par_1_120' title="bbox 2093 5654 3679 5721">
     <span class='ocr_line' id='line_1_120' title="bbox 2093 5654 3679 5721; baseline -0.001 -15"><span class='ocrx_word' id='word_1_892' title='bbox 2093 5666 2220 5721; x_wconf 72' lang='lat' dir='ltr'><strong>past,</strong></span> <span class='ocrx_word' id='word_1_893' title='bbox 2243 5654 2435 5706; x_wconf 68' lang='lat' dir='ltr'><strong>none&#39;rit</strong></span> <span class='ocrx_word' id='word_1_894' title='bbox 2449 5654 2691 5721; x_wconf 68' lang='lat' dir='ltr'><strong>imzocens,</strong></span> <span class='ocrx_word' id='word_1_895' title='bbox 2700 5654 3033 5721; x_wconf 70' lang='lat' dir='ltr'><strong>interponitur</strong></span> <span class='ocrx_word' id='word_1_896' title='bbox 3056 5654 3164 5705; x_wconf 66' lang='lat' dir='ltr'><strong>haec</strong></span> <span class='ocrx_word' id='word_1_897' title='bbox 3191 5655 3435 5721; x_wconf 77' lang='lat' dir='ltr'><strong>sententia</strong></span> <span class='ocrx_word' id='word_1_898' title='bbox 3459 5654 3679 5721; x_wconf 66' lang='lat' dir='ltr'><strong>glnitium</strong></span> 
     </span>
    </p>
   </div>
   <div class='ocr_carea' id='block_1_121' title="bbox 2092 5712 3679 5790">
    <p class='ocr_par' dir='ltr' id='par_1_121' title="bbox 2092 5712 3679 5790">
     <span class='ocr_line' id='line_1_121' title="bbox 2092 5712 3679 5790; baseline -0.003 -20"><span class='ocrx_word' id='word_1_899' title='bbox 2092 5712 2183 5770; x_wconf 65' lang='lat' dir='ltr'><strong>irim</strong></span> <span class='ocrx_word' id='word_1_900' title='bbox 2205 5712 2376 5790; x_wconf 41' lang='lat' dir='ltr'><strong>bonan.</strong></span> <span class='ocrx_word' id='word_1_901' title='bbox 2395 5721 2557 5790; x_wconf 42' lang='lat' dir='ltr'><strong>[accile</strong></span> <span class='ocrx_word' id='word_1_902' title='bbox 2883 5722 3020 5790; x_wconf 47' lang='lat' dir='ltr'><strong>etc;</strong></span> <span class='ocrx_word' id='word_1_903' title='bbox 3046 5727 3279 5790; x_wconf 46' lang='lat' dir='ltr'><strong>quenec</strong></span> <span class='ocrx_word' id='word_1_904' title='bbox 3295 5716 3440 5790; x_wconf 78' lang='lat' dir='ltr'><strong>estin</strong></span> <span class='ocrx_word' id='word_1_905' title='bbox 3463 5716 3679 5790; x_wconf 71' lang='lat' dir='ltr'><strong>hebrao,</strong></span> 
     </span>
    </p>
   </div>
   <div class='ocr_carea' id='block_1_122' title="bbox 2094 5775 3683 5842">
    <p class='ocr_par' dir='ltr' id='par_1_122' title="bbox 2094 5775 3683 5842">
     <span class='ocr_line' id='line_1_122' title="bbox 2094 5775 3683 5842; baseline -0.001 -12"><span class='ocrx_word' id='word_1_906' title='bbox 2094 5794 2186 5830; x_wconf 89' lang='lat' dir='ltr'><strong>nec</strong></span> <span class='ocrx_word' id='word_1_907' title='bbox 2211 5794 2257 5827; x_wconf 84' lang='grc' dir='ltr'><strong>ιιι</strong></span> <span class='ocrx_word' id='word_1_908' title='bbox 2281 5775 2493 5842; x_wconf 81' lang='lat' dir='ltr'><strong>antiquis</strong></span> <span class='ocrx_word' id='word_1_909' title='bbox 2512 5775 2650 5828; x_wconf 87' lang='lat' dir='ltr'><strong>Corb.</strong></span> <span class='ocrx_word' id='word_1_910' title='bbox 2687 5775 2850 5829; x_wconf 80' lang='lat' dir='ltr'><strong>Bibliis</strong></span> <span class='ocrx_word' id='word_1_911' title='bbox 2873 5775 3113 5829; x_wconf 77' lang='lat' dir='ltr'><strong>versiouis</strong></span> <span class='ocrx_word' id='word_1_912' title='bbox 3143 5776 3355 5842; x_wconf 75' lang='lat' dir='ltr'><strong>Vulgata:</strong></span> <span class='ocrx_word' id='word_1_913' title='bbox 3378 5789 3393 5830; x_wconf 82' lang='lat'><strong>:</strong></span> <span class='ocrx_word' id='word_1_914' title='bbox 3418 5781 3568 5829; x_wconf 75' lang='lat' dir='ltr'><strong>ascita</strong></span> <span class='ocrx_word' id='word_1_915' title='bbox 3606 5785 3683 5829; x_wconf 76' lang='lat' dir='ltr'><strong>est</strong></span> 
     </span>
    </p>
   </div>
   <div class='ocr_carea' id='block_1_123' title="bbox 2096 5846 2309 5893">
    <p class='ocr_par' dir='ltr' id='par_1_123' title="bbox 2096 5846 2309 5893">
     <span class='ocr_line' id='line_1_123' title="bbox 2096 5846 2309 5893; baseline -0.028 0"><span class='ocrx_word' id='word_1_916' title='bbox 2096 5856 2158 5893; x_wconf 79' lang='lat' dir='ltr'><strong>ex</strong></span> <span class='ocrx_word' id='word_1_917' title='bbox 2184 5846 2309 5890; x_wconf 60' lang='lat' dir='ltr'><strong>LXX.</strong></span> 
     </span>
    </p>
   </div>
  </div>
