4110 6452
528 349 634 407 919

527 463 824 535 placuerint
853 464 1078 520 Domino
1107 461 1203 517 viae
1227 461 1474 526 hominis,
1493 460 1733 517 inimicos
1760 477 1971 533 quoque
1988 461 2106 532 ejus

526 563 804 610 convertet
829 555 896 610 ad
924 570 1127 624 pacem.
1158 552 1339 608 Melius
1363 561 1447 605 est
1493 567 1677 621 parum
1723 566 1844 607 cum
1881 551 2104 622 justitia,

459 693 461 696 .
525 661 686 716 quam
718 647 869 702 multi
897 646 1100 703 fructus
1127 661 1246 700 cum
1274 643 1567 714 iniquitate.
1596 643 1702 698 Cor
1743 642 1974 698 hominis
1995 643 2110 698 dis-

528 737 677 807 ponit
725 737 865 792 viam
905 752 1084 803 suam;
1124 734 1217 790 sed
1260 735 1463 789 Domini
1509 743 1592 789 est
1629 734 1858 806 dirigere
1897 750 2110 806 gressus

528 826 662 897 ejus.
696 827 959 884 Divinatio
1004 827 1055 881 in
1102 826 1254 880 labiis
1281 826 1452 894 regis;
1482 825 1534 879 in
1558 825 1758 894 judicio
1786 840 1892 880 non
1914 827 2112 882 errabit

526 933 589 974 cs
629 917 765 989 ejus.
807 918 1020 973 Pondus
1061 929 1114 972 et
1155 925 1349 970 statera
1393 915 1590 986 judicia
1640 916 1844 971 Domini
1885 925 2029 981 sunt,
2056 925 2114 973 et

526 1026 690 1080 opera
722 1011 837 1080 ejus
863 1024 1050 1065 omnes
1076 1008 1280 1079 lapides
1303 1008 1485 1063 δίκαιιὶ
1507 1009 1544 1063 ί.
1571 1008 1968 1065 Abominabiles
1997 1010 2111 1081 regi

527 1103 616 1172 qui
648 1111 808 1173 agunt
837 1102 1032 1171 impie;
1060 1102 1308 1172 quoniam
1349 1101 1552 1171 justitia
1604 1102 1847 1158 ﬁrmatur
1891 1104 2107 1159 solium.

529 1194 787 1249 Voluntas
827 1210 1012 1265 regum
1053 1194 1190 1251 labia
1213 1194 1354 1262 justa
1380 1213 1392 1248 :
1418 1194 1506 1263 qui
1534 1205 1677 1250 recta
1700 1195 1952 1265 loquitur,
1984 1196 2113 1252 diri-

525 1299 698 1358 getur.
731 1287 1027 1358 Indignatio
1062 1288 1200 1358 regis
1246 1289 1416 1344 nuntii
1457 1289 1677 1354 mortis;
1710 1297 1766 1345 et
1792 1289 1872 1344 vir
1897 1290 2110 1360 sapiens

527 1381 758 1452 placabit
783 1395 921 1437 eam.
953 1380 1009 1437 In
1055 1381 1320 1435 hilaritate
1358 1380 1536 1434 vultus
1567 1382 1726 1451 regis,
1755 1382 1895 1449 vita;
1924 1390 1978 1438 et
2003 1382 2114 1438 cle-

524 1475 725 1530 mentia
769 1473 905 1546 ejus,
934 1474 1084 1544 quasi
1126 1475 1298 1530 imber
1325 1475 1612 1529 serotinus.
1642 1475 1862 1530 Posside
1892 1476 2112 1545 sapien-

525 1567 676 1635 tiam,
703 1568 823 1637 quia
853 1582 984 1622 auro
1025 1568 1214 1621 melior
1255 1575 1368 1621 est:
1393 1574 1447 1620 et
1492 1566 1706 1636 acquire
1749 1566 2109 1637 prudentiam,

525 1660 645 1730 quia
677 1659 958 1729 pretiosior
986 1668 1068 1714 est
1093 1666 1332 1730 argento.
1365 1657 1567 1713 Semita
1589 1659 1855 1728 justorum
1883 1659 2113 1714 declinat

493 1750 700 1817 ~mala;
728 1759 910 1805 custos
952 1751 1144 1804 animze
1189 1765 1300 1804 sua:
1335 1758 1510 1803 servat
1539 1749 1675 1804 viam
1705 1765 1874 1804 suam.
1901 1749 2113 1805 Contri-

526 1841 726 1896 tionem
763 1840 1019 1911 prmcedit
1062 1840 1341 1910 superbia;
1374 1849 1428 1894 et
1454 1847 1575 1894 ante
1605 1840 1812 1894 ruinam
1843 1841 2113 1896 exaltatur

525 1933 764 2002 spiritus.
793 1932 978 1988 Melius
1014 1942 1098 1986 est
1141 1931 1404 1984 humiliari
1432 1946 1553 1984 cum
1585 1931 1819 1993 mitibus,
1851 1947 2006 2001 quam
2033 1931 2114 1985 di-

526 2023 708 2078 videre
735 2023 906 2093 spolia
932 2039 1052 2077 cum
1081 2022 1348 2092 superbis.
1378 2021 1628 2076 Eruditus
1666 2021 1720 2075 in
1759 2021 1924 2076 verbo
1962 2037 2116 2091 repe-

527 2117 632 2171 riet
668 2117 840 2182 bona;
869 2127 920 2170 et
945 2117 1034 2186 qui
1064 2117 1115 2169 in
1157 2117 1377 2170 Domino
1415 2125 1613 2184 sperat,
1648 2115 1834 2170 beatus
1884 2125 1983 2170 est.
2013 2115 2116 2182 Qui

526 2211 740 2281 sapiens
786 2209 946 2264 corde
969 2217 1071 2275 est,
1110 2208 1466 2279 appellabitur
1491 2206 1742 2276 prudens;
1774 2207 2117 2277 etquiduleis

527 2300 762 2371 eloquio,
784 2302 984 2368 majora
1011 2300 1290 2370 percipiet.
1314 2297 1381 2353 Et
1409 2305 1520 2367 post
1546 2296 1892 2366 septemdecim
1909 2313 2076 2352 versus
2099 2313 2118 2352 :

528 2393 715 2474 Melior
742 2402 822 2448 est
855 2393 1060 2464 patiens
1091 2392 1204 2446 viro
1234 2390 1354 2445 forti
1378 2407 1392 2456 ;
1419 2399 1472 2444 et
1492 2390 1579 2460 qui
1600 2389 1902 2444 dominatur
1924 2391 2118 2446 anima:

527 2499 659 2552 sum,
685 2493 1050 2554 expugnatore
1081 2483 1309 2538 urbium.
1333 2482 1518 2538 Sortes
1541 2482 1816 2538 mittuntur
1833 2483 1885 2538 in
1908 2483 2114 2551 sinum;

527 2574 622 2630 sed
653 2591 680 2628 a
729 2576 953 2630 Domino
983 2584 1364 2646 temperantur.

601 2665 738 2738 [xvu
766 2664 784 2738 ]
835 2666 1017 2722 Melior
1042 2677 1118 2721 est
1153 2665 1384 2720 buccella
1413 2665 1552 2721 sicca
1579 2681 1701 2720 cum
1727 2665 1938 2735 gaudio,
1957 2681 2116 2736 quam

527 2757 716 2812 domu;
743 2759 896 2828 plena
925 2758 1153 2814 victimis
1178 2773 1299 2817 eum
1324 2757 1518 2827 jurgio.
1548 2756 1745 2812 Servus
1775 2759 1987 2827 sapiens
2013 2758 2115 2812 do-

527 2852 815 2906 minabitur
857 2850 983 2906 liliis
1021 2850 1217 2917 stultis,
1249 2860 1304 2905 et
1349 2851 1488 2904 inter
1526 2851 1713 2904 fratres
1750 2849 2115 2906 harreditatem

531 2943 752 2999 dividet.
779 2944 928 2998 Sient
965 2943 1085 3014 igne
1126 2943 1378 3013 probatur
1407 2952 1703 3012 argentum,
1727 2951 1782 2998 et
1808 2927 1993 2998 aurum
2023 2959 2117 2999 ca-

529 3035 704 3100 mino;
739 3035 807 3090 ita
830 3025 990 3088 corda
1019 3035 1205 3105 probat
1231 3034 1502 3088 Dominus.
1527 3034 1693 3088 Malus
1719 3034 1899 3088 obedit
1922 3035 2117 3106 linguas

529 3125 758 3195 iniqme,
785 3134 839 3180 et
882 3124 1036 3179 fallax
1074 3124 1408 3193 obtemperat
1435 3124 1589 3178 labiis
1616 3124 1981 3180 mendacibus.
2015 3126 2116 3193 Qui

527 3215 752 3286 despicit
778 3231 1085 3285 pauperem,
1104 3216 1395 3287 exprobrat
1417 3214 1605 3270 factori
1624 3216 1741 3286 ejus
1758 3234 1770 3279 ;
1791 3226 1845 3272 et
1859 3217 1948 3287 qui
1965 3219 2116 3274 ruina

529 3313 738 3367 laetatur
767 3314 1005 3376 alterius,
1037 3330 1143 3368 non
1183 3315 1283 3369 erit
1324 3313 1637 3383 impunitus.
1675 3313 1886 3368 Corona
1927 3329 2114 3369 senum

529 3405 621 3459 ﬁlii
645 3405 876 3460 ﬁliorum
896 3423 910 3466 ;
934 3413 989 3461 et
1010 3405 1176 3474 gloria
1201 3406 1424 3459 filiorum
1451 3413 1630 3476 patres
1655 3406 1758 3461 sui.
1783 3404 1895 3459 Non
1923 3405 2117 3460 decent

527 3498 746 3554 stultum
772 3499 930 3553 verba
957 3498 1271 3567 composita,
1289 3513 1388 3552 nec
1414 3499 1706 3568 principem
1732 3498 1932 3553 labium
1965 3513 2120 3553 men-

528 3591 687 3646 tiens.
725 3589 946 3646 Gemma
996 3589 1297 3661 gratissima
1347 3592 1674 3661 exspectatio
1724 3590 2114 3661 praestolantis;

529 3697 863 3752 quocumque
890 3696 950 3737 se
978 3682 1213 3746 verterit,
1246 3680 1534 3750 prudenter
1555 3682 1830 3750 intelliget.
1850 3680 1949 3748 Qui
1981 3681 2120 3736 celat

529 3772 802 3838 delictum,
831 3773 1022 3844 quaerit
1044 3773 1304 3826 amicitias
1329 3790 1343 3826 :
1367 3775 1457 3841 qui
1485 3773 1654 3826 altero
1678 3787 1928 3826 sermone
1955 3787 2117 3842 repe-

532 3869 612 3937 tit,
651 3879 864 3940 separat
900 3868 1207 3924 l‘oederalos.
1253 3869 1378 3923 Plus
1423 3870 1628 3939 proficit
1671 3872 1937 3940 correptio
1976 3871 2116 3941 apud

535 3960 874 4030 prudentem,
901 3976 1060 4030 quam
1086 3970 1298 4016 centum
1328 3961 1497 4032 plaga:
1525 3961 1662 4030 apud
1693 3963 1930 4017 stultum.
1963 3962 2118 4018 Sem-

535 4067 630 4120 per
648 4052 819 4123 jurgia
847 4053 1036 4122 quaerit
1060 4051 1232 4105 malus
1255 4068 1268 4104 :
1292 4051 1512 4122 angelus
1540 4062 1714 4105 autem
1737 4052 1966 4107 crudelis
1997 4054 2119 4108 mit-

531 4151 672 4198 tetur
696 4152 876 4198 eontra
904 4159 1048 4197 eum.
1076 4143 1306 4212 Expedit
1343 4143 1509 4214 magis
1553 4158 1690 4197 ursa:
1723 4156 2004 4200 occurrere
2027 4160 2119 4198 ra-

529 4233 635 4303 ptis
658 4232 869 4298 fetibus,
889 4248 1046 4303 quam
1073 4232 1218 4287 fatuo
1238 4231 1522 4287 conﬁdenti
1550 4232 1649 4287 sibi
1682 4233 1734 4286 in
1757 4232 1976 4288 stultitia
1997 4249 2116 4292 sua.

530 4325 629 4394 Qui
657 4325 831 4381 reddit
873 4325 1010 4380 mala
1061 4341 1156 4396 pro
1199 4325 1372 4391 bonis,
1401 4342 1509 4381 non
1551 4329 1766 4382 recedet
1810 4327 2007 4382 malum
2050 4328 2118 4384 de

531 4419 692 4472 domo
717 4415 850 4487 ejus.
882 4415 977 4484 Qui
1009 4414 1225 4471 dimittit
1249 4431 1462 4486 aquam,
1492 4426 1650 4486 caput
1676 4427 1757 4472 est
1786 4418 2113 4489 jurgiorum;

532 4519 589 4564 et
613 4520 894 4579 antequam
925 4510 1158 4581 patiatur
1185 4510 1584 4574 contumeliam,
1608 4510 1864 4580 judicium
1895 4512 2114 4570 deserit.

532 4599 603 4653 Et
625 4599 716 4669 qui
741 4599 995 4668 justificat
1021 4600 1261 4669 impium,
1306 4607 1362 4654 et
1407 4600 1497 4669 qui
1543 4601 1862 4656 condemnat
1891 4601 2116 4671 justum,

533 4690 1011 4744 abominabiliS'est
1033 4698 1253 4761 uterque
1275 4691 1413 4760 apud
1444 4693 1630 4746 Deum.
1650 4691 1716 4746 Et
1739 4701 1849 4762 post
1868 4693 2116 4748 sexdecim

532 4780 980 4836 versus:Munera
1017 4783 1087 4837 de
1128 4782 1247 4835 sinu
1293 4782 1486 4851 impius
1523 4784 1734 4851 accipit,
1761 4792 1821 4837 ut
1852 4791 2118 4852 pervertat

533 4871 755 4926 semitas
775 4870 980 4941 judicii.
1010 4871 1066 4926 ln
1120 4871 1250 4926 facie
1299 4871 1576 4942 prudentis
1630 4873 1768 4926 lucet
1817 4873 2115 4942 sapientia:

532 4962 674 5016 oculi
703 4962 980 5016 stultorum
1009 4963 1060 5017 in
1090 4962 1282 5017 ﬁnibus
1311 4971 1487 5017 terrm.
1517 4961 1582 5016 Et
1608 4974 1718 5033 post
1746 4972 1845 5016 tres
1868 4966 2075 5020 versus’
2097 4981 2118 5021 :

448 5087 451 5091 -
531 5051 636 5118 Qui
657 5051 963 5108 moderatur
991 5068 1267 5108 sermones
1293 5068 1439 5120 suos,
1461 5052 1652 5108 doctus
1669 5061 1724 5108 et
1753 5053 1984 5124 prudens
2013 5066 2115 5124 est,

533 5153 586 5198 et
613 5142 832 5214 pretiosi
853 5143 1070 5213 spiritus
1094 5144 1176 5198 vir
1202 5144 1460 5198 eruditus.

609 5234 673 5290 Et
701 5246 814 5308 post
841 5235 968 5291 duos
985 5252 1154 5291 vinus
1185 5232 1379 5308 [xvun]
1401 5233 1753 5290 :Occasiones
1789 5237 1980 5306 quaerit
2026 5241 2116 5310 qui

531 5329 645 5384 vult
673 5327 924 5385 recedere
941 5328 1220 5393 abamico;
1251 5327 1396 5382 omni
1429 5338 1668 5397 tempore
1695 5329 1798 5384 erit
1822 5331 2117 5400 exprobra-

602 5441 618 5472 ⁸
645 5438 941 5507 Legendum,
963 5437 1168 5496 saeculi,
1196 5452 1290 5487 non
1312 5437 1479 5507 saeculi
1505 5451 1524 5488 :
1549 5447 1599 5507 et
1613 5438 1754 5507 paulo
1776 5439 1915 5498 infra,
1942 5439 2116 5507 ditige-

532 5505 642 5572 ζειν,
676 5500 773 5550 non
812 5500 1052 5572 dirigetur
1080 5514 1098 5553 :
1125 5514 1236 5565 qua:
1278 5503 1467 5551 mendae
1496 5500 1643 5551 etiam
1688 5505 1738 5552 in
1790 5515 1926 5551 sacra
1969 5500 2118 5554 Bitilia

893 5630 995 5697 post
1017 5637 1115 5697 xvii
1139 5636 1304 5697 versus
1326 5623 1543 5697 :‘insigni
1566 5623 1703 5696 lapsu
1719 5627 2115 5697 amanuensium;

536 5692 622 5749 aut
653 5693 813 5749 certe
851 5685 1010 5736 cedes
1051 5686 1136 5737 ille
1180 5685 1543 5749 Proverbiorum
1565 5719 1581 5744 ,
1620 5685 1704 5748 Qui
1745 5687 1807 5734 ab
1843 5691 2115 5749 augustino

533 5742 1164 5860 ﬁiggbaturﬁeutentiaseo
1185 5745 1277 5799 loci
1300 5745 1468 5811 plures
1488 5742 1783 5811 quam'sacra
1805 5742 1952 5800 Biblia
1976 5751 2117 5801 exhiv

591 5823 600 5838 ’
625 5832 635 5856 Ι
690 5844 702 5857 ο

1733 346 1790 402 S.
1832 346 2200 405 AUGUSTINI
2238 343 2602 402 SPECULUM

2213 459 2356 517 bilis.
2386 459 2458 516 Et
2479 470 2590 534 post
2610 477 2702 517 sea:
2721 477 2892 518 versus
2908 478 2930 520 :
2946 464 3202 535 Accipere
3218 481 3494 536 personam
3517 472 3659 544 impii
3683 493 3779 534 non

2216 564 2299 610 est
2327 554 2547 621 bonum,
2580 564 2636 610 ut
2675 555 2910 611 declines
2931 572 2958 610 a
2986 558 3209 613 veritate
3229 558 3430 629 judieii.
3457 561 3526 616 Et
3567 575 3675 634 post
3702 585 3784 624 nec

2215 661 2388 702 versus
2406 663 2424 704 :
2441 647 2539 716 Qui
2560 647 2736 702 mollis
2752 655 2806 702 et
2831 648 3122 704 dissolutus
3140 661 3220 704 est
3247 652 3298 706 in
3315 667 3476 722 opere
3498 670 3614 723 suo,
3636 659 3786 717 frater

2215 748 2301 794 est
2351 755 2444 794 sua
2483 754 2645 809 opera
2691 739 3018 810 dissipantis.
3047 741 3236 798 Turris
3279 743 3558 802 fortissima
3604 765 3784 808 nomen

2217 830 2460 886 Domini:
2489 830 2557 886 ad
2604 831 2772 900 ipsam
2816 833 2984 886 currit
3019 832 3218 903 justus,
3263 844 3318 889 et
3357 838 3684 895 exaltabitur.
3723 842 3786 898 Et

2218 933 2329 994 post
2347 925 2475 979 duos
2504 940 2674 979 versus
2694 939 2714 978 :
2742 927 3040 996 Antequam
3073 935 3395 993 conteratur,
3419 929 3677 986 exaltatur
3700 947 3786 989 eor

2217 1014 2482 1080 hominis;
2526 1023 2580 1070 et
2626 1026 2911 1084 antequam
2954 1017 3301 1086 glorificetur,
3352 1019 3678 1078 humiliatur.
3725 1024 3786 1080 Et

2219 1118 2330 1180 post
2354 1105 2539 1180 septem
2563 1125 2732 1164 versus
2753 1124 2770 1164 :
2791 1108 2974 1165 Justus
2994 1119 3074 1166 est
3101 1113 3247 1181 prior
3267 1123 3544 1169 accusator
3561 1117 3672 1179 Sui;
3701 1133 3790 1174 vc-

2218 1202 2296 1256 nit
2318 1200 2521 1255 amicus
2541 1201 2677 1271 ejus,
2709 1210 2764 1256 et
2801 1201 3139 1273 investigabit
3165 1219 3304 1259 eum.
3344 1203 3788 1264 Contradictiones

2217 1291 2520 1361 comprimit
2559 1307 2698 1359 sors,
2726 1300 2782 1347 et
2822 1293 2960 1348 inter
3006 1302 3248 1363 potentes
3291 1311 3504 1366 quoque
3533 1297 3785 1367 dijudicat.

2218 1383 2405 1438 Frater
2431 1383 2521 1454 qui
2549 1382 2828 1453 adjuvatur
2860 1399 2890 1438 a
2941 1383 3124 1450 fratre,
3156 1387 3307 1455 quasi
3335 1386 3526 1441 civitas
3555 1388 3719 1458 ﬁrma,
3743 1399 3791 1445 et

2212 1475 2410 1546 judicia
2449 1476 2600 1546 quasi
2654 1485 2831 1531 vectes
2880 1477 3113 1531 urbium.
3141 1477 3212 1531 Et
3262 1487 3372 1546 post
3421 1478 3550 1532 duos
3592 1495 3791 1537 versus:

2218 1566 2362 1622 Mors
2386 1574 2442 1621 et
2463 1567 2565 1620 vita
2593 1567 2644 1620 in
2676 1583 2833 1621 manu
2861 1567 3082 1638 linguae;
3111 1569 3198 1639 qui
3227 1569 3454 1638 diligunt
3499 1585 3635 1636 eam,
3657 1587 3791 1628 com-

2220 1659 2382 1715 edent
2405 1659 2605 1714 fructus
2621 1660 2756 1729 ejus.
2773 1660 2872 1726 Qui
2892 1661 3092 1714 invenit
3114 1661 3392 1716 mulierem
3420 1661 3629 1728 bonam,
3657 1665 3790 1720 inve-

2221 1752 2300 1806 nit
2320 1752 2554 1817 bonum;
2583 1759 2639 1808 et
2670 1751 2877 1806 hauriet
2896 1752 3278 1822 jucunditatem
3304 1770 3332 1808 a
3367 1755 3590 1810 Domino
3611 1757 3648 1810 ί.
3670 1756 3790 1813 Cum

2220 1829 2677 1898 obsecrationibus
2705 1842 2951 1912 loquetur
2976 1858 3177 1913 pauper
3195 1859 3208 1907 ;
3227 1853 3279 1898 et
3305 1844 3459 1899 dives
3477 1845 3711 1901 eﬁ‘abitur
3727 1848 3793 1901 ri-

2219 1935 2362 2008 gide.
2398 1936 2488 1989 Vir
2512 1935 2805 1991 amicabilis
2833 1934 2901 1990 ad
2925 1936 3258 2002 societatem,
3287 1936 3458 2007 magis
3487 1941 3681 1994 amicus
3701 1940 3794 1996 erit

2221 2043 2378 2098 quam
2409 2025 2592 2081 frater.

2303 2116 2464 2192 [xm]
2501 2119 2688 2173 Melior
2705 2126 2786 2172 est
2808 2133 3009 2189 pauper
3035 2119 3122 2188 qui
3149 2118 3458 2173 ambulatin
3477 2105 3794 2188 simplicitate

2222 2225 2339 2278 sua,
2361 2226 2516 2280 quam
2543 2210 2692 2264 dives
2721 2217 2975 2279 torquens
3003 2210 3163 2276 labia,
3194 2220 3249 2264 et
3277 2203 3557 2280 insipiens.
3576 2210 3669 2266 Ubi
3696 2227 3792 2266 non

2222 2313 2306 2358 est
2345 2303 2569 2358 scientia
2615 2302 2829 2367 animm,
2859 2318 2964 2356 non
2996 2311 3078 2356 est
3103 2302 3339 2368 bonum;
3373 2311 3430 2357 et
3463 2303 3552 2372 qui
3589 2300 3796 2358 festinus

2222 2403 2329 2458 est,
2382 2393 2607 2464 pedibus
2654 2393 2896 2448 offendit.
2945 2392 3180 2448 Stultitia
3229 2392 3467 2448 hominis
3511 2376 3796 2465 supplantat

2221 2499 2438 2555 gressus
2463 2485 2600 2553 ejus,
2623 2491 2679 2539 et
2705 2492 2888 2538 contra
2918 2484 3086 2538 Deum
3115 2482 3284 2538 fervet
3309 2484 3498 2538 animo
3521 2499 3634 2539 suo.
3662 2485 3794 2541 Divi-

2226 2578 2312 2632 tiae
2335 2577 2534 2632 addunt
2557 2577 2758 2631 amicos
2777 2576 3034 2646 plurimos
3055 2591 3070 2628 :
3092 2592 3121 2629 a
3153 2591 3390 2646 paupere
3411 2585 3584 2630 autem
3607 2585 3658 2632 et
3674 2592 3794 2648 quos

2224 2669 2410 2724 habuit
2436 2678 2772 2739 separantur.
2805 2668 2984 2723 Testis
3014 2667 3177 2722 falsus
3219 2683 3324 2722 non
3353 2669 3461 2723 erit
3498 2669 3792 2738 impunitus;

2224 2772 2278 2817 et
2319 2763 2410 2832 qui
2449 2763 2722 2818 mendacia
2767 2762 3020 2832 loquitur,
3049 2775 3156 2815 non
3188 2761 3431 2832 ell'ngict.
3461 2762 3606 2817 Multi
3631 2762 3797 2818 colunt

2224 2869 2507 2924 personam
2551 2854 2804 2925 potentis,
2852 2862 2906 2909 et
2947 2854 3101 2908 amici
3145 2863 3273 2908 sunt
3313 2854 3462 2909 dona
3514 2855 3795 2910 tribuentis.

2225 2945 2445 3001 Fratres
2495 2946 2725 3000 hominis
2769 2947 3015 3016 pauperis
3058 2945 3286 3000 oderunt
3331 2962 3495 3011 eum;
3525 2947 3728 3017 insuper
3750 2953 3800 3003 et

2223 3040 2379 3093 amici
2407 3040 2589 3110 procul
2617 3046 2956 3093 recesserunt
2979 3037 3048 3092 ab
3075 3053 3161 3092 eo.
3186 3038 3285 3104 Qui
3317 3046 3526 3093 tantum
3549 3038 3697 3093 verba
3721 3053 3797 3094 se-

2223 3140 2418 3196 ctatur,
2451 3131 2581 3184 nihil
2606 3129 2954 3200 habebit:qui
2982 3139 3160 3184 autem
3188 3143 3472 3198 possessor
3495 3138 3575 3184 est
3601 3128 3796 3193 mentis,

2223 3221 2393 3290 diligit
2437 3221 2668 3274 animam
2716 3235 2885 3274 suam.
2917 3219 2982 3273 Et
3025 3229 3133 3289 post
3161 3221 3331 3274 decem
3365 3219 3801 3290 versus:Pigredo

2225 3310 2465 3366 immittit
2492 3325 2762 3380 soporem,
2785 3319 2841 3366 et
2860 3311 3035 3364 anima
3067 3309 3328 3364 dissoluta
3355 3309 3575 3364 esuriet.
3601 3309 3696 3376 Qui
3719 3324 3802 3364 cu-

2224 3402 2387 3458 stodit
2415 3402 2746 3465 mandatum,
2779 3401 3011 3457 custodit
3034 3403 3266 3456 animam
3296 3416 3455 3456 suam
3476 3417 3491 3467 ;
3516 3401 3604 3473 qui
3634 3410 3797 3456 autent

2225 3497 2443 3567 negligit
2471 3497 2583 3552 vias
2625 3511 2781 3562 suas,
2813 3495 3234 3550 mortiﬁcabitur.
3262 3493 3564 3550 Feneratur
3592 3493 3800 3549 Domino

2225 3589 2316 3657 qui
2357 3587 2642 3641 miseretur
2681 3585 2952 3655 pauperis,
2977 3595 3032 3640 et
3062 3584 3486 3641 vicissitudinem
3515 3601 3658 3640 suam
3686 3583 3799 3640 red-

2224 3677 2315 3732 det
2343 3680 2413 3731 ei.
2442 3677 2603 3731 Erudi
2647 3675 2814 3731 ﬁlium
2846 3684 3015 3739 tuum,
3057 3691 3125 3731 ne
3170 3675 3454 3746 desperes.
3488 3675 3550 3729 Et
3589 3683 3694 3746 post
3720 3688 3802 3729 se:

2223 3785 2394 3822 versus
2417 3783 2436 3821 :
2461 3767 2633 3823 llomo
2663 3767 2906 3837 indigens
2923 3766 3229 3822 misericors
3257 3775 3378 3832 est;
3408 3776 3461 3822 et
3489 3766 3671 3820 melior
3684 3779 3802 3835 pau-

2224 3874 2498 3930 perquam
2529 3859 2612 3912 vir
2640 3858 2890 3913 mendax.
2917 3857 3104 3912 Timor
3135 3857 3344 3912 Domini
3379 3857 3446 3913 ad
3477 3858 3652 3920 vitam,
3679 3863 3731 3910 et
3751 3856 3799 3910 in

2225 3951 2554 4023 plenitudine
2573 3949 2992 4007 commorabitur
3003 3950 3206 4020 absque
3222 3950 3526 4004 visitatione
3553 3948 3798 4019 pessimi'.

2223 4042 2294 4098 Et
2330 4054 2442 4114 post
2490 4043 2619 4099 duo:
2655 4058 2827 4096 versus
2858 4055 2878 4096 :
2903 4041 3194 4096 Pestilente
3222 4041 3486 4111 ﬂagellato
3510 4039 3693 4094 stultus
3719 4052 3800 4092 sa-

2226 4135 2457 4205 pientior
2481 4136 2584 4190 erit
2606 4151 2619 4188 :
2640 4133 2722 4188 sin
2747 4142 2924 4188 autem
2953 4132 3281 4202 corripueris
3308 4131 3625 4202 sapientem,
3652 4127 3799 4184 intel~

2224 4235 2355 4305 liget
2369 4234 2720 4303 disciplinam.
2739 4232 2839 4299 Qui
2860 4231 3278 4302 afﬁigitpatrem,
3297 4238 3350 4284 et
3379 4229 3511 4299 fugit
3529 4228 3550 4260 ³
3571 4234 3800 4282 matrem.

2228 4326 2614 4396 ignominiosus
2661 4333 2742 4379 est
2786 4333 2841 4379 et
2883 4323 3090 4378 infelix.
3116 4321 3232 4376 Non
3260 4335 3465 4384 cesses,
3493 4319 3587 4386 fili,
3633 4315 3803 4372 audire

2225 4417 2543 4480 doctrinam,
2595 4430 2694 4469 nec
2741 4414 2954 4484 ignores
2999 4425 3277 4467 sermones
3327 4410 3587 4466 scientiae.
3641 4406 3804 4463 Testis

2225 4507 2437 4577 iniquus
2457 4505 2663 4561 deridet
2677 4504 2969 4575 judicium;
2997 4511 3053 4558 et
3081 4518 3142 4558 os
3163 4502 3447 4572 impiorum
3473 4502 3688 4556 devorat
3706 4497 3802 4553 ini-

2225 4602 2502 4672 quitatem.
2537 4600 2724 4654 Parata
2776 4607 2900 4651 sunt
2935 4595 3264 4650 derisoribus
3302 4593 3525 4664 judicia,
3551 4601 3605 4648 et
3639 4587 3803 4646 mallei

2226 4693 2582 4764 percutientes
2606 4690 2888 4745 Stultorum
2918 4687 3249 4758 corporibus.

2297 4781 2433 4856 [xx.]
2479 4781 2768 4836 Luxuriosa
2797 4794 2882 4835 res
2907 4779 3110 4844 vinum,
3139 4787 3194 4832 et
3213 4777 3536 4832 tumultuosa
3551 4773 3803 4831 ebrietas:

2224 4876 2542 4944 quicumque
2563 4875 2614 4927 in
2648 4873 2731 4926 his
2756 4871 3072 4936 delectatur,
3099 4885 3207 4924 non
3234 4870 3336 4924 erit
3353 4869 3586 4938 sapiens.
3612 4865 3678 4920 Et
3702 4873 3805 4936 post

2225 4965 2420 5035 aliquos
2441 4981 2611 5018 versus
2631 4979 2650 5017 :
2672 4962 2884 5017 Pondus
2908 4971 2963 5016 et
2995 4959 3224 5032 pondus,
3253 4975 3500 5014 mensura
3530 4967 3583 5014 et
3605 4971 3806 5012 mensu-

2225 5074 2304 5122 ra,
2335 5066 2618 5127 utrumque
2647 5054 3004 5110 abominabile
3033 5061 3116 5108 est
3143 5053 3281 5123 apud
3309 5053 3498 5108 Deum.
3528 5051 3606 5106 Ex
3629 5046 3805 5106 studiis

2227 5150 2338 5203 suis
2363 5148 2678 5217 intelligitur
2705 5161 2837 5216 puer
2857 5187 2872 5211 ,
2905 5146 2950 5199 si
2978 5144 3172 5199 munda
3201 5153 3256 5200 et
3279 5143 3325 5198 si
3353 5153 3499 5200 recta
3528 5143 3634 5197 sint
3656 5154 3805 5210 opera

2290 5261 2306 5292 ί
2333 5259 2549 5328 medius
2571 5258 2837 5328 addebatur
2858 5257 2939 5328 hic
2963 5254 3087 5328 τριιί
3111 5255 3318 5328 expett.)
3349 5253 3600 5328 mulierem
3628 5251 3801 5328 ὺοοιςιηξε

2224 5320 2426 5394 sweet!“
2449 5322 2669 5399 tam;
2701 5319 2785 5399 {ei
2807 5326 2967 5399 αμξετῖι
2987 5317 3121 5399 aret
3157 5317 3729 5399 semesae

2222 5380 2451 5447 insipiens
2479 5395 2496 5433 :
2519 5382 2646 5446 quod
2672 5380 2819 5432 etiam
2843 5383 2890 5430 in
2915 5380 3113 5442 Vulgata
3130 5394 3258 5431 nunc
3279 5381 3617 5443 interpositum
3637 5382 3710 5427 est
3746 5387 3802 5445 ex

2224 5451 2353 5507 LXX.
2387 5446 2476 5496 sed
2502 5445 2550 5494 in
2573 5446 2784 5507 antiquis
2822 5440 2983 5507 Bibliis
2997 5444 3136 5492 Corb.
3162 5457 3259 5507 non
3280 5441 3546 5507 reperitur,
3569 5448 3727 5500 neque
3757 5447 3802 5507 ta

2224 5495 2461 5558 hebrzeo’:
2487 5508 2631 5556 abest.
2649 5495 2848 5577 quoque
2883 5505 2946 5554 ab
2974 5505 3225 5577 Augustini
3259 5495 3462 5577 Speculo
3496 5495 3547 5551 iii
3583 5495 3686 5550 Mss.
3724 5495 3802 5559 qui

2223 5581 2334 5617 mox
2364 5565 2722 5632 prosequuntur
2743 5565 2831 5626 sic,
2854 5579 2965 5632 eam:
2984 5565 3319 5625 obsecratione,
3343 5572 3440 5632 etc.

2289 5632 2308 5661 ³
2333 5617 2464 5700 ᾼῖὴιά
2505 5617 2770 5692 κῗυιεῧῐωη,
3030 5640 3048 5678 :
3072 5617 3346 5691 quanquam
3383 5627 3435 5675 in
3466 5621 3631 5677 Bibliis
3650 5617 3800 5677 οοπὴ..

2225 5704 2799 5821 Ρϐξδῗῖἒέζόηᾶιξωκριῃαμ
2821 5757 2876 5821 ut
2898 5752 2946 5821 in
2970 5749 3132 5821 Biblijs
3148 5749 3416 5821 emendatis
3453 5755 3594 5800 Porro
3638 5740 3798 5806 13985"

2169 5893 2176 5900 ‘
2225 5813 2378 5867 codex
2395 5804 2512 5879 ‘pro,
2534 5804 2674 5878 ﬂig'it',
2695 5804 2844 5866 liabet
2864 5814 2958 5876 hic,
2981 5811 3244 5877 confundit.
