4110 6442
366 371 464 428 92!

368 485 504 553 ejus.
540 481 605 536 Et
643 488 752 552 post
778 477 906 532 duos
938 492 1105 531 versus
1133 491 1153 530 :
1175 473 1291 531 Noli
1322 473 1541 546 diligere
1575 489 1817 529 somnum
1841 515 1856 539 ,
1888 488 1955 526 ne

370 585 422 630 te
448 584 659 645 egestas
683 571 950 641 opprimat
979 586 991 623 :
1019 569 1165 637 aperi
1211 567 1396 623 oculos
1443 576 1583 631 tuos,
1621 575 1675 621 et
1714 574 1954 619 saturare

330 682 335 685 '
367 668 593 737 panibus
623 682 635 719 :
666 663 731 719 Et
761 671 869 731 post
894 657 1242 729 septemdecim
1267 674 1436 712 versus
1467 673 1487 712 :
1515 656 1847 711 Abominatio
1872 663 1955 709 est

366 758 507 828 apud
536 757 702 811 Deum
731 753 935 826 pondus
964 761 1017 807 et
1045 751 1283 822 pondus;
1310 758 1506 805 statera
1533 749 1716 806 dolosa
1740 763 1846 804 non
1870 756 1954 803 est

369 850 528 904 bona.

438 939 507 993 Et
553 946 664 1008 post
704 936 877 1007 viginti
924 935 1143 1006 quinque
1179 949 1351 988 versus
1380 930 1535 1006 [xu]
1570 931 1709 999 :Qui
1740 931 1951 987 obturat

364 1047 545 1085 aurem
578 1046 726 1083 suam
752 1028 817 1081 ad
844 1027 1128 1082 clamorem
1162 1024 1428 1094 pauperis,
1456 1033 1509 1078 et
1538 1024 1648 1093 ipse
1678 1022 1945 1089 clamabit,

362 1131 419 1177 et
445 1137 547 1177 non
568 1119 895 1175 exaudietur.
915 1116 1104 1171 Munus
1127 1114 1492 1170 absconditum
1514 1114 1799 1183 exstinguit
1822 1114 1947 1179 iras,

363 1219 419 1268 et
437 1210 641 1268 donum
671 1209 725 1267 in
750 1208 869 1263 sinu
913 1204 1323 1275 indignationem
1355 1204 1658 1257 maximam.
1686 1202 1947 1257 Gaudium

357 1303 503 1369 justo
528 1310 610 1355 est
630 1299 802 1355 facere
819 1297 1077 1368 judicium
1097 1313 1111 1362 ;
1135 1305 1190 1351 et
1210 1311 1371 1366 pavor
1393 1294 1734 1364 Oper-antibus
1759 1293 1949 1363 iniqui-

362 1402 545 1446 tatem.
581 1388 673 1446 Vir
712 1390 800 1461 qui
831 1388 1088 1445 erraverit
1114 1402 1144 1441 a
1172 1387 1259 1443 via
1286 1386 1540 1440 doctrina:
1559 1428 1575 1452 ,
1617 1386 1667 1440 in
1697 1393 1838 1441 cmtu
1867 1384 1947 1454 gi-

360 1483 597 1552 gantium
627 1479 971 1549 reputabitur.
992 1477 1059 1531 Et
1079 1486 1191 1550 post
1217 1493 1391 1530 novem
1416 1492 1586 1530 versus
1606 1491 1624 1530 :
1643 1474 1744 1542 Qui
1770 1484 1952 1529 custo-

361 1574 440 1628 dit
458 1589 519 1628 os
539 1589 692 1627 suum
716 1582 769 1627 et
794 1573 1045 1641 linguam,
1069 1571 1299 1627 custodit
1337 1570 1404 1625 ab
1432 1569 1687 1640 angustiis
1715 1570 1947 1625 animam

359 1680 532 1718 suam.
564 1664 834 1734 Superbus
859 1671 911 1718 et
937 1677 1192 1733 arrogans
1216 1672 1435 1716 vocatur
1461 1661 1702 1716 indoctus
1722 1703 1739 1729 ,
1770 1661 1863 1733 qui
1893 1663 1945 1717 in

361 1756 438 1811 ira
469 1763 721 1826 operatur
747 1753 1069 1825 superbiam.
1102 1752 1369 1808 Desideria
1412 1752 1663 1809 occidunt
1706 1754 1944 1824 pigrum;

359 1847 644 1901 noluerunt
691 1846 833 1900 enim
862 1844 1146 1915 quidquam
1178 1859 1367 1899 manus
1393 1844 1511 1914 ejus
1541 1844 1770 1915 cperari.
1814 1843 1948 1898 Tota

358 1938 444 1992 die
467 1937 791 2007 concupiscit
814 1947 867 1990 et
890 1935 1161 1990 desiderat
1186 1954 1199 1989 :
1229 1937 1319 2006 qui
1347 1937 1724 2007 autem‘justus
1744 1946 1827 1991 est
1856 1938 1949 1992 tri-

356 2030 506 2094 buet,
526 2036 579 2082 et
609 2045 712 2082 non
739 2027 992 2083 cessabit.
1011 2027 1206 2081 Hostia:
1225 2028 1504 2097 impiorum
1527 2028 1945 2094 abominabiles;

356 2121 480 2191 quia
523 2118 817 2175 offeruntur
852 2136 917 2175 ex
960 2117 1184 2175 scelere.
1232 2119 1406 2174 Testis
1451 2119 1681 2174 mendax
1714 2120 1944 2189 peribit:

354 2210 438 2262 vir
459 2210 592 2267 bene
616 2209 799 2265 dicens
822 2211 861 2273 ¹,
890 2212 1132 2282 loquetur
1152 2210 1447 2267 victoriam.

427 2300 496 2355 Et
520 2312 632 2372 post
655 2302 871 2372 quinque
895 2319 1062 2356 versus
1083 2300 1258 2375 [xxtt.]
1286 2319 1299 2356 :
1328 2301 1511 2357 Melius
1534 2312 1828 2358 estnomen
1853 2303 1949 2356 bo-

356 2407 507 2458 num,
538 2407 694 2461 quatn
733 2392 931 2447 divitia:
961 2393 1159 2447 multa).
1188 2392 1253 2446 Et
1284 2404 1394 2465 post
1422 2394 1707 2465 quindecim
1736 2411 1947 2451 versus:

354 2483 456 2552 Qui
501 2499 697 2552 pronus
738 2493 820 2541 est
860 2483 926 2538 ad
971 2485 1393 2543 misericordiam
1422 2527 1436 2551 ,
1468 2486 1851 2543 benedicetur:
1880 2488 1948 2544 de

352 2575 579 2645 panibus
607 2576 747 2631 enim
776 2576 886 2631 suis
927 2576 1073 2630 dedit
1112 2577 1329 2647 pauperi
1355 2579 1396 2633 ’.
1430 2577 1577 2647 Ejicc
1606 2579 1900 2635 derisorem
1924 2622 1941 2648 ,

355 2677 409 2723 et
437 2669 601 2725 exibit
652 2685 771 2723 cum
828 2684 894 2725 eo
928 2669 1195 2739 jurgium,
1239 2670 1627 2742 cessabuntque
1670 2686 1846 2726 causa:
1891 2680 1948 2728 et.

353 2760 708 2813 contumeliae.
736 2758 802 2812 Et
833 2768 941 2829 post
965 2769 1180 2830 quatuor
1201 2775 1373 2815 versus
1407 2776 1427 2815 :
1461 2760 1598 2816 Dicit
1626 2761 1802 2832 piger,
1833 2761 1946 2819 Leo

353 2860 437 2904 est
467 2850 612 2916 foris,
641 2851 691 2903 in
713 2850 887 2905 medio
910 2851 1200 2921 platearum
1223 2850 1542 2905 occidendus
1565 2867 1703 2906 sum.
1733 2852 1801 2906 Et
1834 2862 1947 2924 post

354 2950 455 2996 tres
483 2942 691 2996 versus’
734 2960 747 2996 :
789 2942 887 3010 Qui
936 2941 1288 2997 calumniatur
1332 2957 1617 3013 pauperem
1657 2950 1715 2997 ut
1755 2952 1946 3014 augeat

354 3032 566 3088 divitias
595 3047 740 3098 Suas,
766 3032 911 3085 dabit
936 3033 1047 3102 ipse
1076 3031 1272 3097 ditiori,
1306 3040 1360 3086 et
1384 3032 1578 3101 egebit.
1604 3030 1673 3086 Et
1699 3043 1812 3105 post
1833 3042 1945 3088 octo

353 3140 525 3181 vermis
557 3140 575 3178 :
607 3124 722 3180 Non
764 3123 925 3179 facias
970 3124 1271 3178 violentiam
1301 3124 1553 3196 pauperi,
1585 3126 1707 3195 quia
1746 3141 1947 3196 pauper

354 3226 469 3282 est,
500 3231 672 3286 neque
698 3224 944 3271 conteras
969 3230 1191 3285 egenum
1227 3216 1279 3269 in
1324 3225 1508 3285 porta;
1537 3217 1656 3286 quia
1690 3217 1947 3272 Dominus

348 3310 609 3379 judicabit
632 3326 845 3364 causam
876 3313 1010 3379 ejus,
1044 3317 1097 3364 et
1125 3309 1353 3379 conliget
1377 3324 1470 3364 eos
1494 3310 1584 3379 qui
1614 3309 1948 3366 confixerunt

354 3402 585 3454 animam
609 3403 745 3470 ejus.
777 3400 895 3454 Noli
923 3415 1041 3454 esse
1070 3400 1274 3455 amicus
1304 3399 1502 3452 homini
1527 3400 1818 3466 iracundo;
1847 3416 1945 3457 ne-

353 3507 457 3561 que
478 3491 718 3547 ambules
738 3507 856 3547 cum
879 3492 994 3545 viro
1020 3490 1220 3545 furioso
1249 3508 1263 3545 :
1294 3506 1359 3544 ne
1378 3489 1516 3545 forte
1535 3490 1708 3545 discas
1728 3493 1947 3548 semitas

353 3584 472 3653 ejus
490 3626 505 3650 ,
533 3593 586 3640 et
614 3599 794 3638 sumas
823 3582 1131 3638 scandalum
1160 3581 1353 3636 anima:
1380 3590 1501 3636 tua).
1533 3582 1650 3638 Noli
1678 3597 1796 3637 esse
1822 3599 1944 3637 cum

354 3676 420 3729 iis
444 3675 534 3745 qui
576 3675 814 3745 deligunt
843 3688 1033 3729 manus
1059 3687 1201 3739 suas,
1226 3681 1281 3729 et
1306 3673 1396 3744 qui
1437 3672 1601 3729 vades
1628 3687 1689 3730 se
1716 3672 1947 3730 offerunt

353 3784 453 3839 pro
477 3769 687 3825 debitis.

426 3863 495 3916 Et
515 3871 627 3934 post
652 3863 965 3933 aliquantum
987 3857 1187 3933 [xxnn]
1211 3859 1363 3917 :Noli
1384 3858 1697 3916 subtrahere
1724 3874 1753 3913 a
1778 3874 1944 3929 puero

353 3953 686 4023 disciplinam
712 3970 725 4006 :
756 3955 799 4006 si
826 3952 966 4006 enim
994 3951 1326 4023 percusseris
1346 3966 1468 4005 eum
1494 3950 1663 4020 virga,
1695 3965 1801 4003 non
1831 3964 1946 4003 mo-

351 4045 536 4100 rietur.
562 4045 641 4100 Tu
663 4045 806 4115 virga
836 4045 1099 4114 percuties
1128 4060 1270 4119 eum,
1300 4052 1353 4098 ct
1379 4058 1612 4097 animam
1637 4042 1752 4112 ejus
1775 4042 1845 4096 de
1872 4044 1947 4097 in-

351 4134 506 4190 ferno
535 4135 805 4190 liberabis.
836 4133 903 4189 Et
933 4143 1045 4206 post
1065 4144 1177 4189 octo
1195 4150 1367 4189 versus
1388 4148 1407 4187 :
1434 4132 1555 4188 Noli
1583 4147 1703 4189 esse
1728 4132 1780 4186 in
1806 4147 1940 4187 con-

352 4227 506 4282 viviis
533 4236 856 4295 potatorum,
889 4242 987 4281 nec
1010 4227 1061 4280 in
1086 4225 1565 4281 comessationibus
1613 4240 1799 4280 eorum
1844 4224 1937 4295 qui

351 4335 543 4376 carnes
569 4321 636 4375 ad
661 4320 977 4376 vescendum
1004 4318 1303 4374 conferunt.
1329 4318 1395 4371 Et
1413 4326 1525 4387 post
1542 4318 1717 4387 viginti
1736 4333 1903 4371 versus
1924 4332 1944 4373 :

348 4410 430 4467 Ne
456 4411 711 4468 intuearis
739 4411 917 4466 vinum
940 4409 1150 4480 quando
1176 4409 1433 4475 flavescit,
1460 4423 1579 4463 cum
1618 4407 1944 4477 splenduerit

351 4505 407 4561 in
436 4507 572 4559 vitro
595 4505 742 4560 color
770 4505 908 4573 ejus.
932 4502 1226 4573 Ingreditur
1246 4501 1475 4582 blande;
1503 4500 1595 4555 sed
1625 4500 1678 4555 in
1708 4499 1941 4555 novissi-

351 4613 442 4653 mo
472 4598 733 4654 mordebit
760 4606 817 4652 ut
845 4597 1061 4652 coluber
1080 4638 1094 4663 ,
1130 4603 1185 4651 et
1208 4596 1344 4651 sicut
1369 4594 1580 4664 regulus
1604 4607 1807 4647 venena
1839 4591 1940 4646 dif-

353 4687 558 4743 fundet.

422 4779 492 4833 Et
511 4788 621 4849 post
634 4787 821 4850 septem
840 4793 1008 4832 versus
1019 4774 1214 4850 [xxtv.]
1235 4775 1342 4830 :Ne
1361 4773 1648 4839 :emuleris,
1664 4773 1844 4843 inquit,
1862 4775 1942 4827 vi-

353 4884 449 4924 ros
478 4870 667 4931 malos,
699 4882 800 4924 nec
827 4867 1099 4923 desideres
1126 4880 1246 4921 esse
1276 4881 1396 4920 cum
1427 4865 1537 4929 eis;
1567 4864 1691 4934 quia
1727 4864 1940 4933 rapinas

351 4957 639 5016 meditatur
680 4973 830 5012 mens
867 4963 1162 5021 eorum,et
1185 4953 1396 5010 fraudes
1440 4953 1577 5009 labia
1618 4968 1801 5009 eorum
1854 4954 1938 5009 lo-

349 5060 602 5120 quuntur.
630 5047 762 5103 Item
787 5059 897 5119 post
923 5047 1175 5103 sexdecim
1202 5060 1371 5100 versus
1395 5061 1414 5099 :
1444 5044 1587 5101 Erue
1608 5060 1701 5100 eos
1723 5044 1815 5116 qui
1841 5045 1941 5099 du-

347 5151 543 5196 cuntur
579 5140 645 5195 ad
695 5149 945 5205 mortem,
1000 5145 1057 5195 et
1102 5137 1193 5208 qui
1243 5135 1523 5191 trahuntur
1553 5135 1620 5191 ad
1668 5136 1935 5191 interitum

346 5234 577 5289 liberare
602 5248 671 5287 ne
697 5246 897 5288 cesses.
926 5230 979 5286 Si
1007 5229 1204 5284 dixeris
1224 5269 1240 5293 ,
1279 5227 1432 5283 Vires
1465 5242 1569 5281 non
1610 5236 1895 5298 suppetunt
1920 5245 1933 5281 :

344 5325 437 5396 qui
463 5325 730 5394 inepeetor
756 5330 839 5379 est
863 5321 1063 5390 cordis,
1094 5320 1207 5391 ipse
1234 5317 1504 5389 intelligit;
1528 5325 1582 5372 et
1606 5325 1934 5372 servatorem

410 5479 429 5510 ³
454 5485 504 5527 tn
526 5475 677 5526 sacris
697 5475 874 5533 Bibliis,
897 5473 970 5525 vir
996 5469 1233 5524 obedicns.

408 5542 431 5572 ²
454 5547 550 5587 ttoc
571 5537 678 5587 loco
699 5544 805 5586 Lxx
827 5529 1161 5598 interponunt:
1187 5529 1443 5598 Victoriam
1459 5536 1504 5581 et
1521 5530 1935 5598 [tonorem‘acqui-

342 5608 419 5653 ret
434 5598 518 5663 qui
538 5599 624 5650 dat
644 5612 861 5663 numera,
880 5594 1018 5663 etei;
1035 5610 1143 5663 quae
1159 5595 1404 5646 sententia
1415 5594 1642 5663 immissa
1656 5595 1802 5663 estin
1836 5594 1934 5663 {ful-

300 5684 301 5687 η
342 5656 537 5725 iratam;
561 5676 670 5725 cum
706 5661 887 5725 nou_sit
908 5660 956 5707 in
978 5656 1195 5718 hebrzeo,
1227 5668 1392 5719 neque
1412 5656 1464 5706 in
1478 5656 1751 5706 Corbeiensi
1768 5656 1933 5709 codice

345 5722 584 5775 maenis
604 5724 720 5772 licet
741 5722 965 5783 vulgatze.

411 5789 430 5821 ³
449 5795 528 5840 lii.
558 5788 759 5851 Regius:
787 5790 840 5836 Et
864 5790 965 5851 post
987 5798 1015 5833 tt
1033 5794 1209 5833 versus.

1658 5866 1725 5884 Λα.
1794 5863 1834 5877 σοι

1609 364 1699 419 DE
1736 358 2115 420 SCRIPTURA
2157 360 2405 418 SACRA.

3536 373 3643 430 9R

2058 471 2249 528 anima:
2277 483 2379 530 tua:
2413 476 2544 533 nihil
2570 477 2696 533 fallit
2721 522 2735 545 ,
2762 479 3050 553 reddatque
3076 479 3275 538 homini
3295 484 3445 554 juxta
3472 502 3637 556 opera

2058 581 2172 621 sua.
2204 567 2335 623 Item
2362 582 2471 640 post
2496 588 2667 628 novem
2698 589 2865 629 versus
2897 590 2916 629 :
2942 575 3075 629 Cum
3116 576 3368 631 ceciderit
3396 578 3640 634 inimicus

2059 666 2198 723 tuus,
2215 676 2281 714 ne
2295 660 2543 731 gaudeas,
2562 673 2616 717 et
2631 664 2681 717 in
2701 664 2848 719 ruina
2871 665 2988 735 ejus
3005 681 3070 720 ne
3086 667 3317 722 exsultet
3339 683 3433 721 cor
3454 678 3600 722 tuum
3622 689 3634 721 :

2057 765 2124 805 ne
2150 750 2285 808 forte
2305 753 2481 809 videat
2505 756 2776 821 Dominus,
2800 767 2853 812 et
2878 758 3153 827 displiceat
3171 758 3242 825 ei,
3264 768 3318 813 et
3342 759 3547 815 auferat
3566 763 3638 817 ab

2054 858 2121 897 eo
2138 844 2265 899 iram
2284 860 2453 900 suam.
2473 846 2549 903 Ne
2568 849 2857 903 contendas
2871 864 2990 904 cum
3016 850 3263 921 pessimis
3281 851 3320 917 ί,
3349 866 3449 906 nec
3472 867 3633 905 temu-

2054 932 2180 989 leris
2208 935 2419 1005 impios.
2450 938 2515 991 Et
2537 949 2648 1009 post
2668 940 2792 993 duos
2813 956 2982 995 versus
3010 956 3029 995 :
3058 940 3207 997 Time
3236 942 3537 1008 Dominum,
3564 943 3634 997 ﬁli

2053 1027 2146 1092 mi,
2163 1036 2215 1081 et
2237 1044 2435 1097 regem;
2461 1040 2648 1086 etcum
2669 1032 3055 1087 detractoribus
3077 1049 3179 1087 non
3202 1034 3631 1089 commiscearis:

2052 1120 2301 1187 quoniam
2324 1129 2539 1191 repente
2561 1132 2843 1191 consurget
2868 1123 3095 1191 perditio
3117 1138 3298 1177 eorum
3316 1140 3330 1188 ;
3351 1135 3404 1178 et
3423 1124 3632 1179 ruinam

2055 1204 2327 1274 utriusque
2357 1206 2473 1275 quis
2518 1206 2694 1260 novit?
2735 1207 2857 1261 Πλιξο
2886 1223 3096 1276 quoque
3124 1207 3449 1277 sapientibus
3483 1224 3496 1259 :
3525 1206 3632 1263 Co-

2051 1306 2307 1362 gnoscere
2332 1310 2610 1364 personam
2652 1296 2703 1350 in
2730 1295 2963 1367 judicio,
2995 1311 3096 1351 non
3142 1305 3225 1350 est
3266 1296 3483 1351 bonum.
3531 1295 3632 1363 Qui

2052 1383 2180 1439 dicit
2201 1387 2221 1417 ³
2250 1386 2441 1456 impio,
2469 1385 2653 1443 Justus
2680 1403 2767 1453 es;
2802 1388 3117 1443 maledicent
3141 1388 3189 1443 ei
3219 1388 3420 1459 populi,
3453 1397 3507 1442 et
3534 1387 3631 1442 de-

2052 1477 2383 1533 testabantur
2407 1495 2526 1535 eum
2554 1481 2738 1537 tribus.
2770 1481 2869 1547 Qui
2899 1490 3141 1551 arguunt,
3175 1481 3548 1548 laudabuntur,
3576 1490 3633 1536 et

2052 1583 2212 1641 super
2241 1571 2381 1641 ipsos
2405 1573 2580 1628 veniet
2608 1573 2923 1629 benedictio.
2944 1574 3099 1629 Labia
3129 1574 3520 1629 deosculabitur
3542 1575 3632 1645 qui

2052 1673 2193 1717 recta
2226 1664 2384 1718 verba
2411 1664 2712 1736 respondet.
2743 1667 2809 1720 Et
2832 1677 2943 1737 post
2968 1667 3095 1722 duo;
3115 1684 3283 1722 versus
3311 1684 3325 1720 :
3351 1666 3428 1722 Ne
3455 1666 3530 1721 sis
3555 1675 3633 1721 te-

2052 1755 2149 1809 stis
2175 1754 2367 1810 frustra
2394 1766 2576 1811 centra
2604 1758 2899 1828 proximum
2932 1766 3100 1824 tuum,
3131 1772 3231 1813 nec
3259 1760 3419 1812 lactes
3442 1773 3631 1828 quem-

2052 1862 2209 1914 quam
2240 1848 2392 1902 labiis
2430 1850 2556 1902 tuis.
2597 1848 2708 1905 Nec
2733 1850 2900 1917 dicas,
2927 1851 3202 1918 Quomodo
3227 1851 3350 1906 fecit
3373 1850 3522 1915 mihi,
3554 1852 3633 1908 sic

2051 1938 2240 1995 faciam
2259 1940 2305 1994 ei
2323 1959 2333 1994 :
2350 1940 2565 1995 reddam
2585 1943 2866 2012 unicuique
2886 1942 3172 1998 secundum
3190 1958 3323 2013 opus
3342 1958 3515 1997 suum.
3532 1943 3634 1998 Per

2056 2045 2239 2098 agrum
2268 2029 2497 2084 hominis
2519 2032 2653 2101 pigri
2680 2032 2916 2096 transivi,
2947 2040 3000 2086 et
3030 2048 3121 2099 per
3145 2033 3350 2087 vineam
3380 2033 3479 2087 viri
3500 2032 3633 2091 stul«

2054 2121 2120 2187 ti;
2153 2130 2207 2175 et
2232 2136 2358 2177 ecce
2387 2131 2550 2176 totum
2595 2123 2928 2191 repleverant
2956 2122 3137 2177 urticae
3156 2164 3170 2187 ,
3197 2132 3515 2191 operuerant
3538 2138 3632 2180 sn—

2050 2210 2323 2281 pcrtieiem
2352 2212 2467 2280 ejus
2493 2214 2659 2281 spina:
2701 2231 2713 2266 :
2743 2220 2797 2267 et
2830 2213 3058 2267 maceria
3085 2212 3319 2282 lapidum
3362 2213 3633 2270 destructa

2050 2310 2183 2357 erat.
2234 2302 2383 2369 Quod
2428 2318 2548 2357 cum
2596 2303 2865 2367 vidissem,
2915 2304 3066 2373 posui
3114 2303 3166 2358 in
3207 2302 3370 2360 corde
3410 2318 3553 2371 meo,
3581 2312 3636 2364 et

2050 2395 2301 2465 exemplo
2326 2394 2483 2450 didici
2513 2396 2873 2467 disciplinam.

2120 2484 2190 2539 Et
2211 2494 2320 2555 post
2347 2486 2523 2557 viginti
2540 2502 2708 2540 versus
2733 2484 2904 2559 [xxv.]
2926 2504 2939 2542 :
2965 2486 3093 2554 Quae
3113 2486 3357 2541 viderunt
3372 2485 3511 2541 oculi
3533 2487 3633 2548 tui.

2050 2592 2119 2631 ne
2145 2576 2385 2647 proferas
2430 2578 2481 2631 in
2505 2576 2682 2648 jurgio
2713 2578 2853 2641 cito;
2886 2594 2952 2632 ne
2991 2586 3173 2647 postea
3201 2577 3488 2633 emendare
3527 2593 3632 2633 non

2050 2669 2253 2738 possis,
2301 2683 2423 2723 cum
2468 2668 2900 2724 deltonestavcris
2944 2669 3171 2723 amicum
3210 2676 3378 2723 tuum.
3408 2668 3632 2727 Causam

2052 2759 2198 2816 tuam
2248 2768 2415 2816 tracta
2463 2775 2585 2815 cum
2628 2761 2800 2814 amico
2829 2768 2949 2824 tuo;
2992 2767 3045 2814 et
3088 2768 3354 2814 secretum
3381 2767 3633 2815 extraneo

2049 2868 2156 2908 non
2200 2840 2439 2917 reveles;
2473 2866 2540 2906 ne
2583 2850 2721 2906 forte
2766 2851 2980 2906 insultet
3020 2851 3112 2905 tibi
3143 2865 3263 2905 cum
3292 2850 3551 2914 audierit,
3581 2858 3637 2904 et

2049 2943 2378 3013 exprobrare
2409 2958 2511 2996 non
2529 2950 2721 2997 cesset.
2745 2941 2876 2998 Mala
2896 2957 3059 2997 aurea
3089 2942 3140 2995 in
3172 2941 3323 2996 lectis
3348 2949 3630 3011 argenteis,

2049 3036 2139 3107 qui
2169 3035 2402 3105 loquitur
2427 3034 2649 3089 verbum
2678 3035 2728 3088 in
2758 3044 2997 3103 tempore
3022 3050 3137 3087 suo.
3166 3031 3369 3087 inauris
3396 3046 3553 3087 aurea
3583 3041 3637 3092 et

2049 3127 2335 3197 margarita
2359 3125 2585 3196 fulgens,
2608 3126 2695 3194 qui
2722 3127 2893 3195 arguit
2917 3124 3208 3194 sapientem
3229 3133 3281 3179 et
3300 3139 3480 3178 aurem
3507 3122 3637 3178 obe-

2048 3217 2302 3272 dientem.
2326 3215 2393 3269 Et
2418 3225 2530 3286 post
2556 3216 2905 3286 septemdecim
2927 3232 3093 3271 versus
3124 3231 3143 3270 :
3169 3218 3386 3270 Acetum
3415 3214 3468 3268 in
3494 3214 3636 3269 nitro

2049 3319 2163 3375 est,
2213 3310 2303 3380 qui
2356 3317 2534 3364 cantat
2580 3309 2809 3365 carmina
2867 3308 3014 3364 cordi
3059 3309 3290 3378 pessimo
3323 3308 3365 3361 ⁸.
3409 3306 3466 3363 Si
3508 3322 3635 3362 esu-

2050 3401 2482 3481 rierituinimicus
2514 3410 2633 3456 tuus
2656 3443 2671 3468 ,
2717 3401 2831 3454 ciba
2872 3400 3053 3466 illum;
3084 3408 3137 3455 et
3166 3399 3209 3455 si
3235 3399 3458 3466 sitierit,
3488 3398 3555 3453 da
3585 3399 3635 3457 ei

2047 3506 2240 3564 aquam
2270 3491 2451 3546 bibere
2484 3508 2497 3544 :
2532 3507 2727 3560 prunas
2756 3491 2895 3545 enim
2926 3490 3270 3561 congregabis
3293 3505 3453 3560 super
3477 3500 3635 3560 caput

2048 3582 2182 3652 ejus,
2211 3592 2264 3636 et
2298 3582 2552 3637 Dominus
2594 3581 2787 3636 reddet
2807 3581 2921 3635 tibi.
2955 3581 3020 3635 Et
3064 3591 3174 3652 post
3213 3581 3381 3635 decem
3417 3596 3587 3635 versus
3612 3595 3634 3636 :

2048 3674 2195 3729 Sicut
2226 3675 2349 3729 urbs
2378 3685 2561 3744 patens
2591 3682 2643 3727 et
2667 3673 2867 3743 absque
2897 3689 3167 3727 murorum
3194 3672 3415 3737 ambitu,
3443 3672 3523 3728 sic
3548 3672 3635 3729 vir

2047 3765 2139 3840 qui
2170 3781 2270 3819 non
2292 3774 2471 3841 potest
2492 3765 2545 3818 in
2570 3764 2835 3835 loquendo
2855 3764 3106 3819 cohibere
3132 3762 3375 3831 spiritum
3402 3777 3580 3818 suum.

2118 3858 2185 3912 Et
2202 3868 2310 3933 post
2332 3857 2458 3913 duos
2482 3873 2651 3911 versus
2670 3854 2859 3930 [XXVL]
2886 3856 3063 3911 :Sicut
3080 3856 3194 3910 avis
3213 3855 3280 3910 ad
3306 3855 3407 3908 alia
3424 3854 3446 3886 ⁸
3464 3865 3636 3909 trans-

2046 3950 2254 4016 volans,
2288 3958 2341 4003 et
2372 3964 2557 4018 passer
2594 3962 2699 4017 quo
2743 3948 2869 4002 libet
2914 3946 3141 4009 vadens;
3178 3946 3255 4001 sic
3296 3946 3632 4002 maledictum

2046 4043 2239 4096 frustra
2263 4041 2525 4111 prolatum
2551 4040 2604 4094 in
2631 4055 2785 4110 quem
2794 4040 2930 4109 piam
2952 4038 3309 4109 superveniet.
3343 4037 3633 4109 Flagellum

2045 4150 2204 4205 equo,
2236 4143 2290 4189 et
2319 4133 2540 4189 chamus
2564 4133 2734 4197 asino,
2751 4140 2804 4187 et
2830 4130 2976 4201 virga
3001 4130 3162 4185 dorso
3199 4129 3630 4199 imprudentium.

2044 4226 2124 4283 Ne
2158 4225 2484 4296 respondeas
2511 4226 2672 4279 stulto
2694 4224 2846 4294 juxta
2875 4223 3151 4278 stultitiam
3194 4237 3379 4288 suam;
3416 4238 3485 4277 ne
3512 4221 3633 4276 efﬁ-
3706 4258 3715 4263 τ

2046 4317 2203 4373 ciaris
2222 4317 2270 4371 ei
2287 4316 2495 4371 similis.
2516 4314 2799 4385 Responde
2818 4314 2979 4368 stulto
2990 4312 3139 4382 juxta
3160 4311 3430 4367 stultitiam
3446 4326 3628 4379 suam;

2045 4424 2115 4463 ne
2142 4407 2243 4463 sibi
2270 4407 2481 4477 sapiens
2513 4420 2637 4462 esse
2677 4404 2935 4459 videatur.
2976 4402 3045 4457 Et
3083 4412 3193 4472 post
3227 4403 3396 4457 decem
3425 4416 3632 4459 versus:

2044 4498 2192 4554 Sicut
2215 4499 2361 4553 canis
2387 4497 2475 4570 qui
2502 4496 2788 4551 revertitur
2826 4495 2893 4549 ad
2930 4494 3188 4549 vomitum
3217 4509 3391 4562 suum,
3421 4493 3499 4549 sic
3527 4493 3631 4553 im-

2044 4590 2277 4662 prudens
2301 4590 2391 4659 qui
2434 4590 2593 4645 iterat
2634 4587 2913 4643 stultitiam
2940 4601 3111 4642 suam.
3145 4585 3331 4643 Vidisti
3361 4585 3631 4641 hominem

2044 4682 2339 4750 sapientem
2366 4679 2466 4734 sibi
2488 4679 2683 4745 videri;
2708 4680 2873 4750 magis
2896 4679 2989 4732 illo
3010 4694 3159 4750 spem
3185 4678 3398 4736 habebit
3417 4679 3631 4737 stultus.

2046 4771 2180 4825 Dicit
2206 4770 2373 4840 piger,
2393 4770 2500 4825 Leo
2526 4778 2607 4825 est
2631 4769 2685 4824 in
2712 4770 2815 4835 via,
2833 4779 2888 4825 et
2914 4769 3080 4824 letena
3112 4771 3164 4824 in
3195 4769 3489 4825 itineribus.
3510 4769 3632 4825 Sic-

2045 4872 2104 4917 ut
2144 4860 2339 4917 ostium
2360 4863 2583 4918 vertitur
2611 4862 2663 4917 in
2689 4863 3049 4928 cardine‘suo,
3085 4862 3154 4917 ita
3186 4864 3334 4933 piger
3355 4864 3405 4917 in
3431 4863 3627 4917 lectulo

2044 4969 2161 5009 suo.
2191 4953 2481 5009 Abscondit
2509 4953 2656 5025 piger
2684 4969 2872 5009 manus
2901 4954 2999 5008 sub
3027 4955 3220 5009 ascella
3253 4969 3368 5020 sua,
3398 4959 3454 5007 et
3481 4953 3631 5006 labo-

2043 5057 2126 5102 rat
2151 5046 2195 5100 si
2222 5045 2287 5100 ad
2310 5061 2371 5100 os
2393 5061 2549 5101 suum
2566 5060 2657 5099 eas
2673 5046 3014 5101 converterit.
3042 5044 3339 5115 Sapientior
3359 5042 3457 5096 sibi
3480 5041 3630 5112 piger

2043 5138 2253 5201 videtur
2278 5147 2481 5207 septem
2508 5137 2636 5192 viris
2664 5137 3000 5212 loquentibus
3026 5136 3333 5191 sententias.
3365 5134 3513 5190 Sicut
3536 5134 3628 5205 qui

2043 5230 2394 5301 apprehendit
2419 5229 2637 5285 auribus
2676 5244 2883 5296 canem,
2914 5230 2991 5283 sic
3018 5228 3106 5299 qui
3133 5228 3319 5282 transit
3345 5227 3628 5299 impatiens

2103 5346 2121 5378 ⁸
2140 5345 2449 5395 Carnutensis
2466 5351 2571 5408 bis,
2598 5356 2709 5408 cum
2728 5340 2907 5408 impiis.

2102 5409 2123 5440 ²
2145 5409 2215 5457 Sic
2248 5408 2393 5457 etiam
2414 5398 2612 5467 Vulgata
2635 5407 2685 5467 in
2708 5398 2813 5455 Mss:
2839 5401 2956 5453 Bibl.
2981 5402 3117 5452 Corb.
3144 5408 3201 5453 At
3221 5402 3271 5452 in
3301 5401 3442 5451 editis
3470 5398 3633 5452 Bibliis

2038 5469 2186 5520 habet
2206 5472 2255 5519 in
2280 5467 2467 5530 plurali,
2491 5466 2575 5530 qui
2596 5466 2780 5521 (ticum.
2801 5475 2899 5530 etc.

2102 5534 2123 5565 ³
2146 5531 2263 5581 nihil
2281 5526 2364 5579 hic
2384 5526 2543 5593 minus
2560 5542 2703 5593 quam
2728 5530 2773 5576 in
2799 5529 2997 5593 hebrteo
3014 5532 3065 5575 et
3086 5528 3297 5588 antiqms
3318 5526 3476 5593 Biblils
3491 5526 3629 5593 Cprh.

2038 5601 2093 5644 At
2116 5595 2164 5657 in
2191 5593 2331 5642 editis
2368 5591 2524 5642 Bibliis
2559 5584 2744 5641 a'dditur
2776 5590 2832 5638 ad
2870 5589 3057 5657 huncce
3094 5584 3313 5637 versum:
3340 5586 3468 5638 sicut
3501 5584 3631 5643 tinea

2036 5656 2320 5707 vestimento.
2347 5661 2440 5702 etc.

2101 5689 2529 5773 τ’ἕῶἰῗῖἀῖῐῖιιη.
2558 5721 2611 5763 At.
2633 5720 2822 5766 t‘arnut.
2846 5720 2931 5767 us.
2955 5748 2969 5776 ,
2994 5712 3059 5764 ad
3084 5715 3181 5764 αιια
3209 5714 3374 5765 τεῖσαι
3402 5712 3453 5761 in
3474 5711 3632 5764 δίδως

2040 5795 2136 5831 non
2160 5779 2405 5830 meudosis
2427 5777 2622 5837 legitur.
