4110 6458
277 370 383 427 925

350 482 421 538 Et
446 489 558 554 post
590 479 899 553 aliquantum
929 474 1067 551 [vn.]
1092 474 1277 531 Melius
1302 483 1384 529 est
1420 472 1497 528 ire
1531 473 1598 527 ad
1645 471 1862 526 domum

283 587 478 639 luctus,
518 587 675 643 quam
714 570 780 624 ad
813 569 1029 624 domum
1070 566 1342 639 convivii:
1368 566 1420 620 in
1451 564 1538 619 illa
1568 564 1710 619 enim
1744 562 1865 617 finis

278 675 592 719 cuttctorum
608 660 924 715 admonetur
942 658 1235 724 hominum,
1254 667 1308 712 et
1324 656 1509 712 vivens
1524 656 1719 725 cogitat
1734 653 1863 725 quid

282 759 520 811 futurum
554 754 641 809 sit.
686 752 872 808 Melior
911 761 993 808 est
1032 752 1111 805 ira
1135 750 1276 812 risu;
1304 749 1424 820 quia
1462 762 1559 819 per
1600 746 1865 801 tristitiam

283 848 460 903 vultus
480 847 762 918 corrigitur
776 845 984 899 animus
1005 842 1384 913 delinquentis.
1402 840 1507 895 Cor
1523 838 1861 908 sapientium,

285 937 377 992 ubi
407 937 617 991 tristitia
660 945 774 1000 est;
807 944 863 990 et
889 950 984 989 cor
1010 934 1291 988 stultorum
1320 931 1407 985 ubi
1445 930 1649 985 hetitia.
1678 927 1863 984 Melius

282 1036 367 1082 est
402 1043 432 1079 a
476 1025 713 1096 sapiente
756 1024 991 1095 corripi,
1039 1038 1198 1097 quam
1245 1021 1525 1076 stultorum
1561 1018 1867 1073 adulatione

284 1117 457 1189 decipi
489 1135 503 1171 :
532 1118 651 1188 quia
689 1116 826 1171 sicut
865 1116 1070 1171 sonitus
1118 1114 1393 1184 spinarum
1434 1109 1735 1166 ardentium
1767 1108 1868 1165 sub

283 1210 407 1276 olla,
437 1209 518 1265 sic
546 1209 683 1263 risus
710 1207 878 1262 stulti.
918 1204 989 1260 Et
1030 1215 1140 1277 post
1181 1213 1399 1275 quatuor
1440 1217 1609 1257 versus
1639 1218 1653 1255 :
1682 1199 1869 1255 Melior

284 1308 368 1355 est
404 1299 611 1371 patiens
652 1306 953 1369 arrogante.
980 1295 1059 1352 Ne
1085 1295 1242 1353 velox
1266 1295 1340 1350 sis
1376 1293 1444 1349 ad
1488 1290 1865 1357 irascendum;

284 1393 406 1461 quia
438 1392 514 1446 ira
543 1391 597 1446 in
620 1390 739 1445 sinu
776 1388 925 1444 stulti
962 1387 1267 1459 requiescit.
1294 1385 1374 1441 Ne
1406 1385 1570 1449 dicas,
1602 1381 1739 1454 Quid
1771 1396 1868 1451 pu-

285 1494 366 1539 tas
397 1498 573 1539 causa:
612 1491 694 1537 est
735 1481 875 1553 quod
915 1482 1090 1552 priora
1126 1489 1365 1550 tempora
1409 1478 1631 1533 meliora
1675 1475 1864 1541 fuere,

284 1588 442 1646 quam
472 1588 613 1629 nunc
654 1572 814 1628 sunt?
838 1573 995 1627 stulta
1026 1579 1108 1627 est
1138 1571 1282 1629 enim
1312 1566 1676 1640 hujuscemodi
1703 1566 1869 1621 inter-

283 1665 509 1737 rogatio.
555 1664 627 1719 Et
658 1673 771 1735 post
808 1674 907 1719 tres
947 1680 1114 1718 versus
1147 1679 1161 1717 :
1202 1663 1313 1717 lloc
1342 1670 1517 1716 autem
1554 1659 1670 1730 plus
1706 1657 1869 1713 habet

282 1756 511 1812 eruditio
539 1766 594 1811 et
619 1756 898 1827 sapientia,
939 1754 1082 1827 quod
1121 1754 1279 1809 vitam
1304 1753 1544 1809 tribuunt
1569 1746 1865 1823 possessorl

281 1861 400 1901 8110.

350 1934 421 1992 Et
461 1937 718 2009 aliquanto
742 1945 853 2010 post
874 1933 1035 2011 [vnn]
1058 1953 1071 1989 :
1098 1935 1211 2007 Ego
1237 1950 1298 1991 os
1326 1936 1465 2007 regis
1495 1935 1564 1990 ob
1590 1950 1745 1993 servo
1767 1977 1782 2001 ,
1812 1942 1867 1991 et

282 2037 543 2101 praecepta
567 2028 855 2099 juramenti
885 2028 997 2083 Dei.
1025 2026 1105 2087 Ne
1145 2028 1365 2083 festines
1392 2027 1641 2083 recedere
1669 2043 1702 2082 a
1729 2026 1867 2083 faeie

281 2121 416 2189 ejus,
447 2137 617 2192 neque
640 2136 953 2191 permaneas
979 2121 1032 2176 in
1059 2136 1220 2191 opere
1253 2120 1412 2175 malo.
1436 2117 1504 2173 Et
1528 2119 1682 2191 paulo
1709 2128 1821 2190 post
1845 2161 1863 2187 ,

282 2212 357 2266 Ex
388 2228 453 2267 eo
479 2213 617 2283 quod
646 2221 913 2282 peccator,
942 2212 1122 2283 inquit,
1155 2212 1356 2267 centies
1392 2210 1518 2265 facit
1544 2210 1738 2265 malum
1757 2248 1775 2277 ,
1810 2218 1867 2266 et

279 2321 378 2375 per
403 2306 708 2375 patientiam
729 2314 1075 2372 sustentatur,
1106 2319 1204 2376 ego
1232 2304 1453 2375 cognovi
1474 2303 1613 2375 quod
1639 2303 1742 2359 erit
1762 2302 1865 2358 bo-

280 2412 405 2450 num
435 2397 739 2452 timentibus
766 2398 950 2464 Deum,
976 2398 1065 2468 qui
1089 2405 1339 2452 verentur
1361 2397 1548 2451 faciem
1578 2396 1715 2467 ejus.
1744 2396 1863 2452 Non

279 2486 348 2541 sit
386 2486 581 2542 bonum
622 2487 813 2562 impio,
864 2503 963 2543 nec
1006 2488 1385 2559 prolongentur
1418 2487 1533 2543 dies
1571 2487 1720 2557 ejus;
1764 2486 1863 2543 sed

280 2578 430 2649 quasi
458 2579 641 2633 umbra
673 2587 964 2647 transeant,
992 2580 1080 2649 qui
1112 2596 1215 2636 non
1247 2580 1434 2634 timent
1460 2578 1649 2633 faciem
1674 2579 1787 2634 Dei.

348 2665 419 2723 Et
472 2680 581 2739 post
624 2668 937 2741 aliquantum
981 2667 1105 2744 [IL]
1138 2687 1152 2724 :
1186 2669 1433 2725 Dicebam
1462 2684 1562 2740 ego
1587 2669 1861 2725 meliorem

279 2774 399 2815 esse
426 2762 738 2831 sapientiam
768 2762 1098 2817 fortitudine.
1147 2762 1209 2816 Et
1248 2770 1365 2833 post
1400 2771 1617 2833 quatuor
1640 2778 1810 2817 versus
1842 2779 1857 2818 :

277 2849 463 2907 Melior
503 2861 587 2907 est
626 2853 883 2923 sapientia
911 2869 1069 2924 quam
1112 2868 1259 2907 arma
1289 2852 1476 2909 bellica
1515 2870 1529 2908 :
1570 2860 1625 2909 et
1669 2853 1759 2925 qui
1806 2853 1861 2909 in

278 2958 386 2998 uno
415 2945 728 3013 peccaverit,
762 2945 926 2999 multa
954 2944 1090 2999 bona
1119 2944 1325 3014 perdet.

347 3031 415 3089 Et
440 3042 550 3103 post
579 3035 707 3089 duos
730 3052 897 3090 versus
925 3032 1025 3108 [x.]
1057 3054 1069 3090 :
1104 3036 1394 3091 Pretiosior
1418 3043 1501 3091 est
1520 3036 1777 3106 sapientia
1803 3045 1861 3092 et

278 3126 440 3195 gloria
488 3142 669 3196 parva,
724 3128 789 3181 ad
842 3136 1049 3197 tempus
1097 3127 1338 3182 stultitia.
1377 3126 1443 3181 Et
1474 3136 1585 3197 post
1624 3128 1859 3182 tredecim

277 3232 444 3271 versus
475 3236 488 3272 :
515 3217 612 3285 Qui
652 3217 781 3272 fodit
807 3217 1035 3285 foveam,
1061 3218 1258 3275 incidet
1285 3219 1337 3274 in
1367 3233 1521 3284 eam;
1549 3227 1603 3274 et
1630 3220 1718 3289 qui
1746 3218 1857 3278 dis-

276 3308 415 3378 sipat
459 3324 679 3379 sepem,
727 3310 990 3365 mordebit
1038 3326 1161 3365 eum
1205 3310 1442 3366 coluber.
1485 3310 1583 3377 Qui
1612 3311 1860 3367 transfert

276 3399 496 3469 lapides,
528 3400 791 3472 afï¬‚igetur
816 3402 867 3456 in
897 3404 1009 3469 eis;
1039 3413 1092 3458 et
1119 3403 1209 3473 qui
1235 3402 1429 3458 scindit
1455 3403 1617 3475 ligna.
1667 3404 1857 3459 vulne-

275 3490 478 3545 rabitur
502 3491 568 3546 ab
592 3492 690 3548 eis.
731 3492 787 3547 Si
828 3502 1061 3550 retusum
1105 3494 1265 3549 fuerit
1289 3493 1509 3560 ferrum,
1536 3502 1592 3550 et
1622 3494 1723 3550 hoc
1749 3509 1855 3549 non

276 3589 334 3635 ut
360 3581 524 3651 prius,
553 3583 647 3639 sed
677 3583 981 3641 hebetatam
1008 3584 1192 3651 fuerit;
1225 3586 1392 3641 multo
1416 3586 1599 3643 labore
1627 3602 1856 3646 exacue-

279 3682 391 3739 tur,
430 3682 485 3729 et
520 3683 639 3745 post
675 3676 985 3731 industriam
1031 3686 1281 3747 sequetur
1319 3679 1595 3749 sapientia.
1626 3678 1682 3735 Si
1708 3694 1857 3735 mor-

275 3764 398 3819 deat
444 3782 664 3837 serpens
710 3768 763 3822 in
806 3770 1050 3835 silentio,
1092 3757 1331 3827 nihilâ€˜eo
1367 3773 1543 3828 minus
1576 3772 1736 3829 habet
1762 3773 1855 3844 qui

274 3856 480 3913 occulte
506 3858 753 3915 detrahit.
777 3860 951 3916 Verba
986 3862 1095 3916 oris
1133 3864 1387 3933 sapientis
1410 3865 1608 3936 gratia,
1638 3877 1692 3922 et
1716 3866 1855 3923 labia

274 3950 568 4021 insipientis
594 3953 997 4024 praecipitabunt
1023 3970 1167 4011 eum.

343 4039 412 4097 Et
452 4044 605 4113 paulo
624 4055 749 4114 post
788 4043 909 4119 [xn]
941 4064 955 4101 :
987 4046 1194 4103 Laetare
1223 4063 1370 4118 ergo,
1391 4048 1618 4117 juvenis,
1648 4050 1701 4105 in
1726 4050 1855 4106 ado-

274 4131 523 4188 leseentia
563 4142 684 4200 tua;
727 4146 781 4191 et
818 4135 872 4191 in
916 4136 1057 4191 bono
1084 4138 1154 4192 sit
1181 4153 1275 4193 eor
1304 4148 1451 4193 tuum
1480 4140 1531 4193 in
1559 4140 1746 4196 diebus
1766 4141 1854 4212 ju-

272 4224 504 4279 ventutis
535 4233 668 4291 tute,
702 4235 757 4283 et
780 4227 992 4283 ambula
1018 4228 1072 4283 in
1097 4229 1199 4285 viis
1220 4230 1395 4285 cordis
1433 4231 1536 4297 tui,
1577 4239 1632 4287 et
1678 4233 1732 4289 in
1771 4233 1853 4288 in-

276 4315 409 4371 tuitu
438 4318 715 4373 oculorum
746 4327 992 4387 tuorum;
1023 4329 1078 4376 et
1115 4322 1249 4377 scito
1282 4323 1421 4391 quod
1468 4338 1564 4393 pro
1605 4323 1851 4380 omnibus

272 4406 357 4462 his
380 4408 607 4465 adducet
637 4418 689 4465 te
716 4412 855 4466 Deus
880 4412 934 4466 in
956 4413 1234 4482 judicium.
1263 4414 1432 4470 Aufer
1456 4415 1587 4469 iram
1619 4431 1650 4471 a
1688 4416 1851 4472 corde

270 4507 401 4568 tuo,
449 4510 504 4557 et
545 4517 733 4559 amove
781 4505 1034 4560 malitiam
1060 4520 1091 4563 a
1117 4521 1279 4563 carne
1321 4516 1431 4563 tua.
1478 4507 1850 4565 Adolescentia

269 4592 412 4648 enim
438 4602 493 4648 et
516 4594 755 4665 voluptas
784 4612 915 4650 vana
944 4605 1085 4651 sunt.

340 4683 484 4761 [sun]
528 4687 790 4744 Memento
832 4688 1103 4749 Creatoris
1145 4692 1219 4748 tui
1263 4691 1317 4747 in
1351 4690 1539 4747 diebus
1558 4691 1852 4762 juventutis

272 4785 393 4831 tuze.
422 4777 491 4832 Et
517 4788 628 4849 post
653 4779 849 4850 aliquos
876 4797 1044 4837 versus
1066 4783 1084 4816 â¸
1117 4798 1132 4837 :
1162 4783 1330 4838 Deum
1351 4782 1501 4850 time,
1522 4791 1577 4839 et
1601 4782 1850 4841 mandata

267 4866 385 4941 ejus
412 4870 656 4926 observa.

604 4985 693 5041 DE
727 4983 1021 5041 CANTICO
1057 4985 1519 5044 CANTICORUM.

339 5095 517 5151 Restat
535 5097 623 5152 ille
642 5097 766 5151 liber
788 5097 1100 5180 Salomonis,
1135 5100 1280 5169 cujus
1306 5100 1567 5172 inscriptio
1592 5110 1682 5167 est,
1713 5102 1848 5158 Can-

268 5189 424 5244 ticum
465 5193 797 5246 canticorum.
838 5191 944 5246 Sed
968 5192 1031 5246 de
1057 5193 1147 5249 illo
1174 5193 1226 5248 in
1250 5193 1345 5248 hoc
1373 5211 1501 5265 opus
1532 5196 1655 5266 quid
1680 5205 1849 5250 trans-

265 5283 402 5351 ferre
443 5300 731 5355 possumus,
773 5302 889 5339 cum
918 5295 1051 5341 totus
1078 5303 1273 5342 amores
1313 5298 1514 5343 sanctos
1568 5288 1753 5344 Christi
1804 5300 1851 5343 et

268 5373 513 5429 Ecclesia:
538 5376 759 5447 ï¬gurata
804 5376 1056 5431 locutione
1097 5379 1431 5447 commendet,
1471 5388 1517 5433 et
1555 5381 1850 5451 prophetica

267 5468 559 5535 pronuntiet
593 5469 902 5524 altitudine?
940 5470 1039 5524 nisi
1061 5469 1272 5541 quodin
1298 5487 1389 5538 eo,
1414 5472 1642 5542 quamvis
1678 5472 1743 5525 sit
1781 5474 1851 5527 ad

263 5557 645 5629 intelligendum
660 5559 1002 5632 diï¬icillimus,
1023 5577 1288 5633 possumus
1309 5571 1474 5617 tamen
1503 5563 1654 5635 facile
1671 5564 1849 5618 adver-

265 5659 391 5715 tere,
429 5661 678 5720 quantum
700 5654 765 5708 sit
794 5654 965 5709 divina
991 5653 1085 5709 illa
1107 5663 1156 5709 et
1175 5655 1412 5713 divinitus
1438 5655 1687 5727 inspirata
1722 5656 1848 5712 cha-

326 5787 345 5820 á½·
372 5786 548 5848 Regius
567 5793 669 5840 lla:
686 5794 738 5841 Et
759 5794 862 5849 past
880 5803 1032 5841 xxxm
1051 5801 1229 5841 tersus.

1538 359 1627 414 DE
1665 352 2046 412 SCRIPTURA
2088 358 2333 417 SACRA.

3453 364 3558 421 926

1970 470 2095 525 ritas
2123 475 2403 545 appetenda
2424 517 2439 541 ,
2484 475 2755 549 quantique
2787 474 3050 546 pandenda
3086 491 3108 531 :
3142 476 3548 547 quandoquidem

1970 577 2070 614 non
2098 561 2165 615 ibi
2190 565 2344 619 semel
2368 564 2571 634 dicitur,
2603 566 2691 621 sed
2716 566 2819 620 alio
2851 575 2999 638 atque
3028 566 3130 621 alio
3153 566 3260 621 loco
3288 568 3469 621 iterum
3491 584 3554 622 ac

1972 653 2115 706 tertia
2160 656 2399 724 repetitur
2426 654 2610 730 [Capp.
2643 673 2698 722 n,
2732 673 2807 725 Ill,
2840 656 2978 731 vnn]
3012 675 3026 711 :
3058 657 3258 727 Adjuro
3281 673 3395 722 vos,
3427 658 3553 713 filiae

1970 742 2298 811 Jerusalem,
2344 762 2440 817 per
2490 763 2708 818 capreas
2756 764 3047 820 cervosque
3086 765 3432 819 camporum,
3483 766 3552 806 ne

1970 838 2237 894 suseitetis
2258 855 2430 911 neque
2460 842 2708 914 evigilare
2738 842 2937 899 faciatis
2960 842 3227 912 dilectam,
3251 844 3420 898 donec
3438 844 3553 914 ipsa

1971 929 2117 983 velit.
2163 930 2368 1001 Adjuro
2412 948 2536 998 vos,
2582 934 2704 989 filim
2746 935 3073 1002 Jerusalem,
3109 936 3163 992 in
3191 935 3473 991 virtutibus
3500 948 3553 993 et

1970 1022 2171 1077 viribus
2211 1024 2364 1095 agri,
2407 1025 2450 1079 si
2496 1027 2796 1082 levaveritis
2838 1027 3151 1083 charitatem
3208 1028 3553 1099 quoadusque

1971 1113 2099 1169 velit
2134 1111 2231 1188 (Î±).
2272 1112 2501 1170 Ecclesia
2546 1118 2766 1188 quippe,
2811 1118 2864 1173 in
2902 1135 3002 1188 qua
3043 1119 3214 1188 utique
3251 1136 3441 1184 sumus,
3473 1119 3553 1173 his

1971 1204 2128 1259 verbis
2154 1206 2446 1261 exhortatur
2468 1209 2602 1278 ï¬lias
2630 1226 2771 1275 suas,
2801 1210 2894 1263 hoc
2946 1221 3017 1264 est
3039 1251 3053 1275 ,
3082 1212 3298 1281 seipsam
3335 1210 3387 1265 in
3427 1212 3545 1281 plu-

1971 1294 2113 1349 rimis
2140 1297 2479 1352 constitutam.
2529 1296 2655 1368 Ipsa
2694 1310 2767 1354 est
2800 1317 2921 1371 ager
2958 1300 3052 1354 Dei
3084 1302 3512 1372 fructuosissimus
3533 1343 3550 1368 ,

1972 1386 2116 1455 cujus
2158 1389 2359 1443 virtutes
2390 1398 2438 1442 et
2468 1390 2593 1444 vires
2622 1406 2819 1462 magna:
2856 1400 3012 1457 sunt,
3055 1391 3123 1444 ad
3158 1408 3282 1460 quas
3325 1394 3545 1447 amando

1972 1475 2229 1533 Christum
2274 1491 2517 1553 martyres
2554 1491 2902 1552 pervenerunt.
2951 1481 3092 1537 Nam
3127 1500 3224 1553 quo
3262 1499 3419 1553 usque
3446 1485 3551 1537 vult

1972 1568 2061 1623 ille
2086 1568 2283 1624 dilecta:
2318 1588 2426 1627 sua:
2459 1572 2513 1627 in
2546 1573 2641 1627 hac
2671 1573 2871 1628 interim
2897 1575 2994 1628 vita
3024 1574 3317 1629 cltaritatem
3338 1576 3491 1629 levari
3508 1578 3549 1643 Â¹,

1972 1661 2072 1717 nisi
2112 1678 2211 1733 quo
2258 1679 2413 1734 usque
2455 1665 2564 1735 ipse
2605 1666 2774 1721 docuit
2814 1666 2995 1734 verba,
3036 1677 3083 1721 et
3108 1684 3200 1723 suo
3229 1678 3301 1722 est
3327 1668 3558 1722 hortatus

1972 1752 2221 1823 exemplo,
2254 1754 2444 1821 dicens,
2468 1755 2718 1827 Majorem
2742 1756 2840 1813 hac
2859 1759 3171 1814 eharitatem
3194 1773 3350 1813 nemo
3375 1757 3555 1824 habet,

1971 1860 2131 1914 quam
2176 1855 2230 1900 ut
2265 1847 2495 1901 animam
2536 1863 2686 1903 suam
2731 1859 2893 1919 ponat
2938 1852 3056 1921 quis
3103 1866 3199 1921 pro
3237 1851 3421 1905 amicis
3446 1851 3553 1905 suis

1976 1931 2153 2005 (Joan.
2185 1951 2275 2002 xv,
2322 1937 2414 2003 l3)
2459 1956 2473 1992 :
2506 1950 2553 1993 et
2579 1940 2715 2011 quod
2753 1941 2878 1993 dixit
2924 1942 3173 2012 eï¬‚icicns?
3209 1938 3358 1996 Unde
3390 1957 3453 1995 ne
3487 1940 3556 1994 ad

1969 2024 2136 2094 ipsum
2179 2026 2343 2080 solum
2394 2029 2488 2081 hoc
2534 2031 2781 2099 pertinere
2821 2032 3091 2098 videretur,
3130 2032 3200 2084 ait
3239 2030 3464 2086 Joannes
3501 2034 3555 2086 in

1972 2115 2207 2189 Epistula
2236 2136 2349 2187 sua,
2381 2120 2531 2176 Sicut
2556 2121 2803 2177 Christus
2832 2138 2928 2193 pro
2963 2124 3115 2179 nobis
3143 2124 3374 2178 animam
3401 2138 3551 2179 suam

1968 2209 2186 2279 posuit,
2238 2210 2316 2266 sic
2358 2219 2412 2265 et
2457 2228 2555 2266 nos
2605 2212 2859 2268 debemus
2910 2214 3115 2268 animas
3157 2229 3251 2283 pro
3304 2213 3558 2270 fratribus

1970 2316 2172 2371 ponere
2202 2302 2252 2376 (Î™
2277 2301 2435 2357 Joan.
2465 2320 2544 2370 Ill,
2578 2303 2679 2376 16)
2707 2322 2721 2358 :
2751 2305 2845 2359 ltoc
2881 2322 2998 2377 ergo
3033 2315 3143 2373 est,
3185 2305 3359 2378 quoad
3389 2321 3556 2376 usque

1969 2394 2115 2449 velit.

2041 2485 2249 2557 Legitur
2273 2487 2423 2541 etiam
2446 2486 2500 2541 in
2523 2486 2697 2542 eodem
2719 2486 2926 2543 Cantica
2942 2486 3047 2561 [tn]
3076 2505 3089 2542 :
3120 2486 3375 2544 Ordinate
3396 2488 3448 2542 in
3470 2501 3557 2542 me

1968 2576 2304 2632 charitatcm.

2041 2668 2270 2724 Christus
2303 2668 2499 2742 quoque
2541 2669 2649 2742 ipse
2680 2668 2751 2723 ibi
2795 2669 2919 2723 dicit
2971 2666 3095 2742 [vn]
3143 2686 3158 2722 :
3203 2666 3428 2723 Pulchra
3472 2680 3550 2734 es,

1968 2760 2135 2815 amica
2167 2776 2307 2826 mea,
2340 2761 2518 2816 suavis
2548 2768 2601 2815 et
2626 2759 2819 2815 decora
2849 2759 2988 2814 sicut
3012 2757 3332 2814 Jerusalem.

2040 2849 2105 2909 Et
2131 2851 2253 2905 alibi
2277 2850 2422 2924 [vn.]
2458 2870 2470 2906 :
2503 2850 2673 2918 Quam
2702 2849 2921 2922 pulchra
2948 2864 3007 2905 es
3033 2858 3086 2905 et
3114 2863 3273 2921 quam
3317 2848 3507 2905 decora
3534 2888 3552 2916 ,

1964 2943 2297 3010 charissima,
2327 2945 2379 2999 in
2409 2945 2646 3000 deliciis!

2037 3032 2105 3089 Et
2132 3037 2234 3091 alio
2260 3037 2370 3091 loco
2402 3034 2560 3109 [vnn]
2591 3054 2604 3090 :
2634 3036 2781 3092 Pone
2808 3051 2893 3091 me
2931 3044 2989 3091 ut
3016 3034 3349 3106 signaculum
3392 3050 3554 3106 super

1964 3141 2057 3182 eor
2087 3137 2253 3193 tuum,
2282 3136 2340 3182 ut
2363 3126 2690 3198 signaculum
2721 3142 2885 3197 super
2910 3125 3183 3182 brachium
3212 3135 3354 3179 tuum
3385 3142 3399 3178 :
3428 3126 3552 3195 quia

1965 3220 2117 3275 fortis
2140 3230 2225 3276 est
2252 3229 2309 3275 ut
2336 3236 2481 3275 mors
2507 3219 2742 3285 dilectio,
2784 3219 2915 3275 dura
2951 3221 3088 3273 sicut
3116 3218 3352 3274 infernus
3377 3233 3547 3271 armu-

1963 3312 2109 3365 latio.
2138 3309 2207 3364 Et
2234 3320 2344 3381 post
2372 3328 2528 3364 unum
2557 3326 2753 3364 versum
2782 3325 2801 3364 :
2830 3311 2993 3380 Aqua:
3026 3310 3203 3364 multa:
3231 3324 3335 3362 non
3359 3315 3551 3378 potue-

1962 3410 2091 3457 runt
2117 3404 2138 3433 â¸
2168 3402 2504 3471 exstinguere
2533 3399 2870 3467 charitatem,
2914 3414 3013 3455 nec
3056 3398 3271 3453 flumina
3321 3397 3551 3451 obruent

1963 3495 2127 3550 illam.
2168 3492 2222 3551 Si
2269 3492 2477 3549 dederit
2522 3493 2682 3548 homo
2708 3508 2921 3547 omnem
2967 3491 3316 3547 substantiam
3358 3489 3551 3545 domus

1962 3602 2073 3642 suae
2099 3602 2196 3658 pro
2221 3585 2524 3652 dilectione,
2557 3584 2705 3655 quasi
2743 3583 2873 3638 nihil
2900 3582 3153 3653 despiciet
3180 3581 3201 3613 Â³
3225 3597 3367 3637 eam.

2498 3697 2586 3752 DE
2627 3697 2830 3752 LlBllO
2866 3696 3005 3752 JUB.

2016 3789 2186 3865 {Cap.
2203 3787 2371 3862 Î´á½·ÎºÎ·]
2397 3789 2495 3857 Qui
2518 3796 2781 3843 noverunt
2800 3804 2945 3853 eum,
2966 3788 3210 3857 ignorant
3238 3784 3354 3840 dies
3380 3784 3545 3842 illius.

1960 3883 2066 3938 Alii
2121 3882 2376 3938 terminos
2414 3880 2838 3945 transtulerunt,
2884 3880 3217 3948 diripuerunt
3257 3891 3466 3947 greges,
3494 3885 3549 3931 et

1960 3981 2248 4044 rapuerunt
2272 3988 2385 4028 eos.
2413 3974 2634 4029 Asinum
2666 3971 2981 4042 pupillorum
3008 3971 3317 4038 abegerunt,
3344 3977 3399 4024 et
3425 3969 3549 4023 abs-

1962 4066 2198 4123 tulerunt
2245 4080 2342 4135 pro
2385 4065 2605 4135 pignore
2626 4064 2819 4119 bovem
2859 4062 3051 4116 vidum.
3089 4056 3159 4115 Et
3193 4071 3303 4133 post
3330 4061 3550 4133 quinque

1960 4172 2133 4212 versus
2162 4174 2181 4212 :
2208 4159 2408 4228 Agrum
2435 4171 2539 4210 non
2564 4170 2721 4211 suum
2754 4154 3060 4218 demetunt;
3089 4162 3143 4207 et
3182 4155 3390 4206 vineam
3431 4151 3548 4220 ejus

1960 4266 2119 4321 quem
2148 4250 2197 4305 vi
2222 4256 2627 4321 oppresserunt,
2660 4246 3007 4301 vindemiant.
3054 4244 3235 4299 Nudos
3275 4244 3548 4297 dimittunt

1960 4343 2236 4410 homines,
2268 4341 2576 4397 indumenta
2610 4340 2875 4404 tollentes,
2906 4338 3100 4407 quibus
3137 4351 3241 4390 non
3287 4344 3371 4390 est
3413 4349 3547 4403 ope-

1958 4433 2245 4488 rimentum
2275 4432 2327 4486 in
2354 4431 2572 4501 frigore.
2598 4429 2668 4484 Et
2697 4438 2810 4500 post
2847 4428 2973 4482 duos
3001 4444 3169 4481 versus
3196 4442 3215 4480 :
3247 4426 3364 4479 Vim
3402 4424 3546 4479 feee.

1959 4534 2085 4579 runt
2110 4523 2481 4593 deprcedantes
2508 4522 2754 4593 pupillos,
2783 4530 2836 4575 et
2853 4521 3067 4589 vulgum
3096 4533 3383 4590 pauperem
3417 4532 3544 4587 spo-.

1959 4614 2241 4671 liaverunt.
2284 4613 2450 4668 Nudis
2491 4622 2547 4668 et
2592 4611 2963 4669 incedentibus
3006 4612 3205 4681 absque
3254 4610 3445 4663 vestitu
3492 4619 3545 4665 et

1958 4708 2315 4763 esurientibus
2344 4706 2579 4761 tulerunt
2616 4706 2811 4775 spicas.
2842 4699 2911 4757 Et
2942 4713 3054 4776 post
3081 4703 3206 4756 duos
3226 4718 3394 4755 versus
3425 4716 3444 4755 :
3469 4701 3547 4756 De

1957 4798 2258 4854 civitatibus
2284 4797 2526 4853 fecerunt
2548 4797 2691 4852 viros
2714 4811 2964 4866 gemere;
2996 4805 3050 4850 et
3077 4795 3252 4848 anima
3290 4795 3538 4849 vulnera-

1958 4900 2132 4944 torum
2176 4888 2459 4953 clamavit;
2488 4897 2542 4943 et
2577 4888 2719 4943 Deus
2760 4886 2986 4941 inultum
3012 4886 3160 4943 abire
3190 4902 3296 4941 non
3322 4885 3541 4955 patitur.

1956 4980 2060 5052 Ipsi
2106 4981 2319 5035 fuerunt
2367 4979 2596 5035 rebelles
2642 4979 2828 5034 lumini
2862 4996 2875 5033 :
2906 4979 3209 5033 nescierunt
3236 4978 3347 5031 vias
3375 4976 3494 5046 ejus
3523 5016 3541 5041 ,

1957 5086 2057 5127 nec
2099 5073 2299 5127 reversi
2342 5080 2467 5127 sunt
2497 5087 2593 5141 per
2621 5071 2841 5127 semitas
2867 5070 3027 5125 illius.
3067 5068 3135 5123 Et
3162 5078 3271 5139 post
3290 5068 3465 5140 uiginti
3494 5077 3544 5122 et

1956 5179 2113 5217 unum
2138 5179 2307 5219 uersus
2334 5179 2354 5219 :
2378 5164 2699 5218 Conteratur
2716 5162 2866 5233 quasi
2896 5160 3094 5232 lignum
3131 5159 3538 5213 infructuosum.

1958 5254 2109 5309 lâ€™avit
2135 5255 2274 5309 enim
2301 5255 2559 5321 sterilem,
2587 5263 2642 5308 et
2665 5270 2782 5323 qum
2812 5268 2917 5307 non
2944 5252 3107 5322 parit;
3133 5259 3189 5306 et
3210 5251 3380 5305 vidua:
3404 5249 3543 5309 bene

1958 5362 2062 5400 non
2086 5346 2225 5401 fecit.
2252 5346 2487 5401 Detraxit
2505 5344 2698 5400 fortem
2721 5344 2774 5399 in
2797 5342 3104 5399 fortitudine
3132 5357 3250 5397 sua.

2017 5460 2038 5553 á¼”
2061 5456 2439 5578 á¼’á¿—á¿—Ï…Î¹á½·Îµá½³Î±Î¹á½²Îµá¼¶Î·
2475 5516 2632 5578 editis.
2655 5522 2713 5578 At
2734 5516 2783 5564 in
2804 5521 2912 5566 Mss.
3124 5514 3282 5575 Oorh.,
3305 5518 3541 5578 poterunt.

1954 5581 2085 5647 Apud
2107 5576 2401 5641 Lxx,hudor
2419 5577 2529 5650 polu
2548 5592 2610 5627 ou
2630 5576 2893 5629 diatÃ©setat.

2019 5646 2040 5677 â¸
2062 5650 2167 5692 Mss.
2192 5644 2307 5702 duo,
2331 5643 2611 5705 despzctent.

2017 5728 2089 5790 (Î±)
2108 5726 2233 5778 Istud
2250 5734 2301 5777 et
2316 5724 2525 5790 alterum
2542 5724 2760 5790 proxime
2775 5721 3048 5790 subjectum
3065 5723 3394 5777 testimonium
3402 5721 3548 5789 juxta

1954 5784 2084 5851 LXX,
2108 5790 2297 5853 reliqua
2321 5802 2440 5843 vero
2457 5784 2595 5851 juxta
2618 5784 3072 5849 Vulgalamiprofcrt
