4110 6452
652 396 752 456 9‘97

722 504 791 562 Et
830 515 940 577 post
981 506 1295 578 aliquantum
1331 487 1565 581 [xnx.]':
1598 506 1757 561 Auris
1781 505 2005 562 audiens
2030 505 2239 562 beatifi-

648 599 805 653 cabat
824 613 911 654 me
927 614 944 664 ;
961 607 1014 654 et
1029 598 1214 653 oculus
1233 597 1415 653 videns
1433 596 1794 654 testimonium
1805 596 2064 653 reddebat
2081 597 2230 663 mihi,

650 689 793 760 quod
821 690 1131 746 liberassem
1158 705 1449 771 pauperem
1472 690 1870 754 vociferantem,
1897 697 1954 746 et
1975 689 2233 761 pupillum

648 782 735 837 cui
769 798 873 837 non
907 792 1051 839 esset
1087 781 1320 853 adjutor.
1363 782 1671 839 Benedictio
1696 783 1916 854 perituri
1958 797 2120 853 super
2147 798 2233 838 me

649 874 913 942 veniebat,
942 883 996 930 et
1018 890 1112 929 cor
1139 875 1312 931 vidua;
1350 876 1656 932 consolatus
1678 891 1818 931 sum.
1844 875 2053 932 iustitia
2074 874 2233 930 indu-

649 973 736 1018 tus
755 980 892 1030 sum,
920 973 975 1019 et
1000 965 1191 1020 vestivi
1220 982 1306 1021 me
1330 966 1467 1022 sicut
1492 967 1810 1023 vestimento
1842 975 1896 1022 et
1931 965 2231 1021 diademate

646 1054 844 1125 judicio
868 1071 1009 1111 meo.
1032 1055 1235 1113 Oculus
1274 1057 1347 1113 fui
1384 1073 1556 1124 cinco,
1581 1067 1635 1114 et
1677 1073 1771 1130 pes
1817 1057 2024 1113 claudo.
2075 1057 2233 1112 Pater

646 1160 793 1199 eram
821 1162 1143 1218 pauperum;
1169 1158 1222 1203 et
1240 1163 1452 1204 causam
1478 1164 1638 1220 quam
1659 1149 1979 1212 nesciebam,
2010 1147 2231 1218 diligen-

645 1243 728 1290 ter
745 1235 1147 1308 investigabam.
1167 1238 1520 1295 Conterebam
1543 1240 1711 1296 molas
1725 1239 1910 1310 iniqui,
1936 1247 1991 1295 et
2014 1239 2081 1294 de
2100 1238 2231 1294 den-

644 1326 783 1381 tibus
814 1326 954 1383 illius
979 1330 1282 1385 auferebam
1313 1330 1567 1401 praedam.

715 1414 785 1470 Et
814 1416 1072 1487 aliquanto
1100 1430 1211 1490 post
1242 1419 1440 1495 [χχιι]
1472 1440 1486 1477 :
1515 1422 1570 1478 Si
1598 1421 1859 1477 ambulavi
1890 1422 1943 1477 in
1973 1421 2224 1487 vanitate,

641 1517 696 1562 et
716 1506 987 1564 festinavit
1014 1511 1064 1565 in
1094 1510 1220 1566 dolo
1241 1527 1334 1583 pes
1355 1528 1533 1578 meus;
1556 1513 1820 1584 appendat
1842 1530 1930 1569 mc
1954 1513 2007 1568 in
2029 1521 2225 1568 statera

635 1597 799 1667 justa,
819 1608 873 1653 et
901 1601 1034 1654 sciat
1064 1601 1202 1656 Deus
1231 1603 1623 1674 simplicitatem
1644 1619 1837 1659 meam.
1867 1602 1923 1659 Si
1944 1603 2228 1659 declinavit

638 1681 855 1759 giessus
871 1705 1019 1745 meus
1042 1689 1111 1746 de
1126 1693 1208 1746 via
1228 1708 1243 1758 ;
1264 1702 1317 1748 et
1345 1693 1393 1748 si
1418 1702 1632 1749 secutus
1648 1701 1732 1749 est
1756 1695 1940 1749 oculus
1961 1710 2111 1750 meus
2130 1710 2226 1750 ear

638 1796 817 1836 meum
844 1782 884 1850 ’,
917 1791 970 1838 et
997 1784 1049 1838 in
1078 1786 1323 1842 manibus
1352 1787 1487 1843 meis
1509 1787 1736 1843 adhaesit
1762 1788 1991 1843 macula.
2023 1786 2091 1842 Et
2113 1799 2224 1859 post

638 1874 768 1928 duos
789 1889 958 1931 versus
990 1892 1009 1930 :
1035 1876 1089 1933 Si
1116 1877 1403 1950 deceptum
1425 1888 1507 1935 est
1532 1896 1627 1936 cor
1648 1896 1825 1936 meum
1851 1897 2011 1951 super
2030 1881 2224 1937 mulie-

635 1980 782 2032 rem;
825 1975 876 2021 et
915 1968 960 2022 si
984 1968 1052 2023 ad
1090 1970 1285 2025 ostium
1327 1972 1484 2026 amici
1526 1973 1630 2027 mei
1659 1971 1937 2031 insidiatus
1974 1987 2113 2028 sum.
2155 1972 2224 2027 Et

638 2066 751 2127 post
793 2056 920 2113 duos
965 2076 1171 2115 versus:
1198 2062 1312 2117 lloc
1352 2064 1492 2119 enim
1525 2055 1675 2120 nefas
1719 2073 1834 2133 est,
1876 2074 1931 2120 et
1975 2066 2222 2136 iniquitas

636 2148 891 2203 maxima.
934 2148 1073 2220 Ignis
1096 2162 1180 2208 est
1201 2168 1367 2224 usque
1394 2155 1461 2210 ad
1487 2156 1841 2226 perditionem
1864 2156 2147 2224 devorans,
2169 2167 2224 2214 et

635 2241 814 2297 omnia
840 2243 1117 2301 eradicans
1137 2248 1422 2316 genimina.
1446 2248 1502 2304 Si
1519 2251 1811 2320 contempsi
1818 2250 2077 2321 judicium
2096 2255 2224 2306 sub-

636 2332 717 2388 ire
749 2348 871 2387 cum
918 2350 1072 2391 servo
1092 2352 1214 2393 meo
1243 2350 1297 2393 et
1319 2340 1511 2395 ancilla
1539 2356 1687 2406 mea,
1714 2356 1834 2397 cum
1862 2343 2224 2412 disceptarent

634 2420 917 2478 adversum
941 2440 1048 2481 me.
1074 2425 1145 2480 Et
1164 2438 1275 2498 post
1289 2439 1506 2499 quatuor
1525 2446 1696 2486 uersus
1710 2433 1731 2463 ²
1753 2449 1767 2485 :
1789 2431 1845 2487 Si
1866 2433 2054 2504 negavi
2079 2433 2221 2504 quod

634 2512 887 2568 volebant
907 2517 1248 2586 pauperibus,
1280 2529 1334 2573 et
1359 2520 1540 2575 oculos
1559 2520 1732 2577 viduae
1758 2530 2069 2593 exspectare
2093 2523 2217 2580 feci.

637 2602 696 2663 Si
724 2607 932 2661 comedi
952 2607 1245 2677 bnccellam
1270 2626 1441 2666 meam
1469 2613 1636 2681 solus,
1666 2621 1721 2669 et
1746 2629 1851 2670 non
1873 2616 2103 2672 comedit
2125 2632 2223 2688 pu-

631 2695 793 2766 pillus
835 2713 903 2753 ex
932 2698 1027 2754 ea.
1066 2699 1200 2769 Quia
1250 2701 1319 2758 ab
1368 2703 1585 2759 infantia
1625 2721 1743 2762 mea
1792 2707 1961 2762 crevit
2009 2724 2218 2764 mecum

630 2787 924 2858 miseratio,
944 2799 999 2847 et
1018 2791 1083 2848 de
1105 2802 1256 2849 utero
1278 2794 1464 2851 matris
1479 2812 1615 2853 meae
1641 2813 1853 2869 egressa
1879 2809 1963 2857 est
1986 2816 2216 2858 mecum.

629 2877 688 2932 Si
725 2878 946 2950 despexi
989 2892 1297 2952 pereuntem
1318 2926 1333 2951 ,
1364 2901 1431 2942 eo
1454 2887 1595 2957 quod
1633 2904 1743 2944 non
1768 2890 2014 2947 habuerit
2048 2894 2216 2949 vesti-

630 2978 892 3039 mentum,
915 2981 968 3027 et
996 2974 1197 3045 absque
1220 2976 1552 3045 operimento
1578 2995 1885 3052 pauperem.
1911 2981 1967 3038 Si
1996 2999 2100 3039 non
2128 2986 2221 3041 be-

633 3060 954 3116 nedixerunt
983 3062 1113 3118 mihi
1160 3065 1327 3122 latera
1354 3067 1469 3138 ejus
1489 3110 1505 3137 ,
1554 3069 1693 3127 etde
1731 3072 2023 3130 velleribus
2039 3075 2217 3130 ovium

629 3163 871 3207 mearum
896 3153 1179 3210 calefactus
1205 3166 1309 3212 est.
1338 3157 1394 3214 Si
1420 3158 1586 3215 levavi
1622 3176 1783 3232 super
1812 3165 2068 3236 pupillum
2104 3182 2220 3221 ma-

629 3255 758 3295 num
795 3256 989 3310 meam,
1035 3244 1197 3300 etiam
1235 3262 1356 3305 cum
1385 3249 1625 3306 viderem
1670 3268 1756 3308 me
1790 3257 2120 3327 superiorem
2162 3257 2214 3312 in

628 3333 816 3407 portis.
849 3330 920 3388 Et
945 3343 1056 3405 post
1080 3337 1299 3409 quinque
1317 3356 1487 3394 versus
1514 3356 1534 3395 :
1557 3340 1612 3397 Si
1635 3344 1812 3412 putavi
1838 3360 2027 3401 aurum
2053 3347 2219 3404 robur

627 3438 806 3479 meum
828 3465 843 3490 ,
869 3432 925 3480 et
947 3424 1148 3498 obryzo
1174 3426 1306 3496 dixi,
1337 3428 1557 3486 Fiducia
1588 3447 1728 3489 mea.
1770 3434 1824 3490 Si
1860 3436 2072 3516 lmtatus
2096 3451 2214 3493 sum

626 3531 790 3586 super
826 3516 1024 3574 multas
1067 3519 1277 3576 divitias
1305 3537 1484 3592 meas,
1529 3531 1582 3580 et
1615 3526 1736 3597 quia
1767 3527 1991 3597 plurima
2017 3531 2217 3602 reperit

626 3622 817 3664 manus
857 3625 995 3665 mea.
1042 3609 1114 3666 Et
1149 3621 1262 3684 post
1288 3631 1379 3670 sea:
1404 3633 1576 3673 uersus
1599 3635 1620 3674 :
1645 3618 1703 3676 Si
1746 3622 1960 3692 gavisus
1986 3639 2103 3679 sum
2146 3625 2215 3681 ad

516 3752 526 3770 ι
624 3700 833 3756 ruinam
860 3702 977 3772 ejus
1001 3705 1093 3775 qui
1123 3721 1209 3761 me
1228 3707 1436 3778 oderat,
1459 3718 1514 3766 et
1532 3712 1792 3770 exsultavi
1813 3716 1955 3787 quod
1983 3717 2215 3776 invenis-

630 3799 714 3848 set
751 3808 871 3848 eum
901 3795 1125 3853 malum.
1166 3795 1236 3853 Et
1272 3810 1385 3870 post
1428 3811 1645 3872 quatuor
1684 3822 1894 3863 versus:
1923 3808 2076 3866 Foris
2102 3826 2214 3868 non

625 3883 821 3939 mansit
864 3887 1211 3956 peregrinus;
1254 3891 1447 3946 ostium
1474 3909 1656 3950 meum
1692 3898 1879 3954 viatori
1924 3903 2110 3973 patuit.
2154 3902 2213 3959 Si

625 3973 880 4029 abscondi
921 3978 1072 4046 quasi
1122 3978 1284 4035 homo
1308 3994 1584 4052 peccatum
1633 4002 1832 4055 meum,
1877 3998 1931 4046 et
1964 3993 2129 4048 celavi
2156 3993 2210 4050 in

627 4064 747 4121 sinu
772 4081 892 4121 meo
922 4067 1251 4139 iniquitatem
1297 4088 1493 4127 meam.
1526 4073 1583 4130 Si
1607 4079 1795 4147 expavi
1822 4079 1889 4134 ad
1914 4082 2212 4139 multitudi-

623 4173 748 4214 nem
775 4159 1014 4225 nimiam,
1043 4168 1100 4216 et
1125 4161 1395 4234 despectio
1424 4166 1842 4239 propinquorum
1873 4174 2059 4229 terruit
2085 4191 2206 4242 me;

623 4258 809 4305 etnon
855 4252 1024 4322 magis
1055 4253 1226 4320 tacui,
1274 4270 1374 4310 nec
1398 4272 1645 4328 egressus
1683 4274 1803 4315 sum
1830 4263 2043 4319 ostium.
2080 4266 2210 4334 Quis

625 4342 755 4397 mihi
779 4343 974 4399 tribuat
989 4345 1308 4414 auditorem,
1336 4356 1393 4403 ut
1413 4349 1737 4407 desiderium
1760 4369 1936 4409 meum
1958 4355 2212 4428 Omnipo-

624 4438 744 4491 iens
780 4434 990 4504 audiat,
1021 4444 1076 4491 et
1103 4436 1295 4492 librum
1325 4440 1523 4496 scribat
1551 4442 1667 4512 ipse
1696 4443 1788 4514 qui
1807 4445 2041 4514 judicat;
2071 4457 2127 4503 ut
2154 4449 2207 4504 in

625 4524 849 4582 humero
867 4544 986 4583 meo
1005 4539 1212 4599 portem
1240 4531 1408 4600 illum,
1426 4542 1480 4588 et
1503 4534 1830 4593 circumdem
1848 4536 1870 4569 ³
1891 4540 2038 4609 quasi
2056 4555 2211 4595 coro-

625 4631 748 4671 nam
777 4618 945 4674 mibi?
972 4620 1075 4675 Per
1102 4622 1337 4692 singulos
1365 4624 1560 4695 gradus
1588 4640 1740 4682 meos
1769 4631 2118 4698 pronuntiabo
2147 4633 2210 4686 il-

626 4706 754 4772 lum,
781 4717 837 4763 et
859 4709 1006 4778 quasi
1026 4711 1284 4782 principi‘
1311 4712 1529 4769 offeram
1558 4731 1701 4773 eum.
1731 4716 1788 4773 Si
1814 4718 2092 4775 adversum
2122 4738 2209 4777 me

626 4804 767 4852 terra
808 4813 925 4853 mea
956 4800 1179 4870 clamat,
1205 4811 1405 4858 etcum
1441 4805 1555 4876 ipsa
1581 4807 1715 4863 sulci
1755 4808 1872 4879 ejus
1901 4810 2117 4866 deflent.
2150 4811 2205 4868 Si

623 4890 829 4947 fructus
852 4891 966 4964 ejus
995 4896 1202 4952 comedi
1226 4897 1426 4970 absque
1452 4901 1696 4971 pecunia,
1735 4912 1789 4958 et
1810 4903 2041 4959 animam
2068 4905 2209 4976 agri-

622 4981 864 5038 colarum
888 4981 1074 5039 afﬂixi.

626 5091 632 5095 '
699 5073 849 5129 Nunc
869 5076 983 5146 jam
1008 5077 1071 5131 de
1097 5077 1236 5134 libris
1263 5079 1640 5153 PrOphetarum
1656 5100 1771 5156 qua
1796 5094 1913 5140 sunt
1932 5085 2048 5141 huic
2067 5089 2207 5158 operi

626 5167 905 5220 necessaria
936 5169 1252 5241 colligamus.
1291 5172 1366 5227 Ac
1391 5175 1612 5245 primum
1638 5176 1800 5231 dehis
1826 5176 2096 5249 Prophetis
2120 5180 2207 5249 qui

626 5265 829 5327 propter
846 5256 1128 5315 brevitatem
1150 5263 1458 5319 voluminum
1476 5282 1684 5320 suorum
1701 5265 1924 5324 Minores
1941 5280 2202 5325 vocantur.

625 5343 763 5419 Ergo
778 5349 918 5420 apud
948 5348 1074 5406 Osee
1097 5355 1395 5425 prophetam
1418 5358 1514 5411 ista
1534 5360 1886 5429 comperimus.

688 5576 707 5610 ι
732 5577 1008 5639 Legendum
1027 5588 1084 5631 ιι
1103 5594 1155 5632 ιιι
1175 5579 1455 5634 melioribus
1475 5583 1622 5637 Bibl.:
1646 5584 1696 5638 si
1723 5591 1935 5638 secutum
1957 5592 2026 5639 est
2046 5586 2206 5642 oculos

627 5650 751 5689 "3008
773 5651 856 5688 σον
877 5652 1051 5691 mczan.

692 5702 711 5776 ἰ
732 5702 912 5776 ﬁssis
929 5702 1084 5776 ιερςιεξ
1112 5717 1126 5753 =
1155 5710 1208 5776 ει
1224 5711 1325 5776 post
1344 5719 1591 5776 mem

690 5764 709 5836 ξ
732 5766 1104 5836 uncinatum,
1118 5772 1172 5836 et

690 5833 712 5856 °
731 5835 811 5875 ειτι
839 5833 1027 5892 “eam.
1049 5827 1363 5917 maritimi,

1838 392 1896 448 S.
1938 389 2305 450 AUGUSTINI
2344 390 2699 449 SPECULUM
2730 400 2731 403 ‘

3795 404 3884 465 θὶς

2856 508 2943 564 DE
2981 507 3181 565 LIBRO
3214 509 3414 569 OSEE.

2413 616 2565 690 [Cap.
2594 616 2690 691 1v.]
2728 618 2921 674 Audite
2944 618 3162 675 verbum
3191 621 3418 692 Domini,
3464 623 3553 679 filii
3579 624 3761 697 lsrael,
3781 639 3887 687 anis

2335 706 2591 777 judicium
2634 709 2859 765 Domino
2887 726 3008 766 cum
3048 711 3430 769 habitatoribus
3474 724 3648 771 terrae.
3677 718 3784 775 Non
3815 734 3885 777 est

2339 802 2481 857 enim
2503 804 2716 870 veritas,
2732 812 2786 859 et
2812 818 2917 859 non
2941 814 3026 860 est
3043 807 3427 872 misericordia,
3445 816 3501 863 et
3520 825 3623 865 non
3644 815 3888 870 estsciea—

2341 894 2410 948 tia
2439 895 2529 951 Dei
2556 895 2608 949 in
2637 904 2800 950 terra.
2823 895 3179 966 Maledictum,
3212 906 3267 954 et
3294 899 3646 965 mendacium,
3667 911 3720 959 et
3736 903 3885 961 homi-

2336 986 2530 1040 cidium
2550 1026 2567 1052 ,
2612 994 2668 1041 et
2702 985 2937 1053 furtum,
2968 996 3024 1044 et
3058 988 3376 1045 adulterium
3409 991 3800 1061 inundaverant,
3839 1008 3886 1054 et

2335 1080 2549 1147 sanguis
2575 1079 2883 1149 sanguinem
2927 1082 3115 1152 tetigit.
3160 1082 3227 1136 Et
3265 1092 3377 1154 post
3410 1084 3672 1141 duodecim
3693 1103 3888 1146 versus:

2335 1167 2468 1232 Quia
2500 1177 2556 1222 tu
2593 1170 2870 1226 scientiam
2899 1172 3160 1243 repulisti,
3188 1174 3443 1243 repellant
3475 1183 3547 1241 te,
3579 1191 3643 1231 ne
3666 1180 3887 1235 sacerdo-

2335 1261 2413 1315 tio.
2433 1260 2671 1332 fungaris
2696 1263 2846 1319 mihi.
2876 1264 2945 1319 Et
2970 1272 3081 1338 post
3111 1265 3395 1336 quindecim
3418 1284 3589 1322 versus
3614 1284 3634 1322 :
3654 1270 3883 1336 Quoniam

2335 1348 2615 1407 Dominum
2629 1353 2951 1424 reliquerunt
2964 1354 3016 1409 in
3032 1370 3135 1410 non
3148 1355 3515 1411 custodiendo.
3532 1356 3830 1427 Fornicatio,
3840 1371 3886 1417 et

2332 1440 2534 1506 vinum,
2560 1451 2615 1497 et
2634 1443 2864 1500 ebrietas
2887 1444 3059 1501 aufert
3078 1461 3190 1500 cor.
3214 1444 3282 1500 Et
3301 1455 3412 1517 post
3430 1450 3771 1517 septemdecim
3792 1466 3883 1504 ver-

2324 1545 2454 1593 sus:
2492 1530 2750 1598 Quoniam
2790 1534 2889 1605 ipsi
2918 1551 3037 1591 cum
3076 1536 3446 1592 meretricibus
3471 1538 3815 1607 versabantur,
3837 1553 3883 1596 et

2329 1634 2450 1675 cum
2489 1622 2807 1679 effeminatis
2836 1627 3225 1682 sacriﬁcabant.
3258 1627 3327 1682 Et
3370 1628 3597 1698 populus
3626 1646 3724 1684 non
3748 1630 3882 1687 intel-

2329 1709 2500 1781 ligens
2519 1714 2805 1784 vapulabit.
2848 1715 2907 1771 Si
2953 1716 3229 1775 fornicaris
3267 1718 3575 1783 tu,.lsrael,
3604 1735 3703 1774 nun
3730 1719 3879 1777 delia.

2327 1813 2454 1873 quat
2482 1805 2669 1860 saltem
2695 1805 2850 1861 Juda.
2879 1808 2945 1862 Et
2971 1808 3136 1864 nolite
3165 1808 3371 1880 ingredi
3399 1809 3452 1862 in
3491 1808 3728 1880 Gaigala;
3752 1822 3880 1873 etne

2326 1894 2625 1951 ascendatis
2654 1896 2708 1951 in
2737 1897 3017 1967 Bethave;
3037 1915 3208 1971 neque
3241 1900 3585 1971 juraveritis,
3630 1901 3758 1957 Vivit
3785 1902 3879 1959 Do-

2327 1983 2521 2039 minus.

2399 2074 2465 2130 Et
2495 2087 2607 2147 post
2632 2079 2824 2150 aliquot
2846 2083 3047 2138 versus‘
3078 2081 3183 2156 [v.]
3213 2102 3225 2138 :
3258 2083 3379 2139 Non
3409 2084 3610 2140 dabunt
3632 2086 3878 2157 cogitatio-

2328 2181 2425 2221 nes
2460 2183 2617 2233 suas,
2650 2179 2707 2224 ut
2748 2183 3083 2231 revertantur
3108 2174 3176 2231 ad
3207 2176 3494 2231 Dominum
3521 2176 3680 2232 Deum
3705 2194 3875 2246 suum;

2325 2261 2447 2328 quia
2477 2263 2694 2331 spiritus
2723 2263 3087 2324 fornicationis
3117 2269 3168 2323 in
3206 2268 3391 2325 medio
3420 2284 3626 2339 eorum,
3651 2281 3701 2326 ct
3724 2271 3877 2326 Domi-

2324 2366 2451 2406 ntun
2473 2368 2587 2409 non
2605 2368 2985 2426 cognoverunt.

2400 2442 2463 2497 Et
2488 2455 2601 2515 post
2633 2449 2897 2519 sexaginta
2922 2459 2967 2504 et
2997 2466 3151 2504 unum
3192 2465 3366 2507 uersus
3399 2448 3519 2526 [vn]
3546 2471 3559 2508 :
3588 2452 3775 2509 Judicia
3802 2462 3873 2508 tua

2322 2537 2473 2607 quasi
2503 2538 2591 2593 lux
2635 2541 2993 2610 egrediantur.
3034 2543 3169 2611 Quia
3208 2545 3631 2602 misericordiam
3674 2545 3802 2602 volui
3829 2554 3877 2607 et

2323 2644 2430 2683 non
2471 2630 2828 2701 sacrificium,
2875 2642 2928 2688 et
2963 2634 3238 2690 scientiam
3268 2636 3371 2692 Dei
3417 2637 3537 2707 plus
3573 2651 3720 2707 quam
3745 2636 3873 2692 bolo-

2321 2730 2524 2777 cansta.

2393 2809 2461 2864 Et
2483 2820 2596 2881 post
2617 2813 2933 2879 aliquantum
2958 2813 3060 2889 [x.]
3085 2834 3098 2870 :
3128 2816 3410 2872 Seminate
3434 2816 3584 2873 vobis
3609 2816 3659 2875 in
3677 2815 3880 2886 iustitia.

2320 2911 2375 2957 et
2396 2907 2576 2958 metite
2602 2905 2652 2958 in
2684 2921 2778 2960 ore
2800 2906 3177 2963 misericordia:
3203 2925 3217 2961 :
3252 2912 3512 2965 innovate
3532 2908 3675 2963 vobis
3694 2906 3873 2964 navale.

2321 2992 2555 3064 Tempus
2575 3004 2752 3050 autem
2782 2996 3084 3066 requirendi
3108 2998 3423 3068 Dominum,
3450 3014 3569 3055 cum
3600 2998 3871 3069 veneritqui

2319 3082 2532 3139 docebit
2556 3100 2649 3141 vos
2667 3085 2949 3156 justitiam.
3962 3087 3966 3092 ’

2388 3170 2456 3226 Et
2485 3185 2597 3245 post
2631 3179 2948 3248 septuaginta
2980 3188 3091 3234 octo
3118 3195 3287 3234 versus
3312 3177 3465 3254 [χω]
3498 3180 3601 3237 :.Et
3624 3187 3676 3237 tu
3702 3178 3762 3234 ad
3788 3179 3874 3235 Dor

2317 3264 2520 3319 minum
2542 3267 2709 3322 Deum
2729 3284 2830 3324 con
2839 3271 3092 3325 verteris'
3113 3290 3127 3327 :
3152 3272 3574 3331 misericordiam
3589 3272 3871 3344 etjudicinm

2317 3357 2557 3423 custodi;
2583 3368 2636 3414 et
2663 3374 2819 3430 spera
2843 3361 2897 3416 in
2928 3362 3155 3417 Domino
3178 3364 3288 3419 Deo
3319 3373 3417 3419 tuo
3443 3354 3666 3436 semper.

2389 3450 2455 3506 Et
2483 3463 2594 3523 post
2618 3455 2983 3529 quinquaginta
3010 3467 3057 3512 ct
3080 3474 3236 3511 unum
3260 3474 3440 3514 versus
3461 3457 3651 3532 [xnt.1:
3674 3459 3774 3529 Ego
3789 3474 3869 3513 au.-

2317 3550 2424 3601 tem
2454 3545 2708 3602 Dominus
2734 3547 2873 3603 Deus
2894 3556 3015 3603 tuus
3038 3549 3195 3605 eduxi
3218 3557 3269 3604 te
3288 3549 3356 3605 de
3388 3559 3525 3606 terra
3550 3549 3873 3625 Egypti'ml

2314 3634 2591 3694 dominum
2615 3636 2818 3708 absque
2842 3653 2932 3694 me
2958 3639 3184 3708 nescies,
3204 3649 3258 3696 et
3284 3640 3523 3698 salvator
3539 3657 3642 3697 non
3659 3649 3734 3699 est
3754 3655 3873 3711 pta:-

2315 3735 2398 3787 lel'
2426 3742 2532 3783 me.
2557 3758 2570 3767 -

2386 3815 2453 3869 Et
2484 3824 2598 3888 post
2625 3816 2831 3888 triginta
2859 3835 3036 3873 novem
3075 3836 3245 3876 versus
3278 3818 3451 3896 [xm]
3490 3840 3503 3878 :
3543 3826 3871 3890 Convertere,

2313 3904 2494 3975 Israel,
2521 3907 2590 3964 ad
2620 3908 2903 3965 Dominum
2941 3912 3106 3967 Deum
3144 3922 3320 3980 tuum;
3361 3915 3614 3986 quoniam
3654 3911 3873 3970 corruiin

2314 3997 2365 4052 in
2394 3999 2669 4070 iniquitate
2694 4010 2802 4055 tua.
2829 4001 3021 4059 Tollite
3046 4003 3321 4061 vobiscum
3348 4007 3537 4074 verba,
3564 4016 3615 4062 et
3637 4005 3870 4063 converti-

2312 4091 2441 4145 mini
2463 4091 2528 4146 ad
2553 4093 2837 4149 Dominum
2868 4113 2882 4150 :
2915 4095 3075 4152 dicite
3095 4097 3165 4164 ei,
3194 4097 3424 4154 Omnem
3452 4100 3767 4170 iniquitatem
3784 4112 3868 4152 au-

2312 4182 2412 4248 fer,
2446 4193 2500 4239 et
2536 4185 2718 4257 accipe
2743 4186 2939 4243 bonum
2957 4229 2972 4254 ,
3017 4197 3072 4245 et
3098 4189 3393 4249 reddemus
3420 4193 3614 4250 vitulos
3637 4193 3867 4249 labiorum

2311 4283 2638 4331 nostrorum.

2824 4394 2914 4451 DE
2949 4395 3155 4453 LJBRO
3189 4397 3378 4457 JOEL.

2382 4502 2535 4577 [Cap.
2580 4504 2644 4579 1.]
2669 4507 3106 4579 Expergiscimini
3132 4511 3299 4580 ebrii,
3328 4522 3385 4569 et
3408 4513 3551 4582 ﬂete,
3577 4521 3631 4570 et
3656 4512 3865 4578 ululata,

2309 4609 2498 4652 omnes
2525 4597 2614 4668 qui
2644 4597 2824 4654 bibitis
2842 4601 3023 4656 vinum
3051 4602 3443 4671 isi-dulcedine;
3468 4605 3708 4676 quoniam
3729 4601 3866 4674 periit

2309 4684 2378 4740 ab
2396 4701 2491 4743 ore
2514 4698 2712 4744 vestro.
2740 4687 2884 4745 Gens
2908 4692 3051 4747 enim
3071 4694 3309 4750 ascendit
3325 4710 3490 4766 super
3509 4705 3697 4752 terram
3713 4707 3865 4750 meam

2309 4777 2461 4834 fortis
2478 4788 2534 4835 et
2559 4782 2975 4841 innumerabilis.

2381 4869 2449 4924 Et
2478 4882 2588 4942 post
2612 4873 2927 4943 aliquantum
2952 4873 3056 4949 [11.]
3084 4894 3097 4930 :
3123 4877 3277 4933 Nunc
3302 4893 3433 4949 ergo
3460 4878 3587 4934 dicit
3614 4878 3864 4941 Dominus,

2308 4959 2690 5020 Cunvertimini
2715 4967 2780 5023 ad
2802 4984 2888 5023 me
2914 4969 2969 5023 in
3000 4978 3110 5024 toto
3128 4970 3291 5026 corde
3312 4983 3512 5037 vestro,
3541 4973 3592 5027 in
3611 4970 3801 5042 jejunio
3819 4977 3867 5021 et

2310 5053 2362 5108 in
2390 5054 2538 5121 fletu,
2565 5064 2619 5110 et
2637 5056 2690 5111 in
2713 5058 2956 5127 planctu;
2980 5069 3034 5115 et
3052 5060 3279 5118 scindite
3298 5063 3461 5118 corda
3489 5072 3679 5128 vestra,
3704 5069 3751 5116 et
3770 5072 3863 5116 non

2309 5147 2622 5202 vestimenta
2643 5157 2819 5204 vestra
2839 5167 2851 5203 :
2870 5160 2923 5206 et
2942 5152 3309 5210 convertimini
3333 5152 3399 5207 ad
3423 5153 3695 5209 Dominum
3718 5150 3865 5205 Deum

2310 5245 2574 5303 vestrum;
2598 5237 2717 5308 quia
2746 5238 3003 5310 benignus
3025 5250 3081 5297 et
3107 5243 3410 5299 misericors
3432 5252 3534 5313 est.

2819 5372 2909 5429 DE
2947 5373 3149 5430 LIBBO
3185 5374 3383 5433 AMOS.

2356 5454 2530 5559 l[(‘.ap.
2558 5484 2642 5561 11.]
2687 5486 2811 5542 Haec
2837 5486 2965 5542 dicit
2993 5487 3245 5543 Dominus
3275 5506 3288 5542 :
3319 5487 3490 5557 Super
3514 5484 3678 5541 tribus
3703 5480 3859 5537 setiu-

2375 5646 2394 5716 ξ
2423 5652 2506 5716 tis.
2528 5645 2722 5716 begins:
2750 5650 2805 5696 Et
2829 5649 2931 5716 post
2950 5659 3027 5693 vm
3048 5656 3230 5695 versus.

2374 5709 2394 5739 ²
2419 5715 2500 5757 sis.
2527 5709 2720 5769 Regius,
2744 5712 3031 5757 convertere.
3450 5764 3463 5777 .
3770 5771 3780 5776 η

2376 5770 2397 5801 ³
2420 5768 2649 5831 vulgata,
2693 5777 2818 5831 Deus
2856 5775 2965 5821 tuus
2993 5778 3059 5818 ex
3100 5770 3234 5817 terra
3278 5770 3459 5831 naggpti
3489 5763 3857 5829 ςιιτπιωιωοι

2317 5830 2482 5885 eduxit
2499 5830 2569 5895 te;
2586 5830 2717 5893 quod
2731 5843 2797 5884 ex
2818 5837 2930 5883 Lxx
2949 5836 3201 5892 acceptum
3224 5837 3319 5881 est.
