4110 6448
270 347 375 403 9ξ9

269 463 420 517 ribus
442 456 599 523 Juda,
626 464 679 512 et
698 468 858 525 super
881 460 1107 524 quatuor
1133 465 1236 505 non
1264 457 1571 505 convertam
1597 463 1717 503 eum
1741 463 1756 513 ;
1788 462 1853 501 eo

267 551 411 622 quod
438 549 730 619 abjeceriut
772 548 942 616 legem
974 544 1213 610 Domini,
1255 551 1309 597 et
1333 541 1579 596 mandata
1608 540 1723 610 ejus
1747 554 1854 594 non

268 642 637 698 eustodierint.
668 640 999 709 Decepcrunt
1019 637 1158 691 enim
1179 650 1272 689 eos
1299 634 1437 688 idola
1457 649 1574 698 sua,
1599 642 1855 703 postqum

269 740 515 789 aluerunt
556 742 733 802 patres
761 745 967 785 eorum.
1000 727 1069 782 Et
1095 739 1204 797 post
1233 728 1360 781 duos
1388 742 1595 780 versus:
1626 726 1748 779 Ilaec
1775 724 1855 778 di-

267 832 341 880 cit
371 823 626 880 Dominus
655 839 669 877 :
698 822 868 893 Super
888 820 1058 875 tribus
1080 819 1374 875 sceleribus
1402 818 1581 883 Israel,
1614 826 1667 873 et
1695 832 1855 886 super

267 928 497 986 quatuor
524 929 630 969 non
659 922 965 968 convertam
987 926 1139 975 eum;
1164 926 1260 980 pro
1276 924 1340 964 co
1362 909 1502 979 quod
1520 908 1855 975 vendiderint

268 1024 367 1078 pro
395 1017 614 1078 argento
643 1005 845 1075 justum
865 1044 879 1069 ,
914 1011 969 1059 et
1008 1016 1296 1073 pauperem
1333 1016 1428 1072 pro
1456 990 1850 1055 calceamentis.

267 1100 369 1167 Qui
396 1108 677 1155 conterunt
697 1111 857 1166 super
880 1095 1147 1165 pulverem
1172 1104 1329 1148 terrae
1344 1094 1521 1163 capita
1538 1108 1850 1163 pauperum,

268 1199 325 1245 et
347 1190 488 1245 viam
532 1188 809 1243 humilium
840 1187 1127 1242 declinant.
1170 1185 1239 1239 Et
1273 1184 1409 1239 ﬁlius
1448 1199 1510 1238 ac
1548 1193 1697 1257 pater
1734 1183 1853 1251 ejus

271 1283 448 1339 ierunt
467 1282 533 1337 ad
554 1282 805 1352 puellam,
828 1290 884 1334 ut
901 1278 1163 1332 violarent
1180 1292 1371 1330 nomen
1389 1285 1629 1330 sanctum
1653 1291 1850 1329 meum.

270 1372 339 1428 Et
367 1382 479 1444 post
514 1389 671 1425 unum
708 1387 902 1425 versum
923 1386 942 1424 :
971 1378 1026 1425 et
1049 1369 1251 1435 vinum,
1278 1367 1463 1436 inquit,
1482 1367 1854 1422 damnatorum

272 1463 526 1519 bibebant
546 1463 597 1517 in
625 1463 788 1517 domo
816 1462 905 1515 Dei
932 1461 1035 1514 sui.

346 1555 413 1609 Et
443 1554 702 1625 aliquanto
730 1564 840 1625 post
867 1550 966 1625 [v.]
992 1569 1004 1605 :
1028 1551 1160 1618 Quia
1187 1550 1303 1605 hzec
1325 1549 1451 1605 dicit
1476 1548 1732 1603 Dominus
1760 1546 1855 1601 do—

273 1648 384 1703 niui
412 1647 569 1701 Israel
600 1662 613 1697 :
645 1646 878 1711 Qua-rite
908 1659 1013 1708 me,
1046 1654 1100 1698 et
1128 1642 1333 1698 vivetis.
1374 1641 1438 1695 Et
1465 1650 1576 1712 post
1604 1651 1701 1693 tres
1740 1656 1853 1693 ver-

271 1757 360 1795 sus
379 1740 647 1808 :Qumrite
678 1738 977 1803 Dominum,
1002 1744 1054 1791 et
1078 1734 1255 1789 vivite.
1288 1732 1356 1787 Et
1386 1743 1496 1804 post
1526 1741 1637 1785 octo
1662 1747 1855 1785 versus:

275 1832 411 1889 0dio
440 1833 737 1887 habuerunt
764 1832 815 1885 in
845 1839 990 1899 porta
1023 1829 1396 1899 corripientem
1416 1870 1431 1894 ,
1457 1835 1511 1882 et
1548 1828 1853 1895 loquentem

272 1926 506 1994 perfecte
527 1922 815 1977 abominati
843 1929 984 1975 sunt.
1017 1920 1215 1975 Idcirco
1244 1934 1339 1989 pro
1378 1933 1442 1974 eo
1466 1917 1608 1987 quod
1635 1916 1855 1984 diripie-

272 2015 410 2069 batis
435 2029 744 2085 pauperem,
784 2024 836 2067 et
857 2013 1089 2084 prredam
1120 2012 1344 2066 electam
1373 2010 1641 2065 tollebatis
1673 2009 1741 2063 ab
1766 2024 1852 2062 eo.

273 2108 343 2163 Et
384 2119 494 2180 post
532 2118 629 2162 tm
672 2123 841 2162 versus
876 2123 894 2161 :
925 2107 1056 2174 Quia
1086 2106 1307 2175 cognovi
1336 2104 1500 2158 multa
1527 2103 1729 2158 scelera
1759 2116 1856 2157 vc-

271 2212 402 2267 stra,
433 2210 490 2256 et
516 2202 670 2255 fortia
697 2212 913 2271 peccata
939 2209 1129 2253 vestra.
1154 2199 1343 2254 Hostes
1357 2198 1507 2267 justi,
1536 2196 1858 2266 accipientes

272 2306 498 2358 munus,
549 2300 603 2346 et
650 2305 909 2360 pauperes
951 2290 1003 2344 iu
1037 2300 1187 2358 porta
1236 2288 1614 2357 deprimentes.
1647 2285 1715 2340 Et
1746 2295 1858 2355 post

272 2384 399 2438 duos
436 2397 643 2437 versus:
673 2382 907 2450 Quaerite
934 2382 1127 2436 bonum
1159 2389 1213 2435 et
1239 2395 1342 2433 non
1366 2379 1586 2444 malum,
1624 2388 1679 2432 ut
1705 2379 1857 2431 viva-

272 2476 375 2539 tis;
406 2483 461 2529 et
480 2474 581 2528 erit
603 2473 857 2528 Dominus
884 2473 1023 2526 Deus
1046 2472 1376 2526 exercituum
1402 2469 1696 2533 vobiscum,
1723 2470 1859 2524 sicut

272 2566 505 2621 dixistis.
549 2564 702 2621 Odite
748 2566 964 2631 malum,
995 2573 1049 2619 et
1076 2563 1275 2630 diligite
1313 2562 1510 2616 bonum
1534 2602 1549 2627 ,
1576 2569 1629 2616 et
1658 2559 1861 2615 consti-

275 2658 407 2712 tuite
436 2658 487 2711 in
519 2666 669 2726 porta
694 2655 981 2726 judicium;
1020 2655 1063 2710 si
1095 2654 1230 2709 forte
1256 2654 1573 2709 misereatur
1602 2653 1857 2708 Dominus

273 2752 603 2807 exercituum
633 2751 867 2820 reliquiis
890 2749 1112 2819 Ioseph.

345 2840 415 2895 Et
443 2852 553 2912 post
581 2841 772 2912 aliquot
812 2857 981 2895 versus
1010 2839 1127 2913 [v1.]
1153 2857 1165 2893 :
1202 2839 1302 2907 Qui
1330 2839 1578 2894 dormitis
1624 2839 1677 2893 in
1705 2838 1858 2893 lectis

275 2931 543 2996 eburneis,
573 2941 629 2987 et
652 2932 905 2986 lascivitis
929 2931 979 2985 in
1010 2932 1191 2984 stratis
1216 2930 1425 2984 vestris.
1458 2930 1557 2997 Qui
1579 2928 1861 2985 comeditis

276 3037 469 3093 agnum
497 3022 566 3077 de
611 3039 790 3093 grege,
837 3033 890 3077 et
936 3023 1156 3077 vitulum
1185 3022 1251 3076 de
1274 3021 1450 3077 medio
1477 3022 1725 3076 armenti.
1757 3021 1858 3089 Qui

274 3115 464 3169 canitis
488 3114 554 3169 ad
585 3130 764 3168 vocem
792 3114 1024 3184 psalterii
1051 3132 1065 3168 :
1095 3114 1232 3167 sicut
1272 3113 1431 3167 David
1458 3120 1776 3182 putaverunt
1800 3127 1858 3166 se

278 3206 475 3261 habere
525 3222 648 3259 vasa
689 3207 909 3264 cantici;
939 3206 1181 3260 bibentes
1230 3205 1280 3258 in
1339 3205 1528 3273 phialis
1577 3204 1777 3270 vinum,
1804 3210 1859 3258 et

274 3295 477 3365 optimo
512 3304 779 3364 unguento
814 3294 1069 3360 delibuti,
1099 3304 1154 3349 et
1182 3294 1312 3349 nihil
1342 3294 1678 3363 patiebantur
1697 3308 1860 3363 super

274 3385 592 3440 contritione
611 3384 829 3456 .Ioseph.

345 3475 414 3530 Et
438 3485 550 3546 post
594 3478 905 3546 aliquantum
936 3475 1093 3550 [vu1.]
1123 3494 1136 3531 :
1165 3476 1360 3531 Audite
1388 3480 1487 3531 hoc
1505 3477 1593 3547 qui
1623 3478 1858 3531 conteri-

274 3569 343 3623 tis
364 3584 667 3639 pauperem,
699 3579 753 3625 et
776 3569 1007 3625 deﬁcere
1033 3570 1203 3624 facitis
1231 3583 1429 3639 egenos
1455 3579 1639 3633 terrae,
1673 3569 1856 3622 dicen-

278 3671 361 3715 tes
399 3678 413 3714 :
462 3660 683 3727 Quando
728 3661 971 3715 transibit
1020 3661 1264 3725 messis‘,
1312 3669 1368 3716 et
1416 3660 1859 3715 venumdabimus

276 3766 511 3815 merces;
551 3761 608 3808 et
644 3753 917 3807 sabbatum
940 3794 954 3819 ,
987 3762 1041 3807 et
1078 3754 1378 3823 aperiemus
1404 3752 1722 3808 frumentum
1753 3770 1767 3807 :
1800 3762 1859 3807 ut

278 3844 578 3898 minuamns
606 3858 933 3910 mensuram,
965 3852 1018 3898 et
1043 3858 1331 3913 augeamus
1354 3844 1565 3908 siclum,
1588 3852 1644 3898 et
1661 3858 1859 3915 suppo-

277 3948 467 3989 namus
494 3942 719 3989 stateras
760 3934 1000 3999 dolosas;
1041 3945 1099 3990 ut
1140 3936 1507 4004 possideamus
1546 3936 1599 3991 in
1638 3944 1859 4007 argento

273 4042 473 4096 egenos
509 4036 562 4083 et
606 4043 863 4097 pauperes
896 4042 991 4098 pro
1020 4027 1429 4095 calceamentis,
1468 4038 1523 4083 et
1547 4030 1858 4100 quisquilias

271 4116 516 4175 frumenti
554 4118 863 4174 vendamus.

714 4210 802 4263 DE
842 4209 1041 4265 LIBRO
1080 4209 1405 4266 ΜΙΟΗᾹΞίΕ.

345 4299 497 4373 [Cap.
549 4316 633 4373 ιι.)
691 4301 779 4355 Vm
807 4302 895 4372 qui
925 4302 1169 4370 cogitatis
1207 4304 1412 4368 inutile,
1464 4312 1516 4358 et
1562 4305 1857 4374 operamini

274 4393 472 4448 malum
502 4392 554 4446 in
583 4392 844 4448 cubilibus
874 4394 1083 4448 vestris.
1115 4394 1172 4448 In
1208 4394 1327 4449 luce
1364 4395 1624 4449 matutina
1660 4395 1859 4451 faciunt

273 4486 435 4551 illud;
460 4485 707 4557 quoniam
726 4496 911 4541 contra
940 4487 1104 4541 Deum
1130 4503 1318 4542 manus
1338 4503 1544 4543 eorum.
1565 4488 1635 4543 Et
1658 4504 1858 4544 οοιιοιι-

274 4578 482 4647 pierunt
509 4592 685 4647 agros,
717 4587 772 4633 et
803 4579 1061 4646 violenter
1090 4580 1345 4643 tulerunt,
1375 4588 1428 4634 et
1449 4579 1639 4635 domos
1668 4596 1860 4650 rapue-

271 4678 430 4731 runt;
454 4676 507 4723 et
532 4669 992 4724 calumniabantur
1020 4670 1189 4724 virum
1212 4670 1497 4725 etdomum
1519 4671 1656 4742 ejus,
1686 4672 1856 4726 virum

269 4767 325 4815 et
349 4758 712 4814 hmreditatem
745 4760 880 4829 ejus.

341 4848 409 4903 Et
435 4859 547 4918 post
575 4851 885 4918 aliquantum
907 4848 1032 4923 [111.]
1058 4868 1071 4905 :
1094 4849 1286 4906 Audite
1305 4848 1441 4917 haec,
1467 4850 1733 4921 principes
1757 4851 1857 4907 do-

269 4955 390 4995 mus
417 4939 601 5006 Iacob,
629 4950 684 4997 et
704 4941 913 5011 judices
939 4942 1127 4997 domus
1146 4942 1328 5010 Israel,
1360 4943 1449 5014 qui
1476 4944 1856 5000 abominamini

263 5031 560 5101 judicium,
601 5042 656 5087 et
684 5033 860 5087 omnia
899 5043 1043 5088 recta
1090 5035 1413 5104 pervertitis.
1454 5034 1554 5103 Qui
1582 5036 1856 5093 aediﬁcatis

267 5121 396 5177 Sion
420 5124 473 5178 in
502 5126 865 5196 sanguinibns,
893 5134 944 5181 et
966 5126 1259 5182 Jerusalem
1288 5128 1339 5182 in
1376 5127 1669 5199 iniquitate.
1702 5130 1858 5185 Prin-

267 5216 415 5286 cipes
437 5216 552 5286 ejus
577 5218 628 5271 in
650 5219 958 5274 muneribus
970 5218 1310 5289 judicabant;
1332 5229 1386 5275 et
1412 5223 1717 5278 sacerdotes
1740 5223 1856 5294 ejus

270 5309 322 5362 in
367 5309 615 5366 mercede
652 5311 943 5375 docebant;
983 5319 1037 5366 et
1078 5313 1348 5382 pmpheta:
1384 5312 1507 5383 ejus
1539 5315 1590 5368 in
1632 5318 1855 5385 pecunia

267 5401 599 5467 divinabant,
631 5413 685 5459 et
714 5420 874 5473 super
901 5401 1182 5459 Dominum
1210 5405 1635 5475 requiescebant,
1670 5408 1854 5463 dicen-

270 5503 353 5546 tes
382 5512 395 5545 :
423 5492 691 5563 Numquid
714 5511 821 5549 non
852 5495 991 5551 Deus
1021 5496 1075 5551 in
1105 5496 1280 5551 medio
1307 5498 1585 5552 nostrum?
1614 5497 1730 5554 Non
1761 5516 1855 5556 ve-

268 5584 419 5638 nient
444 5600 604 5654 super
636 5602 731 5640 nos
760 5587 917 5641 mala.

340 5674 410 5730 Et
439 5692 549 5747 post
580 5676 1033 5753 aliquantum[v1.]
1073 5698 1085 5734 :
1140 5680 1387 5738 Indicabo
1437 5681 1550 5746 tibi,
1599 5697 1631 5738 0
1663 5684 1854 5752 homo,

331 5787 350 5816 ‘
374 5794 424 5837 tu
448 5790 596 5838 sacris
620 5788 794 5852 Bibliis,
816 5790 1006 5841 mensis.

1509 335 1597 390 DE
1636 331 2015 392 SCRIPTURA
2056 331 2299 388 S.\CR.\.

3430 341 3535 393 97-0

1959 445 2084 515 quid
2113 446 2182 499 sit
2202 448 2420 514 bonum,
2455 454 2505 500 et
2525 448 2647 517 quid
2678 447 2932 503 Dominus
2951 456 3197 520 qumrata
3226 458 3277 505 te
3308 470 3322 506 :
3352 453 3533 525 utique

1960 536 2423 608 facere'judicium,
2436 540 2717 610 etdiligerc
2736 541 3174 609 misericordiam,
3192 552 3244 597 et
3259 544 3540 601 sollicitum

1958 628 2234 683 ambulare
2248 644 2366 683 cum
2386 630 2495 684 Deo
2518 640 2625 684 tuo.
2647 630 2711 684 Et
2727 642 2838 701 post
2855 645 2950 686 tres
2966 648 3134 686 versus
3155 649 3174 685 :
3198 633 3383 687 Adhuc
3400 637 3539 703 ignis

1960 718 2014 773 in
2043 719 2202 775 domo
2223 721 2393 790 impii,
2422 722 2655 777 thesauri
2678 724 2983 793 iniquitatis,
3009 734 3063 778 et
3088 741 3333 780 mensum
3361 728 3537 780 minor

1961 809 2052 862 ira:
2081 810 2255 879 plena.
2288 811 2551 882 Numquid
2577 813 2881 881 justiﬁcabo
2916 825 3171 871 stateram
3215 816 3453 886 impiam,
3486 828 3540 872 et

1957 901 2169 955 saccelli
2190 902 2422 970 pondera
2451 903 2735 958 dolosa?ln
2767 906 2956 973 quibus
2980 907 3176 961 divites
3206 908 3322 977 ejus
3352 908 3537 977 repleti

1958 998 2083 1044 sunt
2111 992 2404 1062 iniquitate,
2432 1004 2485 1048 et
2504 994 2803 1050 habitantes
2836 997 2886 1049 in
2912 1012 2974 1050 ea
3004 999 3357 1068 loquebantur
3387 1016 3537 1053 men-

1957 1080 2188 1149 dacium,
2211 1092 2265 1137 et
2294 1084 2467 1153 lingua
2493 1100 2676 1139 eorum
2701 1087 3031 1142 fraudulenta
3056 1089 3107 1143 in
3139 1106 3233 1146 ore
3260 1106 3468 1145 eorum.

2030 1170 2096 1225 Et
2147 1181 2259 1242 post
2304 1174 2565 1229 duodecim
2605 1193 2774 1231 versus
2827 1176 2969 1252 [v11.]
3022 1197 3036 1233 :
3087 1180 3175 1235 Vm
3222 1182 3372 1248 mihi,
3419 1184 3543 1253 quia

1960 1263 2130 1321 factus
2180 1282 2296 1320 sum
2345 1268 2480 1322 sicut
2531 1269 2620 1338 qui
2664 1271 2862 1338 colligit
2901 1272 2951 1325 in
2996 1282 3250 1328 autumno
3301 1289 3544 1330 racemos

1961 1358 2257 1418 vindemiae.
2288 1359 2403 1414 Non
2430 1369 2513 1415 est
2550 1362 2733 1416 botrus
2781 1362 2845 1417 ad
2885 1364 3293 1430 comedendum,
3336 1381 3546 1435 pr:eco-.

1958 1463 2090 1518 quas
2152 1449 2284 1505 ﬁcus
2338 1451 2659 1507 desideravit
2705 1455 2881 1509 anima
2928 1472 3065 1511 mea.
3118 1456 3281 1511 Periit
3329 1467 3545 1514 sanctus

1959 1539 2025 1594 de
2057 1549 2217 1608 terra,
2265 1551 2318 1597 et
2348 1553 2523 1600 rectus
2566 1546 2617 1599 in
2649 1545 2950 1603 hominibus
2976 1564 3082 1603 non
3108 1559 3190 1603 est
3220 1567 3233 1603 :
3270 1565 3457 1605 onmes
3488 1552 3540 1605 in

1959 1632 2215 1700 sanguine
2263 1634 2607 1701 insidiantur;
2654 1636 2735 1691 vir
2784 1637 2999 1693 fratrem
3040 1654 3194 1694 suum
3230 1650 3450 1695 venatur
3475 1641 3543 1705 ad

1961 1732 2184 1777 mortem
2229 1726 2471 1779 :malum
2519 1742 2767 1781 manuum
2817 1744 3031 1783 suarum
3084 1730 3263 1786 dicunt
3318 1732 3539 1787 bonum.

1960 1814 2215 1884 Princeps
2244 1819 2495 1885 postulat,
2526 1830 2578 1875 et
2611 1820 2773 1889 jndex
2814 1824 2867 1877 in
2914 1824 3185 1880 reddendo
3212 1834 3314 1893 est,
3344 1836 3397 1883 et
3423 1843 3543 1882 ma-

1959 1919 2093 1974 guns
2121 1907 2325 1962 locutus
2350 1917 2433 1963 est
2458 1910 2783 1966 desiderium
2803 1914 2994 1967 anima:
3021 1931 3152 1969 sum.

2398 2019 2484 2073 DE
2523 2020 2724 2076 LIBRO
2761 2023 3101 2080 HABACUC.

2033 2124 2268 2201 [Cap.1.]
2296 2130 2488 2185 Contra
2522 2148 2605 2186 me
2649 2133 2843 2188 factum
2888 2144 2969 2190 est
3008 2134 3286 2206 judicium,
3333 2147 3386 2193 et
3414 2153 3547 2194 con—

1963 2221 2205 2275 tradictio
2248 2224 2531 2291 potentior.
2560 2225 2785 2294 Propter
2820 2226 2924 2280 hoc
2967 2228 3195 2282 lacerata
3240 2238 3324 2284 est
3362 2226 3467 2293 lex,
3494 2236 3548 2285 et

1962 2326 2065 2364 non
2099 2313 2335 2380 pervenit
2370 2330 2537 2384 usque
2579 2317 2645 2371 ad
2688 2318 2843 2372 ﬁnem
2868 2317 3123 2388 judicium
3152 2340 3164 2376 :
3192 2321 3309 2391 quia
3350 2319 3544 2391 impius

1962 2403 2213 2470 prmvalct
2251 2404 2508 2460 adversus
2540 2407 2763 2476 justum,
2798 2418 3079 2479 p1‘0ptct‘ca
3108 2411 3377 2481 egreditur
3399 2412 3546 2482 judi-

1961 2495 2101 2548 cium
2133 2512 2463 2565 perversum.

2034 2588 2099 2641 Et
2120 2589 2275 2659 paulo
2297 2600 2405 2658 post
2431 2588 2535 2664 [11.]
2571 2610 2583 2645 :
2614 2591 2795 2647 Justus
2822 2600 2999 2649 autem
3043 2594 3096 2649 in
3138 2592 3240 2649 ﬁde
3268 2609 3362 2649 sua
3384 2595 3543 2649 vivet.

1962 2681 2031 2737 Et
2075 2682 2341 2755 quomodo
2382 2686 2562 2741 vinum
2616 2696 2883 2755 potantem
2936 2688 3149 2758 decipit,
3204 2690 3281 2743 sic
3320 2686 3423 2745 erit
3469 2690 3551 2744 vir

1962 2775 2243 2844 superbus,
2289 2784 2344 2830 et
2378 2792 2483 2831 non
2522 2777 2879 2831 decorabitur.
2925 2777 2992 2831 Et
3036 2788 3148 2848 post
3189 2779 3499 2848 aliquantum
3533 2797 3548 2834 :

1963 2866 2098 2933 Quid
2135 2867 2349 2937 prodest
2375 2869 2639 2939 sculptile,
2669 2870 2788 2939 quia
2817 2868 2947 2924 illud
2988 2870 3211 2940 sculpsit
3240 2870 3391 2925 ﬁctor
3418 2886 3549 2927 suus

1963 2957 2229 3013 couﬁatile
2280 2968 2335 3013 et
2379 2959 2662 3028 imaginem
2723 2960 2941 3027 falsam;
3013 2961 3138 3031 quia
3200 2962 3434 3030 speravit
3494 2962 3549 3017 in

1964 3050 2213 3119 ﬁgmento
2252 3051 2404 3106 ﬁetor
2438 3052 2574 3121 ejus,
2604 3061 2662 3106 ut
2698 3052 2895 3107 faceret
2923 3052 3202 3107 simulacra
3247 3054 3428 3108 muta?
3460 3054 3550 3108 Vm

1962 3145 2051 3212 qui
2090 3143 2217 3197 dicit
2263 3144 2425 3214 ligno,
2458 3144 2872 3214 Expergiscere;
2915 3144 3104 3214 Surge,
3146 3144 3305 3214 lapidi
3334 3146 3547 3200 tacenti.

1961 3233 2224 3303 Numquid
2274 3235 2387 3304 ipse
2424 3235 2618 3289 docere
2666 3235 2899 3305 poterit?
2940 3234 3080 3289 Ecce
3121 3235 3219 3288 iste
3264 3247 3551 3304 coopertus

1963 3334 2045 3379 est
2094 3342 2225 3379 auro
2271 3334 2326 3379 et
2373 3335 2614 3395 argento,
2662 3335 2716 3380 et
2764 3325 2938 3379 omnis
2986 3324 3202 3395 spiritus
3239 3342 3345 3380 non
3372 3332 3456 3381 est
3494 3327 3547 3379 in

1966 3414 2259 3468 visceribus
2309 3417 2445 3482 ejus.
2495 3400 2749 3469 Dominus
2792 3424 2968 3470 autem
3016 3416 3068 3469 in
3122 3416 3322 3486 templo
3360 3424 3551 3471 sancto

1961 3519 2060 3560 suo
2082 3504 2239 3559 :siIea
2266 3513 2317 3558 ta
2346 3505 2475 3559 facie
2499 3506 2613 3575 ejus
2634 3506 2806 3560 omnis
2824 3515 2983 3561 terra.

2381 3636 2469 3692 DE
2507 3633 2708 3695 LIBRO
2746 3632 3120 3693 SOPHONL‘E.

2034 3769 2634 3844 [Cap.1.]Disperdam,
2674 3772 2854 3843 inquit,
2885 3771 2954 3826 de
2994 3771 3114 3827 loco
3157 3772 3259 3827 hoc
3299 3772 3547 3844 reliquias

1964 3862 2110 3926 Baal,
2139 3870 2193 3916 et
2216 3862 2426 3916 nomina
2448 3863 2762 3917 aedituorum
2789 3878 2908 3916 cum
2938 3863 3337 3930 sacerdotibus;
3368 3873 3423 3918 et
3455 3879 3548 3919 eos

1963 3951 2051 4022 qui
2081 3952 2307 4006 adorant
2355 3969 2517 4023 super
2568 3963 2703 4007 tecta
2749 3954 2987 4007 militiam
3037 3954 3180 4018 cmli,
3226 3962 3280 4009 et
3302 3955 3546 4020 adorant,

1962 4053 2015 4099 et
2040 4044 2225 4113 jurant
2271 4045 2322 4098 in
2373 4045 2617 4108 Domino,
2647 4055 2703 4100 et
2740 4045 2920 4116 jurant
2963 4045 3016 4099 in
3056 4045 3348 4111 Melchom;
3380 4057 3434 4101 et
3458 4048 3550 4117 qui

1963 4145 2273 4190 avertuntur
2302 4136 2368 4191 de
2397 4146 2513 4205 post
2542 4146 2746 4207 tergum
2775 4137 3017 4202 Domini;
3062 4148 3115 4192 et
3153 4138 3243 4207 qui
3271 4153 3378 4193 non
3405 4154 3550 4208 quae-

1962 4228 2165 4280 sit-runt
2211 4227 2513 4292 Dominum,
2555 4244 2656 4282 nec
2699 4229 3149 4298 investigaverunt
3195 4245 3337 4283 eum.
3384 4229 3548 4285 Silete

1962 4332 1994 4371 a
2023 4317 2155 4372 facie
2188 4317 2424 4384 Domini;
2454 4319 2574 4388 quia
2598 4319 2749 4388 juxta
2788 4328 2869 4373 est
2900 4319 3015 4374 dies
3060 4318 3289 4373 Domini.
3322 4318 3389 4373 Et
3436 4327 3549 4389 post

1962 4408 2213 4462 sexdecim
2251 4425 2421 4463 versus
2462 4425 2482 4462 :
2510 4409 2577 4463 Et
2605 4410 2705 4465 erit
2749 4409 2801 4463 in
2842 4417 3081 4478 tempore
3122 4407 3234 4474 illo,
3272 4408 3551 4463 scrutabor

1962 4498 2254 4570 Jerusalem
2300 4500 2352 4555 in
2396 4500 2645 4565 lucernis,
2678 4509 2732 4555 et
2768 4500 2995 4555 visitabo
3042 4515 3205 4569 super
3242 4499 3385 4556 viros
3409 4500 3547 4555 deﬁ-

1964 4605 2063 4644 xns
2090 4590 2141 4643 in
2173 4589 2390 4643 faecibus
2425 4591 2556 4654 suis,
2593 4592 2680 4660 qui
2708 4589 2891 4644 dicunt
2919 4590 2970 4644 in
2999 4590 3249 4646 cordibus
3268 4592 3399 4657 suis,
3430 4591 3546 4647 N011

1963 4678 2123 4733 faciet
2150 4680 2286 4734 bene
2314 4680 2589 4745 Dominus,
2613 4688 2666 4734 et
2692 4696 2794 4735 non
2820 4679 2980 4736 faciet
3004 4682 3166 4737 male.

2037 4770 2102 4823 Et
2122 4779 2234 4841 post
2257 4771 2447 4840 aliquot
2473 4786 2644 4825 versus
2674 4772 2690 4804 ¹
2718 4769 2825 4845 [ιι.]
2858 4789 2872 4825 :
2905 4772 3219 4841 Convenite,
3256 4789 3549 4846 congrega-

1963 4861 2114 4928 mini,
2161 4876 2295 4933 gens
2336 4878 2443 4918 non
2490 4863 2759 4928 amabilis,
2807 4865 3112 4936 priusquam
3162 4868 3332 4936 pariat
3379 4867 3551 4936 jussio

1962 4951 2115 5021 quasi
2143 4952 2416 5023 pulverem
2446 4962 2808 5010 transeuntem
2851 4955 3016 5023 diem,
3060 4966 3345 5027 antequam
3372 4959 3551 5013 veniat

1962 5058 2123 5114 super
2146 5060 2241 5100 vos
2266 5045 2343 5100 ira
2372 5046 2567 5101 furoris
2597 5048 2826 5113 Domini,
2857 5040 3138 5119 antequam
3176 5049 3352 5104 veniat
3390 5066 3550 5117 super

1961 5150 2058 5189 vos
2101 5135 2217 5191 dies
2261 5135 2455 5193 furoris
2504 5138 2732 5192 Domini.
2765 5138 2998 5205 Quaerite
3027 5139 3330 5204 Dominum,
3360 5156 3550 5195 omnes

1963 5226 2226 5281 mansueti
2256 5234 2434 5293 terrm,
2456 5227 2549 5297 qui
2572 5227 2826 5296 judicium
2848 5229 2963 5298 ejus
2983 5228 3113 5283 estis
3139 5229 3365 5298 operati.
3395 5231 3553 5297 Quaen

1962 5318 2064 5372 rite
2084 5317 2309 5387 justum,
2328 5318 2549 5388 quaerite
2577 5328 2906 5374 mansuetum
2924 5334 2939 5386 ;
2959 5320 3004 5373 si
3029 5320 3296 5389 quomodo
3319 5320 3546 5376 abscono

1963 5407 2162 5463 damini
2188 5410 2242 5463 in
2267 5409 2355 5464 die
2383 5408 2576 5463 furoris
2609 5411 2834 5465 Domini.

2034 5498 2101 5552 Et
2127 5508 2239 5569 post
2258 5500 2573 5570 aliquantum
2600 5498 2726 5574 [111.]
2757 5518 2770 5553 :
2805 5502 2870 5556 Et
2896 5501 3262 5573 derelinquam
3292 5505 3346 5559 in
3375 5507 3552 5561 medio

1963 5592 2037 5647 tui
2080 5592 2331 5663 populum
2360 5608 2648 5662 pauperem
2693 5602 2748 5649 ct
2781 5609 3040 5664 egenum;
3085 5605 3139 5652 et
3184 5598 3474 5667 sperabunt
3499 5602 3552 5656 in

1963 5682 2177 5740 nomine
2209 5683 2415 5737 Domini
2461 5683 2696 5754 reliquiae
2740 5684 2940 5740 Israel:
2975 5701 3077 5743 non
3126 5687 3321 5745 facient
3357 5691 3549 5763 iniqui-

2030 5798 2044 5830 ι
2073 5804 2153 5846 tis.
2181 5797 2389 5860 Regius:
2417 5803 2469 5846 Et
2493 5801 2594 5860 post
2620 5812 2729 5847 xvm
2756 5810 2934 5851 tersus.
