4110 6452
635 343 731 405 93!

634 478 820 536 tatem,
852 481 950 525 nec
977 466 1260 539 loquentur
1306 465 1658 532 mendacium,
1697 472 1887 519 etnon
1921 461 2220 517 invenietur

635 579 689 617 1n
715 578 810 620 ore
835 579 1019 620 eorum
1048 562 1224 633 lingua
1251 561 1457 616 dolosa.

1051 695 1139 751 DE
1176 693 1378 751 LIBRO
1415 688 1804 747 ZACIIARIE.

707 811 859 885 [Cap.
887 808 968 883 v.]
998 808 1124 864 Cum
1148 808 1211 863 de
1233 807 1484 862 volumine
1515 806 1818 876 loqueretur,
1849 801 1984 872 quod
2010 800 2133 856 vidit
2161 799 2216 854 in

633 904 814 973 spiritu
849 917 869 956 :
897 901 968 956 Et
991 900 1123 955 dixit
1169 899 1235 954 ad
1282 913 1386 962 me,
1433 897 1558 952 Hice
1599 903 1683 950 est
1730 893 2051 956 maledictio,
2096 905 2216 961 qute

629 993 900 1065 egreditur
941 1007 1103 1062 super
1131 990 1320 1047 faciem
1350 993 1524 1043 omnis
1559 996 1736 1053 terrae,
1763 984 1884 1056 quia
1910 982 2085 1040 omnis
2110 982 2211 1048 fur,

630 1087 774 1143 sicut
809 1085 880 1141 ibi
907 1085 1162 1154 scriptum
1201 1091 1303 1148 est,
1329 1079 1669 1152 judicabitur,
1699 1086 1754 1132 et
1803 1076 1978 1132 omnis
2006 1075 2213 1145 jurans,

632 1192 697 1233 cx
726 1176 830 1232 hoc
855 1176 1105 1232 similiter
1125 1173 1468 1246 judicabitur.
1494 1169 1730 1225 Educam
1771 1167 1920 1232 illud,
1951 1166 2080 1221 dicit
2107 1165 2214 1219 Do-

627 1269 806 1324 minus
825 1267 1170 1332 exercituum,
1204 1274 1259 1320 et
1303 1263 1482 1318 veniet
1522 1261 1590 1316 ad
1632 1260 1848 1315 domum
1881 1256 2033 1322 furis,
2063 1264 2119 1311 et
2146 1253 2214 1309 ad

628 1359 847 1417 domum
871 1359 1100 1430 jurantis
1126 1358 1180 1412 in
1203 1355 1419 1411 nomine
1444 1368 1566 1408 meo
1591 1350 1954 1414 mendaciter;
1986 1355 2040 1403 et
2062 1361 2213 1415 com-

627 1452 922 1507 morabitur
945 1451 999 1504 in
1031 1448 1207 1504 medio
1235 1447 1424 1502 domus
1451 1445 1587 1514 ejus,
1609 1451 1664 1500 et
1683 1448 1963 1498 consumet
1988 1453 2130 1504 eum,
2161 1445 2215 1493 et

626 1541 771 1614 ligna
795 1542 933 1612 ejus,
955 1551 1010 1596 et
1033 1539 1236 1611 lapides
1263 1537 1400 1608 ejus.

697 1633 767 1687 Et
807 1641 919 1704 post
946 1631 1258 1702 aliquantum
1299 1625 1442 1702 [vn.]
1471 1641 1486 1679 :
1517 1625 1587 1680 Et
1628 1623 1823 1679 factum
1867 1628 1950 1677 est
1991 1619 2212 1675 verbum

626 1727 837 1782 Domini
857 1725 924 1780 ad
949 1723 1257 1780 Zachariam
1286 1721 1490 1786 dicens,
1522 1718 1647 1772 litae
1671 1718 1747 1772 ait
1771 1716 2026 1770 Dominus
2052 1725 2212 1768 exer-

625 1814 827 1872 cituum
852 1814 1036 1870 dicens
1073 1831 1090 1868 :
1129 1811 1393 1867 Judicium
1423 1822 1605 1864 verum
1641 1805 1894 1877 judicate,
1917 1811 1973 1858 et
2004 1800 2213 1857 miseri-

623 1908 862 1965 cordiam
907 1915 962 1961 et
1028 1904 1399 1961 miserationes
1475 1899 1632 1955 facite
1688 1896 2052 1967 unusquisque
2089 1908 2209 1949 cum

625 1997 790 2054 fratre
833 2012 965 2064 suo;
1008 2003 1064 2052 et
1107 1993 1320 2050 viduam
1345 2000 1400 2048 et
1448 1990 1800 2062 pupillumet
1850 1985 2110 2041 advenam
2157 1991 2213 2039 et

623 2103 914 2162 pauperem
956 2086 1118 2140 nolite
1150 2082 1482 2150 calumniari,
1520 2089 1574 2136 et
1603 2079 1800 2134 malum
1826 2078 1907 2132 vir
1935 2073 2084 2131 fratri
2111 2089 2210 2130 suo

624 2193 734 2234 non
761 2178 956 2248 cogitet
985 2176 1039 2230 in
1058 2173 1222 2230 corde
1251 2187 1368 2228 suo.

693 2267 826 2323 Item
865 2275 978 2338 post
1011 2265 1326 2336 aliquantum
1371 2257 1568 2336 [v111.]:
1599 2256 1901 2329 Loquimini
1925 2255 2206 2311 veritatem

624 2360 986 2431 unusquisque
1014 2373 1134 2412 cum
1182 2355 1426 2428 proximo
1473 2367 1572 2409 suo
1605 2369 1620 2408 :
1658 2350 1937 2406 veritatem
1979 2356 2033 2402 et
2068 2345 2211 2418 judi-

621 2451 764 2507 cium
796 2450 941 2522 pacis
970 2448 1202 2519 judicatc
1230 2447 1282 2501 in
1309 2445 1476 2516 portis
1518 2443 1742 2508 vestris;
1771 2450 1824 2496 et
1849 2440 2209 2510 unusquisque

620 2541 817 2596 malum
843 2549 1027 2594 contra
1053 2537 1282 2592 amicum
1310 2549 1466 2590 suum
1494 2549 1563 2588 ne
1599 2532 1844 2603 cogitetis
1872 2531 1926 2585 in
1959 2529 2208 2585 cordibus

621 2631 838 2695 vestris,
879 2639 934 2686 et
959 2628 1322 2700 juramentum
1357 2623 1586 2680 mendax
1622 2637 1691 2678 ne
1733 2620 1984 2693 diligatis.
2017 2619 2206 2676 Omnia

619 2721 762 2778 enim
788 2720 904 2776 hazc
931 2726 1057 2774 sunt
1082 2732 1201 2788 quae
1230 2715 1340 2780 odi,
1367 2713 1495 2770 dicit
1526 2712 1802 2768 Dominus.

1033 2830 1122 2884 DE
1160 2826 1360 2884 LIBRO
1397 2816 1796 2880 MALACHUE.

689 2945 842 3021 [Cap.
886 2943 951 3019 1.]
993 2943 1159 3000 Filius
1201 2941 1428 2996 honorat
1457 2946 1682 3010 patrem,
1725 2945 1782 2993 et
1820 2950 2008 2992 servus
2034 2935 2208 2992 domi-

619 3053 750 3096 num
788 3053 942 3094 suum
996 3053 1010 3091 :
1062 3036 1106 3090 si
1155 3049 1283 3104 ergo
1330 3042 1482 3104 pater
1518 3045 1618 3101 ego
1639 3044 1778 3094 sum,
1809 3029 1898 3083 ubi
1924 3037 2008 3084 est
2034 3027 2207 3083 honor

619 3129 807 3187 meus?
850 3127 978 3184 etsi
1006 3125 1254 3182 dominus
1289 3138 1389 3194 ego
1416 3137 1556 3188 sum,
1589 3119 1677 3176 ubi
1719 3127 1804 3175 est
1844 3119 2004 3174 timor
2028 3133 2201 3186 meus,

618 3221 750 3276 dicit
778 3219 1036 3276 Dominus
1058 3213 1425 3272 exercituum?

688 3310 758 3366 Et
788 3310 941 3382 paulo
979 3318 1090 3381 post
1127 3304 1234 3381 [11.]
1270 3323 1285 3361 :
1328 3306 1440 3376 Ego
1479 3301 1602 3359 dedi
1642 3317 1739 3358 vos
1773 3299 2204 3370 contemptibiles

616 3413 673 3462 et
696 3405 920 3460 humiles
960 3401 1208 3457 omnibus
1237 3398 1465 3469 populis,
1512 3397 1650 3452 sicut
1678 3411 1784 3450 non
1811 3394 2062 3450 servastis
2090 3393 2204 3447 vias

621 3509 790 3562 meas,
821 3504 876 3550 et
923 3492 1204 3562 accepistis
1246 3489 1436 3545 faciem
1480 3488 1533 3542 in
1577 3487 1738 3556 Lege.
1782 3482 2048 3555 Numquid
2095 3501 2202 3539 non

617 3596 770 3660 pater
820 3600 958 3641 unus
1003 3585 1240 3639 omnium
1289 3580 1568 3637 nostrum?
1617 3577 1871 3648 numquid
1920 3593 2026 3632 non
2065 3577 2204 3631 Deus

617 3695 754 3735 unus
781 3677 982 3734 ereavit
1028 3675 1164 3731 nos?
1191 3674 1367 3741 Quare
1410 3688 1540 3743 ergo
1587 3670 1814 3740 despicit
1841 3668 2204 3739 unusquisque

617 3768 840 3825 fratrem
888 3783 1063 3833 suum,
1113 3766 1318 3820 violans
1361 3772 1572 3834 pactum
1623 3769 1834 3831 patrum
1861 3759 2202 3814 nostrorum?

619 3859 1003 3929 Transgressus
1050 3865 1133 3911 est
1173 3854 1356 3917 Judas,
1395 3862 1450 3908 et
1484 3852 1809 3907 abominatio
1847 3852 1982 3904 facta
2027 3859 2111 3904 est
2148 3849 2201 3905 in

616 3945 802 4016 Israel,
854 3959 909 4004 et
955 3948 1008 4002 in
1058 3947 1384 4011 Jerusalem;
1431 3944 1554 4014 quia
1608 3942 1990 3998 contaminavit
2037 3942 2202 3998 Judas

615 4040 1092 4098 sanctificationem
1157 4037 1364 4092 Domini
1435 4030 1595 4105 quain
1652 4035 1858 4101 dilexit,
1912 4044 1966 4091 et
2017 4036 2204 4090 habuit

618 4133 782 4187 filiam
814 4130 898 4185 dei
926 4129 1107 4184 alieni.
1136 4126 1416 4196 Disperdet
1439 4125 1694 4180 Dominus
1717 4125 1887 4180 virum
1918 4125 2008 4196 qui
2052 4125 2200 4181 fece-

617 4223 688 4278 rit
729 4222 852 4289 hoc,
899 4220 1213 4290 magistrum
1266 4227 1322 4273 et
1373 4216 1688 4287 discipulum
1733 4216 1801 4272 de
1845 4216 2200 4272 tabernaculis

615 4314 801 4381 Iacob,
828 4321 883 4368 et
903 4311 1213 4367 offerentem
1255 4323 1448 4364 munus
1477 4309 1703 4362 Domino
1749 4309 2098 4364 exercituum.
2135 4310 2202 4366 Et

616 4407 721 4462 hoc
765 4420 978 4461 rursum
1036 4401 1236 4459 fecistis
1285 4418 1300 4455 :
1350 4400 1672 4470 operiebatis
1723 4399 1974 4472 lacrymis
2033 4401 2202 4458 altare

615 4495 848 4560 Domini,
879 4495 1004 4549 fletu
1029 4503 1084 4549 et
1127 4493 1350 4563 mugitu,
1391 4491 1461 4546 ita
1508 4499 1564 4546 ut
1592 4491 1731 4546 ultra
1772 4507 1878 4547 non
1919 4492 2198 4563 respiciam

616 4587 684 4642 ad
713 4585 1056 4650 sacrificium,
1083 4599 1182 4638 nec
1208 4582 1463 4653 accipiam
1501 4581 1757 4651 placabile
1781 4581 1906 4652 quid
1943 4582 2008 4637 de
2040 4593 2200 4640 manu

615 4684 814 4732 vestra.
850 4677 914 4730 Et
937 4675 1164 4740 dixistis,
1199 4673 1368 4741 Quam
1407 4672 1476 4728 ob
1499 4673 1751 4728 causam?
1779 4673 1911 4741 Quia
1945 4673 2201 4732 Dominus

616 4767 926 4824 testificatus
962 4773 1048 4821 est
1089 4765 1228 4820 inter
1269 4773 1322 4819 te
1363 4772 1419 4819 et
1466 4779 1686 4819 uxorem
1732 4765 2024 4833 pubertatis
2072 4774 2195 4835 tum,

614 4867 860 4932 quaqu
897 4858 1189 4929 deSpexisti
1229 4875 1243 4912 :
1281 4867 1335 4913 et
1363 4858 1479 4912 lucc
1525 4859 1790 4930 particeps
1838 4868 1924 4914 tua
1967 4869 2022 4916 et
2067 4877 2201 4918 uxor

614 4949 834 5007 foederis
872 4950 966 5004 tui.
1007 4949 1192 5004 Nonne
1235 4965 1371 5004 unus
1409 4949 1549 5012 fecit,
1581 4959 1636 5004 et
1673 4949 1942 5004 residuum
1981 4953 2200 5022 spiritus

613 5041 768 5112 ejus?
798 5043 864 5096 Et
887 5041 1012 5113 quid
1043 5041 1404 5111 unusquisque
1437 5041 1649 5110 quierit,
1685 5041 1784 5095 nisi
1812 5047 2005 5098 semen
2022 5044 2112 5099 Dei
2147 5046 2199 5101 'i

613 5131 888 5189 Custodite
929 5146 1058 5202 ergo
1104 5131 1347 5200 spiritum
1391 5139 1658 5195 vestrum;
1682 5138 1734 5185 et
1763 5147 1979 5187 uxorem
2019 5135 2199 5190 adole-

613 5217 834 5274 scentis:
863 5224 966 5271 tuzc
993 5215 1100 5271 noli
1128 5214 1422 5284 despicere.
1454 5213 1586 5268 Cum
1615 5214 1737 5268 odio
1765 5213 2012 5271 habueris
2053 5233 2195 5286 eam,

613 5307 842 5375 dimitte,
888 5307 1016 5363 dicit
1068 5307 1322 5362 Dominus
1372 5305 1510 5360 Deus
1552 5303 1710 5361 Israel
1744 5323 1756 5359 :
1793 5309 1998 5376 operiet
2020 5321 2198 5366 autem

617 5402 868 5473 iniquitas
913 5401 1286 5457 vestimentum
1335 5398 1473 5468 ejus,
1519 5397 1651 5453 dicit
1694 5398 1946 5454 Dominus
1989 5403 2198 5456 exerci-

617 5503 790 5551 tuum.
815 5493 1091 5550 Custodite
1139 5490 1681 5561 spiritum'vcstrum,
1729 5499 1784 5545 et
1828 5492 1993 5546 nolite
2021 5491 2200 5562 deSpi-

616 5597 762 5644 cere.
792 5587 1059 5643 Laborare
1090 5583 1288 5640 fecistis
1312 5583 1596 5638 Dominum
1627 5583 1680 5637 in
1725 5585 2064 5640 sermonibus
2105 5601 2200 5640 vc-

727 5721 921 5783 Vulgata
943 5723 1205 5773 versio:t
1218 5716 1336 5783 quid
1357 5731 1483 5783 unus
1509 5715 1701 5783 quaerit,
1747 5725 1824 5770 etc
1880 5724 1991 5771 LXX
2006 5728 2197 5773 autem:

617 5785 740 5846 Qutd
772 5779 906 5837 aliud
937 5791 1115 5850 prwter
1151 5779 1308 5834 semen
1328 5779 1503 5845 qtut'rit
1522 5779 1652 5830 Deus
1671 5779 1698 5833 1

1856 343 1912 400 S.
1954 339 2205 399 AUCUS]

2311 341 2318 396 l
2355 342 2714 404 srecuum

2325 464 2472 532 stris,
2517 474 2572 521 et
2616 465 2845 534 dixistis,
2885 465 2945 522 ln
2989 481 3096 536 quo
3131 481 3253 523 eum
3280 468 3502 526 fecimus
3526 470 3790 533 laborare?
3815 483 3860 536 la

2323 570 2390 611 eo
2430 571 2551 611 cum
2593 557 2858 624 diceretis,
2892 556 3078 614 Omnis
3102 557 3191 629 qui
3219 561 3338 615 facit
3363 562 3574 628 malum,
3605 563 3763 621 bonus
3793 583 3864 626 est

2323 647 2376 702 in
2405 659 2692 719 conspectu
2719 650 2945 715 Domini,
2971 659 3023 705 et
3045 650 3175 705 tales
3195 651 3247 706 ei
3270 650 3507 720 placent;
3529 663 3617 709 aut
3637 665 3769 714 certe
3787 661 3864 716 ubi

2323 749 2406 795 est
2425 740 2540 796 dies
2558 741 2781 811 judicii?

2394 830 2462 887 Et
2490 843 2600 904 post
2626 834 2908 904 quindecim
2937 849 3106 888 versus
3137 831 3299 907 [111.]:
3323 834 3388 890 Et
3413 834 3655 891 accedam
3682 837 3743 893 ad
3765 856 3863 907 vos,

2322 923 2502 996 inquit,
2553 925 2606 980 in
2649 924 2869 996 judicio,
2914 933 2970 981 et
3014 938 3110 980 ero
3162 925 3313 980 testis
3356 925 3510 980 velox
3552 927 3786 984 maleficis
3820 944 3866 987 et

2321 1015 2576 1072 adulteris
2600 1025 2653 1071 et
2681 1015 2906 1086 perjuris
2925 1057 2940 1083 ,
2971 1023 3026 1070 et
3049 1015 3138 1085 qui
3177 1015 3565 1070 calumniantur
3594 1017 3862 1076 mercedem

2323 1105 2657 1173 mercenarii,
2681 1108 2867 1162 viduas
2932 1115 2988 1162 et
3019 1107 3268 1178 pupillos,
3307 1115 3362 1162 et
3399 1107 3697 1176 cpprimunt
3730 1125 3864 1179 pere-

2321 1199 2553 1269 grinum,
2594 1214 2693 1255 nec
2739 1199 3028 1254 timuerunt
3073 1214 3179 1266 me,
3227 1198 3356 1254 dicit
3395 1199 3646 1255 Dominus
3686 1203 3864 1257 excrci-

2324 1298 2489 1344 tuum.
2522 1290 2634 1359 Ego
2672 1290 2815 1344 enim
2860 1289 3136 1356 Dominus,
3184 1298 3239 1345 et
3286 1303 3393 1344 non
3443 1300 3646 1355 mutor;
3696 1302 3746 1345 et
3783 1308 3864 1347 vos

2321 1379 2412 1434 filii
2440 1379 2604 1435 Jacob
2653 1395 2758 1435 non
2805 1380 2935 1435 estis
2979 1380 3301 1450 consumpti.
3406 1377 3592 1434 diebus
3627 1381 3756 1434 enim
3782 1398 3863 1451 pa-

2321 1478 2460 1525 trum
2499 1479 2797 1526 vestrorum
2841 1469 3136 1525 recessistis
3174 1485 3204 1523 a
3241 1469 3493 1539 legitimis
3518 1469 3666 1536 meis,
3692 1479 3741 1525 et
3773 1487 3862 1527 non

2318 1559 2641 1614 custodistis.
2683 1559 3028 1615 Reverlimini
3067 1559 3134 1614 ad
3177 1574 3280 1624 me,
3317 1569 3374 1613 et
3418 1568 3650 1613 revertar
3681 1560 3740 1614 ad
3763 1575 3859 1628 vos,

2317 1649 2445 1705 dicit
2476 1649 2729 1705 Dominus
2756 1650 3106 1705 exercituum.
3140 1648 3208 1702 Et
3243 1658 3356 1719 post
3380 1649 3656 1719 quindecim
3674 1665 3822 1704 verm
3844 1666 3864 1705 :

2317 1740 2655 1796 lnvaluerunt
2678 1755 2837 1812 super
2875 1755 2962 1796 me
3007 1741 3166 1796 verba
3210 1749 3410 1806 vestra,
3447 1740 3574 1795 dicit
3598 1740 3862 1799 Dominus:

2317 1833 2384 1887 Et
2407 1831 2634 1897 dixistis,
2662 1831 2800 1898 Quid
2839 1831 3001 1886 locuti
3037 1847 3223 1886 sumus
3339 1830 3576 1897 Dixistis,
3617 1831 3776 1888 Vanus
3795 1844 3864 1889 est

2316 1925 2405 1996 qui
2434 1925 2599 1980 servit
2643 1925 2751 1980 Deo
2779 1942 2792 1978 :
2836 1930 2894 1978 et
2918 1922 3062 1994 quod
3103 1924 3544 1982 emolumentum,
3574 1922 3688 1992 quia
3712 1933 3865 1980 custos

2315 2008 2545 2072 dlvimus
2571 2025 2832 2086 praecepta
2875 2014 3014 2084 ejus,
3053 2023 3108 2069 et
3139 2014 3262 2084 quia
3294 2012 3675 2068 ambulavimus
3711 2014 3863 2069 tristes

2314 2123 2494 2165 coram
2521 2107 2746 2162 Domino
2769 2105 3132 2162 exercituum?
3183 2104 3322 2175 Ergo
3366 2118 3508 2158 nunc
3541 2103 3714 2158 beatos
3747 2102 3862 2158 dici-

2313 2216 2434 2256 mus
2475 2207 2784 2270 arrogantes
2830 2217 2844 2254 :
2877 2196 3138 2268 siquidem
3185 2194 3437 2250 aedificati
3481 2202 3603 2249 sunt
3641 2193 3863 2248 facientes

2314 2293 2642 2364 iniquitatem
2686 2291 2728 2359 ',
2775 2299 2830 2347 et
2879 2297 3218 2346 lentaverunt
3264 2289 3461 2353 Deum,
3505 2296 3558 2342 et
3592 2287 3714 2342 salvi
3760 2285 3864 2341 facti

2312 2394 2455 2439 sunt.
2490 2383 2639 2438 Tunc
2677 2381 2839 2437 locuti
2883 2388 3008 2435 sunt
3045 2381 3289 2435 timentes
3323 2379 3513 2442 Deum,
3543 2378 3863 2447 unusquisque

2311 2491 2432 2531 cum
2482 2474 2726 2545 proximo
2773 2487 2890 2528 suo.
2918 2471 2986 2527 Et
3025 2469 3249 2525 attendit
3288 2469 3570 2534 Dominus,
3590 2475 3642 2522 et
3673 2466 3860 2530 audivit,

2311 2576 2366 2623 et
2389 2568 2616 2636 scriptus
2641 2571 2725 2620 est
2751 2565 2886 2620 liber
2921 2562 3249 2618 monumenti
3277 2575 3466 2616 coram
3487 2575 3570 2624 eo,
3594 2558 3862 2614 timentibus

2312 2658 2615 2724 Dominum,
2633 2667 2688 2712 et
2710 2655 3063 2727 cogitantibus
3084 2668 3277 2708 nomen
3303 2654 3428 2722 ejus
3450 2668 3463 2704 :
3487 2660 3540 2706 et
3565 2649 3714 2705 erunt
3734 2647 3860 2713 mihi,

2309 2751 2384 2805 ait
2424 2749 2678 2805 Dominus
2721 2748 3071 2813 exercituum,
3119 2745 3170 2798 in
3211 2743 3298 2798 die
3361 2757 3464 2813 qua
3507 2756 3603 2811 ego
3647 2738 3785 2803 facio,
3814 2737 3858 2791 in

2309 2839 2604 2911 peculium;
2635 2847 2688 2893 et
2713 2853 2925 2908 parcam
2972 2837 3070 2901 eis,
3117 2835 3255 2890 sicut
3302 2833 3480 2903 parcit
3528 2832 3606 2885 vir
3649 2829 3745 2884 filio
3780 2841 3862 2882 suo

2309 2929 2559 2986 servienti
2592 2927 2715 2983 sibi.
2773 2929 2839 2982 Et
2875 2924 3246 2982 convertimini
3288 2925 3331 2990 ,
3387 2931 3442 2977 et
3481 2920 3712 2975 videbEtis
3751 2917 3860 2988 quid

2309 3021 2377 3076 sit
2412 3020 2550 3075 inter
2588 3018 2789 3089 justum
2834 3023 2892 3072 et
2917 3017 3157 3087 impium,
3189 3024 3244 3071 et
3270 3013 3417 3068 inter
3443 3012 3744 3066 servientem
3771 3009 3862 3062 Deo

2308 3125 2362 3170 et
2391 3129 2494 3169 non
2523 3113 2843 3169 servientem
2870 3111 2940 3165 ei.

2381 3203 2506 3279 [tv.]
2546 3203 2684 3258 Ecce
2725 3202 2868 3257 enim
2909 3193 3027 3256 dies
3066 3198 3245 3254 veniet
3263 3206 3524 3252 succensa
3550 3193 3690 3265 quasi
3723 3183 3864 3246 cami

2307 3310 2429 3359 nus,
2458 3303 2512 3349 et
2539 3302 2695 3348 erunt
2743 3307 2927 3347 omnes
2954 3289 3166 3360 superbi
3209 3297 3264 3344 et
3288 3302 3484 3343 omnes
3512 3286 3746 3340 facientes
3773 3281 3862 3336 ini-

2307 3386 2584 3456 quitatem,
2615 3383 2840 3454 stipula;
2874 3392 2928 3438 et
2972 3381 3319 3436 inflammabit
3364 3395 3457 3436 eos
3492 3378 3603 3434 dies
3645 3375 3859 3440 veniens,

2307 3476 2437 3531 dicit
2461 3475 2716 3530 Dominus
2753 3473 3100 3537 exercituum,
3133 3486 3250 3540 qua:
3279 3485 3396 3524 non
3417 3469 3671 3537 relinquet
3693 3465 3763 3520 eis
3787 3478 3862 3519 ra-

2308 3566 2483 3621 dicem
2526 3574 2580 3620 et
2619 3579 2858 3635 germen.
2907 3560 3121 3617 Orietur
3165 3559 3315 3614 vobis
3366 3557 3659 3614 timentibus
3697 3567 3864 3610 nomen

2307 3673 2486 3712 meum
2515 3656 2595 3711 sol
2614 3655 2854 3726 justitiaz,
2880 3663 2934 3709 et
2956 3654 3157 3708 sanitas
3183 3652 3464 3723 inpenuls
3481 3651 3596 3720 ejus
3621 3667 3636 3703 :
3664 3657 3716 3704 et
3736 3661 3865 3717 egre-

2306 3748 2548 3812 diemini,
2570 3757 2625 3802 et
2651 3747 2852 3803 salictis
2881 3744 3018 3799 sicut
3055 3743 3203 3798 vituli
3228 3742 3296 3798 de
3335 3751 3616 3806 armento;
3643 3747 3696 3795 et
3717 3738 3867 3793 calca-

2307 3840 2432 3895 bitis
2478 3839 2703 3909 impios,
2736 3853 2858 3892 cum
2906 3835 3102 3892 fuerint
3150 3834 3284 3888 cinis
3329 3833 3439 3889 sub
3480 3833 3650 3903 planta
3696 3827 3862 3898 pedum

2307 3941 2606 3989 vestrorum
2630 3972 2646 3996 ,
2697 3931 2753 3986 in
2807 3929 2896 3985 die
2930 3944 3035 4000 qua
3081 3943 3181 3999 ego
3235 3926 3416 3993 facio,
3468 3925 3594 3981 dicit
3641 3921 3866 3978 Dominus

2307 4025 2662 4082 exercituum.

2801 4136 2890 4191 DE
2927 4134 3133 4191 LlBllO
3171 4124 3403 4190 ISAIE.

2377 4250 2528 4324 [Cap.
2560 4248 2622 4323 1.]
2653 4247 2946 4315 Lavamini,
2988 4247 3168 4303 mundi
3213 4254 3407 4311 estote,
3452 4246 3646 4298 auferte
3689 4239 3859 4295 malum

2305 4343 2681 4412 cogitationum
2733 4349 3025 4402 vestrarum
3083 4338 3151 4392 ab
3194 4337 3368 4392 oculis
3414 4335 3567 4391 meis.
3621 4329 3860 4399 Quiescitc

2305 4450 2556 4510 perverse
2575 4449 2755 4505 agere,
2786 4432 2974 4486 discite
3003 4427 3583 4498 benefacere,-qu:erite
3606 4421 3856 4494 judicium,

2304 4528 2582 4586 subvenite
2633 4539 2910 4596 oppresso,
2933 4522 3167 4593 judicate
3221 4521 3421 4590 pupillo
3448 4561 3464 4586 ,
3496 4516 3749 4574 defendite
3793 4511 3862 4565 vi-

2304 4624 2499 4686 duam;
2530 4630 2584 4677 et
2625 4619 2800 4674 venite
2847 4625 2900 4673 et
2941 4615 3143 4686 arguite
3193 4628 3299 4678 me,
3342 4611 3472 4667 dicit
3514 4609 3771 4665 Dominus.
3799 4600 3858 4656 Et

2304 4724 2416 4788 post
2442 4723 2552 4768 octo
2594 4725 2762 4765 versus
2790 4722 2808 4762 :
2833 4708 3124 4777 Argentum
3151 4713 3299 4758 tuum
3331 4718 3542 4757 versum
3573 4707 3652 4754 est
3687 4696 3735 4750 in
3759 4708 3863 4749 sco-

2303 4810 2476 4874 riam;
2507 4805 2685 4860 vinum
2729 4807 2878 4855 tuum
2927 4800 3150 4854 mixtum
3194 4805 3277 4852 est
3318 4810 3478 4866 aqua.
3509 4790 3769 4858 Principes
3795 4784 3859 4839 tui

2303 4898 2434 4957 socii
2464 4899 2636 4952 furum
2669 4911 2683 4948 :
2712 4906 2900 4949 omnes
2943 4888 3169 4959 diligunt
3207 4899 3448 4948 munera,
3489 4888 3766 4951 sequuntur
3785 4890 3862 4931 re-

2305 4990 2639 5054 tributiones,
2670 4983 2870 5057 pupillo
2895 4998 3001 5038 non
3026 4979 3286 5051 judicant,
3312 4985 3368 5032 et
3386 4989 3548 5030 causa
3573 4970 3735 5026 vidua:
3767 4981 3861 5021 non

2304 5079 2599 5154 ingreditur
2624 5078 2689 5133 ad
2715 5092 2829 5132 eos.

2375 5150 2440 5230 Et
2472 5173 2624 5244 paulo
2670 5180 2780 5241 post
2819 5165 2924 5242 [11.]
2957 5185 2970 5220 :
3003 5165 3202 5219 Domus
3247 5161 3411 5218 Jacob
3460 5157 3650 5220 venite,
3690 5150 3860 5205 ambu-

2303 5271 2473 5325 lemus
2521 5265 2574 5321 in
2617 5263 2814 5318 lumine
2856 5259 3084 5315 Domini.
3127 5255 3402 5326 Projecisti
3453 5253 3592 5308 enim
3631 5245 3858 5317 populum

2306 5374 2473 5426 tuum,
2503 5357 2720 5413 domum
2764 5351 2965 5416 Jacob;
3015 5349 3138 5420 quia
3183 5347 3368 5418 repleti
3409 5353 3533 5399 sunt
3561 5349 3617 5395 ut
3651 5336 3786 5399 olim,
3814 5339 3860 5385 et

2409 5533 2483 5584 sic
2500 5537 2609 5581 Mss.
2629 5529 2766 5592 juxta
2789 5525 3051 5592 vulgatam.
3077 5528 3134 5572 At
3156 5520 3307 5579 editi,
3328 5523 3373 5570 et
3394 5515 3639 5568 manilium
3661 5511 3828 5564 viduas.

2483 5587 2814 5644 sacris'Bibliis
2835 5587 3230 5647 additur,_contra
3251 5593 3313 5635 te.
3411 5642 3425 5647 _
3475 5642 3486 5647 _
3653 5637 3663 5647 ,

2591 5639 2730 5715 paulo
2752 5651 2872 5700 infra
2895 5662 2999 5712 pro,
3027 5639 3332 5712 iniquitatem
3355 5675 3372 5704 ,
3411 5642 3616 5693 habetur
3651 5639 3697 5686 in
3723 5639 3858 5683 sam

2305 5718 2481 5777 Dillllls,
2504 5713 2809 5782 impietqtem.
2934 5778 2943 5782 _
3029 5769 3039 5782 .

2572 5769 2732 5838 biblia,
2757 5769 3107 5826 ronuertemini.
