4110 6458
324 331 429 391 933

320 466 554 524 augures
604 450 905 508 habuerunt
946 459 1005 507 ut
1042 450 1344 519 Philistiim,
1397 458 1452 507 et
1492 451 1667 515 pueris
1720 454 1910 509 alienis

321 544 683 600 adhmserunt.
714 543 782 599 Et
831 552 942 616 post
997 552 1094 597 tres
1135 560 1305 598 versus
1333 558 1354 599 :
1380 543 1597 613 Repleta
1639 553 1723 600 est
1767 552 1909 600 terra

322 636 441 705 ejus
470 635 656 701 idolis;
684 650 822 709 opus
845 649 1097 689 manuum
1127 650 1341 690 suarum
1362 633 1737 698 adoraverunt,
1767 636 1909 705 quod

324 728 565 782 fecerunt
610 726 759 798 digiti
803 740 1012 781 eorum.
1045 724 1112 780 Et
1148 736 1257 796 post
1293 726 1509 797 quinque
1531 741 1699 782 versus
1728 742 1748 782 :
1776 726 1907 794 Quia

321 817 439 873 dies
460 818 667 873 Domini
697 818 1023 873 exercituum
1061 833 1227 888 super
1265 832 1479 873 omnem
1529 818 1815 889 superbum
1853 828 1909 875 et

320 910 615 974 excelsum,
664 918 719 965 et
761 923 924 979 super
962 924 1178 965 omnem
1224 920 1580 981 arrogantem,
1635 923 1690 967 et
1730 911 1908 967 humi-

323 1002 557 1059 liabitur.

392 1094 465 1151 Et
502 1094 657 1166 paulo
691 1105 803 1163 post
825 1093 951 1169 [111.]
979 1113 993 1150 :
1021 1096 1279 1166 Populum
1308 1111 1485 1153 meum
1515 1105 1793 1153 exactores
1824 1098 1906 1152 sui

320 1188 703 1258 spoliaverunt,
730 1200 783 1242 et
812 1189 1060 1244 mulieres
1097 1188 1381 1243 dominata:
1417 1197 1541 1243 sunt
1583 1189 1681 1244 eis.
1709 1190 1908 1259 Popnle

323 1297 495 1345 meus,
518 1280 609 1352 qui
639 1282 849 1335 beatum
877 1289 928 1335 te
951 1280 1155 1345 dicunt,
1185 1280 1284 1349 ipsi
1307 1290 1357 1335 te
1375 1280 1665 1351 decipiunt,
1692 1291 1747 1336 et
1768 1282 1903 1336 viam

322 1388 599 1443 gressuum
646 1383 855 1427 tuorum
888 1372 1166 1442 dissipant.
1215 1371 1284 1426 Et
1313 1382 1425 1444 post
1462 1373 1655 1445 aliquos
1688 1390 1856 1429 versus
1886 1390 1901 1427 :

322 1465 433 1522 Vos
465 1466 607 1521 enim
651 1464 859 1536 depasti
901 1465 1032 1521 estis
1067 1466 1277 1522 vineam
1320 1482 1512 1531 meam,
1546 1466 1729 1538 rapina
1772 1482 1905 1537 pau-

321 1558 466 1628 peris
482 1557 534 1612 in
558 1557 720 1613 domo
746 1565 944 1612 vestra.
969 1558 1142 1624 Quare
1170 1558 1395 1615 atteritis
1423 1558 1679 1628 populum
1703 1574 1902 1627 meum,

322 1663 378 1709 et
399 1654 561 1710 facies
582 1670 872 1725 pauperum
897 1655 1236 1720 commolitis,
1268 1654 1395 1710 dicit
1417 1655 1673 1711 Dominus
1696 1657 1903 1711 exerci-

323 1746 510 1801 tuum?
541 1746 608 1800 Et
648 1745 784 1800 dixit
827 1745 1083 1800 Dominus
1111 1762 1126 1800 :
1158 1745 1260 1800 Pro
1284 1761 1350 1801 eo
1374 1745 1513 1817 quod
1537 1745 1756 1802 elevatae
1781 1756 1906 1802 sunt

321 1838 442 1893 filia:
462 1838 614 1902 Sion,
640 1848 692 1895 et
730 1837 1135 1893 ambulaverunt
1166 1845 1381 1894 extento
1410 1838 1569 1906 collo,
1600 1848 1656 1896 et
1691 1840 1905 1895 nutibus

320 1932 594 1987 oculorum
636 1931 813 1996 ibant,
850 1937 908 1985 et
951 1931 1290 2001 plaudebant,
1342 1931 1705 1999 ambulabant,
1754 1940 1809 1987 et
1848 1931 1903 1987 in

319 2024 544 2094 pedibus
569 2022 680 2078 suis
704 2022 1000 2092 composito
1023 2021 1190 2092 gradu
1214 2021 1547 2077 incedebant.

388 2116 457 2170 Et
482 2115 635 2185 paulo
677 2124 787 2187 post
813 2112 913 2187 [v.]
944 2131 958 2168 :
994 2113 1083 2167 Vat!
1112 2114 1201 2184 qui
1240 2113 1564 2183 conjungitis
1592 2111 1808 2167 domum
1835 2111 1902 2167 ad

318 2206 557 2271 domum,
584 2214 640 2261 et
657 2220 844 2277 agrum
867 2204 933 2259 ad
949 2219 1134 2274 agrum
1158 2204 1417 2273 copulatis
1437 2219 1605 2273 usque
1639 2202 1707 2259 ad
1734 2214 1907 2260 extre-

319 2314 464 2351 mum
512 2296 652 2352 loci‘
690 2297 792 2367 (ut
833 2295 1085 2349 auferatis
1127 2295 1369 2365 proximo
1411 2311 1427 2348 :
1472 2294 1813 2365 Symmachus
1855 2305 1905 2350 et

322 2389 653 2457 Theodotion,
682 2389 854 2443 donec
879 2387 1110 2452 deficiat,
1142 2382 1220 2441 vet'
1243 2402 1347 2441 non
1373 2386 1443 2441 sit
1471 2387 1639 2452 locus,
1676 2396 1903 2442 transtu-

318 2478 505 2553 lerunt)
533 2497 547 2531 :
577 2478 831 2550 numquid
859 2476 1162 2532 habitabilis
1186 2492 1282 2532 vos
1300 2475 1401 2531 soli
1425 2477 1477 2531 in
1504 2478 1679 2533 medio
1707 2479 1905 2535 terms?

320 2574 376 2629 I11
402 2573 619 2628 auribus
642 2572 775 2626 meis
794 2580 918 2626 sunt
945 2571 1078 2636 lucc,
1111 2568 1240 2624 dicit
1265 2569 1520 2623 Dominus
1545 2570 1901 2626 exercituum.

316 2663 386 2721 Et
409 2672 518 2733 post
547 2674 646 2717 tres
665 2677 833 2717 versus
858 2660 990 2717 εγω
1015 2661 1102 2731 qui
1124 2660 1446 2731 consurgitis
1468 2675 1626 2715 mane
1642 2660 1709 2715 ad
1728 2660 1903 2717 ebrie-

318 2763 479 2810 tatem
507 2754 833 2813 sectandam.
865 2762 919 2807 ct
946 2751 1234 2824 potandqu
1280 2766 1449 2823 usque
1476 2749 1542 2805 ad
1584 2766 1860 2822 vesperam
1884 2792 1900 2818 ,

318 2856 379 2904 ut
403 2848 529 2904 vino
573 2847 827 2903 :cstuetis.
876 2844 1110 2911 Cithara,
1156 2852 1213 2900 et
1242 2844 1374 2916 lyra,
1404 2851 1461 2899 et
1485 2853 1817 2916 tympanum,
1846 2852 1905 2900 et

315 2943 465 3009 tibia,
510 2951 565 2996 et
591 2942 770 2997 vinum
798 2940 853 2995 in
880 2939 1136 2995 conviviis
1162 2938 1390 3003 vestris;
1435 2945 1491 2992 et
1517 2952 1651 3007 Opus
1694 2936 1903 2992 Domini

316 3049 425 3089 non
454 3034 734 3104 respicitis,
775 3048 873 3089 nec
901 3047 1061 3103 opera
1091 3046 1341 3086 manuum
1381 3030 1498 3102 ejus
1524 3029 1899 3087 consideratis.

316 3128 384 3183 Et
405 3138 516 3198 post
538 3126 886 3198 septemdecim
905 3142 1077 3181 versus
1102 3141 1123 3181 :
1148 3124 1242 3180 Va:
1267 3125 1355 3195 qui
1383 3124 1558 3179 dicitis
1584 3126 1780 3180 malum
1808 3123 1906 3179 bo—

315 3234 466 3285 num,
492 3227 547 3273 et
575 3219 770 3273 bonum
796 3216 1034 3283 malum;
1060 3223 1320 3287 ponentes
1346 3215 1597 3271 tenebras
1622 3215 1817 3282 lucem,
1846 3227 1902 3272 et

313 3311 486 3366 lucem
512 3310 794 3377 tenebras;
830 3320 1087 3380 ponentes
1113 3295 1353 3363 amarum
1382 3308 1435 3363 in
1454 3307 1633 3377 dulce,
1664 3319 1717 3365 et
1745 3310 1901 3367 dulce

312 3402 368 3457 in
394 3417 655 3457 amarum.
699 3400 792 3456 Va:
819 3401 907 3472 qui
935 3400 1202 3470 sapientes
1237 3400 1368 3454 estis
1396 3400 1448 3453 in
1479 3400 1647 3454 oculis
1672 3402 1896 3468 vestris,

311 3505 368 3550 et
394 3510 574 3549 coram
603 3491 997 3563 vobismctipsis
1040 3492 1349 3564 prudentes.
1397 3490 1489 3547 Va:
1533 3493 1625 3564 qui
1655 3503 1900 3564 potentes

311 3588 442 3644 estis
465 3588 533 3643 ad
557 3587 844 3644 bibendum
866 3587 1068 3651 vinum,
1092 3595 1145 3642 et
1170 3587 1268 3641 viri
1290 3586 1452 3642 fortes
1477 3587 1543 3643 ad
1571 3589 1895 3645 miscendam
1938 3646 1945 3651 ι

310 3679 644 3734 ebrietatem.
671 3678 770 3747 Qui
792 3677 1097 3748 justi‘icatis
1120 3676 1338 3748 impium
1359 3693 1458 3749 pro
1484 3680 1813 3748 muneribus,
1843 3689 1897 3737 et

306 3770 565 3840 justitiam
589 3770 717 3840 justi
746 3769 966 3824 aufertis
994 3769 1063 3824 ab
1099 3784 1185 3824 eo.

384 3860 451 3915 Et
489 3859 747 3932 aliquanto
773 3869 887 3928 post
916 3857 1018 3932 [x.]
1048 3877 1061 3913 :
1096 3858 1185 3913 Va:
1227 3859 1316 3930 qui
1360 3859 1762 3932 conduntleges
1792 3861 1895 3917 ini-

311 3967 467 4026 quas,
497 3963 551 4009 et
597 3953 890 4009 scribentes
920 3952 1227 4022 injustitiam
1257 3952 1605 4023 scripserunt,
1631 3964 1690 4009 ut
1712 3956 1895 4026 oppri-

311 4052 523 4101 merent
567 4045 621 4099 in
642 4043 845 4115 judicio
885 4058 1165 4114 pauperes,
1210 4051 1264 4098 et
1301 4044 1407 4098 vim
1454 4042 1693 4100 facerent
1719 4061 1896 4101 causa:

310 4136 587 4192 humilium
615 4135 795 4206 populi
825 4135 965 4201 mei;
994 4142 1054 4189 ut
1077 4143 1257 4191 essent
1281 4134 1453 4191 vidua:
1479 4137 1656 4207 prmda
1682 4152 1894 4207 eorum,

308 4235 364 4282 et
387 4224 615 4297 pupillos
639 4224 952 4293 diriperent.

379 4316 451 4372 Et
478 4326 591 4390 post
615 4315 881 4388 paululum
909 4313 1035 4390 [x1.]
1064 4332 1079 4370 :
1108 4314 1429 4388 Requiescet
1456 4332 1619 4388 super
1644 4333 1764 4374 eum
1786 4334 1894 4391 Spl-

309 4409 445 4464 ritus
466 4406 698 4473 Domini,
721 4407 940 4477 spiritus
960 4407 1233 4476 sapientiae
1255 4415 1310 4462 et
1335 4408 1653 4475 intellectus,
1676 4411 1895 4480 spiritus

309 4498 519 4557 consilii
546 4508 601 4555 et
623 4497 966 4563 fortitudinis,
997 4498 1217 4569 spiritus
1243 4499 1480 4554 scientize
1507 4508 1562 4554 et
1588 4501 1818 4571 pietatis,
1842 4512 1896 4558 et

308 4589 536 4661 replebit
556 4604 681 4646 eum
714 4589 932 4660 spiritus
962 4589 1166 4644 timoris
1203 4588 1431 4644 Domini.
1462 4589 1578 4644 Non
1603 4591 1894 4648 secundum

308 4685 569 4739 visionem
609 4682 882 4739 oculorum
906 4681 1184 4752 jndicabit,
1213 4697 1386 4752 neque
1416 4683 1707 4739 secundum
1741 4686 1895 4740 audi~

311 4785 421 4831 tum
446 4775 652 4830 aurium
676 4781 863 4845 arguet
889 4791 903 4828 :
931 4773 1023 4829 sed
1048 4773 1306 4844 judicabit
1324 4773 1376 4828 in
1392 4773 1593 4843 judicio
1612 4791 1891 4847 pauperes,

309 4878 362 4924 et
390 4875 578 4938 arguet
603 4867 654 4921 in
678 4867 924 4937 :equitate
952 4880 1048 4936 pro
1080 4865 1369 4919 mansuetis
1399 4874 1590 4930 teme;
1618 4876 1673 4921 et
1696 4882 1891 4938 percu-

310 4962 404 5016 tiet
431 4968 626 5015 terram
656 4959 801 5030 virga
829 4958 940 5014 oris
967 4957 1067 5024 sui,
1097 4966 1151 5011 et
1174 4955 1361 5026 spiritu
1386 4956 1646 5012 labiorum
1675 4972 1892 5013 suorum

372 5096 390 5159 ε
416 5095 596 5159 Regius
615 5099 720 5159 his»,
733 5092 964 5159 remeat!
985 5088 1210 5159 test
1230 5087 1326 5143 ιοεὶ
1345 5089 1580 5159 {Vulgata
1593 5104 1728 5159 vero.
1746 5105 1896 5159 ιιδφιε

307 5156 375 5207 ad
397 5152 655 5210 terminum
677 5152 786 5205 laci.
803 5152 992 5204 Deinde
1012 5152 1098 5217 ille
1128 5153 1258 5217 idem
1278 5152 1432 5217 codex
1456 5152 1567 5202 cum
1589 5154 1785 5217 Vulgata
1808 5152 1894 5217 pa-

306 5221 429 5290 riter
452 5225 587 5290 mret
605 5217 684 5290 bis
703 5217 894 5290 verbis,
916 5220 971 5266 ut
1004 5213 1239 5290 auferatis
1269 5212 1491 5290 proaimo
1517 5227 1536 5263 .°
1558 5212 1895 5290 (mequidem

307 5284 462 5353 νείφει
485 5292 549 5329 ει
571 5286 702 5352 ικξίν
721 5275 1015 5353 αρηωίείιιιε
1034 5275 1347 5353 630.1“?st
1366 5275 1732 5353 ιδιεμτξξάἱβοιέ
1747 5288 1891 5353 89m:

309 5353 362 5393 et
384 5344 457 5393 fas
479 5338 773 5413 estppinari
804 5338 1241 5413 atmnotatiuncuiain
1273 5339 1373 5413 hic.
1387 5338 1494 5413 sive
1508 5338 1892 5413 ab'Augustino,

287 5394 421 5474 sive
434 5404 498 5453 ab
517 5394 868 5474 alio'insertam
889 5401 1039 5474 fuisse
1058 5414 1123 5474 ex
1136 5401 1494 5474 Commentariis
1508 5394 1795 5474 Hieronimi,

307 5468 534 5516 nimirum
555 5464 616 5513 ad
638 5463 767 5515 hunc
798 5461 955 5514 locum
992 5463 1040 5513 id
1074 5464 1303 5527 observat
1324 5474 1353 5527 :_
1370 5478 1393 5507 ι
1417 5469 1503 5511 Pro
1527 5474 1613 5521 eo,
1640 5461 1707 5512 ait
1725 5498 1745 5527 ,_
1765 5461 1895 5527 quod

314 5548 339 5576 ι
361 5542 451 5598 ειρε
470 5527 680 5598 diximus
698 5538 857 5598 ιιείιιιθ
874 5525 1239 5598 essentiam.
1264 5522 1382 5598 109i,
1403 5529 1513 5598 ιξίκ
1539 5522 1896 5598 remissius!

314 5608 338 5637 ι
360 5588 477 5641 ltitia
495 5588 582 5658 tati
600 5583 791 5652 plésian'
802 5583 1157 5658 anhelat-tuin,
1193 5586 1240 5658 id
1253 5592 1344 5658 est
1361 5620 1378 5647 ,
1396 5591 1452 5658 at
1467 5586 1685 5658 auferant
1707 5585 1894 5639 aliauid

312 5671 337 5698 ι
359 5645 620 5715 proxima;
641 5645 946 5715 Symmachus
966 5655 1019 5715 et
1054 5648 1337 5710 Theodotio,
1362 5645 1771 5715 ’άωιεσίάεμαοη
1790 5664 1892 5713 vet,

313 5732 336 5760 ι
357 5710 547 5826 non
576 5710 708 5765 locu}
729 5726 747 5765 :
769 5719 822 5763 ut
852 5710 1110 5763 deﬁciente
1141 5717 1274 5763 terra
1306 5710 1615 5774 nequaquam
1648 5710 1895 5764 saturetur

314 5794 336 5822 ι
357 5789 415 5826 av
525 5787 571 5824 2.
594 5791 617 5820 ι

314 5794 336 5822 I
357 5787 571 5826 avaritia.
594 5791 617 5820 ι

1572 337 1661 394 DE
1699 332 2079 395 SCRIPTURA
2122 341 2197 397 SA
2218 340 2364 399 'IIM.

3492 366 3594 425 954

2015 452 2296 510 interficiet
2338 455 2578 526 impium.
2624 458 2815 517 Eterit
2853 462 3059 533 justitia
3086 467 3351 541 cingulum
3379 475 3594 535 lumbo.

2014 559 2130 598 rum
2155 544 2293 615 ejus,
2320 555 2373 602 et
2402 548 2533 604 fides
2561 551 2874 610 cinctorinm
2898 573 3085 613 renum
3114 561 3250 629 ejus.

2083 635 2152 689 Et
2183 647 2293 705 post
2330 641 2593 711 sexaginta
2618 660 2786 698 versus
2815 642 2960 721 [ιω]
2991 666 3005 703 :
3033 650 3173 707 Ecce
3198 652 3339 708 Deus
3366 658 3599 715 salvator

2013 739 2183 792 meus,
2213 726 2525 785 ﬁducialiter
2541 748 2714 802 agam,
2737 744 2791 790 et
2819 754 2921 791 non
2942 739 3159 797 timebo.
3187 741 3317 809 Quia
3339 744 3597 805 fortitudo

2012 832 2129 873 mea
2157 827 2213 873 et
2239 819 2355 876 laus
2382 838 2500 878 mea
2533 826 2782 881 Dominus
2810 829 2969 894 Deus.
3000 841 3052 887 et
3080 833 3247 891 factus
3276 848 3359 893 est
3385 842 3512 895 mihi
3542 844 3593 897 in

2010 909 2257 965 salutem.
2289 911 2554 970 ilaurictis
2573 932 2738 986 aquas
2766 918 2817 973 in
2842 922 3032 990 gaudio
3052 924 3119 980 de
3148 926 3383 985 fontibus
3406 931 3593 1001 Salva-

2011 1000 2185 1056 toris:
2217 1010 2272 1057 et
2307 1004 2495 1062 dicetis
2525 1007 2575 1061 in
2602 1008 2691 1065 illa
2734 1010 2842 1079 die,
2872 1011 3209 1073 Couﬁlemini
3251 1020 3497 1089 Domino,
3543 1035 3599 1079 ct

2012 1089 2257 1149 invocate
2281 1110 2473 1151 nomen
2495 1096 2630 1168 ejus,
2660 1111 2813 1157 notas
2837 1102 2993 1160 facite
3017 1106 3069 1161 in
3097 1111 3306 1179 populis
3334 1113 3596 1170 adiuven-

2012 1183 2185 1239 tiones
2212 1186 2348 1255 ejus,
2376 1200 2701 1249 mementote
2724 1196 2974 1265 quoniam
3000 1200 3273 1256 excelsum
3299 1212 3381 1259 est
3401 1222 3595 1262 nomen

2008 1273 2144 1343 ejus.
2191 1276 2413 1334 Cautate
2437 1280 2684 1351 Domino,
2724 1287 2971 1355 quoniam
3000 1292 3277 1362 magniﬁce
3324 1294 3469 1361 fecit,
3500 1314 3599 1353 an-

2009 1368 2251 1425 nuntiate
2288 1369 2393 1426 hoc
2434 1374 2487 1428 in
2532 1376 2779 1432 universa
2826 1387 2983 1435 terra.
3028 1383 3243 1440 Exsulta
3290 1396 3345 1441 et
3390 1388 3543 1445 lauda
3576 1432 3593 1456 ,

2011 1455 2266 1517 habitatio
2306 1462 2471 1532 Sion;
2520 1467 2643 1537 quia
2686 1484 2910 1541 magnus
2952 1472 3006 1527 in
3053 1475 3231 1531 medio
3262 1478 3337 1533 tui
3377 1455 3595 1537 sanctus

2008 1548 2193 1606 Israel.

2078 1642 2146 1697 Et
2172 1654 2285 1717 post
2310 1648 2646 1721 quadraginta
2675 1667 2844 1708 versus
2870 1650 3036 1730 [χιιι]
3065 1673 3078 1710 :
3110 1656 3177 1713 Et
3204 1660 3478 1730 quiescere
3519 1663 3596 1719 fa-

2007 1734 2144 1790 ciam
2187 1741 2489 1810 superbiam
2537 1744 2850 1813 infidelium,
2893 1757 2948 1803 et
2987 1752 3341 1822 arrogantiam
3381 1754 3592 1811 fortium

2008 1825 2316 1885 humiliabo.

2078 1915 2215 1973 Item
2254 1929 2368 1992 post
2395 1922 2711 1994 aliquantum
2753 1924 2929 2003 [xvu.]
2960 1947 2973 1983 :
3008 1931 3142 1987 Dicit
3173 1934 3429 1992 Dominus
3454 1937 3594 1993 Deus

2007 2007 2169 2064 Israel
2189 2027 2201 2062 :
2223 2011 2280 2065 In
2305 2012 2498 2089 dielilla
2520 2016 3032 2077 inclinabiturhomo
3050 2025 3117 2079 ad
3140 2024 3393 2082 factorem
3414 2044 3591 2096 suum,

2006 2106 2062 2152 et
2084 2099 2224 2155 oculi
2254 2100 2371 2171 ejus
2396 2103 2462 2157 ad
2490 2114 2728 2161 sanctum
2761 2109 2919 2165 Israel
2949 2114 3271 2183 reSpicient;
3297 2126 3352 2173 et
3378 2135 3484 2173 non
3514 2120 3599 2174 in-

2005 2188 2288 2245 clinabitur
2307 2192 2375 2246 ad
2403 2193 2589 2250 altaria
2615 2214 2732 2266 qua:
2753 2198 2995 2257 fecerunt
3025 2219 3215 2260 manus
3239 2206 3375 2277 ejus,
3402 2216 3457 2263 et
3476 2226 3596 2277 qua:

2005 2279 2211 2349 operati
2255 2290 2381 2338 sunt
2421 2283 2569 2355 digiti
2595 2288 2749 2357 ejus;
2782 2306 2888 2346 non
2926 2295 3174 2365 respiciet
3202 2297 3369 2367 lucos,
3414 2311 3468 2355 et
3494 2300 3595 2358 de-

2005 2369 2181 2426 luhra.

2076 2460 2148 2516 Et
2186 2472 2298 2533 post
2324 2464 2640 2536 aliquantum
2666 2468 2851 2546 [χχιι]
2880 2490 2896 2528 :
2923 2474 3166 2545 Vocabit,
3195 2479 3374 2550 inquit,
3407 2482 3594 2539 Domi-

2004 2567 2107 2607 nus
2134 2552 2273 2610 Deus
2298 2558 2629 2614 exercituum
2658 2561 2712 2615 in
2742 2562 2829 2617 die
2858 2565 2943 2620 illa
2973 2566 3039 2620 ad
3064 2566 3245 2624 (letum
3268 2578 3325 2626 et
3350 2571 3417 2625 ad
3438 2573 3595 2643 plana

2004 2649 2170 2707 ctum,
2201 2653 2257 2699 et
2278 2645 2346 2700 ad
2374 2647 2667 2716 calvitium,
2697 2662 2751 2706 et
2774 2653 2841 2706 ad
2870 2655 3139 2726 cingulum
3168 2660 3329 2715 sacci.
3370 2661 3439 2716 Et
3467 2678 3595 2719 ecce

2004 2735 2253 2804 gaudium
2270 2747 2325 2793 et
2344 2738 2527 2796 laetitia
2550 2743 2795 2800 occidam
2817 2747 3028 2813 vitulos,
3045 2758 3100 2804 et
3112 2749 3356 2822 jugulare
3374 2755 3593 2824 arietes,

2004 2827 2287 2885 comedere
2321 2845 2532 2900 carnes,
2582 2842 2639 2890 et
2678 2834 2860 2894 bibere
2890 2839 3092 2895 viuum.
3137 2840 3512 2915 Comedamus,
3542 2856 3598 2903 et

2003 2916 2281 2987 bibamus;
2323 2936 2445 2979 cras
2484 2926 2628 2981 enim
2673 2929 2986 2987 moriemur.
3038 2933 3106 2988 Et
3142 2936 3375 2992 revelata
3417 2948 3502 2995 est
3534 2940 3588 2997 in

2003 3011 2220 3069 auribus
2243 3017 2378 3071 meis
2414 3032 2515 3073 vox
2543 3018 2753 3076 Domini
2793 3024 3121 3081 exercituum
3153 3044 3168 3083 :
3198 3028 3255 3084 Si
3297 3029 3594 3089 dimittetur

2005 3100 2254 3173 iniquitas
2279 3105 2395 3162 haec
2432 3110 2604 3180 vobis,
2634 3110 2806 3168 donec
2830 3116 3155 3184 moriamini,
3183 3119 3313 3177 dicit
3337 3121 3595 3182 Dominus

2007 3192 2149 3251 Deus
2174 3199 2527 3255 exercituum.

2073 3284 2206 3341 Item
2248 3299 2361 3359 post
2404 3291 2719 3363 aliquantum
2764 3293 2958 3373 [χιιι]
2992 3316 3007 3354 :
3037 3300 3258 3372 Aperite
3298 3314 3511 3375 portas,
3542 3314 3595 3365 et

2002 3376 2327 3449 ingrediatur
2362 3398 2495 3454 gens
2529 3384 2694 3455 justa,
2740 3390 3047 3447 custodiens
3087 3395 3386 3453 veritatem.
3430 3397 3598 3455 Vetus

1969 3531 1973 3537 ,
2001 3483 2155 3525 error
2180 3471 2311 3527 abiit
2336 3490 2353 3538 ;
2385 3476 2626 3532 servabis
2655 3494 2838 3547 pacem
2863 3497 2879 3546 ;
2911 3497 3119 3553 pacem,
3151 3487 3274 3557 quia
3303 3489 3358 3543 in
3398 3498 3448 3545 te
3472 3505 3596 3560 spc-

2000 3562 2257 3619 ravimus.
2304 3564 2541 3636 Speratis
2567 3569 2621 3624 in
2652 3569 2880 3627 Domino
2921 3575 2973 3628 in
3018 3577 3228 3631 saeculis
3270 3582 3507 3647 aztemis,
3539 3581 3592 3636 in

2002 3652 2230 3710 Domino
2268 3657 2380 3713 Deo
2405 3657 2526 3714 furti
2561 3661 2615 3715 in
2646 3673 2983 3733 perpetuum.
3012 3665 3083 3721 Et
3128 3678 3240 3739 post
3261 3686 3353 3726 sea:
3377 3689 3547 3728 versus
3575 3691 3591 3729 :

1999 3744 2060 3800 In
2076 3749 2263 3802 semita
2284 3748 2600 3818 judiciorum
2626 3761 2860 3819 tuorum,
2883 3758 3123 3825 Domine,
3138 3762 3491 3820 sustinuimus
3507 3774 3591 3833 te;

1998 3851 2193 3893 nomen
2225 3849 2371 3895 tuum
2397 3850 2450 3897 et
2480 3845 2791 3901 memoriale
2822 3857 2968 3902 tuum
2998 3849 3052 3904 in
3083 3850 3350 3908 desiderio
3377 3857 3590 3911 animm.

1997 3925 2191 3982 Anima
2210 3945 2324 3984 mea
2350 3930 2671 3988 desideravit
2691 3942 2744 3990 te
2768 3936 2820 3990 in
2849 3947 3038 4004 nocte;
3066 3940 3159 3995 sed
3180 3948 3235 3996 ct
3257 3943 3443 4012 spiritu
3466 3961 3589 4001 meo

1999 4015 2052 4071 in
2082 4022 2391 4089 prtecordiis
2417 4025 2551 4080 meis
2575 4025 2642 4081 de
2668 4042 2825 4083 mane
2853 4030 3080 4100 vigilabo
3101 4033 3166 4087 ad
3196 4042 3268 4089 te.
3296 4034 3428 4089 Cum
3452 4036 3591 4094 fece-

2000 4107 2078 4161 ris
2114 4107 2311 4178 judicia
2352 4120 2436 4166 tua
2466 4114 2518 4167 in
2550 4122 2710 4181 terra,
2738 4116 3001 4186 justitiam
3031 4120 3239 4177 discent
3263 4121 3593 4182 habitatores

2000 4205 2177 4255 terrae.
2225 4202 2571 4260 Misercamur
2609 4206 2794 4277 impio,
2827 4218 2883 4264 ct
2908 4226 3015 4266 non
3041 4211 3210 4268 discet
3230 4213 3406 4269 iacere
3429 4216 3590 4284 justi¢

1998 4292 2149 4346 tiam.
2178 4290 2238 4348 In
2266 4302 2406 4349 terra
2425 4308 2730 4353 sanctorum
2758 4298 2939 4371 iniqua
2965 4302 3148 4372 gessit,
3170 4312 3226 4359 et
3253 4320 3359 4360 non
3389 4307 3592 4365 videbit

1998 4381 2221 4452 gloriam
2252 4384 2366 4440 Dei.

2069 4473 2139 4528 Et
2167 4484 2280 4547 post
2304 4478 2615 4547 aliquantum
2634 4478 2831 4556 [xx1x.]
2860 4499 2875 4536 :
2902 4483 3107 4540 Defeeit
3130 4488 3219 4557 qui
3244 4490 3589 4563 praevalebat,

1998 4578 2399 4625 consummatus
2440 4582 2522 4626 est
2565 4572 2769 4641 illusor,
2810 4585 2864 4630 et
2902 4577 3094 4633 succisi
3124 4590 3247 4636 sunt
3272 4598 3460 4641 omnes
3497 4588 3589 4657 qui

1998 4660 2290 4731 vigilabant
2318 4677 2482 4732 super
2522 4663 2877 4735 iniquitatem,
2920 4669 3012 4739 qui
3060 4685 3284 4739 peccare
3326 4676 3592 4735 faciebant

1998 4748 2239 4806 homines
2267 4751 2322 4806 in
2345 4751 2527 4808 verbo.

2072 4842 2137 4896 Et
2167 4852 2277 4912 post
2314 4845 2482 4900 decem
2508 4863 2676 4903 versus
2703 4845 2885 4923 [xxx.]
2916 4870 2931 4906 :
2956 4852 3070 4918 Vae,
3114 4854 3205 4909 filii
3235 4856 3539 4916 desertores
3566 4896 3585 4929 ,

1997 4932 2127 4989 dicit
2156 4935 2432 5005 Dominus,
2460 4947 2519 4992 ut
2548 4936 2792 4995 faceretis
2818 4944 3121 5012 consilium,
3152 4955 3205 5001 et
3235 4964 3338 5002 non
3367 4965 3433 5004 ex
3462 4964 3578 5017 me;

1997 5035 2053 5083 et
2079 5026 2389 5085 ordiremini
2419 5030 2600 5098 telam,
2627 5041 2683 5088 et
2725 5048 2830 5089 non
2863 5052 2956 5105 per
2993 5038 3235 5107 spiritum
3281 5056 3497 5108 meum;
3532 5055 3589 5101 ut

1996 5118 2282 5175 adderetur
2306 5132 2579 5192 peccatum
2605 5140 2769 5195 super
2805 5137 3100 5197 peccatum.
3142 5130 3209 5185 Et
3234 5132 3389 5203 paulo
3428 5148 3582 5206 post:

2000 5210 2125 5267 llaec
2154 5211 2284 5268 dicit
2321 5213 2583 5270 Dominus
2613 5216 2753 5273 Deus
2779 5228 2993 5275 sanctus
3019 5221 3199 5288 Israel,
3248 5226 3306 5280 Si
3348 5241 3585 5283 reverta.

1999 5306 2129 5360 mini
2169 5314 2224 5362 et
2260 5306 2563 5378 quiescatis,
2596 5310 2727 5364 salvi
2755 5311 2924 5366 eritis.
2972 5311 3029 5368 In
3060 5314 3270 5371 silentio
3311 5329 3365 5374 et
3396 5320 3447 5374 in
3488 5336 3581 5391 spe

1997 5398 2102 5455 erit
2120 5399 2370 5455 fortitudo
2393 5413 2567 5456 vestra
2593 5418 2609 5468 ;
2640 5413 2695 5457 et
2724 5404 2987 5459 noluistis.
3032 5404 3101 5460 Et
3130 5416 3242 5479 post
3265 5409 3441 5480 viginti
3471 5429 3582 5467 vera

1997 5508 2083 5546 sus
2108 5507 2128 5546 :
2154 5488 2556 5548 Contaminabis
2580 5491 2805 5549 laminas
2830 5496 3152 5566 sculptilium
3176 5502 3378 5570 argenti
3410 5503 3505 5569 tui,
3532 5514 3581 5562 et

1998 5582 2373 5638 vestimentum
2402 5582 2684 5641 conﬂatilis
2708 5585 2824 5642 auri
2852 5587 2947 5656 tui,
2974 5598 3030 5646 et
3050 5587 3324 5664 disperges
3345 5609 3409 5651 ea
3444 5595 3578 5654 sicut

1998 5673 2387 5741 immunditiam
2412 5685 2777 5734 menstruatze.

2074 5766 2137 5822 Et
2164 5776 2274 5835 post
2297 5776 2614 5842 attquantum
2641 5771 2844 5852 [xxvi]
2878 5798 2891 5835 :
2924 5777 3325 5846 Convertimini,
3367 5780 3502 5839 sicut
3527 5784 3576 5839 in
