4110 6438
503 352 612 416 958

506 464 825 542 pmfundum
849 455 1215 541 recesseratis,
1248 452 1343 509 ﬁlii
1385 447 1569 507 Israel.
1610 445 1668 502 In
1696 445 1785 501 die
1826 443 1969 542 enim
1999 442 2090 496 illa

505 535 722 617 abiiciet
760 556 844 612 vir
885 536 1024 610 idola
1051 546 1256 618 argenti
1293 543 1398 609 sui,
1429 551 1482 599 et
1510 539 1650 596 idola
1678 538 1793 592 auri
1830 535 1934 604 sui,
1972 548 2103 606 qua:-

508 654 749 710 fccerunt
771 648 922 705 vobis
951 657 1138 700 manus
1163 648 1356 694 vestrae
1386 637 1441 691 in
1468 641 1769 707 peccatum.

580 744 714 801 Item
735 750 845 813 post
864 739 1174 809 aliquantum
1195 727 1437 806 [χχχιιι]
1468 745 1480 781 :
1514 727 1580 782 Et
1604 725 1706 780 erit
1726 721 1856 777 ﬁdes
1880 719 1933 774 in
1960 725 2098 774 tem-

511 838 729 909 poribus
745 834 869 899 tuis,
890 827 1086 886 divitia:
1106 826 1292 881 salutis
1312 820 1565 891 sapientia
1589 825 1645 874 et
1670 815 1915 876 scientia,
1935 813 2095 867 timor

514 906 720 986 Domini
748 927 862 996 ipse
890 921 1171 978 thesaurus
1195 916 1332 986 ejus.
1349 913 1418 968 Et
1438 912 1590 985 paulo
1610 917 1721 980 post
1750 925 1769 966 .'
1795 906 1923 975 Quis
1940 912 2098 996 pote-

512 1022 583 1076 rit
605 993 842 1074 habitare
865 1013 935 1070 de
961 1010 1112 1065 vobis
1139 1022 1260 1063 cum
1287 1006 1407 1077 igne
1431 998 1766 1059 devorante?
1790 997 1910 1068 quis
1937 993 2097 1050 babi-

512 1110 644 1166 tabit
657 1123 724 1163 ex
745 1104 895 1160 vobis
910 1117 1032 1159 cum
1052 1098 1333 1156 ardoribus
1352 1091 1728 1165 sempiternis?
1747 1090 1847 1156 Qui
1860 1085 2097 1144 ambulat

510 1200 566 1255 in
588 1197 828 1269 iustitiis,
855 1201 912 1250 et
937 1194 1170 1263 loquitur
1197 1178 1475 1244 veritatem
1499 1202 1515 1250 ;
1547 1184 1637 1255 qui
1676 1181 1888 1253 proiicit
1927 1177 2098 1269 avaris

512 1268 638 1344 tiam
663 1295 719 1344 et
740 1283 1059 1341 calumniam
1084 1282 1126 1347 ί,
1169 1291 1225 1336 et
1246 1278 1449 1334 excutit
1470 1290 1660 1331 manus
1686 1287 1812 1328 suas
1849 1270 1918 1326 ab
1950 1268 2099 1325 omni

515 1392 770 1441 munere;
803 1375 893 1446 qui
918 1374 1132 1429 obturat
1150 1384 1305 1425 aures
1330 1381 1454 1423 suas
1474 1382 1540 1421 ne
1560 1364 1741 1420 audiat
1766 1360 2097 1432 sanguinem,

512 1478 571 1528 et
610 1467 809 1524 claudit
836 1465 1021 1522 oculos
1048 1476 1175 1519 suos
1203 1474 1269 1516 ne
1296 1459 1472 1513 videat
1511 1471 1670 1513 omne
1696 1456 1718 1487 ³
1742 1453 1962 1508 malum.
1996 1449 2103 1504 lste

514 1561 568 1615 in
594 1559 820 1616 excelsis
849 1554 1144 1620 habitabit;
1174 1552 1500 1607 munimenta
1527 1561 1778 1602 saxorum
1802 1539 2102 1598 sublimitas

512 1652 649 1722 eius.
677 1650 836 1707 Panis
861 1649 912 1705 ei
938 1647 1096 1704 datus
1124 1653 1226 1712 est,
1255 1651 1310 1699 et
1329 1657 1482 1713 aquae
1510 1641 1628 1711 eius
1656 1637 1842 1694 ﬁdeles
1867 1641 2013 1691 sunt.

589 1742 654 1798 Et
677 1752 789 1814 post
809 1742 1125 1812 aliquantum
1150 1734 1343 1811 [xum]
1374 1753 1389 1792 :
1412 1734 1677 1790 Memento
1702 1731 1915 1795 horum,
1938 1724 2103 1783 Jacob

515 1845 571 1893 et
612 1835 795 1898 Israel,
835 1832 1083 1904 quoniam
1128 1842 1313 1884 servus
1341 1841 1491 1880 meus
1518 1839 1578 1879 es
1617 1833 1671 1876 tu
1702 1838 1717 1876 :
1762 1817 1984 1874 formavi
2013 1825 2099 1880 te,

516 1940 704 1983 servus
730 1938 882 1980 meus
906 1937 965 1978 es
995 1930 1070 1985 tu,
1098 1918 1283 1984 Israel,
1313 1932 1380 1971 ne
1409 1913 1736 1971 obliviscaris
1761 1909 1886 1963 mei.
1920 1904 2103 1960 Delevi

519 2024 578 2071 ut
602 2014 796 2071 nubem
825 2012 1132 2082 iniquitates
1171 2019 1307 2073 tuas,
1339 2014 1393 2061 et
1417 2003 1568 2074 quasi
1612 2000 1856 2055 nebulam
1886 2004 2103 2067 peccata

520 2115 643 2172 tua;
674 2114 945 2162 revertere
966 2102 1033 2157 ad
1064 2116 1169 2165 rue,
1198 2098 1449 2169 quoniam
1481 2094 1682 2150 redemi
1711 2101 1785 2147 te.

591 2196 723 2253 Item
765 2204 878 2266 post
899 2194 1215 2264 aliquantum
1254 2186 1444 2263 [χαι]
1474 2206 1487 2240 :
1517 2186 1834 2240 Mementote
1861 2179 2021 2244 istud,
2051 2185 2107 2234 et

518 2285 950 2351 eonfnudamini;
977 2278 1166 2350 redite,
1195 2279 1650 2353 praevaricatores,
1680 2273 1748 2329 ad
1767 2288 1879 2329 cor.
1910 2271 2108 2326 Recor-

458 2384 463 2391 '
521 2378 727 2435 damini
754 2375 946 2448 prioris
970 2373 1148 2429 saeculi
1172 2388 1188 2438 ;
1219 2369 1468 2441 quoniam
1492 2381 1592 2438 ego
1619 2366 1779 2432 Deus,
1807 2371 1862 2419 et
1887 2377 1993 2416 non
2025 2370 2109 2416 est

521 2469 661 2527 ultra
686 2469 844 2536 deus,
874 2482 975 2523 nec
1000 2474 1084 2522 est
1109 2463 1300 2519 similis
1324 2461 1451 2517 mei.

593 2558 664 2615 Et
680 2559 938 2631 aliquanto
964 2564 1073 2627 post
1094 2551 1195 2626 [ιη]
1223 2571 1238 2608 :
1264 2551 1394 2619 Quis
1409 2546 1699 2604 ambulavit
1722 2544 1744 2577 ³
1766 2544 1820 2599 ἰη
1847 2542 2104 2610 tenebris,

521 2659 720 2709 etnon
750 2657 837 2705 est
873 2648 1051 2703 lumen
1079 2644 1167 2701 ei?
1207 2643 1398 2714 Speret
1439 2640 1493 2695 in
1532 2638 1748 2694 nomine
1777 2633 2010 2701 Domini,
2051 2640 2109 2689 et

520 2743 778 2800 innitatur
800 2754 961 2810 super
990 2739 1156 2794 Deum
1182 2750 1360 2792 suum.
1654 2776 1661 2782 .

591 2833 726 2890 Item
763 2843 873 2906 post
900 2832 1212 2902 aliquantum
1247 2825 1366 2901 [LL]
1395 2844 1409 2880 :
1441 2824 1635 2880 Audite
1678 2837 1786 2889 me,
1833 2819 1922 2891 qui
1960 2816 2108 2874 scitis

520 2928 743 3002 iustum,
785 2925 1012 2999 populus
1035 2922 1087 2988 ις
1131 2923 1214 2977 lex
1242 2935 1359 2975 mea
1399 2919 1452 2972 in
1481 2916 1642 2973 corde
1670 2927 1880 2971 eorum.
1928 2910 2108 2965 Nolite

525 3023 713 3076 timere
735 3016 1018 3088 opprobria
1045 3013 1342 3076 hominum,
1369 3018 1424 3066 et
1450 3007 1809 3079 blasphemias
1828 3017 2015 3060 eorum
2038 3014 2109 3058 ne

524 3111 775 3168 timentis.
818 3109 968 3165 Sicut
1011 3107 1155 3162 enim
1196 3104 1591 3166 vestimentum,
1622 3100 1699 3154 sic
1736 3094 1987 3152 comedet
2012 3106 2107 3149 eos

522 3200 758 3266 vermis;
784 3209 840 3254 et
861 3198 999 3252 sicut
1022 3197 1218 3261 lanam,
1247 3193 1325 3249 sic
1344 3190 1618 3247 devorabit
1636 3203 1731 3244 eos
1760 3188 1895 3242 tinea
1924 3203 1937 3239 :
1963 3184 2107 3239 salus

523 3300 700 3348 autem
731 3305 847 3345 mea
878 3290 931 3345 in
972 3288 1354 3358 sempiternum
1383 3282 1505 3350 erit,
1549 3290 1604 3337 et
1645 3279 1848 3352 iustitia
1889 3291 2008 3332 mea
2048 3275 2105 3330 in

522 3383 894 3455 generationes
919 3378 1344 3451 generationum.

597 3476 664 3532 Et
693 3482 802 3546 post
827 3473 1137 3543 aliquantum
1166 3465 1305 3541 [LV.]
1336 3484 1349 3521 :
1378 3463 1611 3533 Quatrite
1655 3458 1937 3515 Dominum
1974 3455 2104 3512 dum

524 3568 746 3624 inveniri
772 3572 969 3638 potest,
1016 3563 1260 3617 invocate
1298 3572 1420 3614 eum
1450 3555 1578 3611 dum
1609 3567 1775 3625 prope
1797 3558 1899 3606 est.
1947 3549 2111 3604 Dere-

526 3659 730 3729 linquat
756 3654 950 3725 impius
973 3651 1112 3707 viam
1140 3664 1312 3714 suam,
1341 3656 1396 3703 et
1420 3647 1501 3701 vir
1528 3644 1740 3714 iniquus
1762 3638 2109 3729 cogitationes

526 3728 672 3812 suas,
703 3756 759 3802 et
781 3751 1079 3800 revertatur
1096 3740 1164 3796 ad
1192 3738 1505 3803 Dominum;
1532 3743 1588 3791 et
1610 3729 1947 3788 miserebitur
1966 3728 2106 3800 eius,

526 3847 584 3894 et
604 3836 672 3893 ad
706 3837 870 3892 Deum
913 3842 1176 3901 nostrum,
1224 3830 1474 3903 quoniam
1502 3827 1698 3882 multus
1725 3834 1808 3880 est
1850 3822 1917 3879 ad
1958 3822 2111 3893 igno-

528 3928 804 3984 scendum.

538 4052 545 4055 -
600 4018 669 4074 Et
697 4027 806 4092 post
831 4016 1007 4089 viginti
1047 4031 1217 4070 versus
1263 4011 1419 4086 [uva]
1447 4029 1461 4065 :
1492 4010 1619 4065 llaec
1658 4008 1787 4063 dicit
1816 4006 2070 4062 Dominus
2093 4046 2109 4069 ,

529 4109 808 4168 Custodite
828 4108 1109 4179 iudicium,
1129 4115 1184 4161 et
1213 4104 1371 4160 facite
1396 4101 1680 4172 justitiam,
1711 4098 1830 4168 quia
1849 4098 2000 4167 iuxta
2028 4105 2111 4151 est

530 4200 678 4257 salus
697 4214 816 4255 mea
842 4206 893 4252 ut
922 4197 1117 4264 veniat,
1142 4205 1197 4251 et
1218 4194 1420 4264 iustitia
1445 4206 1562 4247 mea
1590 4200 1647 4245 ut
1671 4189 1951 4244 reveletur.
1982 4187 2116 4240 Bea-

532 4303 619 4350 tus
642 4292 725 4348 vir
747 4293 835 4363 qui
864 4290 989 4346 facit
1010 4289 1132 4355 hoc,
1163 4296 1217 4344 et
1239 4286 1378 4341 filius
1396 4284 1627 4339 hominis
1649 4282 1739 4352 qui
1766 4278 2115 4349 apprehendit

532 4383 713 4450 Istud;
743 4381 1047 4439 custodiens
1073 4379 1350 4434 sabbatum
1394 4391 1463 4431 ne
1505 4373 1704 4445 polluat
1747 4366 1898 4435 illud,
1940 4378 2118 4422 custo-

532 4473 688 4530 dicns
711 4486 900 4528 manus
926 4484 1052 4527 suas
1075 4485 1143 4524 ne
1172 4467 1328 4524 faciat
1354 4482 1514 4521 omne
1544 4464 1760 4519 malum.

606 4563 675 4619 Et
701 4572 814 4636 post
839 4580 941 4617 non
960 4563 1174 4616 multum
1198 4558 1371 4633 [t.vn.]
1399 4577 1413 4613 :
1445 4557 1544 4626 Qui
1568 4554 1915 4611 consolamini
1940 4554 1994 4608 in
2015 4552 2118 4608 diis

534 4654 721 4710 subter
747 4668 907 4708 omne
933 4653 1133 4723 lignum
1157 4651 1487 4716 frondosum,
1511 4647 1846 4703 immolantes
1866 4646 2116 4717 parvulos

538 4744 594 4800 in
626 4743 969 4807 torrentibus,
1000 4742 1183 4797 subter
1208 4741 1504 4797 eminentes
1525 4741 1546 4771 ⁸
1573 4748 1770 4810 petras.
1799 4737 1855 4792 In
1883 4736 2121 4811 partibus

539 4834 791 4893 torrentis
816 4848 938 4904 pars
963 4840 1070 4887 tua.
1101 4831 1228 4887 llam
1245 4839 1328 4886 est
1349 4846 1468 4887 sors
1499 4839 1616 4896 tua;
1652 4837 1707 4884 et
1734 4829 1863 4900 ipsis
1885 4826 2121 4884 obtulisti

603 5032 621 5064 ί
648 5029 846 5102 vulgata
868 5028 1032 5108 δεηθῶ
1048 5060 1068 5108 τ
1455 5024 1641 5090 Syriaca
1664 5031 1717 5074 et
1737 5023 1943 5085 arablca,
1968 5028 2014 5074 et
2035 5035 2122 5088 ap-

538 5094 845 5158 pressiouem.
868 5097 1000 5149 LXX,
1023 5095 1068 5139 et
1091 5094 1404 5151 iniquitatem.

602 5155 624 5222 ξ
647 5156 810 5213 Abest,
833 5163 986 5222 quiete,
1009 5154 1039 5200 a
1060 5163 1195 5222 §3CTQ
1220 5157 1360 5222 textu
1382 5151 1429 5222 in
1446 5145 1627 5222 _Biblii_s_.

604 5216 627 5248 ³
640 5223 784 5285 ,διατι
798 5207 1076 5285 sum:
1097 5209 1356 5285 (ιηιυυιαινιε
1373 5225 1387 5272 ς
1405 5211 1561 5285 idque
1584 5210 1897 5285 "isseme
1916 5208 1980 5285 d9
1995 5207 2125 5285 συιίτ

538 5274 1018 5345 sto_ititerpretatt_tr_i
1051 5276 1309 5345 «Quinum!
1343 5274 1511 5323 habuit
1531 5274 1765 5345 speciem
1779 5274 1975 5345 ν,ιειίιιιὶι
1992 5305 2008 5331 ,
2033 5283 2127 5345 nec

549 5333 826 5401 (gloriam,
862 5337 953 5387 sed
988 5338 1037 5386 in
1067 5333 1377 5386 similitudine
1413 5333 1585 5401 carnis
1608 5333 1897 5401 peccatrieis
1914 5333 2127 5401 suscepit

549 5419 573 5446 ι
812 5391 962 5449 servi.
984 5414 1009 5444 ι
1039 5406 1259 5461 attamen
1277 5398 1568 5461 Augustinus
1588 5391 1777 5443 videtur
1800 5393 2002 5455 legisse,
2021 5391 2126 5461 quis

540 5460 800 5513 ambulavit
815 5496 832 5522 ,
852 5473 910 5511 ac
938 5461 1004 5511 de
1039 5459 1235 5510 homine
1263 5461 1313 5510 in
1342 5456 1648 5524 peccatorum
1680 5467 1880 5506 suorum
1909 5456 2128 5513 tenebris

544 5533 729 5571 agente
752 5522 1072 5571 intellexisse.

544 5533 729 5586 agente
752 5532 1072 5574 intellexisse.

552 5657 562 5659 _
605 5582 1093 5659 1"“.‘8‘3‘32P98W53
1111 5596 1263 5659 τηειιξς
1289 5583 1461 5641 Abest.
1485 5592 1651 5659 ηιετιξρ
1684 5577 2044 5659 etiam}!
2065 5576 2128 5659 at:

1694 334 1752 391 S.
1795 327 2157 389 AUGUSTlNl
2193 325 2553 385 SPECULUM

3672 321 3782 379 956

2203 440 2433 496 libamen
2456 440 2498 505 ⁸,
2528 435 2763 493 obtulisti
2807 433 3145 492 sacriﬁcium.
3199 432 3468 507 Numquid
3494 447 3657 508 super
3695 433 3789 490 bis

2197 548 2305 589 non
2343 529 2690 603 indignabor?

2268 641 2403 680 nem
2438 633 2549 695 post
2574 628 2887 692 attquantum
2914 616 3109 693 [Lvm.]
3140 636 3154 673 :
3181 617 3267 674 Me
3294 617 3493 674 etenim
3520 617 3590 674 de
3612 617 3703 675 die
3726 616 3787 675 in

2197 716 2339 772 diem
2365 721 2628 786 quaerunt,
2655 721 2710 769 et
2745 711 2884 767 scire
2911 711 3024 767 vias
3048 725 3196 765 meas
3221 709 3429 776 volunt,
3473 710 3625 780 quasi
3650 724 3790 781 gens

2197 821 2317 877 quae
2343 804 2601 875 iustitiam
2646 802 2852 867 fecerit,
2883 811 2936 856 et
2978 816 3098 871 qua:
3121 799 3381 870 iudicium
3426 800 3521 855 Dei
3557 801 3639 855 sui
3673 814 3790 855 non

2197 896 2560 966 dereliquerit.
2604 895 2829 964 Rogant.
2849 907 2935 948 me
2973 891 3172 962 iudicia
3208 890 3450 961 iustitiae,
3494 891 3794 962 appropin-

2198 1003 2364 1060 quare
2393 987 2504 1042 Deo
2547 985 2751 1040 volunt.
2796 984 2972 1051 Quare
2991 982 3368 1054 ieiunavimus,
3395 991 3449 1038 et
3492 996 3598 1036 non
3623 997 3792 1052 aspe-

2199 1081 2322 1136 xisti
2338 1081 2363 1135 ?
2377 1078 2786 1135 'bumiliavimus
2808 1076 3015 1131 animas
3034 1084 3265 1140 nostras,
3289 1082 3346 1129 et
3365 1074 3617 1130 nescisti?
3646 1074 3795 1130 Ecce

2200 1171 2255 1227 in
2283 1172 2371 1227 die
2406 1170 2595 1241 ieiunii
2640 1169 2803 1226 vestri
2856 1167 3157 1224 invenietur
3198 1166 3444 1223 voluntas
3484 1176 3684 1235 vestra,
3730 1178 3796 1225 et

2202 1276 2390 1319 omnes
2428 1260 2699 1316 debitores
2729 1266 2938 1315 vestros
2972 1259 3234 1330 repetitis.
3279 1259 3418 1314 Ecce
3458 1257 3529 1314 ad
3570 1258 3695 1314 lites
3736 1267 3798 1314 et

2203 1354 2570 1411 contentiones
2592 1351 2868 1424 ieiunatis,
2887 1360 2942 1406 et
2966 1351 3241 1422 percutitis
3261 1364 3437 1421 pugno
3460 1349 3644 1420 impie.
3675 1349 3811 1405 No-,

2204 1446 2298 1502 lite
2330 1446 2574 1517 ieiunare
2598 1445 2739 1501 sicut
2765 1459 2932 1515 usque
2974 1443 3042 1499 ad
3084 1442 3225 1499 banc
3258 1442 3426 1511 diem,
3457 1452 3518 1499 ut
3541 1443 3797 1500 audiatur

2205 1537 2259 1593 in
2280 1537 2493 1594 excelso
2518 1537 2720 1593 clamor
2749 1544 2948 1592 vester.
2972 1534 3237 1606 Numquid
3266 1534 3372 1591 tale
3393 1543 3479 1591 est
3498 1535 3790 1607 ieiunium,

2207 1627 2347 1699 quod
2362 1627 2519 1699 elegi,
2540 1641 2637 1699 per
2652 1626 2796 1682 diem
2816 1624 3052 1697 afﬂigere
3068 1625 3337 1682 hominem
3360 1627 3593 1682 animam
3611 1627 3797 1684 suam?

2208 1719 2463 1792 numquid
2503 1728 2857 1791 contorquere
2881 1719 3032 1790 quasi
3058 1719 3314 1775 circulum
3338 1729 3501 1790 caput
3526 1735 3707 1790 suum,
3737 1729 3800 1778 et

2206 1826 2418 1867 saccum
2455 1818 2513 1867 et
2537 1810 2772 1866 cinerem
2796 1809 3075 1866 sternere?
3114 1809 3380 1881 Numquid
3406 1810 3545 1866 istud
3573 1813 3797 1870 vocabis

2201 1906 2465 1978 ieiunium
2504 1914 2562 1963 et
2586 1906 2728 1962 diem
2769 1907 3149 1977 acceptabilem
3176 1906 3442 1962 Domino?
3469 1906 3655 1962 Nonne
3685 1906 3799 1961 hoc

2207 2010 2291 2054 est
2316 1999 2484 2070 magis
2499 1998 2761 2069 ieiunium
2789 1998 2933 2069 quod
2958 1997 3134 2070 elegi?
3160 1997 3401 2054 Dissolve
3422 1997 3801 2069 colligationes

2208 2091 2514 2162 impietatis,
2540 2090 2688 2146 solve
2726 2089 3008 2147 fasciculos
3030 2091 3411 2162 deprimentes.
3452 2091 3669 2147 Dimitte
3695 2105 3799 2147 eos

2207 2182 2301 2253 qui
2323 2181 2578 2238 confracti
2602 2190 2747 2249 sunt,
2789 2182 3025 2248 liberos;
3050 2191 3107 2239 et
3130 2196 3292 2238 omne
3332 2196 3470 2238 onus
3492 2180 3797 2249 disrumpe.

2208 2273 2417 2345 Frange
2460 2272 2714 2329 esurienti
2758 2287 2949 2343 panem
2994 2282 3165 2340 tuum,
3209 2281 3269 2329 et
3292 2285 3490 2344 egenos
3526 2287 3802 2343 vagosque

2210 2364 2370 2420 induc
2409 2364 2463 2419 in
2502 2363 2720 2421 domum
2766 2358 2911 2421 ιιιαηί
2939 2383 2954 2420 :
2981 2372 3119 2420 cum‘
3144 2363 3340 2421 videris
3379 2364 3603 2430 nudum,
3650 2364 3799 2420 vesti

2208 2468 2354 2522 eum,
2381 2462 2436 2511 et
2455 2468 2675 2516 carnem
2705 2462 2849 2510 tuam
2877 2470 2946 2510 ne
2970 2453 3301 2525 despexeris.
3329 2453 3398 2510 Et
3426 2464 3540 2524 post
3575 2464 3802 2523 quatuor

2209 2562 2380 2602 versus
2401 2547 2423 2579 ²
2451 2562 2467 2600 :
2495 2545 2554 2602 Si
2581 2546 2862 2602 abstuleris
2887 2546 2956 2602 de
3002 2545 3179 2603 medio
3204 2547 3281 2602 tui
3304 2555 3567 2612 catenam,
3602 2555 3659 2602 et
3693 2546 3799 2602 de-

2211 2637 2368 2695 sieris
2390 2637 2611 2709 digitum
2638 2637 2947 2703 extendere,
2976 2637 3207 2708 et‘loqui
3231 2637 3371 2708 quod
3401 2652 3507 2695 non
3539 2637 3795 2707 prodest:

2209 2744 2333 2785 cum
2376 2728 2627 2786 effuderis
2668 2728 2926 2801 esurienti
2967 2728 3200 2783 animam
3233 2737 3416 2794 tuam;
3461 2739 3519 2783 et
3557 2730 3800 2783 animam

2209 2820 2459 2878 afﬂictam
2502 2821 2825 2891 repleveris;
2870 2821 3073 2877 orietur
3110 2820 3165 2875 in
3196 2819 3429 2877 tenebris
3467 2819 3560 2876 lux
3590 2829 3700 2886 tua,
3741 2827 3800 2874 et

2214 2912 2445 2969 tenebras
2485 2921 2590 2967 tuae
2626 2920 2784 2967 erunt
2806 2911 2964 2967 sicut
2993 2909 3290 2977 meridies;
3317 2917 3375 2966 et
3414 2910 3653 2981 requiem
3698 2910 3800 2967 tibi

2210 3001 2359 3057 dabit
2388 3002 2643 3058 Dominus
2667 3016 2903 3072 semper.

2281 3091 2349 3147 Et
2387 3102 2497 3163 post
2520 3091 2679 3146 multa
2721 3089 2941 3167 [um]:
2976 3089 3211 3163 Populus
3252 3090 3341 3161 qui
3371 3088 3439 3145 ad
3464 3089 3797 3147 iracundiam

2210 3194 2500 3256 provocant
2524 3196 2632 3252 me,
2658 3194 2781 3239 ante
2800 3183 2988 3243 faciem
3011 3200 3186 3241 meam
3212 3198 3423 3253 semper
3444 3199 3460 3248 ;
3488 3182 3576 3253 qui
3599 3183 3800 3236 immo-

2210 3275 2323 3330 lant
2359 3276 2413 3331 in
2440 3274 2630 3341 hortis,
2659 3283 2715 3330 et
2732 3274 3034 3330 sacriﬁcant
3059 3289 3221 3344 super
3261 3274 3491 3341 lateres;
3519 3274 3608 3343 qui
3635 3272 3799 3328 babi-

2211 3375 2326 3423 tant
2354 3367 2407 3422 in
2436 3365 2716 3436 sepulcris,
2747 3375 2802 3422 et
2830 3366 2884 3420 in
2912 3365 3147 3421 delubris
3193 3364 3453 3420 idolorum
3498 3361 3796 3419 dormiunt.

2210 3457 2279 3514 Et
2308 3467 2420 3529 post
2458 3458 2587 3512 duos
2616 3471 2787 3517 versus
2815 3472 2836 3512 :
2869 3455 2972 3525 Qui
2997 3454 3201 3518 dicunt,
3250 3454 3458 3510 Recede
3480 3469 3511 3509 a
3549 3469 3657 3521 me,
3688 3468 3799 3510 non

2211 3550 2604 3624 appropinques
2642 3548 2791 3612 mibi,
2836 3550 2958 3621 quia
3002 3546 3307 3603 immundus
3355 3562 3434 3602 es.
3482 3544 3573 3603 Isti
3619 3548 3806 3605 fumus

2212 3650 2369 3697 erunt
2392 3642 2443 3696 in
2467 3640 2647 3696 furore
2675 3656 2815 3706 meo,
2843 3639 2981 3711 ignis
3007 3638 3212 3711 ardens
3224 3646 3331 3693 tota
3355 3638 3463 3694 die.
3492 3638 3632 3695 Ecce
3654 3640 3800 3695 scri-

2213 3743 2360 3807 ptum
2387 3742 2471 3791 est
2492 3749 2672 3790 coram
2698 3748 2783 3789 me
2810 3750 2824 3787 :
2848 3749 2952 3787 non
2993 3733 3200 3800 tacebo,
3237 3730 3331 3787 sed
3359 3730 3598 3798 reddam,
3627 3739 3685 3787 et
3709 3747 3803 3787 re-

2214 3824 2442 3880 tribuam
2469 3824 2523 3879 in
2547 3824 2666 3879 sinu
2696 3838 2904 3890 eorum,
2931 3822 3233 3892 iniquitates
3261 3831 3485 3896 vestras,
3516 3832 3571 3878 et
3596 3823 3801 3893 iniqui-

2217 3924 2352 3971 tates
2381 3924 2586 3985 patrum
2633 3923 2930 3970 vestrorum
2972 3914 3152 3980 simul,
3198 3912 3326 3968 dicit
3370 3913 3645 3969 Dominus.
3695 3913 3804 3982 Qui

2214 4007 2647 4063 sacriﬁcaverunt
2662 4021 2821 4076 super
2839 4015 3047 4061 montes
3068 4013 3122 4060 et
3139 4020 3298 4075 super
3319 4005 3572 4070 colles,ex
3581 4006 3804 4076 probra-

2216 4106 2409 4153 vcrunt
2433 4096 2586 4164 mihi,
2611 4107 2666 4154 et
2688 4096 2939 4154 remetiar
2961 4112 3095 4169 opus
3122 4111 3307 4152 eorum
3336 4098 3563 4167 primum
3594 4098 3645 4152 in
3675 4099 3806 4154 sinu

2215 4204 2422 4243 eorum.
2464 4180 2531 4241 Et
2558 4198 2670 4259 post
2698 4186 2868 4242 decem
2892 4204 3066 4242 versus
3093 4205 3106 4241 :
3139 4188 3204 4242 Et
3230 4188 3555 4262 vos,.tnquit,
3584 4188 3675 4259 qui
3705 4190 3807 4243 de-

2218 4281 2502 4351 reliquistis
2528 4280 2832 4347 Dominum,
2855 4280 2945 4351 qui
2966 4279 3119 4335 obliti
3138 4278 3268 4335 estis
3292 4288 3527 4335 montem
3554 4290 3805 4349 sanctum

2218 4364 2417 4441 meum,
2446 4374 2534 4444 qui
2566 4374 2761 4442 ponitis
2792 4372 3013 4428 fortuna:
3038 4388 3298 4436 mensam,
3320 4382 3375 4427 et
3420 4372 3596 4428 libatis
3635 4386 3803 4442 super

2219 4481 2336 4521 eam
2362 4486 2376 4519 :
2405 4465 2697 4521 numerabo
2725 4481 2821 4521 vos
2841 4466 2892 4520 in
2918 4464 3113 4535 gladio,
3137 4473 3192 4521 et
3210 4479 3398 4520 omnes
3430 4465 3483 4519 in
3505 4465 3652 4520 cmde
3678 4482 3806 4521 cor-

2221 4556 2420 4623 ruetis;
2463 4570 2563 4627 pro
2586 4572 2652 4612 co
2678 4555 2819 4627 quod
2847 4555 3028 4611 vocavi
3054 4570 3169 4622 vos,
3201 4564 3256 4610 ct
3293 4570 3398 4610 non
3427 4555 3806 4625 respondistis,
3854 4600 3867 4607 -

2221 4647 2429 4702 locutus
2453 4661 2593 4714 sum,
2621 4655 2676 4702 et
2715 4662 2820 4701 non
2846 4645 3149 4700 attendistis
3177 4663 3190 4700 :
3216 4653 3271 4699 et
3295 4645 3569 4701 faciebatis
3605 4646 3808 4701 malum

2223 4736 2277 4792 in
2298 4738 2467 4794 oculis
2492 4738 2646 4805 meis,
2675 4746 2729 4793 et
2757 4753 2877 4808 qua:
2898 4737 3043 4792 nolui
3068 4736 3322 4808 elegistis.

2298 4829 2362 4883 Et
2388 4829 2540 4898 paulo
2567 4839 2677 4899 post
2700 4826 2897 4902 [exva]
2928 4846 2942 4883 :
2974 4828 3100 4883 llaec
3135 4828 3265 4883 dicit
3295 4826 3571 4895 Dominus,
3598 4826 3812 4886 Casium

2224 4919 2379 4976 sedes
2394 4935 2535 4987 mea,
2550 4927 2605 4975 et
2622 4927 2763 4975 terra
2780 4919 3070 4985 scabellum
3085 4918 3283 4988 pedum
3301 4934 3562 4974 meorum.
3583 4919 3713 4986 Quze
3728 4931 3816 4975 est

2226 5011 2327 5065 ista
2355 5010 2546 5065 domus
2574 5025 2731 5080 quam
2761 5008 3089 5063 mdiﬁeabitis
3116 5008 3286 5063 mihi?
3315 5017 3366 5063 et
3396 5008 3514 5078 quis
3539 5009 3639 5063 iste
3660 5008 3815 5065 locus

2225 5103 2417 5172 quietis
2446 5101 2621 5157 meae?
2649 5100 2836 5157 Omnia
2866 5100 2982 5156 haec
3011 5115 3197 5156 manus
3229 5115 3345 5156 mea
3386 5099 3510 5156 fecit
3534 5141 3551 5169 ,
3590 5108 3646 5156 et
3675 5099 3817 5156 facta

2227 5201 2356 5248 sunt
2385 5194 2634 5248 universa
2665 5192 2765 5247 ista
2786 5234 2801 5259 ,
2838 5192 2969 5247 dicit
3010 5193 3283 5247 Dominus.
3321 5191 3404 5247 Ad
3441 5207 3599 5263 quem
3633 5201 3817 5248 autem

2229 5284 2530 5355 respiciam,
2563 5283 2663 5338 nisi
2690 5282 2754 5338 ad
2783 5284 3181 5354 pauperculam,
3204 5291 3267 5342 et
3282 5284 3567 5338 contritum
3594 5283 3811 5354 spiritu,

2229 5368 2283 5434 et
2322 5387 2635 5433 trementem
2674 5390 2952 5433 sermones
2986 5376 3174 5431 meos?
3215 5374 3282 5429 Et
3320 5386 3431 5446 post
3468 5392 3560 5431 sea:
3587 5391 3763 5431 versus
3790 5389 3816 5433 :

2295 5509 2560 5584 ΞῩιιιτςξειξε
2577 5510 2789 5584 etruriae
2812 5510 3031 5562 (iam.

2294 5576 2315 5606 ¹
2334 5568 2509 5635 Regius
2523 5568 2631 5632 MsI,"
2646 5581 2750 5637 post
2766 5591 2812 5624 ιιι
2835 5586 3015 5637 versus.
3032 5572 3168 5637 mliti,
3187 5577 3289 5637 post
3305 5575 3506 5637 quartus
3527 5582 3546 5621 :
3560 5568 3686 5620 forte
3709 5581 3824 5631 pro,

544 5634 937 5710 mitiqu’isf’tsib'liis
951 5634 1353 5706 'Corbciensibus,
1377 5634 1567 5695 necnon
1589 5634 1651 5692 ab
1673 5641 1818 5692 editis
1834 5639 2061 5690 erunibus
2077 5646 2131 5691 et
2233 5641 2334 5701 post
2348 5634 2569 5710 quatuor.
2579 5634 3053 5710 sic‘aliquantoinfra
3064 5635 3148 5710 ubi
3167 5634 3489 5710 nunclegitur
3502 5637 3590 5710 {Et
3608 5636 3819 5710 Rufa

547 5714 654 5758 uss.
679 5710 1017 5772 huiusoperis.

608 5773 630 5803 ⁸
651 5761 788 5830 ωἱῦ.
1147 5777 1201 5821 At
1222 5776 1329 5820 uss.
1348 5768 1491 5829 iuxta
1513 5765 1776 5823 \‘ultzatam.
1793 5761 2064 5814 cntincntes.

2234 5696 2433 5754 rersns;
2458 5697 2572 5746 editi
2596 5696 2836 5748 habebant
2861 5711 2875 5746 :
2900 5704 2953 5747 ι]
2974 5703 3076 5747 ποδί
3097 5704 3261 5747 sextus
3280 5708 3437 5746 tersus
3464 5706 3484 5745 :
3508 5702 3588 5745 ns.
3612 5696 3822 5756 lit:th

2236 5766 2288 5810 Et
2315 5764 2414 5809 vast
2437 5773 2497 5809 vn
2523 5770 2685 5810 versus
3840 5788 3841 5791 η
