4110 6454
357 393 461 451 937

358 509 470 581 Ego
498 509 776 566 illusiones
795 523 984 566 eorum
1008 510 1223 584 eligam,
1265 519 1462 585 etquae
1491 513 1750 572 timebant
1775 517 1942 573 addu-

356 615 472 656 cam
502 601 580 658 eis
611 618 627 657 :
663 601 784 673 quia
818 603 1041 670 vocavi,
1069 612 1125 660 et
1158 621 1265 661 non
1291 615 1405 662 erat
1430 607 1520 678 qui
1557 609 1937 680 responderet;

355 691 562 750 locutus
588 708 729 763 sum,
751 702 805 750 et
830 710 937 751 non
961 696 1270 763 audierunt;
1295 698 1637 771 feceruntque
1667 702 1860 757 malum
1887 702 1938 756 in

355 783 523 840 oculis
552 784 726 855 meis,
767 794 822 841 et
855 802 976 858 quae
1017 788 1158 843 nolui
1202 790 1495 861 elegerunt.
1534 791 1727 848 Audite
1766 793 1938 863 legem

293 869 299 878 ’
354 875 592 944 Domini,
624 879 716 948 qui
759 881 984 936 tremitis
1009 881 1075 936 ad
1108 881 1331 938 verbum
1366 884 1502 954 ejus.
1550 885 1806 941 Dixerunt
1828 885 1937 941 fra-

353 977 462 1026 tres
487 970 652 1028 vestri
676 971 918 1030 odientes
944 990 1038 1031 vos
1065 985 1118 1030 et
1154 976 1466 1047 abjicientes
1500 989 1715 1051 propter
1741 994 1937 1038 nomen

352 1075 552 1130 meum,
585 1059 924 1120 Gloriﬁcetur
949 1067 1207 1123 Dominus
1225 1109 1242 1136 ,
1273 1076 1327 1124 et
1353 1069 1648 1128 videbimus
1674 1071 1730 1128 in
1753 1072 1936 1130 latitia

352 1161 562 1222 vestra;
590 1155 692 1226 ipsi
715 1166 894 1213 autem
922 1157 1331 1214 confundentur.

792 1273 882 1329 DE
921 1273 1125 1330 LIBRO
1158 1274 1494 1332 JEREMIE.

420 1382 572 1459 [Cap.
602 1383 685 1458 11.]
715 1385 907 1442 Audite
951 1387 1173 1444 verbum
1212 1389 1455 1457 Domini,
1504 1388 1694 1445 domus
1732 1389 1931 1458 Iacob,

345 1486 401 1534 et
424 1493 609 1534 omnes
635 1479 975 1550 cognationes
997 1480 1187 1538 domus
1212 1481 1392 1538 Israel.
1437 1483 1560 1540 Haec
1597 1483 1726 1540 dicit
1750 1484 1934 1540 Domi-

346 1584 450 1624 nus
478 1586 491 1622 :
524 1569 661 1636 Quid
684 1569 1002 1626 invenerunt
1028 1582 1208 1642 patres
1235 1574 1394 1628 vestri
1421 1575 1476 1628 in
1502 1591 1588 1631 me
1615 1575 1928 1646 iniquitatis,

342 1660 467 1730 quia
491 1661 874 1731 elongaverunt
900 1679 929 1717 a
956 1679 1041 1719 me
1061 1706 1076 1731 ,
1117 1673 1172 1720 et
1198 1666 1602 1723 ambulaverunt
1627 1677 1748 1739 post
1786 1671 1933 1725 vanio

343 1759 540 1817 tatem,
586 1762 640 1807 et
683 1754 803 1808 vani
847 1751 972 1809 lacti
1019 1757 1186 1811 sunt?
1223 1757 1290 1812 Et
1337 1769 1450 1830 post
1492 1761 1662 1815 decem
1707 1779 1876 1817 versus
1911 1778 1932 1817 :

339 1844 714 1903 [hereditatem
745 1863 916 1904 meam
943 1851 1196 1919 posuistis
1228 1853 1279 1906 in
1319 1853 1790 1911 abominationem.
1833 1855 1932 1911 Sa-

338 1938 584 1994 cerdotes
609 1957 717 1994 non
747 1940 1014 2008 dixerunt,
1050 1941 1146 1998 Ubi
1169 1952 1251 1999 est
1274 1945 1568 2000 Dominus?
1599 1947 1663 2001 Et
1685 1955 1928 2003 tenentes

337 2029 511 2100 legem
541 2033 844 2088 nescierunt
872 2049 979 2098 me,
1007 2045 1061 2089 et
1084 2045 1326 2104 pastores
1353 2038 1680 2108 praévaricati
1712 2051 1834 2094 sunt
1874 2043 1929 2096 in

337 2136 444 2188 me,
470 2130 524 2177 et
547 2126 816 2195 propheta:
847 2126 1299 2197 prophetaverunt
1328 2129 1380 2183 in
1410 2130 1557 2198 Baal,
1588 2141 1640 2186 et
1668 2132 1805 2188 idola
1836 2149 1925 2192 se-

336 2217 444 2270 cuti
468 2225 610 2271 sunt.
641 2217 706 2270 Et
728 2221 882 2289 paulo
908 2229 1020 2290 post
1050 2220 1352 2292 :Numquid
1389 2222 1740 2280 obliviscetur
1777 2227 1928 2297 virgo

336 2312 633 2366 ornamenti
659 2312 761 2379 sui,
794 2299 884 2368 aut
904 2329 1096 2385 sponsa
1126 2315 1303 2370 fascia:
1331 2318 1617 2387 pectoralis
1644 2335 1752 2374 suae
1775 2319 1799 2374 ἲ
1819 2319 1924 2376 Ρο-

337 2403 492 2473 pulus
528 2421 655 2460 vero
695 2423 844 2462 meus
890 2408 1084 2463 oblitus
1123 2419 1206 2464 est
1242 2411 1345 2465 mei
1381 2411 1567 2466 diebus
1610 2413 1922 2470 innumeris.

339 2495 480 2563 Quid
507 2498 697 2552 niteris
722 2498 914 2553 bonam
941 2501 1223 2556 ostendere
1249 2502 1386 2556 viam
1416 2512 1555 2557 tuam
1589 2505 1656 2559 ad
1681 2522 1925 2576 quazren-

331 2588 456 2645 dam
477 2589 835 2660 dilectionem,
851 2608 968 2663 qua:
990 2593 1206 2664 insuper
1222 2604 1276 2649 et
1305 2595 1532 2650 malitias
1559 2605 1676 2651 tuas
1697 2597 1924 2654 docuisti

331 2680 444 2736 vias
488 2689 632 2748 tuas;
681 2691 736 2738 et
778 2684 829 2738 in
860 2683 959 2738 alis
988 2686 1088 2739 tuis
1110 2686 1354 2741 inventus
1379 2694 1463 2741 est
1489 2689 1703 2758 sanguis
1727 2690 1927 2746 anima-

328 2787 446 2827 rum
478 2787 768 2844 pauperum
807 2783 859 2830 et
889 2777 1270 2835 innocentum?
1311 2778 1426 2832 Non
1465 2779 1521 2832 in
1559 2778 1715 2834 fossis
1744 2781 1920 2836 inveni

328 2880 424 2921 eos
443 2908 458 2932 ,
488 2866 581 2920 sed
609 2867 658 2920 in
695 2868 941 2922 omnibus
970 2885 1087 2938 qua:
1104 2885 1263 2938 supra
1287 2871 1595 2925 memoravi.
1623 2870 1694 2926 Et
1715 2871 1917 2939 dixisti,

329 2959 547 3029 Absque
577 2969 794 3030 peccato
839 2971 892 3017 et
931 2962 1188 3019 innocens
1232 2979 1331 3034 ego
1373 2978 1525 3029 sum,
1557 2973 1610 3018 et
1637 2973 1920 3035 propterea

326 3061 598 3108 avertatur
617 3053 761 3110 furor
783 3063 902 3109 tuus
923 3071 952 3109 a
977 3071 1083 3111 me.
1107 3055 1242 3111 Ecce
1262 3071 1360 3127 ego
1376 3055 1576 3126 judicio
1601 3056 1918 3112 contendam

327 3151 522 3211 tecum,
555 3160 619 3200 eo
648 3145 788 3216 quod
815 3146 1036 3214 dixeris,
1066 3145 1183 3201 Non
1226 3148 1458 3217 peccavi.
1491 3147 1658 3216 Quam
1698 3148 1818 3203 vilis
1858 3163 1918 3204 es

327 3235 460 3292 facta
493 3236 671 3306 nimis,
705 3239 902 3294 iterans
931 3240 1044 3294 vias
1070 3240 1222 3295 tuas!
1255 3249 1310 3297 et
1335 3241 1401 3297 ab
1427 3241 1660 3312 IEgypto
1683 3242 1915 3298 confun-

323 3329 488 3398 deris,
529 3333 666 3387 sicut
704 3333 922 3388 confusa
965 3349 1024 3390 es
1099 3334 1167 3389 ab
1211 3333 1394 3389 Assur.
1439 3334 1572 3390 Nam
1617 3342 1672 3390 et
1711 3335 1780 3390 ab
1816 3336 1916 3391 ista

323 3422 634 3492 egredieris,
671 3436 724 3478 et
749 3439 939 3480 manus
982 3435 1084 3479 tua;
1133 3435 1288 3481 erunt
1325 3440 1488 3495 super
1527 3435 1687 3496 caput
1728 3435 1912 3494 tuum;

323 3514 569 3583 quoniam
601 3514 818 3570 obtrivit
843 3516 1096 3571 Dominus
1125 3517 1500 3573 conﬁdentiam
1533 3526 1698 3572 tuam.

391 3606 461 3660 Et
486 3608 638 3676 paulo
666 3619 774 3679 post
804 3606 928 3682 [m.]
959 3627 972 3664 :
1003 3609 1406 3677 Couvertimini,
1426 3609 1911 3679 ﬁlii,revertentes,

321 3696 449 3752 dicit
476 3697 757 3763 Dominus,
786 3700 908 3770 quia
936 3714 1036 3770 ego
1064 3700 1143 3755 vir
1168 3709 1363 3756 vester.

392 3788 522 3844 Item
549 3791 700 3861 paulo
726 3801 837 3861 post
867 3789 990 3865 [tv.]
1025 3810 1037 3846 :
1069 3793 1123 3848 Si
1162 3793 1495 3848 converteris
1524 3794 1540 3825 ³
1563 3834 1577 3859 ,
1607 3793 1803 3860 Israel,
1837 3794 1914 3850 ait

321 3885 595 3950 Dominus,
627 3885 693 3939 ad
722 3902 806 3939 me
835 3895 1170 3942 convertere.
1204 3887 1257 3942 Si
1288 3887 1569 3942 abstuleris
1596 3887 1908 3944 offendicula

321 3986 407 4030 tua
433 3991 464 4029 a
495 3973 631 4030 facie
659 3992 799 4042 mea,
831 3993 935 4032 non
959 3979 1402 4032 commoveberis.
1434 3981 1497 4033 Et
1519 3979 1742 4048 jurabis,
1774 3979 1911 4034 Vivit

319 4066 609 4130 Dominus,
654 4069 706 4122 in
737 4069 980 4135 veritate,
1021 4069 1150 4126 etin
1176 4070 1398 4140 judicio,
1428 4081 1480 4125 et
1511 4073 1560 4125 in
1585 4071 1823 4141 justitia;
1855 4082 1910 4128 et

319 4159 635 4215 benedicent
655 4177 776 4218 eum
801 4173 1006 4233 gentes,
1032 4165 1310 4235 ipsumque
1334 4165 1636 4220 laudabunt.
1667 4165 1734 4220 Et
1753 4164 1908 4238 paulo

317 4263 427 4323 post
465 4268 484 4307 :
511 4253 716 4307 Stultus
761 4255 984 4324 populus
1026 4272 1178 4311 meus
1213 4273 1296 4310 me
1341 4273 1444 4311 non
1488 4259 1775 4327 cognovit:
1813 4258 1906 4312 filii

317 4343 632 4414 insipientes
654 4358 798 4414 sunt,
823 4356 876 4401 et
895 4348 1186 4414 vecordes;
1209 4348 1475 4418 sapientes
1495 4359 1618 4404 sunt
1640 4359 1695 4404 ut
1713 4349 1908 4404 faciant

317 4438 488 4502 mala;
521 4437 658 4493 bene
684 4448 860 4492 autem
895 4439 1066 4494 facere
1096 4440 1418 4494 nescierunt.

389 4527 459 4581 Et
496 4539 608 4599 post
644 4531 848 4600 triginta
883 4545 1054 4585 uersus
1099 4528 1203 4603 [v.]
1234 4549 1246 4585 :
1279 4530 1514 4587 Circuite
1549 4531 1663 4586 vias
1691 4531 1906 4586 Jerusa-

315 4617 443 4686 lem,
477 4629 531 4676 et
559 4623 801 4692 aSpicite,
831 4632 884 4676 et
906 4623 1267 4687 considerate,
1305 4631 1359 4678 et
1384 4624 1605 4694 quaerite
1635 4625 1690 4677 in
1717 4623 1903 4692 plateis

314 4711 451 4780 ejus,
479 4727 546 4767 an
579 4713 856 4768 inveniatis
881 4713 1050 4767 virum
1079 4714 1356 4769 facientem
1381 4714 1660 4783 judicium,
1683 4724 1740 4768 et
1766 4730 1904 4785 quae-

314 4813 522 4859 rentem
550 4805 730 4873 fidem,
759 4815 812 4860 et
836 4807 1090 4876 propitius
1116 4822 1210 4860 ero
1237 4807 1306 4862 ei.
1337 4807 1492 4874 Quod
1520 4807 1562 4860 si
1591 4806 1771 4873 etiam,
1808 4807 1901 4862 Vi-

312 4899 389 4951 vit
420 4897 696 4962 Dominus,
724 4899 978 4964 dixerint,
1003 4900 1176 4955 ethoc
1203 4899 1337 4954 falso
1349 4900 1624 4970 jurabunt.
1655 4901 1896 4969 Domine,

313 4990 452 5045 oculi
492 4991 563 5044 tui
609 4992 903 5062 respiciunt
951 4992 1130 5047 fidem.
1173 4993 1484 5048 Percussisti
1527 5008 1651 5058 eos,
1694 5001 1749 5048 et
1793 5010 1898 5049 non

313 5079 630 5146 doluerunt;
666 5083 913 5138 attrivisti
936 5098 1049 5150 ees,
1077 5093 1129 5138 et
1156 5093 1447 5140 renuerunt
1474 5086 1718 5155 accipere
1741 5085 1902 5142 disci-

313 5171 510 5243 plinam
547 5191 562 5229 :
592 5174 978 5230 induraverunt
1005 5175 1167 5231 facies
1191 5191 1315 5232 suas
1341 5191 1500 5246 super
1529 5187 1730 5248 petram
1751 5221 1766 5247 ,
1799 5195 1900 5234 no-

316 5265 526 5322 luerunt
555 5270 768 5324 reverti.
815 5269 928 5340 Ego
963 5277 1140 5324 autem
1177 5270 1324 5335 dixi,
1367 5271 1613 5327 Forsitan
1642 5288 1901 5343 pauperes

311 5369 456 5428 sunt,
502 5369 555 5414 et
599 5361 785 5429 stulti,
835 5362 1138 5432 ignorantes
1169 5363 1307 5416 viam
1354 5363 1597 5428 Domini,
1643 5364 1898 5434 judicium

312 5449 408 5506 Dei
439 5452 539 5506 sui.
569 5453 661 5507 Ibo
692 5453 850 5523 igitur
879 5454 943 5508 ad
975 5455 1257 5523 optimates
1282 5495 1296 5519 ,
1339 5464 1392 5509 et
1433 5455 1620 5525 loquar
1644 5457 1754 5521 eis;
1798 5458 1896 5526 ipsi

312 5544 454 5598 enim
479 5555 845 5615 cognoverunt
868 5548 1006 5600 viam
1037 5547 1263 5608 Domini,
1290 5547 1547 5615 judicium
1579 5548 1672 5602 Dei
1696 5550 1777 5603 sui
1806 5568 1818 5603 :
1845 5559 1899 5605 et

311 5649 438 5691 ecce
485 5637 652 5706 magis
691 5637 745 5692 hi
785 5639 942 5693 simul
985 5639 1358 5708 confregerunt
1387 5637 1606 5708 jugum,
1644 5650 1900 5708 ruperunt

310 5729 541 5786 vincula.
589 5729 658 5784 Et
697 5741 810 5802 post
848 5747 938 5787 sea:
973 5747 1148 5786 versus
1186 5748 1200 5785 :
1241 5729 1358 5784 Filii
1387 5731 1460 5786 tui
1500 5729 1899 5802 dereliquerunt

371 5841 614 5913 }_\julgata
637 5855 791 5913 nunc,
824 5841 1077 5895 reverteris
1105 5856 1122 5894 :
1146 5849 1195 5894 at
1237 5844 1287 5894 in
1319 5844 1528 5908 antiquis
1563 5842 1724 5895 Bibliis
1757 5845 1897 5897 Corb.

304 5904 377 5958 uti
397 5904 493 5965 hic,
511 5904 817 5956 converteris.

667 5991 893 6055 Sasc'r.
925 5991 1204 6054 Anausr.
1246 5994 1350 6054 lll.

1589 396 1680 452 DE
1708 397 2093 460 SCRIPTUM
2131 402 2375 460 SACRA.

3530 419 3635 477 938

2051 535 2167 586 me,
2198 529 2252 576 et
2270 521 2454 591 jurant
2478 522 2533 579 in
2558 522 2623 580 iis
2646 524 2737 597 qui
2761 540 2869 582 non
2894 536 3018 584 sunt
3038 529 3132 587 dii.
3164 530 3403 588 Saturavi
3431 549 3548 601 eos,
3575 545 3630 593 et

2048 611 2300 668 moechati
2328 625 2474 684 sunt,
2504 624 2559 672 et
2594 615 2648 673 in
2677 617 2838 674 domo
2880 623 3173 679 meretricis
3203 623 3624 682 luxuriahantur.

2049 704 2184 773 Equi
2209 717 2496 777 amatores,
2520 719 2574 767 et
2600 711 2898 770 admissarii
2920 715 3042 771 facti
3083 727 3238 785 sunt,
3269 723 3631 792 unusquisque

2047 795 2113 850 ad
2144 812 2364 855 uxorem
2405 803 2628 870 proximi
2669 806 2750 860 sui
2793 806 3123 864 hinniebant.
3159 809 3425 882 Numquid
3470 828 3631 883 super

2048 885 2132 942 his
2163 903 2269 944 non
2299 890 2546 962 visitabo,
2574 895 2700 951 dicit
2729 897 3027 956 Dominus?
3054 909 3107 956 et
3140 902 3192 957 in
3221 913 3379 975 gente
3404 903 3494 960 tali
3522 920 3628 959 non

2045 977 2331 1038 ulciscetur
2373 999 2560 1042 manus
2601 991 2763 1044 mea?
2795 989 2865 1045 Et
2894 1002 3006 1063 post
3038 993 3374 1066 quadraginta
3413 1013 3585 1051 versus
3612 1013 3631 1053 :

2043 1070 2145 1137 Qui
2171 1074 2324 1144 posui
2351 1091 2569 1133 arenam
2610 1082 2894 1138 terminum
2921 1086 3095 1154 mari,
3134 1095 3458 1158 praeceptum
3487 1105 3628 1145 sem-

2045 1163 2311 1233 piternum
2335 1169 2476 1238 quod
2503 1187 2609 1227 non
2639 1176 2958 1244 praeteribit;
2980 1185 3036 1234 et
3053 1180 3545 1251 commovebuntur,
3575 1191 3630 1238 et

2043 1270 2150 1312 non
2188 1268 2473 1330 poterunt,
2522 1273 2578 1321 et
2619 1265 2972 1324 intumescent
3009 1269 3200 1328 fluctus
3235 1273 3384 1343 ejus,
3429 1283 3482 1330 et
3522 1290 3628 1330 non

2044 1349 2348 1406 transibunt
2385 1353 2532 1410 illud.
2576 1355 2778 1427 Populo
2802 1369 2981 1417 autem
3024 1362 3144 1418 huic
3185 1361 3383 1419 factum
3418 1358 3501 1419 est
3535 1380 3632 1420 cor

2042 1439 2398 1514 incredulum,
2427 1457 2480 1501 et
2509 1463 2831 1520 exasperans
2858 1472 2872 1508 :
2904 1466 3258 1523 recesserunt,
3286 1465 3340 1513 et
3358 1458 3629 1528 abierunt;

2041 1539 2096 1589 et
2133 1549 2240 1590 non
2279 1536 2527 1596 dixerunt
2556 1542 2608 1596 in
2635 1544 2798 1600 corde
2827 1560 2962 1615 suo,
3009 1547 3304 1604 Metuamus
3347 1550 3627 1606 Dominum

2043 1626 2211 1684 Deum
2236 1638 2499 1688 nostrum.
2527 1633 2595 1688 Et
2621 1645 2734 1707 post
2753 1654 2942 1709 paucos
2961 1655 3134 1695 versus
3155 1642 3172 1673 ί
3204 1658 3219 1696 :
3251 1642 3453 1698 Inventi
3482 1653 3626 1713 sunt,

2039 1718 2235 1788 inquit,
2264 1722 2317 1776 in
2348 1725 2541 1794 populo
2577 1742 2700 1810 meo
2725 1727 2908 1800 impii,
2941 1731 3254 1789 insidiantes
3286 1735 3436 1805 quasi
3463 1751 3629 1791 aucu-

2041 1823 2158 1878 pes,
2185 1810 2406 1883 laqueos
2433 1827 2692 1886 ponentes
2721 1827 2775 1875 et
2803 1822 3017 1891 pedicas
3059 1825 3124 1880 ad
3151 1826 3438 1896 capiendos
3462 1829 3624 1884 viros.

2041 1898 2192 1956 Sicut
2215 1903 2457 1975 decipula
2499 1909 2652 1978 plena
2678 1912 2884 1979 avibus,
2912 1914 2990 1970 sic
3016 1915 3208 1972 domus
3233 1933 3417 1973 eorum
3459 1919 3628 1990 plena:

2037 1991 2165 2048 dolo
2195 2015 2208 2050 :
2237 1996 2358 2053 ideo
2383 2001 2701 2071 magnificati
2721 2014 2844 2059 sunt
2863 2007 3137 2064 etdilatati
3162 2027 3176 2075 ;
3206 2010 3485 2066 incrassati
3507 2024 3631 2069 sunt

2036 2092 2091 2140 et
2127 2086 2477 2159 impinguati;
2517 2101 2571 2148 et
2610 2095 2981 2164 prteterierunt
3008 2113 3286 2157 sermones
3319 2118 3468 2158 meos
3504 2120 3628 2176 pes-

2037 2175 2192 2232 sime.
2246 2177 2472 2236 Causam
2523 2185 2704 2254 pupilli
2752 2203 2855 2242 non
2900 2188 3233 2261 dixerunt”,
3279 2201 3331 2248 ct
3369 2175 3629 2264 judicium

2035 2281 2331 2339 pauperum
2359 2288 2468 2329 non
2499 2275 2891 2343 judicaverunt.
2916 2280 3183 2354 Numquid
3227 2300 3388 2356 super
3413 2286 3496 2342 bis
3521 2303 3628 2344 non

2034 2359 2262 2416 visitabo
2281 2403 2297 2428 ,
2338 2363 2469 2419 dicit
2499 2366 2796 2425 Dominus?
2832 2381 2925 2427 aut
2949 2389 3111 2444 super
3134 2388 3348 2445 gentem
3375 2378 3629 2448 hujusce-

2031 2453 2177 2508 modi
2206 2470 2311 2510 non
2341 2458 2627 2515 ulciscetur
2659 2463 2834 2517 anima
2872 2481 2988 2521 mea
3015 2467 3078 2521 ³2
3105 2469 3299 2540 Stupor
3323 2481 3377 2525 et
3405 2473 3625 2529 mirabi-

2031 2542 2102 2598 lia
2131 2543 2266 2600 facta
2295 2558 2418 2604 sunt
2445 2550 2498 2604 in
2531 2561 2688 2608 terra.
2732 2554 3010 2626 Propheta;
3050 2559 3437 2630 prephetabant
3475 2580 3626 2620 meno

2032 2634 2262 2702 dacium,
2296 2649 2350 2695 et
2378 2643 2686 2700 sacerdotes
2711 2648 3098 2717 applaudebant
3125 2654 3370 2711 manibus
3399 2656 3529 2725 suis,
3571 2667 3624 2714 et

2033 2729 2258 2798 populus
2284 2748 2437 2788 meus
2471 2734 2654 2790 dilexit
2683 2739 2807 2792 talia
2837 2757 2850 2791 :
2881 2741 3005 2811 quid
3032 2741 3192 2814 igitur
3233 2744 3323 2801 ﬁet
3348 2747 3403 2808 in
3444 2749 3624 2804 novis-

2028 2818 2167 2874 simo
2192 2821 2354 2891 ejus?
2859 2851 2885 2882 ρ

2101 2910 2171 2966 Et
2208 2925 2322 2986 post
2347 2917 2555 2988 triginta
2577 2935 2746 2977 versus
2775 2920 2895 2997 [vn.]
2929 2941 2942 2976 :
2972 2922 3069 2980 Cui
3098 2925 3329 3000 loquar?
3368 2939 3423 2986 et
3462 2947 3623 3003 quem

2027 3008 2411 3078 contestabor,
2464 3021 2524 3067 ut
2576 3015 2797 3070 audiat?
2846 3016 2987 3074 Ecce
3044 3019 3426 3080 incircumcism
3463 3041 3622 3085 aures

2026 3111 2248 3164 eorum,
2299 3111 2355 3174 et
2397 3104 2580 3159 audire
2625 3123 2730 3161 non
2766 3117 2990 3176 possunt
3027 3127 3040 3162 :
3081 3127 3207 3168 ecce
3246 3114 3470 3171 verbum
3511 3119 3620 3174 Do-

2024 3190 2158 3244 mini
2183 3189 2382 3247 factum
2409 3203 2492 3250 est
2518 3196 2620 3251 illis
2648 3198 2700 3251 in
2733 3199 3099 3270 opprobrium,
3128 3213 3305 3260 etnon
3327 3207 3621 3278 suscipiunt

2027 3281 2176 3337 illud.

2093 3374 2164 3430 Et
2190 3378 2343 3447 paulo
2369 3389 2482 3451 post
2506 3379 2653 3455 [vn.]
2687 3401 2701 3437 :
2729 3383 2922 3441 Audite
2944 3387 3166 3443 verbum
3190 3390 3422 3461 Domini,
3442 3408 3617 3451 omnis

2019 3465 2177 3533 Juda,
2202 3469 2290 3538 qui
2319 3471 2672 3540 ingredimini.
2686 3490 2780 3543 per
2806 3485 2984 3545 portas
3013 3478 3138 3545 has,
3174 3492 3226 3536 ut
3258 3483 3490 3539 adoretis
3521 3488 3618 3541 Do.

2019 3559 2242 3613 minum.
2289 3561 2413 3615 Haec
2443 3561 2569 3616 dicit
2597 3564 2854 3620 Dominus
2881 3570 3210 3627 exercituum
3239 3573 3378 3629 Deus
3401 3575 3563 3632 Israel
3596 3595 3611 3631 :

2020 3647 2196 3704 Bonas
2223 3649 2379 3706 facite
2403 3652 2516 3706 vias
2541 3664 2746 3710 vestras
2776 3666 2831 3712 et
2859 3660 3031 3715 studia
3059 3673 3255 3728 vestra,
3283 3675 3336 3719 et
3364 3665 3614 3722 habitabo

2019 3744 2292 3798 vobiscum
2322 3744 2371 3798 in
2403 3746 2519 3799 loco
2543 3747 2661 3802 isto.
2687 3748 2861 3805 Nolite
2883 3755 3153 3809 conlidere
3181 3756 3233 3810 in
3265 3759 3437 3812 verbis
3463 3776 3614 3814 men-

2019 3835 2177 3904 dacii,
2206 3837 2445 3893 dicentes
2479 3859 2492 3896 :
2525 3842 2802 3912 Templum
2830 3846 3062 3915 Dotnini,
3089 3852 3343 3920 templum
3381 3854 3608 3918 Domini,

2018 3931 2271 3999 templum
2304 3932 2508 3986 Domini
2532 3945 2633 3988 est.
2659 3936 2918 4003 Quoniam
2946 3939 2990 3993 si
3020 3941 3154 3995 bene
3178 3943 3478 3997 direxi-ritis
3499 3947 3611 4000 vias

2016 4032 2222 4075 Vestras
2248 4032 2301 4078 et
2331 4024 2505 4079 studia
2531 4037 2726 4094 vestra,
2757 4030 2800 4083 si
2833 4030 3062 4085 feceritis
3083 4033 3338 4101 judicium
3372 4042 3507 4091 inter
3533 4039 3611 4092 vi.

2014 4127 2133 4167 rum
2167 4124 2220 4168 et
2255 4117 2552 4184 proximum
2580 4121 2697 4187 ejus
2722 4162 2738 4186 ,
2781 4121 3001 4177 advenae
3026 4134 3081 4178 et
3111 4126 3311 4195 pupillo
3340 4138 3393 4182 et
3437 4131 3609 4185 viduae.

2016 4222 2120 4261 non
2153 4207 2388 4264 feceritis
2416 4214 2772 4280 calumniam,
2803 4233 2900 4271 nec
2925 4220 3239 4287 Sanguinem
3269 4224 3604 4279 IlIlIOCt’fIIlCm

2013 4302 2311 4357 effuderitis
2341 4305 2389 4358 in
2420 4306 2537 4360 loco
2569 4307 2690 4374 hoc,
2723 4317 2778 4362 et
2808 4318 2926 4378 post
2955 4312 3084 4365 deos
3125 4316 3327 4369 alie..os
3360 4333 3462 4370 non
3491 4335 3603 4373 am-

2013 4391 2324 4450 bulaveritis
2363 4397 2414 4449 in
2451 4398 2646 4451 malum
2687 4398 3114 4470 vobismetipsis;
3146 4404 3394 4461 habitabo
3422 4412 3602 4466 vobis-

2013 4499 2133 4537 cum
2159 4485 2212 4538 in
2242 4486 2359 4540 loco
2385 4487 2507 4553 isto,
2540 4487 2594 4541 in
2623 4498 2761 4543 terra
2790 4507 2947 4560 quam
2977 4493 3099 4548 dedi
3121 4499 3358 4566 patribus
3387 4506 3597 4575 vestris,

2012 4591 2041 4630 a
2070 4577 2264 4631 saeculo
2293 4593 2460 4648 usque
2482 4580 2536 4634 in
2562 4583 2837 4638 saeculum.
2869 4586 3009 4644 Ecce
3038 4603 3133 4644 vos
3157 4594 3422 4651 confiditis
3447 4598 3599 4656 vobis

2076 4730 2091 4796 ξ
2116 4735 2200 4796 Ms.
2228 4731 2418 4792 Regius,
2442 4735 2488 4781 et
2510 4738 2612 4796 post
2635 4750 2696 4796 vn
2718 4748 2899 4789 versus.

2071 4791 3254 4876 3;‘I.‘i'£“§.'?:.§91€t‘§.’"..l’?dfit'3MEM‘WMW;
3285 4821 3486 4876 ,εαιιεαηι
3513 4826 3602 4876 ρα-

2007 4852 2229 4936 ρὶιιξῃρή
2249 4853 2548 4936 direxerant.
2574 4859 2646 4908 sic
2671 4861 2814 4908 etiam
2841 4852 3303 4936 Hieronymusﬂiisi
3320 4852 3599 4936 Elimia

2007 4915 2183 4994 omittit
2199 4915 2568 4994 vocem-citium
2581 4935 2606 4994 ᾗ.
2623 4934 2733 4994 quae
2750 4936 2840 4994 vox
2869 4915 3068 4994 nece'st
3087 4930 3132 4976 in
3158 4915 3455 4994 lieni-£1117;
3471 4915 3602 4987 a'rs'e:

2006 4978 2164 5047 cumda
2184 4990 2327 5047 manu
2347 4980 2506 5047 addita
2531 4978 2615 5047 fuit
2638 4978 2684 5032 in
2707 4986 2918 5047 antiquis
2939 4987 3098 5038 Bibliis
3119 4978 3503 5045 (ni-beieusibns.

2072 5041 2269 5120 {Anic-
2280 5042 2438 5120 begin
2457 5049 2537 5120 ais.
2564 5041 2849 5120 inseruntur
2867 5050 3031 5120 istbmc
3057 5057 3236 5120 verba:
3265 5041 3602 5120 inite-efﬂauit

2004 5099 2131 5173 quod
2153 5115 2300 5165 supra
2324 5099 2538 5189 altera},
2567 5104 2644 5156 Ibo
2666 5109 2730 5156 ad
2737 5108 2997 5179 ,οριὶηιιιιες
3021 5118 3065 5161 et
3091 5099 3378 5186 tonantis?

2004 5175 2099 5234 ψει
2121 5173 2436 5234 cognotgerunt
2459 5173 2586 5217 viam
2611 5173 2796 5234 nonani
2824 5183 2842 5220 :
2866 5179 2910 5234 et
2930 5185 3038 5222 ecce
3061 5173 3214 5234 magis
3235 5175 3272 5226 ii
3293 5173 3474 5234 paiiter
3494 5197 3603 5234 con-

2030 5225 2251 5300 tegerent
2265 5225 2460 5300 jugttnt,
2481 5238 2713 5300 ruperunt
2737 5231 2941 5282 vincula.
2969 5244 3100 5300 nunc
3124 5225 3370 5300 describit,
3385 5225 3469 5293 in);
3491 5225 3602 5297 5.5;

2004 5289 2779 5369 optimates,_propltetaividelieet
2798 5301 2843 5343 et
2866 5298 3135 5369 sacerdotes
3149 5337 3161 5358 ,
3189 5289 3600 5369 ᾳιιονηὴίὰλὶἷῗᾶἷί

2004 5353 2115 5430 {ait}
2131 5350 2418 5430 ιυςςξάὶὲιιηϊ,
2431 5352 2522 5430 Iulii.
2535 5352 2759 5416 facienda
2777 5369 2845 5430 ea;
2864 5366 2978 5430 lege
2989 5350 3268 5430 decernunt.
3298 5350 3351 5414 Ιίί
3360 5350 3498 5428 eia};

2004 5409 2140 5483 quit,
2167 5410 2264 5462 illis
2300 5409 2605 5483 ntendaciitm
2649 5415 2812 5483 propin
2829 5409 3034 5483 ιαιιιῗυαδ
3069 5409 3346 5476 sacerdote}
3372 5409 3598 5483 ﬁgit},

2005 5471 2367 5556 appltmnserlunt.
2474 5483 2523 5526 ut
2545 5471 2835 5556 ostenda'tttr‘
2847 5482 3048 5544 populus
3070 5471 3165 5533 non?
3184 5471 3596 5556 esstf'gaié'E'zl'tLE

2053 5535 2148 5611 tina
2169 5535 2344 5611 talibus
2367 5537 2660 5611 obtineatur,
2687 5535 3034 5611 scriptitttiest,
3064 5554 3117 5596 Et
3140 5535 3594 5611 ρονὰιιιξ-ἧιεῖίὲᾔέῖ

2023 5595 2123 5646 exit
2162 5597 2317 5671 talia;
2346 5599 2588 5671 quondam
2613 5595 2761 5671 nte-ns
2779 5595 2798 5664 ,’
2829 5605 2929 5671 ⁸,ςεᾴ
2970 5595 3224 5671 posti/nimi
3239 5595 3599 5671 aii—emit

2004 5671 2261 5734 muscast:
2502 5663 2622 5734 (mit!
2648 5660 2795 5734 igitur
2816 5660 3008 5734 ﬁtciqn't,
3028 5660 3137 5734 cuin
3160 5660 3464 5726 novissimam
3482 5660 3600 5730 325;

1973 5745 1978 5751 -
2342 5721 2626 5800 fatigauerit,
2664 5721 2776 5800 ΞὶυεΔ
2810 5721 3105 5800 captivitatis
3140 5721 3597 5800 neceang',‘".i.'.’;ie

2004 5784 2167 5854 stupor
2190 5790 2234 5864 et
2257 5784 2498 5864 {parabilia
2522 5784 2647 5864 [acta
2669 5795 2777 5858 sunt
2794 5829 2812 5864 ,
2840 5784 3060 5864 qitianee
3085 5793 3136 5845 in
3166 5784 3597 5864 prbieiﬁbhsfﬁéé

2003 5847 2055 5895 in
2077 5847 2249 5926 populo
2264 5847 2483 5926 inventus
2497 5847 2576 5909 sit,
2602 5848 2685 5922 qni
2707 5847 2838 5926 recta
2853 5847 3076 5926 sentiret.
3104 5847 3340 5926 Excerpta
3357 5847 3598 5917 lidebant

2006 5921 2068 5957 ex
2099 5917 2366 5972 Hieronymi
2392 5917 2439 5960 in
2464 5917 2722 5962 Jeremiam
2743 5921 3107 5970 Commentario.

2913 6007 3235 6086 {TrenteJ
