4110 6506
481 448 587 507 939

483 564 541 622 in
564 561 901 622 sermonibus
918 559 1203 628 mendacii,
1223 552 1315 633 qui
1332 566 1443 615 non
1463 555 1755 631 proderunt
1777 555 1952 625 vobis,
1982 553 2067 613 fu-

484 657 618 725 rari,
646 655 914 724 occidere,
941 652 1266 720 adulterare,
1303 648 1486 723 jurare
1509 642 1859 718 mendaciter,
1898 642 2067 706 libare

483 748 687 807 Baalim
709 790 728 820 ,
753 754 812 807 et
838 748 921 804 ire
943 750 1067 820 post
1086 740 1218 802 deos
1246 744 1451 802 alienos
1467 783 1485 813 ,
1528 758 1667 816 quos
1693 742 1971 815 ignoratis.
1997 740 2068 798 Et

483 842 742 913 venistis,
763 849 820 899 et
845 838 1068 897 stetistis
1100 848 1283 895 coram
1324 852 1411 894 me
1437 837 1490 893 in
1519 835 1683 894 domo
1706 834 1840 903 hac,
1881 834 1935 892 in
1961 848 2065 906 qua

484 938 784 995 invocatum
806 940 889 991 est
913 946 1110 990 nomen
1135 946 1347 1001 meum;
1378 942 1432 989 et
1456 931 1686 996 dixistis,
1716 930 1949 987 Liberati
1969 945 2062 986 su-

481 1044 602 1085 mus
621 1067 641 1097 ,
666 1042 733 1084 eo
755 1024 899 1101 quod
923 1022 1206 1083 fecerimus
1230 1038 1418 1081 omnes
1450 1022 1875 1081 abominationes
1911 1023 2062 1079 istas.

479 1121 621 1192 Ergo
642 1119 661 1153 ί
682 1116 936 1190 spelunca
960 1117 1227 1174 latronum
1252 1115 1390 1173 facta
1416 1116 1707 1173 estdomus
1732 1117 1852 1183 ista,
1882 1114 1934 1172 in
1960 1130 2065 1186 qua

480 1213 781 1270 invocatum
807 1212 892 1269 est
922 1222 1117 1266 nomen
1155 1222 1336 1267 meum
1374 1208 1429 1265 in
1454 1209 1622 1265 oculis
1649 1207 1844 1265 vestris
1866 1207 1895 1263 τ
1919 1204 2061 1279 Ego,

477 1320 579 1379 ego
599 1319 741 1375 sum,
762 1319 862 1377 ego
880 1302 1009 1373 vidi,
1036 1301 1165 1359 dicit
1189 1302 1465 1358 Dominus.
1487 1299 1565 1358 Ite
1588 1301 1659 1357 ad
1682 1302 1854 1356 locum
1886 1312 2065 1355 meum

474 1398 532 1454 in
559 1396 672 1453 Silo
694 1437 710 1464 ,
750 1394 842 1452 ubi
883 1393 1141 1451 habitavit
1168 1408 1366 1450 nomen
1405 1407 1585 1451 meum
1614 1390 1941 1464 aprincipio
1964 1433 1982 1459 ,
2010 1398 2066 1445 et

390 1510 395 1511 ί
472 1487 672 1556 videte,
719 1502 840 1559 quae
863 1487 1080 1545 fecerim
1117 1484 1171 1543 ei
1212 1492 1431 1558 propter
1459 1485 1713 1541 malitiam
1752 1483 1930 1556 populi
1960 1481 2065 1537 mei

474 1578 659 1639 israel.
701 1579 769 1636 Et
803 1594 945 1636 nunc
968 1579 1091 1652 quia
1120 1578 1321 1636 fecistis
1349 1578 1528 1634 omnia
1558 1593 1721 1649 opera
1751 1576 1866 1632 haec
1890 1618 1904 1641 ,
1935 1575 2068 1631 dicit

475 1672 735 1730 Dominus
754 1712 772 1740 ,
810 1677 865 1727 et
892 1672 1101 1728 loeutus
1129 1685 1246 1728 sum
1289 1668 1357 1725 ad
1385 1683 1481 1725 vos
1501 1708 1519 1738 ,
1548 1678 1707 1724 mane
1734 1682 2066 1738 consurgens

473 1774 530 1822 et
554 1763 798 1836 loquens,
821 1772 875 1819 et
896 1778 1002 1818 non
1032 1760 1286 1828 audistis;
1316 1768 1373 1818 et
1399 1762 1605 1826 vocavi,
1629 1768 1686 1815 et
1709 1775 1815 1815 non
1844 1774 2063 1828 respon-

473 1857 629 1915 distis
657 1875 673 1914 :
700 1856 887 1913 faciam
916 1856 1099 1913 domui
1129 1854 1276 1925 huic,
1309 1856 1361 1911 in
1390 1870 1495 1928 qua
1528 1855 1829 1910 invocatum
1855 1861 1938 1909 est
1964 1868 2065 1906 no-

472 1962 600 2004 men
624 1962 803 2004 meum
822 1988 837 2015 ,
876 1955 931 2003 et
957 1944 1012 2003 in
1038 1961 1144 2020 qua
1170 1960 1270 2004 vos
1298 1944 1509 2003 habetis
1538 1942 1782 2002 fiduciam
1807 1987 1821 2011 ,
1865 1953 1918 2000 et
1950 1943 2067 1999 loco

474 2053 636 2110 quem
659 2036 783 2095 dedi
815 2036 1057 2109 patribus
1090 2037 1310 2104 vestris,
1342 2037 1480 2093 sicut
1506 2032 1609 2093 feci
1642 2035 1789 2101 Silo;
1818 2045 1869 2090 et
1898 2035 2064 2107 proji-

475 2131 614 2189 ciam
646 2146 738 2188 vos
757 2148 786 2186 a
817 2131 948 2188 facie
980 2146 1121 2199 mea,
1152 2129 1290 2187 sicut
1316 2130 1515 2201 projeci
1541 2145 1727 2185 omnes
1755 2126 1948 2185 fratres
1976 2144 2069 2184 ve-

474 2234 619 2283 stros
644 2225 949 2282 universum
986 2237 1171 2283 semen
1202 2222 1483 2294 prraim.
1512 2223 1591 2278 Tu
1622 2236 1748 2293 ergo
1776 2221 1882 2276 noli
1912 2229 2067 2276 orare

475 2331 578 2391 pro
604 2314 801 2389 populo
828 2316 933 2374 hoc
951 2359 965 2382 ,
1007 2330 1109 2373 nec
1133 2330 1377 2386 assumas
1404 2330 1502 2386 pro
1527 2316 1606 2371 eis
1633 2313 1842 2370 laudem
1868 2321 1924 2370 et
1948 2329 2071 2369 ora-

477 2412 703 2479 tionem,
728 2420 913 2468 etnon
938 2411 1170 2467 obsistas
1196 2408 1360 2476 mihi;
1393 2411 1511 2479 quia
1538 2424 1647 2464 non
1670 2408 1949 2463 exaudiam
1993 2416 2062 2462 te.

472 2502 665 2563 Nonne
693 2505 841 2561 vides
867 2504 995 2576 quid
1038 2504 1124 2559 isti
1161 2503 1354 2559 faciant
1388 2504 1441 2558 in
1478 2502 1782 2558 civitatibus
1816 2498 1982 2567 Juda,
2015 2511 2070 2558 et

476 2598 535 2655 in
556 2596 749 2669 plateis
786 2595 1127 2653 Jerusalem?
1163 2594 1283 2650 Filii
1311 2595 1569 2667 colligunt
1597 2595 1735 2665 ligna
1758 2636 1772 2659 ,
1803 2602 1857 2649 et
1890 2602 2069 2664 patres

478 2689 808 2747 succendunt
836 2690 1033 2761 ignem,
1074 2698 1129 2745 et
1154 2688 1407 2744 mulieres
1433 2695 1794 2761 conspergunt
1822 2687 2029 2758 adipem
2048 2729 2064 2755 ,

479 2793 537 2841 ut
556 2782 751 2841 faciant
773 2784 1047 2854 placentas
1073 2781 1273 2854 regina:
1296 2783 1439 2851 eteli,
1467 2792 1523 2838 et
1544 2783 1711 2837 libent
1731 2782 1833 2837 diis
1857 2780 2069 2848 alienis,

477 2884 534 2934 et
561 2890 649 2931 me
671 2874 739 2931 ad
763 2873 1092 2930 iracundiam
1120 2881 1432 2945 provocent.
1458 2872 1728 2943 Numquid
1748 2887 1837 2927 me
1863 2870 1931 2926 ad
1962 2872 2070 2926 ira-

478 2965 730 3024 cundiam
752 2975 1060 3037 provoeant,
1084 2965 1215 3022 dicit
1231 2965 1533 3023 Dominus?
1554 2981 1733 3023 nonne
1756 2967 2071 3038 semetipsos

479 3060 535 3116 in
562 3056 875 3114 confusione
898 3058 1078 3114 vultus
1099 3057 1180 3114 sui
1206 3054 1232 3115 ?

554 3150 625 3207 Et
654 3149 808 3223 paulo
832 3160 946 3225 post
970 3148 1134 3225 [vm.]
1165 3167 1179 3205 :
1208 3147 1476 3222 Numquid
1509 3151 1601 3223 qui
1638 3152 1811 3219 cadit,
1844 3168 1949 3209 non
1986 3168 2072 3209 re-

484 3241 706 3317 surget?
733 3243 803 3299 Et
839 3245 930 3315 qui
966 3259 1185 3299 aversus
1216 3251 1333 3310 est,
1380 3260 1484 3298 non
1526 3244 1864 3301 revertetur?
1897 3244 2074 3314 Quare

480 3350 611 3411 ergo
630 3350 854 3393 aversus
876 3344 960 3392 est
996 3336 1225 3408 populus
1260 3336 1360 3391 iste
1389 3336 1444 3390 in
1468 3336 1764 3391 Jerusalem
1794 3338 2075 3393 aversione

480 3424 858 3485 contentiosa?
886 3426 1370 3497 Apprebeuderunt
1403 3427 1759 3493 mendacium,
1802 3437 1857 3483 et
1886 3427 2072 3485 uolue-

483 3530 614 3579 rlmt
638 3520 856 3578 reverti.
885 3518 1103 3576 Attendi
1124 3563 1140 3590 ,
1169 3531 1222 3575 et
1258 3515 1578 3589 ausculiavi;
1616 3538 1775 3577 nemo
1800 3522 1942 3593 quod
1974 3520 2072 3579 bo-

482 3630 612 3672 num
653 3624 737 3671 est
776 3614 1052 3685 loquitur:
1084 3614 1258 3669 nullus
1296 3625 1380 3670 est
1417 3615 1506 3686 qui
1544 3626 1667 3685 agat
1705 3616 2075 3686 paenitentiam

480 3721 644 3779 super
671 3714 892 3779 peccato
917 3722 1037 3775 suo,
1066 3705 1272 3775 dicens,
1312 3707 1451 3776 Quid
1486 3707 1626 3763 feci?
1654 3707 1721 3762 Et
1761 3720 1873 3781 post
1899 3727 2076 3766 novem

480 3813 655 3854 verm
683 3816 697 3854 :
727 3797 1006 3866 Quomodo
1029 3798 1223 3865 dicitis,
1256 3799 1535 3868 Sapientes
1555 3814 1656 3856 nos
1683 3817 1889 3869 sumus,
1911 3812 1963 3857 et
1986 3801 2074 3858 lex

483 3889 696 3946 Domini
724 3890 998 3947 nobiscum
1023 3890 1151 3947 est?
1184 3890 1320 3946 Vere
1348 3891 1685 3948 mendacium
1712 3903 1965 3963 operatus
1993 3902 2078 3950 est

488 3978 645 4036 stilus
665 3980 894 4037 mendax
917 3980 1235 4038 scribarum.
1262 3979 1480 4037 Coufusi
1499 3992 1623 4037 sunt
1642 3984 1930 4053 sapientes,
1952 4000 2076 4058 pcr—

484 4068 659 4127 territi
691 4080 747 4128 et
782 4072 922 4143 capti
961 4080 1104 4127 sunt.
1135 4070 1371 4128 Verbum
1415 4074 1557 4128 enim
1595 4073 1803 4130 Domini
1828 4076 2073 4149 projeee-

484 4171 630 4229 runt,
660 4172 716 4219 et
742 4163 1003 4234 sapientia
1032 4163 1176 4221 nulla
1197 4171 1280 4219 est
1305 4163 1357 4219 in
1384 4165 1485 4220 eis.

556 4252 626 4309 Et
650 4255 801 4327 paulo
827 4264 939 4327 post
962 4252 1087 4329 [IL]
1120 4272 1134 4309 :
1165 4253 1297 4325 Quis
1322 4255 1470 4310 dabit
1497 4272 1583 4311 me
1613 4256 1664 4311 in
1689 4257 1975 4313 solitudine
1994 4257 2076 4313 di-

484 4348 779 4410 versorium
805 4348 1085 4416 viatorum,
1118 4356 1176 4404 ct
1196 4347 1563 4421 derelinquam
1586 4351 1838 4421 populum
1869 4368 2073 4422 meum,

488 4445 546 4494 et
564 4437 810 4494 recedam
837 4438 904 4493 ab
929 4436 1052 4495 eis?
1080 4439 1203 4511 quia
1223 4453 1411 4493 omnes
1430 4440 1653 4495 adulteri
1678 4450 1804 4497 sunt
1826 4450 1881 4498 et
1904 4454 2076 4499 cauus

487 4530 991 4601 pmvaricatornm;
1022 4538 1078 4586 et
1108 4531 1461 4587 extenderunt
1488 4533 1719 4604 linguam
1745 4549 1895 4590 suam
1921 4535 2075 4607 quasi

487 4637 672 4678 arcum
700 4621 982 4690 mendacii,
1015 4632 1070 4678 et
1096 4637 1202 4677 non
1230 4624 1468 4680 veritatis
1500 4642 1513 4677 :
1545 4624 1828 4681 confortati
1867 4636 1991 4682 sunt
2019 4629 2074 4683 in

483 4721 630 4770 terra
652 4754 668 4779 ,
694 4713 818 4784 quia
859 4711 931 4768 de
957 4712 1101 4768 malo
1135 4714 1202 4768 ad
1246 4714 1445 4770 malum
1478 4715 1681 4786 egressi
1720 4725 1877 4783 sunt,
1906 4725 1964 4774 et
1988 4733 2075 4775 me

484 4819 595 4861 non
621 4812 1021 4877 cognoverunt,
1064 4804 1195 4861 dicit
1220 4806 1494 4864 Dominus.
1527 4808 1901 4882 Unusquisque
1938 4828 1998 4868 se
2040 4827 2075 4868 a

485 4898 734 4973 proximo
755 4912 855 4954 suo
881 4897 1169 4968 custodiat,
1195 4907 1250 4955 et
1276 4899 1327 4955 in
1356 4901 1504 4957 omni
1524 4899 1689 4959 fratre
1715 4919 1813 4958 suo
1840 4917 1946 4959 non
1974 4902 2074 4959 ba-

482 4992 614 5048 beat
655 4990 901 5048 fiduciam
932 5008 948 5048 :
978 4990 1100 5064 quia
1145 4994 1321 5050 omnis
1359 4993 1524 5050 frater
1569 4997 1915 5067 supplantans
1948 5012 2078 5069 sup-

484 5085 747 5157 plantabit
767 5127 787 5156 ,
828 5094 882 5143 et
908 5088 1084 5144 omnis
1111 5089 1316 5145 amicus
1338 5088 1706 5164 fraudulenter
1731 5091 1975 5158 incedet;
2018 5103 2077 5150 et

482 5180 567 5235 vir
591 5179 811 5239 fratrem
836 5194 990 5237 suum
1010 5181 1295 5247 deridebit,
1323 5189 1378 5237 et
1402 5184 1678 5239 veritatem
1708 5199 1813 5239 non
1844 5184 2073 5257 loquen-

484 5279 594 5329 tur.
624 5272 932 5329 Docuerunt
949 5274 1093 5330 enim
1117 5274 1353 5345 linguam
1374 5289 1525 5331 suam
1542 5274 1686 5347 loqui
1706 5277 2070 5349 mendacium,

481 5372 545 5419 ut
570 5363 752 5435 inique
779 5372 1002 5437 agerent
1024 5366 1423 5423 laboraverunt.
1452 5367 1720 5424 Habitatio
1746 5378 1834 5425 tua
1873 5370 1929 5427 in
1960 5386 2076 5427 me-

482 5454 574 5511 dio
597 5454 727 5512 doli.
752 5454 811 5512 In
831 5455 958 5514 dolo
985 5466 1279 5515 renuerunt
1312 5459 1451 5515 scire
1477 5476 1566 5516 me
1585 5501 1603 5527 ,
1628 5461 1758 5517 dicit
1790 5462 2067 5521 Dominus.

481 5548 776 5621 Propterea
800 5549 917 5609 hee
940 5550 1075 5608 dicit
1099 5552 1353 5609 Dominus
1375 5555 1707 5611 exercituum
1737 5573 1751 5611 :
1789 5556 1929 5613 Ecce
1969 5572 2072 5629 ego

478 5643 727 5700 eontlabo
749 5687 767 5714 ,
811 5653 867 5702 et
900 5644 1142 5717 probabo
1164 5661 1282 5704 eos.
1308 5646 1448 5716 Quid
1484 5649 1626 5704 enim
1652 5648 1795 5705 aliud
1822 5648 2011 5705 faciam
2036 5665 2069 5706 a

476 5735 616 5793 facie
640 5737 762 5794 filiae
800 5739 983 5812 populi
1015 5739 1167 5798 mei?
1192 5741 1393 5814 Sagitta
1437 5743 1725 5801 vulnerans
1762 5746 1939 5817 lingua
1978 5760 2074 5802 eo‘

540 5945 556 5974 '
585 5942 1249 6004 mximum“!

1701 440 1762 500 s.
1802 428 2169 500 mensum
2202 422 2563 501 senectuti

3659 432 3769 499 940

2174 569 2314 628 rum,
2346 556 3767 633 dohmloéumestinorem:ﬁaeemcumamieo

2174 667 2272 709 suo
2300 652 2534 725 loquitur
2553 694 2569 720 ,
2596 660 2654 710 et
2689 648 2897 708 occulte
2922 646 3073 721 punit
3098 649 3340 708 insidias.
3371 649 3640 724 Numquid
3668 668 3763 708 su-

2174 759 2274 816 per
2299 742 2381 801 bis
2418 758 2527 801 non
2561 744 2789 801 visitabo
2812 787 2826 812 ,
2870 742 3001 799 dicit
3044 740 3345 800 Dominus?
3381 748 3474 800 aut
3508 745 3564 800 in
3607 756 3768 818 gente

2175 835 2266 892 tali
2291 851 2399 892 non
2434 835 2725 893 ulciscetur
2744 834 2919 891 anima
2962 833 3127 893 mea?
3166 833 3239 891 Bt
3267 835 3422 909 paulo
3460 840 3612 909 post:
3640 837 3767 893 ﬂare

2173 928 2305 985 dicit
2351 929 2607 985 Dominus
2638 945 2654 983 :
2696 923 2813 984 Non
2851 927 3114 1001 glarictur
3151 930 3365 1000 sapiens
3408 930 3465 984 in
3502 931 3764 1001 sapimtia

2173 1037 2291 1089 sua,
2323 1024 2378 1077 et
2406 1034 2512 1078 non
2535 1018 2795 1093 glorietur
2813 1020 2963 1077 fortis
2993 1022 3047 1077 in
3076 1021 3389 1079 fortitudine
3417 1024 3529 1095 sua,
3572 1028 3625 1079 Et
3655 1038 3766 1078 non

2172 1111 2432 1184 glorietur
2457 1113 2605 1170 dives
2645 1113 2698 1168 in
2718 1111 2919 1168 divitiis
2954 1112 3101 1179 suis;
3145 1113 3243 1169 sed
3272 1113 3325 1168 in
3365 1113 3471 1169 hoc
3508 1108 3768 1185 glorietur

2172 1204 2264 1274 qui
2293 1204 2571 1275 gloriatur,
2599 1205 2740 1261 scire
2761 1214 2816 1260 et
2837 1219 2997 1261 nosse
3024 1221 3134 1274 me,
3161 1206 3285 1278 quia
3313 1212 3415 1277 ego
3433 1211 3552 1262 sum
3586 1206 3767 1262 Domi—

2173 1312 2293 1362 nus,
2320 1298 2410 1368 qui
2435 1296 2574 1353 facio
2600 1298 3021 1354 miserica-diam
3056 1308 3113 1355 et
3133 1300 3391 1369 judicium
3428 1310 3483 1356 et
3501 1301 3764 1372 justitiam

2172 1389 2225 1445 in
2255 1398 2419 1447 terra.
2451 1391 2579 1449 Rrec
2604 1391 2749 1448 enim
2776 1393 2986 1463 placent
3014 1392 3169 1463 mihi,
3196 1395 3273 1450 ait
3299 1395 3577 1451 Dominus.

2244 1480 2317 1536 Et
2341 1490 2454 1552 post
2492 1482 2744 1538 sexdecim
2778 1499 2951 1540 uersus
3108 1502 3124 1542 :
3147 1485 3277 1542 Haec
3307 1484 3438 1541 dicit
3462 1482 3722 1541 Dominus
3746 1502 3763 1539 :

2170 1575 2329 1632 Juxta
2369 1577 2486 1635 vias
2521 1578 2758 1649 gentium
2799 1579 2970 1635 nolite
3004 1578 3245 1646 discere,
3280 1587 3337 1636 et
3375 1595 3408 1635 a
3444 1579 3609 1650 signis
3634 1579 3765 1637 eali

2172 1668 2339 1726 nolite
2360 1678 2600 1726 metuere
2638 1685 2759 1741 quae
2786 1669 2980 1727 timent
3010 1680 3233 1742 gentes;
3261 1671 3385 1743 quia
3410 1670 3559 1743 leges
3588 1687 3766 1743 pupu-

2170 1760 2348 1817 lorum
2373 1777 2525 1818 vanae
2559 1771 2705 1819 sunt.
2727 1761 2863 1831 Quia
2890 1762 3088 1834 lignum
3115 1762 3185 1819 de
3207 1763 3344 1817 saltu
3371 1762 3606 1833 praecidit
3623 1777 3769 1833 opus

2171 1869 2363 1909 manus
2403 1854 2625 1911 artificis
2656 1856 2713 1912 in
2748 1855 2892 1911 ascia
2922 1871 2937 1910 :
2970 1862 3191 1927 argento
3231 1862 3286 1910 et
3320 1869 3453 1911 auro
3488 1854 3772 1911 decoravit

2172 1947 2335 2015 illud;
2365 1949 2531 2004 clavis
2558 1957 2612 2005 et
2632 1948 2843 2005 malleis
2869 1948 3160 2020 compegit,
3189 1955 3251 2004 ut
3276 1961 3383 2004 non
3407 1948 3759 2004 dissolvatur.

2172 2038 2232 2094 in
2256 2040 2653 2097 similitudinem
2674 2041 2866 2112 palma:
2883 2039 3138 2097 fabricata
3168 2049 3315 2105 sunt,
3337 2048 3519 2098 etnon
3537 2039 3770 2111 loquen-

2173 2140 2301 2186 tur:
2336 2141 2545 2202 portata
2597 2131 2891 2200 tollentur,
2939 2132 3061 2203 quia
3109 2131 3358 2188 incedere
3404 2146 3512 2187 non
3560 2131 3764 2186 valent.

2172 2221 2346 2279 Nolite
2365 2238 2493 2295 ergo
2519 2223 2709 2280 timere
2727 2239 2824 2294 ea,
2856 2223 2982 2296 quia
3007 2239 3109 2280 nec
3137 2223 3278 2280 male
3303 2231 3525 2294 possunt
3553 2222 3767 2289 facere,

2172 2330 2275 2371 nec
2306 2315 2462 2371 bene.
2507 2315 2625 2372 Non
2667 2324 2753 2372 est
2794 2316 2985 2372 similis
3014 2315 3126 2384 tui,
3169 2317 3422 2383 Domine;
3454 2330 3678 2387 magnus
3704 2330 3770 2370 es

2175 2418 2265 2475 tu,
2287 2417 2342 2463 et
2367 2423 2614 2480 magnum
2646 2423 2843 2464 nomen
2873 2418 3020 2464 tuum
3046 2407 3107 2464 in
3133 2406 3467 2464 fortitudine.
3495 2408 3624 2476 Quis
3656 2422 3771 2462 non

2176 2500 2388 2555 timebit
2412 2509 2486 2570 te,
2515 2515 2549 2556 ο
2580 2502 2691 2556 ilex
2718 2501 2997 2572 gentium?
3017 2501 3188 2557 Tuum
3216 2510 3301 2559 est
3324 2501 3467 2558 enim
3497 2500 3664 2557 decus
3685 2502 3776 2556 iu-

2176 2601 2259 2647 ter
2284 2600 2507 2649 cunctos
2534 2594 2803 2664 sapientes
2827 2593 3064 2665 gentium
3083 2635 3099 2663 ,
3129 2602 3185 2649 et
3211 2593 3266 2649 in
3294 2594 3556 2650 universis
3585 2594 3777 2665 regnis

2176 2701 2364 2742 eorum
2405 2686 2586 2741 nullus
2623 2695 2707 2742 est
2743 2686 2938 2742 similis
2968 2685 3065 2742 tui.
3107 2686 3317 2742 Pariter
3358 2684 3673 2758 insipientes
3714 2695 3777 2741 et

2175 2777 2304 2834 fatui
2344 2778 2734 2850 probabuntur.
2783 2779 3037 2835 Doctrina
3067 2778 3313 2833 vanitatis
3339 2793 3527 2834 eorum
3565 2777 3777 2851 lignum

2177 2878 2280 2927 est.
2312 2873 2606 2942 Argentum
2646 2871 2940 2927 involutum
2966 2871 3035 2926 de
3055 2870 3272 2925 Tharsis
3306 2869 3546 2937 affertur,
3572 2878 3627 2924 et
3670 2885 3777 2923 au-

2176 2976 2298 3018 rum
2331 2962 2400 3019 de
2422 2961 2640 3034 Ophaz,
2670 2978 2807 3036 opus
2842 2964 3062 3019 artificis
3088 2973 3144 3020 et
3172 2978 3360 3019 manus
3394 2962 3589 3017 aerarii.
3622 2960 3780 3035 Hya-

2177 3056 2392 3112 cinthus
2418 3066 2474 3112 et
2501 3072 2735 3128 purpura
2769 3056 3139 3114 indumentum
3168 3073 3354 3113 eorum
3378 3098 3395 3124 ,
3432 3073 3567 3129 opus
3600 3057 3783 3112 artiﬁ-

2178 3162 2302 3203 cum
2326 3149 2572 3204 universa
2615 3149 2750 3206 haec.
2786 3150 3041 3206 Dominus
3083 3159 3261 3208 autem
3288 3150 3429 3207 Deus
3458 3166 3621 3206 verus
3649 3157 3738 3205 est
3758 3189 3781 3217 ,

2178 3239 2294 3313 ipse
2313 3241 2453 3296 Deus
2472 3241 2656 3297 vivens
2672 3283 2687 3309 ,
2706 3250 2763 3297 et
2780 3256 2875 3299 rex
2906 3242 3285 3315 sempiternus.
3306 3243 3389 3297 Ab
3409 3241 3785 3315 indignatione

2178 3334 2293 3405 ejus
2316 3336 2743 3392 commovebitur
2779 3345 2922 3393 terra
2942 3378 2960 3403 ,
2988 3345 3042 3392 et
3074 3352 3179 3392 non
3209 3336 3548 3392 sustinebunt
3582 3345 3785 3407 gentes

2179 3428 2650 3486 commutationem
2698 3428 2834 3499 ejus.
2876 3426 2968 3485 Sic
3003 3443 3133 3501 ergo
3174 3428 3363 3484 dicetis
3409 3429 3524 3483 eis:
3559 3428 3639 3483 Dii
3680 3429 3785 3499 qui

2179 3520 2348 3577 eteius
2381 3530 2433 3576 et
2455 3530 2652 3577 terram
2677 3538 2788 3577 non
2811 3519 3075 3589 fecerunt,
3100 3529 3323 3593 pereant
3348 3520 3416 3576 de
3446 3531 3609 3586 terra,
3629 3530 3685 3578 et
3704 3520 3785 3576 de

2179 3612 2267 3670 bis
2287 3629 2410 3685 quae
2433 3614 2534 3670 sub
2560 3615 2697 3671 eteio
2723 3623 2868 3670 sunt.

2253 3706 2321 3762 Et
2340 3708 2599 3779 aliquanto
2625 3720 2734 3779 post
2759 3705 2945 3782 [xvn.]
2967 3725 2978 3758 :
3000 3707 3123 3762 Haec
3144 3706 3274 3762 dicit
3295 3706 3582 3774 Dominus,
3610 3704 3787 3763 Male-

2180 3801 2356 3858 dictus
2382 3801 2544 3857 homo
2569 3802 2657 3873 qui
2686 3801 2909 3858 conlidit
2932 3800 2984 3857 in
3022 3800 3265 3867 homine,
3297 3808 3349 3855 et
3379 3799 3526 3870 ponit
3552 3814 3782 3855 carnem
3884 3856 3890 3863 ,

2180 3893 2457 3950 brachium
2487 3909 2641 3949 suum
2666 3896 2696 3963 ,‘
2713 3904 2767 3950 et
2803 3911 2830 3948 a
2862 3894 3089 3949 Domino
3129 3892 3333 3948 recedit
3370 3908 3464 3947 cor
3494 3891 3628 3963 ejus.
3658 3891 3787 3947 Erit

2181 3989 2323 4045 enim
2356 3987 2506 4059 quasi
2551 3986 2767 4058 myrica:
2812 3987 2865 4042 iu
2906 3986 3151 4050 deserto,
3189 3995 3375 4041 etnon
3409 3984 3609 4041 videbit
3647 4001 3784 4039 cum

2181 4082 2389 4138 venerit
2429 4081 2661 4147 bonum;
2694 4079 2789 4135 sed
2818 4079 3076 4135 habitabit
3104 4080 3156 4134 in
3194 4078 3431 4134 siccitate
3475 4079 3527 4132 in
3557 4076 3790 4134 deserto

2182 4174 2237 4230 in
2279 4183 2420 4229 terra
2446 4173 2730 4244 salsuginis
2758 4182 2813 4227 et
2851 4172 3202 4229 inbabitabili.
3230 4170 3550 4227 Benedictus
3576 4169 3658 4225 vir
3680 4170 3787 4241 qui

2181 4265 2403 4322 confidit
2428 4265 2481 4320 in
2512 4266 2770 4334 Domino,
2809 4275 2863 4320 et
2885 4265 2990 4321 erit
3015 4264 3270 4319 Dominus
3296 4262 3485 4318 ﬁducia
3521 4262 3659 4333 ejus.
3705 4263 3788 4318 Et

2182 4359 2287 4415 erit
2323 4358 2477 4429 quasi
2514 4359 2715 4430 lignum
2749 4357 2891 4429 quod
2925 4356 3344 4428 transplantatur
3380 4370 3541 4426 super
3571 4371 3780 4426 aquas,

2182 4450 2325 4521 quod
2346 4450 2413 4504 ad
2444 4450 2723 4505 humorem
2743 4449 2907 4504 mittit
2934 4448 3145 4504 radices
3169 4462 3328 4514 suas;
3350 4457 3406 4504 et
3431 4464 3539 4503 non
3566 4449 3786 4505 timebit

2181 4557 2305 4597 eum
2335 4542 2544 4599 venerit
2571 4551 2734 4598 aestus
2755 4559 2770 4599 :
2795 4551 2847 4597 et
2866 4540 2968 4597 erit
2989 4542 3170 4597 folium
3199 4544 3316 4610 ejus
3340 4540 3528 4606 viride,
3558 4540 3612 4596 in
3637 4551 3784 4596 tem-

2180 4650 2313 4705 pore
2339 4635 2596 4690 siccitatis
2624 4650 2731 4690 non
2757 4634 2861 4690 erit
2885 4632 3172 4690 sollicitum
3191 4674 3206 4701 ,
3231 4647 3331 4689 nec
3354 4632 3642 4704 aliquando
3677 4633 3785 4689 de-

2179 4726 2321 4783 sinet
2345 4724 2520 4783 facere
2549 4725 2800 4784 fructum.

2251 4818 2386 4875 Item
2427 4822 2687 4892 aliquanto
2727 4832 2842 4895 post
2880 4818 3062 4896 [xxn.]
3093 4841 3108 4878 :
3136 4820 3262 4877 Haec
3302 4821 3434 4878 dicit
3478 4822 3779 4890 Dominus,

2179 4912 2365 4972 Facite
2388 4913 2647 4985 judicium
2686 4922 2739 4970 et
2769 4913 3063 4984 justitiam,
3090 4923 3146 4969 et
3173 4914 3396 4970 liberate
3413 4914 3463 4969 vi
3487 4928 3781 4984 opressum

2179 5006 2249 5064 de
2274 5023 2434 5062 manu
2457 5008 2886 5074 ealumniatoris;
2922 5016 2979 5063 et
3003 5006 3264 5062 advenam
3283 5048 3299 5075 ,
3329 5017 3385 5063 et
3406 5006 3686 5077 pupillum,
3716 5016 3784 5064 et

2179 5098 2394 5155 viduam
2423 5100 2589 5155 noble
2613 5100 2961 5167 contristare,
2992 5114 3165 5171 neque
3203 5099 3515 5169 opprimatis
3555 5099 3775 5171 inique;

2180 5200 2236 5247 et
2263 5191 2576 5262 sanguinem
2598 5189 2937 5246 innocentem
2959 5206 3029 5245 ne
3055 5189 3338 5246 efl'undatis
3368 5190 3423 5246 in
3448 5190 3567 5246 loco
3596 5191 3723 5246 isto.

2251 5284 2323 5339 Et
2357 5284 2513 5355 paulo
2550 5293 2663 5357 post
2700 5281 2941 5357 [xxm.]:
2972 5282 3067 5337 Vm
3096 5282 3401 5353 pastoribus
3435 5283 3527 5354 qui
3556 5283 3775 5354 disper-

2178 5386 2311 5451 gunt
2333 5387 2390 5434 ct
2412 5377 2705 5434 dilacerant
2729 5391 2945 5448 gregem
2992 5391 3204 5447 pascua:
3232 5391 3388 5445 mete,
3414 5375 3540 5431 dicit
3582 5376 3775 5431 Domi-

2178 5487 2300 5528 nus.
2329 5472 2454 5528 ldeo
2481 5472 2595 5526 haec
2619 5470 2749 5526 dicit
2776 5470 3035 5526 Dominus
3064 5470 3207 5527 Deus
3239 5469 3396 5527 Israel
3426 5469 3496 5525 ad
3525 5478 3774 5541 pastores

2176 5565 2271 5636 qui
2301 5573 2527 5635 pascunt
2551 5564 2802 5634 populum
2829 5579 3005 5619 meum
3027 5605 3042 5628 .
3069 5562 3181 5619 Vos
3202 5564 3531 5635 dispersistis
3552 5578 3771 5635 gregem

2177 5671 2393 5725 meum,
2418 5665 2474 5714 et
2511 5658 2745 5727 ejecistis
2787 5672 2914 5726 eos,-
2943 5664 2999 5713 et
3032 5673 3141 5714 non
3174 5657 3429 5714 visitastis
3455 5676 3473 5714 :
3497 5673 3626 5714 ecce
3667 5672 3769 5727 ego

2178 5754 2406 5809 visitabo
2431 5762 2594 5823 super
2620 5769 2714 5808 vos
2740 5753 2994 5809 malitiam
3018 5752 3318 5809 studiorum
3343 5760 3666 5819 vestrorum,
3691 5752 3767 5807 ait

2177 5845 2456 5902 Dominus.
2486 5843 2615 5899 Item
2646 5845 2799 5915 paulo
2827 5856 2976 5917 post:
3004 5845 3129 5902 Haec
3154 5844 3284 5901 dicit
3322 5844 3578 5901 Dominus
3610 5859 3761 5901 exer-

2177 5939 2415 6009 cituum,
2439 5939 2616 5997 Nolite
2652 5937 2841 5995 audire
2878 5937 3039 5995 verba
3083 5937 3462 6011 [11'0th
3504 5937 3597 6010 qui
3638 5949 3764 6014 pro-
